  <div class='ocr_page' id='page_1' title='image "/cluster/home/n/w/nwhite01/storage/ocr_20150623/12/hvd.32044096580410/504.png"; bbox 0 0 4024 6192; ppageno 0'>
   <div class='ocr_carea' id='block_1_1' title="bbox 246 254 358 315">
    <p class='ocr_par' dir='ltr' id='par_1_1' title="bbox 246 254 358 315">
     <span class='ocr_line' id='line_1_1' title="bbox 246 254 358 315; baseline -0.027 0"><span class='ocrx_word' id='word_1_1' title='bbox 246 254 358 315; x_wconf 75' lang='lat'><strong>997</strong></span> 
     </span>
    </p>
   </div>
   <div class='ocr_carea' id='block_1_2' title="bbox 1197 243 2610 317">
    <p class='ocr_par' dir='ltr' id='par_1_2' title="bbox 1197 243 2610 317">
     <span class='ocr_line' id='line_1_2' title="bbox 1197 243 2610 317; baseline -0.003 -3"><span class='ocrx_word' id='word_1_2' title='bbox 1197 256 1285 315; x_wconf 85' lang='lat' dir='ltr'><strong>DE</strong></span> <span class='ocrx_word' id='word_1_3' title='bbox 1326 249 1608 317; x_wconf 69' lang='lat' dir='ltr'><strong>eunetis</strong></span> <span class='ocrx_word' id='word_1_4' title='bbox 1648 243 2121 317; x_wconf 69' lang='lat' dir='ltr'><strong>mammeata</strong></span> <span class='ocrx_word' id='word_1_5' title='bbox 2160 244 2610 316; x_wconf 70' lang='lat' dir='ltr'><strong>RELIGIONUM.</strong></span> 
     </span>
    </p>
   </div>
   <div class='ocr_carea' id='block_1_3' title="bbox 3455 256 3561 313">
    <p class='ocr_par' dir='ltr' id='par_1_3' title="bbox 3455 256 3561 313">
     <span class='ocr_line' id='line_1_3' title="bbox 3455 256 3561 313; baseline 0.019 -2"><span class='ocrx_word' id='word_1_6' title='bbox 3455 256 3561 313; x_wconf 62' lang='lat' dir='ltr'><strong>ses</strong></span> 
     </span>
    </p>
   </div>
   <div class='ocr_carea' id='block_1_4' title="bbox 252 370 3563 448">
    <p class='ocr_par' dir='ltr' id='par_1_4' title="bbox 252 370 3563 448">
     <span class='ocr_line' id='line_1_4' title="bbox 252 370 3563 448; baseline 0.001 -24"><span class='ocrx_word' id='word_1_7' title='bbox 252 370 543 425; x_wconf 89' lang='lat' dir='ltr'><strong>atrocitate</strong></span> <span class='ocrx_word' id='word_1_8' title='bbox 581 379 889 427; x_wconf 92' lang='lat' dir='ltr'><strong>commotus</strong></span> <span class='ocrx_word' id='word_1_9' title='bbox 913 408 929 439; x_wconf 92' lang='lat'><strong>,</strong></span> <span class='ocrx_word' id='word_1_10' title='bbox 956 372 1178 428; x_wconf 88' lang='lat' dir='ltr'><strong>Titanes</strong></span> <span class='ocrx_word' id='word_1_11' title='bbox 1214 374 1433 444; x_wconf 86' lang='lat' dir='ltr'><strong>quidem</strong></span> <span class='ocrx_word' id='word_1_12' title='bbox 1472 376 1624 429; x_wconf 84' lang='lat' dir='ltr'><strong>vario</strong></span> <span class='ocrx_word' id='word_1_13' title='bbox 1655 391 1858 445; x_wconf 83' lang='lat' dir='ltr'><strong>genere</strong></span> <span class='ocrx_word' id='word_1_14' title='bbox 1888 387 1938 448; x_wconf 75' lang='grc' dir='ltr'><strong>Α</strong></span> <span class='ocrx_word' id='word_1_15' title='bbox 1968 375 2183 447; x_wconf 85' lang='lat' dir='ltr'><strong>tyranni</strong></span> <span class='ocrx_word' id='word_1_16' title='bbox 2232 374 2535 430; x_wconf 88' lang='lat' dir='ltr'><strong>facinorosa</strong></span> <span class='ocrx_word' id='word_1_17' title='bbox 2567 372 2862 429; x_wconf 89' lang='lat' dir='ltr'><strong>crudelitas</strong></span> <span class='ocrx_word' id='word_1_18' title='bbox 2903 372 2959 428; x_wconf 90' lang='lat' dir='ltr'><strong>in</strong></span> <span class='ocrx_word' id='word_1_19' title='bbox 2992 372 3189 427; x_wconf 86' lang='lat' dir='ltr'><strong>animis</strong></span> <span class='ocrx_word' id='word_1_20' title='bbox 3230 371 3563 431; x_wconf 83' lang='lat' dir='ltr'><strong>audientium</strong></span> 
     </span>
    </p>
   </div>
   <div class='ocr_carea' id='block_1_5' title="bbox 254 464 1857 540">
    <p class='ocr_par' dir='ltr' id='par_1_5' title="bbox 254 464 1857 540">
     <span class='ocr_line' id='line_1_5' title="bbox 254 464 1857 540; baseline 0.004 -22"><span class='ocrx_word' id='word_1_21' title='bbox 254 464 651 534; x_wconf 76' lang='lat' dir='ltr'><strong>suppliciorum</strong></span> <span class='ocrx_word' id='word_1_22' title='bbox 676 465 1015 522; x_wconf 80' lang='lat' dir='ltr'><strong>excruciatos</strong></span> <span class='ocrx_word' id='word_1_23' title='bbox 1042 478 1203 522; x_wconf 90' lang='lat' dir='ltr'><strong>necat</strong></span> <span class='ocrx_word' id='word_1_24' title='bbox 1221 477 1269 522; x_wconf 68' lang='grc' dir='ltr'><strong>τί.</strong></span> <span class='ocrx_word' id='word_1_25' title='bbox 1293 468 1401 523; x_wconf 88' lang='lat' dir='ltr'><strong>Nec</strong></span> <span class='ocrx_word' id='word_1_26' title='bbox 1426 470 1857 540; x_wconf 66' lang='lat' dir='ltr'><strong>praetermissum</strong></span> 
     </span>
    </p>
   </div>
   <div class='ocr_carea' id='block_1_6' title="bbox 260 557 1855 632">
    <p class='ocr_par' dir='ltr' id='par_1_6' title="bbox 260 557 1855 632">
     <span class='ocr_line' id='line_1_6' title="bbox 260 557 1855 632; baseline 0.003 -21"><span class='ocrx_word' id='word_1_27' title='bbox 260 566 346 612; x_wconf 89' lang='lat' dir='ltr'><strong>est</strong></span> <span class='ocrx_word' id='word_1_28' title='bbox 375 557 428 612; x_wconf 92' lang='lat' dir='ltr'><strong>in</strong></span> <span class='ocrx_word' id='word_1_29' title='bbox 458 557 664 613; x_wconf 85' lang='lat' dir='ltr'><strong>ultione</strong></span> <span class='ocrx_word' id='word_1_30' title='bbox 691 557 789 612; x_wconf 88' lang='lat' dir='ltr'><strong>lilii</strong></span> <span class='ocrx_word' id='word_1_31' title='bbox 815 568 907 613; x_wconf 90' lang='lat' dir='ltr'><strong>aut</strong></span> <span class='ocrx_word' id='word_1_32' title='bbox 929 567 1258 615; x_wconf 86' lang='lat' dir='ltr'><strong>tormentum</strong></span> <span class='ocrx_word' id='word_1_33' title='bbox 1280 559 1504 631; x_wconf 90' lang='lat' dir='ltr'><strong>aliquod</strong></span> <span class='ocrx_word' id='word_1_34' title='bbox 1536 570 1627 616; x_wconf 84' lang='lat' dir='ltr'><strong>aut</strong></span> <span class='ocrx_word' id='word_1_35' title='bbox 1664 576 1855 632; x_wconf 80' lang='lat' dir='ltr'><strong>ptena,</strong></span> 
     </span>
    </p>
   </div>
   <div class='ocr_carea' id='block_1_7' title="bbox 259 651 1859 723">
    <p class='ocr_par' dir='ltr' id='par_1_7' title="bbox 259 651 1859 723">
     <span class='ocr_line' id='line_1_7' title="bbox 259 651 1859 723; baseline 0.001 -18"><span class='ocrx_word' id='word_1_36' title='bbox 259 652 358 705; x_wconf 82' lang='lat' dir='ltr'><strong>sed</strong></span> <span class='ocrx_word' id='word_1_37' title='bbox 394 667 489 719; x_wconf 88' lang='lat' dir='ltr'><strong>per</strong></span> <span class='ocrx_word' id='word_1_38' title='bbox 520 651 703 705; x_wconf 85' lang='lat' dir='ltr'><strong>omnia</strong></span> <span class='ocrx_word' id='word_1_39' title='bbox 733 666 1018 722; x_wconf 66' lang='lat' dir='ltr'><strong>pinnarum</strong></span> <span class='ocrx_word' id='word_1_40' title='bbox 1050 668 1248 723; x_wconf 89' lang='lat' dir='ltr'><strong>genera</strong></span> <span class='ocrx_word' id='word_1_41' title='bbox 1284 653 1583 709; x_wconf 82' lang='lat' dir='ltr'><strong>bacchatus</strong></span> <span class='ocrx_word' id='word_1_42' title='bbox 1608 696 1621 719; x_wconf 91' lang='lat'><strong>,</strong></span> <span class='ocrx_word' id='word_1_43' title='bbox 1670 668 1859 709; x_wconf 87' lang='lat' dir='ltr'><strong>necem</strong></span> 
     </span>
    </p>
   </div>
   <div class='ocr_carea' id='block_1_8' title="bbox 260 743 1865 817">
    <p class='ocr_par' dir='ltr' id='par_1_8' title="bbox 260 743 1865 817">
     <span class='ocr_line' id='line_1_8' title="bbox 260 743 1865 817; baseline 0 -18"><span class='ocrx_word' id='word_1_44' title='bbox 260 743 741 814; x_wconf 77' lang='lat' dir='ltr'><strong>qualitercumque</strong></span> <span class='ocrx_word' id='word_1_45' title='bbox 781 745 873 797; x_wconf 83' lang='lat' dir='ltr'><strong>lilii</strong></span> <span class='ocrx_word' id='word_1_46' title='bbox 909 744 1236 812; x_wconf 82' lang='lat' dir='ltr'><strong>vindicavit,</strong></span> <span class='ocrx_word' id='word_1_47' title='bbox 1277 744 1481 800; x_wconf 83' lang='lat' dir='ltr'><strong>affectu</strong></span> <span class='ocrx_word' id='word_1_48' title='bbox 1520 746 1736 816; x_wconf 88' lang='lat' dir='ltr'><strong>quidem</strong></span> <span class='ocrx_word' id='word_1_49' title='bbox 1769 761 1865 817; x_wconf 81' lang='lat' dir='ltr'><strong>pa-</strong></span> 
     </span>
    </p>
   </div>
   <div class='ocr_carea' id='block_1_9' title="bbox 262 834 1867 909">
    <p class='ocr_par' dir='ltr' id='par_1_9' title="bbox 262 834 1867 909">
     <span class='ocr_line' id='line_1_9' title="bbox 262 834 1867 909; baseline 0.002 -20"><span class='ocrx_word' id='word_1_50' title='bbox 262 837 386 904; x_wconf 83' lang='lat' dir='ltr'><strong>tris,</strong></span> <span class='ocrx_word' id='word_1_51' title='bbox 413 834 509 891; x_wconf 72' lang='lat' dir='ltr'><strong>srd</strong></span> <span class='ocrx_word' id='word_1_52' title='bbox 534 837 815 907; x_wconf 83' lang='lat' dir='ltr'><strong>tyrannica</strong></span> <span class='ocrx_word' id='word_1_53' title='bbox 840 845 1127 906; x_wconf 85' lang='lat' dir='ltr'><strong>potestate.</strong></span> <span class='ocrx_word' id='word_1_54' title='bbox 1155 837 1309 893; x_wconf 90' lang='lat' dir='ltr'><strong>Tunc</strong></span> <span class='ocrx_word' id='word_1_55' title='bbox 1332 838 1454 909; x_wconf 89' lang='lat' dir='ltr'><strong>quia</strong></span> <span class='ocrx_word' id='word_1_56' title='bbox 1479 837 1681 893; x_wconf 87' lang='lat' dir='ltr'><strong>diutius</strong></span> <span class='ocrx_word' id='word_1_57' title='bbox 1714 847 1867 908; x_wconf 87' lang='lat' dir='ltr'><strong>pater</strong></span> 
     </span>
    </p>
   </div>
   <div class='ocr_carea' id='block_1_10' title="bbox 261 928 1865 1002">
    <p class='ocr_par' dir='ltr' id='par_1_10' title="bbox 261 928 1865 1002">
     <span class='ocr_line' id='line_1_10' title="bbox 261 928 1865 1002; baseline 0.001 -20"><span class='ocrx_word' id='word_1_58' title='bbox 261 928 405 983; x_wconf 88' lang='lat' dir='ltr'><strong>ferre</strong></span> <span class='ocrx_word' id='word_1_59' title='bbox 441 928 677 998; x_wconf 77' lang='lat' dir='ltr'><strong>lugentis</strong></span> <span class='ocrx_word' id='word_1_60' title='bbox 706 929 874 984; x_wconf 91' lang='lat' dir='ltr'><strong>animi</strong></span> <span class='ocrx_word' id='word_1_61' title='bbox 909 938 1183 986; x_wconf 88' lang='lat' dir='ltr'><strong>tormenta</strong></span> <span class='ocrx_word' id='word_1_62' title='bbox 1214 947 1321 986; x_wconf 88' lang='lat' dir='ltr'><strong>non</strong></span> <span class='ocrx_word' id='word_1_63' title='bbox 1363 941 1619 1001; x_wconf 91' lang='lat' dir='ltr'><strong>poterat,</strong></span> <span class='ocrx_word' id='word_1_64' title='bbox 1652 942 1704 987; x_wconf 89' lang='lat' dir='ltr'><strong>et</strong></span> <span class='ocrx_word' id='word_1_65' title='bbox 1741 930 1865 1002; x_wconf 87' lang='lat' dir='ltr'><strong>quia</strong></span> 
     </span>
    </p>
   </div>
   <div class='ocr_carea' id='block_1_11' title="bbox 261 1022 1866 1095">
    <p class='ocr_par' dir='ltr' id='par_1_11' title="bbox 261 1022 1866 1095">
     <span class='ocr_line' id='line_1_11' title="bbox 261 1022 1866 1095; baseline 0 -17"><span class='ocrx_word' id='word_1_66' title='bbox 261 1022 421 1078; x_wconf 85' lang='lat' dir='ltr'><strong>dolor</strong></span> <span class='ocrx_word' id='word_1_67' title='bbox 444 1040 509 1078; x_wconf 84' lang='lat' dir='ltr'><strong>ex</strong></span> <span class='ocrx_word' id='word_1_68' title='bbox 535 1023 773 1079; x_wconf 83' lang='lat' dir='ltr'><strong>orbitate</strong></span> <span class='ocrx_word' id='word_1_69' title='bbox 804 1024 1029 1080; x_wconf 90' lang='lat' dir='ltr'><strong>veniens</strong></span> <span class='ocrx_word' id='word_1_70' title='bbox 1060 1024 1227 1079; x_wconf 91' lang='lat' dir='ltr'><strong>nullis</strong></span> <span class='ocrx_word' id='word_1_71' title='bbox 1253 1025 1464 1080; x_wconf 86' lang='lat' dir='ltr'><strong>solatiis</strong></span> <span class='ocrx_word' id='word_1_72' title='bbox 1495 1025 1866 1095; x_wconf 88' lang='lat' dir='ltr'><strong>mitigabatur,</strong></span> 
     </span>
    </p>
   </div>
   <div class='ocr_carea' id='block_1_12' title="bbox 262 1116 1870 1190">
    <p class='ocr_par' dir='ltr' id='par_1_12' title="bbox 262 1116 1870 1190">
     <span class='ocr_line' id='line_1_12' title="bbox 262 1116 1870 1190; baseline 0.001 -19"><span class='ocrx_word' id='word_1_73' title='bbox 262 1117 555 1186; x_wconf 82' lang='lat' dir='ltr'><strong>imaginem</strong></span> <span class='ocrx_word' id='word_1_74' title='bbox 589 1116 705 1187; x_wconf 87' lang='lat' dir='ltr'><strong>ejus</strong></span> <span class='ocrx_word' id='word_1_75' title='bbox 733 1134 799 1173; x_wconf 82' lang='lat' dir='ltr'><strong>ex</strong></span> <span class='ocrx_word' id='word_1_76' title='bbox 831 1134 1029 1189; x_wconf 82' lang='lat' dir='ltr'><strong>gypso,</strong></span> <span class='ocrx_word' id='word_1_77' title='bbox 1062 1120 1294 1188; x_wconf 88' lang='lat' dir='ltr'><strong>plastico</strong></span> <span class='ocrx_word' id='word_1_78' title='bbox 1321 1132 1488 1190; x_wconf 84' lang='lat' dir='ltr'><strong>opere</strong></span> <span class='ocrx_word' id='word_1_79' title='bbox 1519 1119 1750 1189; x_wconf 81' lang='lat' dir='ltr'><strong>perfecit</strong></span> <span class='ocrx_word' id='word_1_80' title='bbox 1774 1138 1789 1185; x_wconf 63' lang='grc' dir='ltr'>ε</span> <span class='ocrx_word' id='word_1_81' title='bbox 1815 1128 1870 1173; x_wconf 90' lang='lat' dir='ltr'><strong>et</strong></span> 
     </span>
    </p>
   </div>
   <div class='ocr_carea' id='block_1_13' title="bbox 261 1209 1872 1280">
    <p class='ocr_par' dir='ltr' id='par_1_13' title="bbox 261 1209 1872 1280">
     <span class='ocr_line' id='line_1_13' title="bbox 261 1209 1872 1280; baseline 0.002 -16"><span class='ocrx_word' id='word_1_82' title='bbox 261 1224 383 1275; x_wconf 91' lang='lat' dir='ltr'><strong>cor,</strong></span> <span class='ocrx_word' id='word_1_83' title='bbox 413 1226 475 1265; x_wconf 78' lang='lat' dir='ltr'><strong>ex</strong></span> <span class='ocrx_word' id='word_1_84' title='bbox 501 1226 609 1280; x_wconf 87' lang='lat' dir='ltr'><strong>quo</strong></span> <span class='ocrx_word' id='word_1_85' title='bbox 638 1209 847 1267; x_wconf 82' lang='lat' dir='ltr'><strong>facinus</strong></span> <span class='ocrx_word' id='word_1_86' title='bbox 881 1213 1056 1268; x_wconf 88' lang='lat' dir='ltr'><strong>fuerat</strong></span> <span class='ocrx_word' id='word_1_87' title='bbox 1078 1254 1092 1279; x_wconf 94' lang='lat'><strong>,</strong></span> <span class='ocrx_word' id='word_1_88' title='bbox 1123 1228 1318 1268; x_wconf 87' lang='lat' dir='ltr'><strong>sorore</strong></span> <span class='ocrx_word' id='word_1_89' title='bbox 1368 1212 1685 1277; x_wconf 76' lang='lat' dir='ltr'><strong>deferente,</strong></span> <span class='ocrx_word' id='word_1_90' title='bbox 1716 1212 1872 1267; x_wconf 90' lang='lat' dir='ltr'><strong>dele-</strong></span> 
     </span>
    </p>
   </div>
   <div class='ocr_carea' id='block_1_14' title="bbox 266 1303 1873 1376">
    <p class='ocr_par' dir='ltr' id='par_1_14' title="bbox 266 1303 1873 1376">
     <span class='ocr_line' id='line_1_14' title="bbox 266 1303 1873 1376; baseline 0.001 -18"><span class='ocrx_word' id='word_1_91' title='bbox 266 1311 461 1368; x_wconf 90' lang='lat' dir='ltr'><strong>ctum,</strong></span> <span class='ocrx_word' id='word_1_92' title='bbox 514 1303 569 1357; x_wconf 93' lang='lat' dir='ltr'><strong>in</strong></span> <span class='ocrx_word' id='word_1_93' title='bbox 620 1320 682 1358; x_wconf 86' lang='lat' dir='ltr'><strong>ea</strong></span> <span class='ocrx_word' id='word_1_94' title='bbox 732 1313 887 1373; x_wconf 87' lang='lat' dir='ltr'><strong>parte</strong></span> <span class='ocrx_word' id='word_1_95' title='bbox 934 1306 1122 1375; x_wconf 76' lang='lat' dir='ltr'><strong>plasta:</strong></span> <span class='ocrx_word' id='word_1_96' title='bbox 1162 1307 1433 1370; x_wconf 87' lang='lat' dir='ltr'><strong>collocat,</strong></span> <span class='ocrx_word' id='word_1_97' title='bbox 1477 1319 1580 1376; x_wconf 88' lang='lat' dir='ltr'><strong>qua</strong></span> <span class='ocrx_word' id='word_1_98' title='bbox 1631 1304 1873 1376; x_wconf 87' lang='lat' dir='ltr'><strong>pectoris</strong></span> 
     </span>
    </p>
   </div>
   <div class='ocr_carea' id='block_1_15' title="bbox 265 1397 1873 1468">
    <p class='ocr_par' dir='ltr' id='par_1_15' title="bbox 265 1397 1873 1468">
     <span class='ocr_line' id='line_1_15' title="bbox 265 1397 1873 1468; baseline -0.001 -15"><span class='ocrx_word' id='word_1_99' title='bbox 265 1397 480 1453; x_wconf 87' lang='lat' dir='ltr'><strong>fuerant</strong></span> <span class='ocrx_word' id='word_1_100' title='bbox 516 1399 849 1454; x_wconf 89' lang='lat' dir='ltr'><strong>lineamenta</strong></span> <span class='ocrx_word' id='word_1_101' title='bbox 882 1398 1135 1454; x_wconf 89' lang='lat' dir='ltr'><strong>formata.</strong></span> <span class='ocrx_word' id='word_1_102' title='bbox 1185 1400 1317 1453; x_wconf 87' lang='lat' dir='ltr'><strong>Post</strong></span> <span class='ocrx_word' id='word_1_103' title='bbox 1359 1401 1476 1453; x_wconf 67' lang='lat' dir='ltr'><strong>haec</strong></span> <span class='ocrx_word' id='word_1_104' title='bbox 1527 1414 1623 1468; x_wconf 87' lang='lat' dir='ltr'><strong>pro</strong></span> <span class='ocrx_word' id='word_1_105' title='bbox 1666 1398 1873 1452; x_wconf 89' lang='lat' dir='ltr'><strong>tumulo</strong></span> 
     </span>
    </p>
   </div>
   <div class='ocr_carea' id='block_1_16' title="bbox 267 1491 1877 1563">
    <p class='ocr_par' dir='ltr' id='par_1_16' title="bbox 267 1491 1877 1563">
     <span class='ocr_line' id='line_1_16' title="bbox 267 1491 1877 1563; baseline -0.001 -17"><span class='ocrx_word' id='word_1_106' title='bbox 267 1492 504 1546; x_wconf 77' lang='lat' dir='ltr'><strong>exstruit</strong></span> <span class='ocrx_word' id='word_1_107' title='bbox 552 1492 813 1561; x_wconf 90' lang='lat' dir='ltr'><strong>templum</strong></span> <span class='ocrx_word' id='word_1_108' title='bbox 842 1531 857 1558; x_wconf 94' lang='lat'><strong>,</strong></span> <span class='ocrx_word' id='word_1_109' title='bbox 902 1503 956 1547; x_wconf 89' lang='lat' dir='ltr'><strong>et</strong></span> <span class='ocrx_word' id='word_1_110' title='bbox 988 1493 1345 1563; x_wconf 69' lang='lat' dir='ltr'><strong>paedagogum</strong></span> <span class='ocrx_word' id='word_1_111' title='bbox 1393 1492 1543 1563; x_wconf 90' lang='lat' dir='ltr'><strong>pueri</strong></span> <span class='ocrx_word' id='word_1_112' title='bbox 1591 1491 1877 1547; x_wconf 86' lang='lat' dir='ltr'><strong>constituit</strong></span> 
     </span>
    </p>
   </div>
   <div class='ocr_carea' id='block_1_17' title="bbox 268 1583 1872 1648">
    <p class='ocr_par' dir='ltr' id='par_1_17' title="bbox 268 1583 1872 1648">
     <span class='ocr_line' id='line_1_17' title="bbox 268 1583 1872 1648; baseline 0 -11"><span class='ocrx_word' id='word_1_113' title='bbox 268 1583 635 1638; x_wconf 82' lang='lat' dir='ltr'><strong>sacerdotem.</strong></span> <span class='ocrx_word' id='word_1_114' title='bbox 681 1583 814 1639; x_wconf 91' lang='lat' dir='ltr'><strong>lluic</strong></span> <span class='ocrx_word' id='word_1_115' title='bbox 854 1584 1071 1641; x_wconf 88' lang='lat' dir='ltr'><strong>Silenus</strong></span> <span class='ocrx_word' id='word_1_116' title='bbox 1102 1586 1205 1639; x_wconf 88' lang='lat' dir='ltr'><strong>fuit</strong></span> <span class='ocrx_word' id='word_1_117' title='bbox 1234 1600 1433 1640; x_wconf 90' lang='lat' dir='ltr'><strong>nomen</strong></span> <span class='ocrx_word' id='word_1_118' title='bbox 1456 1583 1506 1637; x_wconf 70' lang='grc' dir='ltr'><strong>δ.</strong></span> <span class='ocrx_word' id='word_1_119' title='bbox 1540 1585 1833 1640; x_wconf 88' lang='lat' dir='ltr'><strong>Cretenses</strong></span> <span class='ocrx_word' id='word_1_120' title='bbox 1858 1623 1872 1648; x_wconf 92' lang='lat'><strong>,</strong></span> 
     </span>
    </p>
   </div>
   <div class='ocr_carea' id='block_1_18' title="bbox 269 1675 1876 1749">
    <p class='ocr_par' dir='ltr' id='par_1_18' title="bbox 269 1675 1876 1749">
     <span class='ocr_line' id='line_1_18' title="bbox 269 1675 1876 1749; baseline -0.001 -19"><span class='ocrx_word' id='word_1_121' title='bbox 269 1684 330 1730; x_wconf 94' lang='lat' dir='ltr'><strong>ut</strong></span> <span class='ocrx_word' id='word_1_122' title='bbox 357 1675 589 1731; x_wconf 85' lang='lat' dir='ltr'><strong>furentis</strong></span> <span class='ocrx_word' id='word_1_123' title='bbox 622 1676 836 1746; x_wconf 88' lang='lat' dir='ltr'><strong>tyranni</strong></span> <span class='ocrx_word' id='word_1_124' title='bbox 858 1678 1126 1732; x_wconf 63' lang='lat' dir='ltr'><strong>saevitiam</strong></span> <span class='ocrx_word' id='word_1_125' title='bbox 1152 1678 1467 1749; x_wconf 81' lang='lat' dir='ltr'><strong>mitigarent</strong></span> <span class='ocrx_word' id='word_1_126' title='bbox 1496 1687 1517 1715; x_wconf 78' lang='grc' dir='ltr'><strong>ο</strong></span> <span class='ocrx_word' id='word_1_127' title='bbox 1545 1719 1559 1743; x_wconf 91' lang='grc'><strong><em>,</em></strong></span> <span class='ocrx_word' id='word_1_128' title='bbox 1594 1676 1763 1732; x_wconf 85' lang='lat' dir='ltr'><strong>festos</strong></span> <span class='ocrx_word' id='word_1_129' title='bbox 1794 1677 1876 1729; x_wconf 86' lang='lat' dir='ltr'><strong>fu-</strong></span> 
     </span>
    </p>
   </div>
   <div class='ocr_carea' id='block_1_19' title="bbox 1965 465 3569 538">
    <p class='ocr_par' dir='ltr' id='par_1_19' title="bbox 1965 465 3569 538">
     <span class='ocr_line' id='line_1_19' title="bbox 1965 465 3569 538; baseline 0.001 -17"><span class='ocrx_word' id='word_1_130' title='bbox 1965 468 2193 522; x_wconf 88' lang='lat' dir='ltr'><strong>funestis</strong></span> <span class='ocrx_word' id='word_1_131' title='bbox 2237 482 2453 537; x_wconf 83' lang='lat' dir='ltr'><strong>semper</strong></span> <span class='ocrx_word' id='word_1_132' title='bbox 2503 466 2859 521; x_wconf 84' lang='lat' dir='ltr'><strong>relationibus</strong></span> <span class='ocrx_word' id='word_1_133' title='bbox 2894 473 3232 521; x_wconf 87' lang='lat' dir='ltr'><strong>renascatur.</strong></span> <span class='ocrx_word' id='word_1_134' title='bbox 3279 465 3430 521; x_wconf 87' lang='lat' dir='ltr'><strong>llu::c</strong></span> <span class='ocrx_word' id='word_1_135' title='bbox 3466 465 3569 538; x_wconf 50' lang='lat' dir='ltr'><strong>Lyc</strong></span> 
     </span>
    </p>
   </div>
   <div class='ocr_carea' id='block_1_20' title="bbox 1965 558 3571 630">
    <p class='ocr_par' dir='ltr' id='par_1_20' title="bbox 1965 558 3571 630">
     <span class='ocr_line' id='line_1_20' title="bbox 1965 558 3571 630; baseline -0.001 -16"><span class='ocrx_word' id='word_1_136' title='bbox 1965 574 2165 630; x_wconf 86' lang='lat' dir='ltr'><strong>curgns</strong></span> <span class='ocrx_word' id='word_1_137' title='bbox 2204 566 2265 626; x_wconf 79' lang='lat'><strong>8,</strong></span> <span class='ocrx_word' id='word_1_138' title='bbox 2306 558 2488 613; x_wconf 86' lang='lat' dir='ltr'><strong>sobria</strong></span> <span class='ocrx_word' id='word_1_139' title='bbox 2533 559 2774 613; x_wconf 90' lang='lat' dir='ltr'><strong>virorutn</strong></span> <span class='ocrx_word' id='word_1_140' title='bbox 2825 558 3205 628; x_wconf 86' lang='lat' dir='ltr'><strong>cnnjuratione</strong></span> <span class='ocrx_word' id='word_1_141' title='bbox 3256 569 3571 629; x_wconf 88' lang='lat' dir='ltr'><strong>protectus,</strong></span> 
     </span>
    </p>
   </div>
   <div class='ocr_carea' id='block_1_21' title="bbox 1964 652 3573 724">
    <p class='ocr_par' dir='ltr' id='par_1_21' title="bbox 1964 652 3573 724">
     <span class='ocr_line' id='line_1_21' title="bbox 1964 652 3573 724; baseline -0.001 -14"><span class='ocrx_word' id='word_1_142' title='bbox 1964 669 2133 724; x_wconf 84' lang='lat' dir='ltr'><strong>regno</strong></span> <span class='ocrx_word' id='word_1_143' title='bbox 2162 653 2343 720; x_wconf 78' lang='lat' dir='ltr'><strong>exuit,</strong></span> <span class='ocrx_word' id='word_1_144' title='bbox 2391 652 2540 724; x_wconf 87' lang='lat' dir='ltr'><strong>pellit</strong></span> <span class='ocrx_word' id='word_1_145' title='bbox 2581 654 2774 723; x_wconf 78' lang='lat' dir='ltr'><strong>patria.</strong></span> <span class='ocrx_word' id='word_1_146' title='bbox 2818 652 3004 722; x_wconf 82' lang='lat' dir='ltr'><strong>Neque</strong></span> <span class='ocrx_word' id='word_1_147' title='bbox 3045 654 3190 709; x_wconf 90' lang='lat' dir='ltr'><strong>enim</strong></span> <span class='ocrx_word' id='word_1_148' title='bbox 3224 654 3573 709; x_wconf 78' lang='lat' dir='ltr'><strong>effeminatus</strong></span> 
     </span>
    </p>
   </div>
   <div class='ocr_carea' id='block_1_22' title="bbox 1965 746 3571 819">
    <p class='ocr_par' dir='ltr' id='par_1_22' title="bbox 1965 746 3571 819">
     <span class='ocr_line' id='line_1_22' title="bbox 1965 746 3571 819; baseline -0.002 -14"><span class='ocrx_word' id='word_1_149' title='bbox 1965 750 2060 805; x_wconf 89' lang='lat' dir='ltr'><strong>ille</strong></span> <span class='ocrx_word' id='word_1_150' title='bbox 2084 762 2412 804; x_wconf 90' lang='lat' dir='ltr'><strong>consensum</strong></span> <span class='ocrx_word' id='word_1_151' title='bbox 2436 748 2679 802; x_wconf 90' lang='lat' dir='ltr'><strong>virorum</strong></span> <span class='ocrx_word' id='word_1_152' title='bbox 2707 748 2879 819; x_wconf 91' lang='lat' dir='ltr'><strong>potuit</strong></span> <span class='ocrx_word' id='word_1_153' title='bbox 2913 747 3113 802; x_wconf 89' lang='lat' dir='ltr'><strong>diutius</strong></span> <span class='ocrx_word' id='word_1_154' title='bbox 3145 750 3443 804; x_wconf 88' lang='lat' dir='ltr'><strong>sustinere.</strong></span> <span class='ocrx_word' id='word_1_155' title='bbox 3476 746 3571 802; x_wconf 85' lang='lat' dir='ltr'><strong>Ef-</strong></span> 
     </span>
    </p>
   </div>
   <div class='ocr_carea' id='block_1_23' title="bbox 1970 841 3575 906">
    <p class='ocr_par' dir='ltr' id='par_1_23' title="bbox 1970 841 3575 906">
     <span class='ocr_line' id='line_1_23' title="bbox 1970 841 3575 906; baseline 0.001 -11"><span class='ocrx_word' id='word_1_156' title='bbox 1970 843 2294 898; x_wconf 84' lang='lat' dir='ltr'><strong>teminatum</strong></span> <span class='ocrx_word' id='word_1_157' title='bbox 2333 842 2477 897; x_wconf 89' lang='lat' dir='ltr'><strong>enim</strong></span> <span class='ocrx_word' id='word_1_158' title='bbox 2511 841 2705 906; x_wconf 87' lang='lat' dir='ltr'><strong>fuisse,</strong></span> <span class='ocrx_word' id='word_1_159' title='bbox 2752 851 2803 897; x_wconf 87' lang='lat' dir='ltr'><strong>et</strong></span> <span class='ocrx_word' id='word_1_160' title='bbox 2836 850 3141 897; x_wconf 88' lang='lat' dir='ltr'><strong>amatorum</strong></span> <span class='ocrx_word' id='word_1_161' title='bbox 3170 842 3425 897; x_wconf 86' lang='lat' dir='ltr'><strong>serviisse</strong></span> <span class='ocrx_word' id='word_1_162' title='bbox 3455 841 3575 896; x_wconf 88' lang='lat' dir='ltr'><strong>libi-</strong></span> 
     </span>
    </p>
   </div>
   <div class='ocr_carea' id='block_1_24' title="bbox 1970 932 3574 1007">
    <p class='ocr_par' dir='ltr' id='par_1_24' title="bbox 1970 932 3574 1007">
     <span class='ocr_line' id='line_1_24' title="bbox 1970 932 3574 1007; baseline 0.001 -16"><span class='ocrx_word' id='word_1_163' title='bbox 1970 937 2207 1002; x_wconf 89' lang='lat' dir='ltr'><strong>dinibus,</strong></span> <span class='ocrx_word' id='word_1_164' title='bbox 2232 936 2549 992; x_wconf 70' lang='lat' dir='ltr'><strong>Cra-corum</strong></span> <span class='ocrx_word' id='word_1_165' title='bbox 2574 937 2873 1006; x_wconf 81' lang='lat' dir='ltr'><strong>gymnasiis</strong></span> <span class='ocrx_word' id='word_1_166' title='bbox 2896 935 3221 991; x_wconf 74' lang='lat' dir='ltr'><strong>decantatur</strong></span> <span class='ocrx_word' id='word_1_167' title='bbox 3243 932 3288 991; x_wconf 65' lang='grc' dir='ltr'><strong>δ.</strong></span> <span class='ocrx_word' id='word_1_168' title='bbox 3316 936 3427 993; x_wconf 79' lang='lat' dir='ltr'><strong>Nec</strong></span> <span class='ocrx_word' id='word_1_169' title='bbox 3452 935 3574 1007; x_wconf 76' lang='lat' dir='ltr'><strong>fuga</strong></span> 
     </span>
    </p>
   </div>
   <div class='ocr_carea' id='block_1_25' title="bbox 1971 1029 3575 1102">
    <p class='ocr_par' dir='ltr' id='par_1_25' title="bbox 1971 1029 3575 1102">
     <span class='ocr_line' id='line_1_25' title="bbox 1971 1029 3575 1102; baseline 0 -17"><span class='ocrx_word' id='word_1_170' title='bbox 1971 1030 2086 1100; x_wconf 82' lang='lat' dir='ltr'><strong>ejus</strong></span> <span class='ocrx_word' id='word_1_171' title='bbox 2118 1029 2397 1102; x_wconf 89' lang='lat' dir='ltr'><strong>Lycurgus</strong></span> <span class='ocrx_word' id='word_1_172' title='bbox 2432 1036 2639 1083; x_wconf 91' lang='lat' dir='ltr'><strong>tantum</strong></span> <span class='ocrx_word' id='word_1_173' title='bbox 2668 1039 2752 1084; x_wconf 89' lang='lat' dir='ltr'><strong>est</strong></span> <span class='ocrx_word' id='word_1_174' title='bbox 2785 1030 3096 1099; x_wconf 78' lang='lat' dir='ltr'><strong>exsilioque</strong></span> <span class='ocrx_word' id='word_1_175' title='bbox 3126 1037 3415 1085; x_wconf 82' lang='lat' dir='ltr'><strong>contentus</strong></span> <span class='ocrx_word' id='word_1_176' title='bbox 3436 1072 3449 1095; x_wconf 93' lang='lat'><strong>,</strong></span> <span class='ocrx_word' id='word_1_177' title='bbox 3480 1032 3575 1085; x_wconf 77' lang='lat' dir='ltr'><strong>sed</strong></span> 
     </span>
    </p>
   </div>
   <div class='ocr_carea' id='block_1_26' title="bbox 1973 1121 3570 1191">
    <p class='ocr_par' dir='ltr' id='par_1_26' title="bbox 1973 1121 3570 1191">
     <span class='ocr_line' id='line_1_26' title="bbox 1973 1121 3570 1191; baseline 0.003 -17"><span class='ocrx_word' id='word_1_178' title='bbox 1973 1122 2171 1176; x_wconf 86' lang='lat' dir='ltr'><strong>timens</strong></span> <span class='ocrx_word' id='word_1_179' title='bbox 2219 1136 2286 1177; x_wconf 91' lang='lat' dir='ltr'><strong>ne</strong></span> <span class='ocrx_word' id='word_1_180' title='bbox 2333 1122 2542 1191; x_wconf 84' lang='lat' dir='ltr'><strong>fugiens</strong></span> <span class='ocrx_word' id='word_1_181' title='bbox 2584 1129 2638 1175; x_wconf 91' lang='lat' dir='ltr'><strong>et</strong></span> <span class='ocrx_word' id='word_1_182' title='bbox 2668 1122 2737 1175; x_wconf 88' lang='lat' dir='ltr'><strong>ab</strong></span> <span class='ocrx_word' id='word_1_183' title='bbox 2765 1121 2887 1175; x_wconf 86' lang='lat' dir='ltr'><strong>aliis</strong></span> <span class='ocrx_word' id='word_1_184' title='bbox 2928 1132 3182 1191; x_wconf 89' lang='lat' dir='ltr'><strong>receptus</strong></span> <span class='ocrx_word' id='word_1_185' title='bbox 3208 1166 3221 1187; x_wconf 92' lang='lat'><strong>,</strong></span> <span class='ocrx_word' id='word_1_186' title='bbox 3272 1121 3570 1177; x_wconf 82' lang='lat' dir='ltr'><strong>ludibriosa</strong></span> 
     </span>
    </p>
   </div>
   <div class='ocr_carea' id='block_1_27' title="bbox 1972 1214 3579 1285">
    <p class='ocr_par' dir='ltr' id='par_1_27' title="bbox 1972 1214 3579 1285">
     <span class='ocr_line' id='line_1_27' title="bbox 1972 1214 3579 1285; baseline -0.001 -12"><span class='ocrx_word' id='word_1_187' title='bbox 1972 1218 2241 1274; x_wconf 90' lang='lat' dir='ltr'><strong>scelerum</strong></span> <span class='ocrx_word' id='word_1_188' title='bbox 2284 1232 2505 1271; x_wconf 91' lang='lat' dir='ltr'><strong>suorum</strong></span> <span class='ocrx_word' id='word_1_189' title='bbox 2546 1215 2709 1271; x_wconf 88' lang='lat' dir='ltr'><strong>etiam</strong></span> <span class='ocrx_word' id='word_1_190' title='bbox 2739 1216 2790 1270; x_wconf 91' lang='lat' dir='ltr'><strong>in</strong></span> <span class='ocrx_word' id='word_1_191' title='bbox 2820 1216 2919 1269; x_wconf 90' lang='lat' dir='ltr'><strong>alia</strong></span> <span class='ocrx_word' id='word_1_192' title='bbox 2952 1215 3174 1285; x_wconf 86' lang='lat' dir='ltr'><strong>regione</strong></span> <span class='ocrx_word' id='word_1_193' title='bbox 3204 1214 3469 1272; x_wconf 86' lang='lat' dir='ltr'><strong>conderet</strong></span> <span class='ocrx_word' id='word_1_194' title='bbox 3493 1232 3579 1271; x_wconf 86' lang='lat' dir='ltr'><strong>se-</strong></span> 
     </span>
    </p>
   </div>
   <div class='ocr_carea' id='block_1_28' title="bbox 1976 1306 3586 1379">
    <p class='ocr_par' dir='ltr' id='par_1_28' title="bbox 1976 1306 3586 1379">
     <span class='ocr_line' id='line_1_28' title="bbox 1976 1306 3586 1379; baseline 0 -15"><span class='ocrx_word' id='word_1_195' title='bbox 1976 1310 2149 1376; x_wconf 89' lang='lat' dir='ltr'><strong>mina,</strong></span> <span class='ocrx_word' id='word_1_196' title='bbox 2176 1309 2489 1364; x_wconf 89' lang='lat' dir='ltr'><strong>succinctus</strong></span> <span class='ocrx_word' id='word_1_197' title='bbox 2520 1309 2666 1364; x_wconf 91' lang='lat' dir='ltr'><strong>ferro</strong></span> <span class='ocrx_word' id='word_1_198' title='bbox 2691 1350 2704 1374; x_wconf 92' lang='lat'><strong>,</strong></span> <span class='ocrx_word' id='word_1_199' title='bbox 2740 1306 2930 1378; x_wconf 68' lang='lat' dir='ltr'><strong>patria:</strong></span> <span class='ocrx_word' id='word_1_200' title='bbox 2958 1306 3196 1363; x_wconf 84' lang='lat' dir='ltr'><strong>dedecus</strong></span> <span class='ocrx_word' id='word_1_201' title='bbox 3228 1308 3422 1363; x_wconf 86' lang='lat' dir='ltr'><strong>minaci</strong></span> <span class='ocrx_word' id='word_1_202' title='bbox 3464 1323 3586 1379; x_wconf 87' lang='lat' dir='ltr'><strong>pcr-</strong></span> 
     </span>
    </p>
   </div>
   <div class='ocr_carea' id='block_1_29' title="bbox 1979 1399 3581 1473">
    <p class='ocr_par' dir='ltr' id='par_1_29' title="bbox 1979 1399 3581 1473">
     <span class='ocr_line' id='line_1_29' title="bbox 1979 1399 3581 1473; baseline -0.002 -14"><span class='ocrx_word' id='word_1_203' title='bbox 1979 1404 2230 1473; x_wconf 90' lang='lat' dir='ltr'><strong>sequitur</strong></span> <span class='ocrx_word' id='word_1_204' title='bbox 2265 1402 2467 1458; x_wconf 88' lang='lat' dir='ltr'><strong>edicto.</strong></span> <span class='ocrx_word' id='word_1_205' title='bbox 2499 1401 2651 1456; x_wconf 81' lang='lat' dir='ltr'><strong>Tunc</strong></span> <span class='ocrx_word' id='word_1_206' title='bbox 2690 1400 2854 1456; x_wconf 89' lang='lat' dir='ltr'><strong>Liber</strong></span> <span class='ocrx_word' id='word_1_207' title='bbox 2892 1399 3149 1471; x_wconf 88' lang='lat' dir='ltr'><strong>projectis</strong></span> <span class='ocrx_word' id='word_1_208' title='bbox 3190 1399 3407 1467; x_wconf 78' lang='lat' dir='ltr'><strong>infulis,</strong></span> <span class='ocrx_word' id='word_1_209' title='bbox 3448 1417 3581 1471; x_wconf 79' lang='lat' dir='ltr'><strong>quas</strong></span> 
     </span>
    </p>
   </div>
   <div class='ocr_carea' id='block_1_30' title="bbox 1974 1493 3581 1569">
    <p class='ocr_par' dir='ltr' id='par_1_30' title="bbox 1974 1493 3581 1569">
     <span class='ocr_line' id='line_1_30' title="bbox 1974 1493 3581 1569; baseline -0.001 -19"><span class='ocrx_word' id='word_1_210' title='bbox 1974 1496 2283 1569; x_wconf 88' lang='lat' dir='ltr'><strong>pampineis</strong></span> <span class='ocrx_word' id='word_1_211' title='bbox 2316 1500 2641 1552; x_wconf 80' lang='lat' dir='ltr'><strong>coronarunt</strong></span> <span class='ocrx_word' id='word_1_212' title='bbox 2680 1493 2903 1549; x_wconf 91' lang='lat' dir='ltr'><strong>circulis</strong></span> <span class='ocrx_word' id='word_1_213' title='bbox 2943 1495 3212 1564; x_wconf 84' lang='lat' dir='ltr'><strong>illigabat,</strong></span> <span class='ocrx_word' id='word_1_214' title='bbox 3249 1511 3369 1549; x_wconf 84' lang='lat' dir='ltr'><strong>eum</strong></span> <span class='ocrx_word' id='word_1_215' title='bbox 3415 1494 3581 1549; x_wconf 90' lang='lat' dir='ltr'><strong>semi-</strong></span> 
     </span>
    </p>
   </div>
   <div class='ocr_carea' id='block_1_31' title="bbox 1978 1584 3582 1660">
    <p class='ocr_par' dir='ltr' id='par_1_31' title="bbox 1978 1584 3582 1660">
     <span class='ocr_line' id='line_1_31' title="bbox 1978 1584 3582 1660; baseline -0.002 -16"><span class='ocrx_word' id='word_1_216' title='bbox 1978 1591 2099 1645; x_wconf 83' lang='lat' dir='ltr'><strong>viro</strong></span> <span class='ocrx_word' id='word_1_217' title='bbox 2129 1590 2391 1644; x_wconf 86' lang='lat' dir='ltr'><strong>comitatu</strong></span> <span class='ocrx_word' id='word_1_218' title='bbox 2433 1588 2646 1659; x_wconf 82' lang='lat' dir='ltr'><strong>fugiens</strong></span> <span class='ocrx_word' id='word_1_219' title='bbox 2681 1587 2822 1660; x_wconf 89' lang='lat' dir='ltr'><strong>(soli</strong></span> <span class='ocrx_word' id='word_1_220' title='bbox 2855 1588 3000 1643; x_wconf 90' lang='lat' dir='ltr'><strong>enim</strong></span> <span class='ocrx_word' id='word_1_221' title='bbox 3046 1604 3167 1641; x_wconf 91' lang='lat' dir='ltr'><strong>eum</strong></span> <span class='ocrx_word' id='word_1_222' title='bbox 3233 1584 3406 1641; x_wconf 86' lang='lat' dir='ltr'><strong>secuti</strong></span> <span class='ocrx_word' id='word_1_223' title='bbox 3456 1596 3582 1641; x_wconf 89' lang='lat' dir='ltr'><strong>sunt</strong></span> 
     </span>
    </p>
   </div>
   <div class='ocr_carea' id='block_1_32' title="bbox 1978 1678 3582 1753">
    <p class='ocr_par' dir='ltr' id='par_1_32' title="bbox 1978 1678 3582 1753">
     <span class='ocr_line' id='line_1_32' title="bbox 1978 1678 3582 1753; baseline -0.004 -15"><span class='ocrx_word' id='word_1_224' title='bbox 1978 1694 2292 1753; x_wconf 88' lang='lat' dir='ltr'><strong>stuprorum</strong></span> <span class='ocrx_word' id='word_1_225' title='bbox 2322 1689 2377 1736; x_wconf 88' lang='lat' dir='ltr'><strong>et</strong></span> <span class='ocrx_word' id='word_1_226' title='bbox 2407 1680 2735 1750; x_wconf 86' lang='lat' dir='ltr'><strong>ﬂagitiorum</strong></span> <span class='ocrx_word' id='word_1_227' title='bbox 2762 1689 2817 1734; x_wconf 87' lang='lat' dir='ltr'><strong>et</strong></span> <span class='ocrx_word' id='word_1_228' title='bbox 2849 1680 3132 1735; x_wconf 85' lang='lat' dir='ltr'><strong>libidinum</strong></span> <span class='ocrx_word' id='word_1_229' title='bbox 3158 1678 3328 1749; x_wconf 90' lang='lat' dir='ltr'><strong>socii)</strong></span> <span class='ocrx_word' id='word_1_230' title='bbox 3355 1694 3449 1747; x_wconf 90' lang='lat' dir='ltr'><strong>per</strong></span> <span class='ocrx_word' id='word_1_231' title='bbox 3470 1694 3582 1732; x_wconf 89' lang='lat' dir='ltr'><strong>om-</strong></span> 
     </span>
    </p>
   </div>
   <div class='ocr_carea' id='block_1_33' title="bbox 271 1768 3583 1847">
    <p class='ocr_par' dir='ltr' id='par_1_33' title="bbox 271 1768 3583 1847">
     <span class='ocr_line' id='line_1_33' title="bbox 271 1768 3583 1847; baseline 0.001 -24"><span class='ocrx_word' id='word_1_232' title='bbox 271 1770 425 1825; x_wconf 88' lang='lat' dir='ltr'><strong>neris</strong></span> <span class='ocrx_word' id='word_1_233' title='bbox 455 1768 573 1823; x_wconf 91' lang='lat' dir='ltr'><strong>dies</strong></span> <span class='ocrx_word' id='word_1_234' title='bbox 604 1776 883 1838; x_wconf 87' lang='lat' dir='ltr'><strong>statuunt,</strong></span> <span class='ocrx_word' id='word_1_235' title='bbox 933 1780 988 1825; x_wconf 90' lang='lat' dir='ltr'><strong>et</strong></span> <span class='ocrx_word' id='word_1_236' title='bbox 1035 1786 1276 1825; x_wconf 90' lang='lat' dir='ltr'><strong>annuum</strong></span> <span class='ocrx_word' id='word_1_237' title='bbox 1327 1786 1543 1825; x_wconf 87' lang='lat' dir='ltr'><strong>sacrum</strong></span> <span class='ocrx_word' id='word_1_238' title='bbox 1596 1768 1873 1823; x_wconf 73' lang='lat' dir='ltr'><strong>trieterica</strong></span> <span class='ocrx_word' id='word_1_239' title='bbox 1906 1784 1954 1847; x_wconf 82' lang='lat' dir='ltr'><strong>B</strong></span> <span class='ocrx_word' id='word_1_240' title='bbox 1980 1790 2079 1830; x_wconf 83' lang='lat' dir='ltr'><strong>nes</strong></span> <span class='ocrx_word' id='word_1_241' title='bbox 2108 1790 2231 1829; x_wconf 73' lang='lat' dir='ltr'><strong>oms</strong></span> <span class='ocrx_word' id='word_1_242' title='bbox 2270 1772 2435 1829; x_wconf 80' lang='lat' dir='ltr'><strong>vicini</strong></span> <span class='ocrx_word' id='word_1_243' title='bbox 2467 1774 2633 1827; x_wconf 85' lang='lat' dir='ltr'><strong>maris</strong></span> <span class='ocrx_word' id='word_1_244' title='bbox 2661 1784 2782 1827; x_wconf 88' lang='lat' dir='ltr'><strong>cum</strong></span> <span class='ocrx_word' id='word_1_245' title='bbox 2838 1786 3050 1825; x_wconf 90' lang='lat' dir='ltr'><strong>summa</strong></span> <span class='ocrx_word' id='word_1_246' title='bbox 3087 1770 3453 1839; x_wconf 83' lang='lat' dir='ltr'><strong>trepidatione</strong></span> <span class='ocrx_word' id='word_1_247' title='bbox 3485 1770 3583 1825; x_wconf 90' lang='lat' dir='ltr'><strong>de-</strong></span> 
     </span>
    </p>
   </div>
   <div class='ocr_carea' id='block_1_34' title="bbox 270 1861 1871 1933">
    <p class='ocr_par' dir='ltr' id='par_1_34' title="bbox 270 1861 1871 1933">
     <span class='ocr_line' id='line_1_34' title="bbox 270 1861 1871 1933; baseline -0.001 -17"><span class='ocrx_word' id='word_1_248' title='bbox 270 1862 687 1916; x_wconf 87' lang='lat' dir='ltr'><strong>consccratione</strong></span> <span class='ocrx_word' id='word_1_249' title='bbox 732 1871 1095 1932; x_wconf 90' lang='lat' dir='ltr'><strong>componunt,</strong></span> <span class='ocrx_word' id='word_1_250' title='bbox 1145 1864 1329 1919; x_wconf 88' lang='lat' dir='ltr'><strong>omnia</strong></span> <span class='ocrx_word' id='word_1_251' title='bbox 1378 1878 1473 1933; x_wconf 90' lang='lat' dir='ltr'><strong>per</strong></span> <span class='ocrx_word' id='word_1_252' title='bbox 1505 1862 1751 1917; x_wconf 84' lang='lat' dir='ltr'><strong>ordinem</strong></span> <span class='ocrx_word' id='word_1_253' title='bbox 1793 1861 1871 1915; x_wconf 87' lang='lat' dir='ltr'><strong>fa-</strong></span> 
     </span>
    </p>
   </div>
   <div class='ocr_carea' id='block_1_35' title="bbox 270 1954 1875 2025">
    <p class='ocr_par' dir='ltr' id='par_1_35' title="bbox 270 1954 1875 2025">
     <span class='ocr_line' id='line_1_35' title="bbox 270 1954 1875 2025; baseline -0.002 -16"><span class='ocrx_word' id='word_1_254' title='bbox 270 1955 502 2019; x_wconf 92' lang='lat' dir='ltr'><strong>cientes,</strong></span> <span class='ocrx_word' id='word_1_255' title='bbox 537 1970 658 2025; x_wconf 70' lang='lat' dir='ltr'><strong>quze</strong></span> <span class='ocrx_word' id='word_1_256' title='bbox 689 1970 825 2024; x_wconf 90' lang='lat' dir='ltr'><strong>puer</strong></span> <span class='ocrx_word' id='word_1_257' title='bbox 857 1956 1099 2010; x_wconf 90' lang='lat' dir='ltr'><strong>moriens</strong></span> <span class='ocrx_word' id='word_1_258' title='bbox 1130 1963 1227 2009; x_wconf 89' lang='lat' dir='ltr'><strong>aut</strong></span> <span class='ocrx_word' id='word_1_259' title='bbox 1249 1954 1395 2021; x_wconf 84' lang='lat' dir='ltr'><strong>fecit,</strong></span> <span class='ocrx_word' id='word_1_260' title='bbox 1425 1964 1515 2008; x_wconf 91' lang='lat' dir='ltr'><strong>aut</strong></span> <span class='ocrx_word' id='word_1_261' title='bbox 1544 1968 1737 2019; x_wconf 87' lang='lat' dir='ltr'><strong>passus</strong></span> <span class='ocrx_word' id='word_1_262' title='bbox 1770 1961 1875 2007; x_wconf 90' lang='lat' dir='ltr'><strong>est.</strong></span> 
     </span>
    </p>
   </div>
   <div class='ocr_carea' id='block_1_36' title="bbox 272 2044 1877 2116">
    <p class='ocr_par' dir='ltr' id='par_1_36' title="bbox 272 2044 1877 2116">
     <span class='ocr_line' id='line_1_36' title="bbox 272 2044 1877 2116; baseline -0.002 -12"><span class='ocrx_word' id='word_1_263' title='bbox 272 2048 467 2104; x_wconf 79' lang='lat' dir='ltr'><strong>Vivum</strong></span> <span class='ocrx_word' id='word_1_264' title='bbox 502 2047 713 2102; x_wconf 85' lang='lat' dir='ltr'><strong>laniant</strong></span> <span class='ocrx_word' id='word_1_265' title='bbox 736 2047 994 2103; x_wconf 85' lang='lat' dir='ltr'><strong>dentibus</strong></span> <span class='ocrx_word' id='word_1_266' title='bbox 1026 2057 1241 2103; x_wconf 89' lang='lat' dir='ltr'><strong>taurum</strong></span> <span class='ocrx_word' id='word_1_267' title='bbox 1278 2044 1305 2083; x_wconf 70' lang='grc' dir='ltr'><strong>ιι</strong></span> <span class='ocrx_word' id='word_1_268' title='bbox 1329 2090 1342 2112; x_wconf 88' lang='grc'><em>,</em></span> <span class='ocrx_word' id='word_1_269' title='bbox 1391 2046 1643 2102; x_wconf 85' lang='lat' dir='ltr'><strong>crudeles</strong></span> <span class='ocrx_word' id='word_1_270' title='bbox 1686 2046 1877 2116; x_wconf 86' lang='lat' dir='ltr'><strong>epulas</strong></span> 
     </span>
    </p>
   </div>
   <div class='ocr_carea' id='block_1_37' title="bbox 272 2142 1876 2211">
    <p class='ocr_par' dir='ltr' id='par_1_37' title="bbox 272 2142 1876 2211">
     <span class='ocr_line' id='line_1_37' title="bbox 272 2142 1876 2211; baseline 0 -16"><span class='ocrx_word' id='word_1_271' title='bbox 272 2142 470 2196; x_wconf 89' lang='lat' dir='ltr'><strong>annuis</strong></span> <span class='ocrx_word' id='word_1_272' title='bbox 514 2142 1132 2197; x_wconf 86' lang='lat' dir='ltr'><strong>comntemorationihus</strong></span> <span class='ocrx_word' id='word_1_273' title='bbox 1168 2143 1474 2197; x_wconf 82' lang='lat' dir='ltr'><strong>excitantes</strong></span> <span class='ocrx_word' id='word_1_274' title='bbox 1502 2181 1516 2208; x_wconf 94' lang='lat'><strong>,</strong></span> <span class='ocrx_word' id='word_1_275' title='bbox 1563 2152 1614 2195; x_wconf 91' lang='lat' dir='ltr'><strong>et</strong></span> <span class='ocrx_word' id='word_1_276' title='bbox 1661 2155 1758 2211; x_wconf 88' lang='lat' dir='ltr'><strong>per</strong></span> <span class='ocrx_word' id='word_1_277' title='bbox 1795 2154 1876 2195; x_wconf 89' lang='lat' dir='ltr'><strong>se-</strong></span> 
     </span>
    </p>
   </div>
   <div class='ocr_carea' id='block_1_38' title="bbox 271 2232 1879 2305">
    <p class='ocr_par' dir='ltr' id='par_1_38' title="bbox 271 2232 1879 2305">
     <span class='ocr_line' id='line_1_38' title="bbox 271 2232 1879 2305; baseline -0.002 -15"><span class='ocrx_word' id='word_1_278' title='bbox 271 2245 425 2290; x_wconf 89' lang='lat' dir='ltr'><strong>creta</strong></span> <span class='ocrx_word' id='word_1_279' title='bbox 458 2234 737 2304; x_wconf 82' lang='lat' dir='ltr'><strong>sylvarum</strong></span> <span class='ocrx_word' id='word_1_280' title='bbox 774 2235 1115 2289; x_wconf 88' lang='lat' dir='ltr'><strong>clamoribus</strong></span> <span class='ocrx_word' id='word_1_281' title='bbox 1168 2235 1410 2290; x_wconf 88' lang='lat' dir='ltr'><strong>dissonis</strong></span> <span class='ocrx_word' id='word_1_282' title='bbox 1461 2234 1727 2305; x_wconf 74' lang='lat' dir='ltr'><strong>eiulantes</strong></span> <span class='ocrx_word' id='word_1_283' title='bbox 1781 2232 1879 2287; x_wconf 87' lang='lat' dir='ltr'><strong>lin-</strong></span> 
     </span>
    </p>
   </div>
   <div class='ocr_carea' id='block_1_39' title="bbox 272 2328 1878 2400">
    <p class='ocr_par' dir='ltr' id='par_1_39' title="bbox 272 2328 1878 2400">
     <span class='ocr_line' id='line_1_39' title="bbox 272 2328 1878 2400; baseline -0.002 -16"><span class='ocrx_word' id='word_1_284' title='bbox 272 2340 411 2400; x_wconf 87' lang='lat' dir='ltr'><strong>gunt</strong></span> <span class='ocrx_word' id='word_1_285' title='bbox 438 2328 607 2384; x_wconf 90' lang='lat' dir='ltr'><strong>animi</strong></span> <span class='ocrx_word' id='word_1_286' title='bbox 655 2328 889 2385; x_wconf 88' lang='lat' dir='ltr'><strong>furentis</strong></span> <span class='ocrx_word' id='word_1_287' title='bbox 920 2330 1186 2385; x_wconf 90' lang='lat' dir='ltr'><strong>insaniam</strong></span> <span class='ocrx_word' id='word_1_288' title='bbox 1210 2371 1224 2397; x_wconf 97' lang='lat'><strong>,</strong></span> <span class='ocrx_word' id='word_1_289' title='bbox 1260 2338 1318 2384; x_wconf 90' lang='lat' dir='ltr'><strong>ut</strong></span> <span class='ocrx_word' id='word_1_290' title='bbox 1347 2328 1479 2383; x_wconf 88' lang='lat' dir='ltr'><strong>illud</strong></span> <span class='ocrx_word' id='word_1_291' title='bbox 1530 2328 1741 2382; x_wconf 78' lang='lat' dir='ltr'><strong>facinus</strong></span> <span class='ocrx_word' id='word_1_292' title='bbox 1772 2342 1878 2381; x_wconf 91' lang='lat' dir='ltr'><strong>non</strong></span> 
     </span>
    </p>
   </div>
   <div class='ocr_carea' id='block_1_40' title="bbox 274 2423 1876 2494">
    <p class='ocr_par' dir='ltr' id='par_1_40' title="bbox 274 2423 1876 2494">
     <span class='ocr_line' id='line_1_40' title="bbox 274 2423 1876 2494; baseline -0.002 -15"><span class='ocrx_word' id='word_1_293' title='bbox 274 2438 376 2494; x_wconf 87' lang='lat' dir='ltr'><strong>per</strong></span> <span class='ocrx_word' id='word_1_294' title='bbox 407 2423 653 2479; x_wconf 76' lang='lat' dir='ltr'><strong>fraudant</strong></span> <span class='ocrx_word' id='word_1_295' title='bbox 681 2424 881 2479; x_wconf 88' lang='lat' dir='ltr'><strong>factum</strong></span> <span class='ocrx_word' id='word_1_296' title='bbox 909 2467 924 2491; x_wconf 94' lang='lat'><strong>,</strong></span> <span class='ocrx_word' id='word_1_297' title='bbox 959 2425 1055 2480; x_wconf 91' lang='lat' dir='ltr'><strong>sed</strong></span> <span class='ocrx_word' id='word_1_298' title='bbox 1094 2441 1187 2494; x_wconf 90' lang='lat' dir='ltr'><strong>per</strong></span> <span class='ocrx_word' id='word_1_299' title='bbox 1217 2424 1482 2478; x_wconf 86' lang='lat' dir='ltr'><strong>insaniam</strong></span> <span class='ocrx_word' id='word_1_300' title='bbox 1513 2423 1832 2478; x_wconf 89' lang='lat' dir='ltr'><strong>crederetur</strong></span> <span class='ocrx_word' id='word_1_301' title='bbox 1862 2440 1876 2476; x_wconf 90' lang='lat'><strong>:</strong></span> 
     </span>
    </p>
   </div>
   <div class='ocr_carea' id='block_1_41' title="bbox 276 2514 1883 2589">
    <p class='ocr_par' dir='ltr' id='par_1_41' title="bbox 276 2514 1883 2589">
     <span class='ocr_line' id='line_1_41' title="bbox 276 2514 1883 2589; baseline 0 -18"><span class='ocrx_word' id='word_1_302' title='bbox 276 2516 569 2587; x_wconf 86' lang='lat' dir='ltr'><strong>praefertur</strong></span> <span class='ocrx_word' id='word_1_303' title='bbox 596 2518 754 2583; x_wconf 88' lang='lat' dir='ltr'><strong>cista,</strong></span> <span class='ocrx_word' id='word_1_304' title='bbox 787 2519 841 2572; x_wconf 91' lang='lat' dir='ltr'><strong>in</strong></span> <span class='ocrx_word' id='word_1_305' title='bbox 876 2533 978 2589; x_wconf 90' lang='lat' dir='ltr'><strong>qua</strong></span> <span class='ocrx_word' id='word_1_306' title='bbox 1006 2532 1105 2572; x_wconf 89' lang='lat' dir='ltr'><strong>cor</strong></span> <span class='ocrx_word' id='word_1_307' title='bbox 1131 2531 1289 2571; x_wconf 88' lang='lat' dir='ltr'><strong>soror</strong></span> <span class='ocrx_word' id='word_1_308' title='bbox 1319 2516 1551 2572; x_wconf 90' lang='lat' dir='ltr'><strong>latenter</strong></span> <span class='ocrx_word' id='word_1_309' title='bbox 1580 2514 1883 2571; x_wconf 88' lang='lat' dir='ltr'><strong>absconde—</strong></span> 
     </span>
    </p>
   </div>
   <div class='ocr_carea' id='block_1_42' title="bbox 276 2610 1882 2681">
    <p class='ocr_par' dir='ltr' id='par_1_42' title="bbox 276 2610 1882 2681">
     <span class='ocr_line' id='line_1_42' title="bbox 276 2610 1882 2681; baseline -0.004 -14"><span class='ocrx_word' id='word_1_310' title='bbox 276 2619 397 2677; x_wconf 86' lang='lat' dir='ltr'><strong>rat;</strong></span> <span class='ocrx_word' id='word_1_311' title='bbox 430 2611 683 2667; x_wconf 88' lang='lat' dir='ltr'><strong>tibiarum</strong></span> <span class='ocrx_word' id='word_1_312' title='bbox 714 2619 875 2665; x_wconf 89' lang='lat' dir='ltr'><strong>cantu</strong></span> <span class='ocrx_word' id='word_1_313' title='bbox 900 2622 953 2666; x_wconf 91' lang='lat' dir='ltr'><strong>et</strong></span> <span class='ocrx_word' id='word_1_314' title='bbox 982 2610 1357 2681; x_wconf 85' lang='lat' dir='ltr'><strong>cymbalorum</strong></span> <span class='ocrx_word' id='word_1_315' title='bbox 1400 2610 1601 2664; x_wconf 89' lang='lat' dir='ltr'><strong>tinnitu</strong></span> <span class='ocrx_word' id='word_1_316' title='bbox 1642 2623 1882 2679; x_wconf 91' lang='lat' dir='ltr'><strong>crepun-</strong></span> 
     </span>
    </p>
   </div>
   <div class='ocr_carea' id='block_1_43' title="bbox 278 2702 1885 2774">
    <p class='ocr_par' dir='ltr' id='par_1_43' title="bbox 278 2702 1885 2774">
     <span class='ocr_line' id='line_1_43' title="bbox 278 2702 1885 2774; baseline 0 -17"><span class='ocrx_word' id='word_1_317' title='bbox 278 2703 366 2758; x_wconf 89' lang='lat' dir='ltr'><strong>dia</strong></span> <span class='ocrx_word' id='word_1_318' title='bbox 393 2744 409 2771; x_wconf 93' lang='lat'><strong>,</strong></span> <span class='ocrx_word' id='word_1_319' title='bbox 452 2704 650 2773; x_wconf 86' lang='lat' dir='ltr'><strong>quibus</strong></span> <span class='ocrx_word' id='word_1_320' title='bbox 691 2720 825 2773; x_wconf 91' lang='lat' dir='ltr'><strong>puer</strong></span> <span class='ocrx_word' id='word_1_321' title='bbox 850 2703 1113 2774; x_wconf 89' lang='lat' dir='ltr'><strong>deceptus</strong></span> <span class='ocrx_word' id='word_1_322' title='bbox 1140 2702 1356 2769; x_wconf 90' lang='lat' dir='ltr'><strong>fuerat,</strong></span> <span class='ocrx_word' id='word_1_323' title='bbox 1396 2703 1758 2757; x_wconf 90' lang='lat' dir='ltr'><strong>mentiuntur.</strong></span> <span class='ocrx_word' id='word_1_324' title='bbox 1792 2702 1885 2759; x_wconf 89' lang='lat' dir='ltr'><strong>Sic</strong></span> 
     </span>
    </p>
   </div>
   <div class='ocr_carea' id='block_1_44' title="bbox 280 2794 1886 2867">
    <p class='ocr_par' dir='ltr' id='par_1_44' title="bbox 280 2794 1886 2867">
     <span class='ocr_line' id='line_1_44' title="bbox 280 2794 1886 2867; baseline -0.001 -18"><span class='ocrx_word' id='word_1_325' title='bbox 280 2796 333 2849; x_wconf 91' lang='lat' dir='ltr'><strong>in</strong></span> <span class='ocrx_word' id='word_1_326' title='bbox 366 2794 636 2851; x_wconf 87' lang='lat' dir='ltr'><strong>honorem</strong></span> <span class='ocrx_word' id='word_1_327' title='bbox 691 2795 911 2867; x_wconf 87' lang='lat' dir='ltr'><strong>tyranni</strong></span> <span class='ocrx_word' id='word_1_328' title='bbox 944 2810 974 2850; x_wconf 91' lang='lat' dir='ltr'><strong>a</strong></span> <span class='ocrx_word' id='word_1_329' title='bbox 1008 2794 1285 2851; x_wconf 82' lang='lat' dir='ltr'><strong>serviente</strong></span> <span class='ocrx_word' id='word_1_330' title='bbox 1327 2795 1485 2865; x_wconf 88' lang='lat' dir='ltr'><strong>plebe</strong></span> <span class='ocrx_word' id='word_1_331' title='bbox 1530 2794 1667 2849; x_wconf 89' lang='lat' dir='ltr'><strong>deus</strong></span> <span class='ocrx_word' id='word_1_332' title='bbox 1712 2794 1886 2848; x_wconf 90' lang='lat' dir='ltr'><strong>factus</strong></span> 
     </span>
    </p>
   </div>
   <div class='ocr_carea' id='block_1_45' title="bbox 278 2888 1885 2960">
    <p class='ocr_par' dir='ltr' id='par_1_45' title="bbox 278 2888 1885 2960">
     <span class='ocr_line' id='line_1_45' title="bbox 278 2888 1885 2960; baseline -0.002 -15"><span class='ocrx_word' id='word_1_333' title='bbox 278 2899 401 2957; x_wconf 88' lang='lat' dir='ltr'><strong>est,</strong></span> <span class='ocrx_word' id='word_1_334' title='bbox 448 2890 539 2959; x_wconf 91' lang='lat' dir='ltr'><strong>qui</strong></span> <span class='ocrx_word' id='word_1_335' title='bbox 585 2888 791 2945; x_wconf 89' lang='lat' dir='ltr'><strong>habere</strong></span> <span class='ocrx_word' id='word_1_336' title='bbox 824 2904 929 2944; x_wconf 91' lang='lat' dir='ltr'><strong>non</strong></span> <span class='ocrx_word' id='word_1_337' title='bbox 960 2891 1136 2960; x_wconf 90' lang='lat' dir='ltr'><strong>potuit</strong></span> <span class='ocrx_word' id='word_1_338' title='bbox 1165 2891 1527 2960; x_wconf 88' lang='lat' dir='ltr'><strong>sepulturam.</strong></span> <span class='ocrx_word' id='word_1_339' title='bbox 1568 2888 1691 2942; x_wconf 86' lang='lat' dir='ltr'><strong>Fuit</strong></span> <span class='ocrx_word' id='word_1_340' title='bbox 1722 2888 1885 2943; x_wconf 90' lang='lat' dir='ltr'><strong>etiam</strong></span> 
     </span>
    </p>
   </div>
   <div class='ocr_carea' id='block_1_46' title="bbox 281 2979 1889 3053">
    <p class='ocr_par' dir='ltr' id='par_1_46' title="bbox 281 2979 1889 3053">
     <span class='ocr_line' id='line_1_46' title="bbox 281 2979 1889 3053; baseline 0.001 -18"><span class='ocrx_word' id='word_1_341' title='bbox 281 2981 426 3036; x_wconf 90' lang='lat' dir='ltr'><strong>alius</strong></span> <span class='ocrx_word' id='word_1_342' title='bbox 450 2980 614 3037; x_wconf 90' lang='lat' dir='ltr'><strong>Liber</strong></span> <span class='ocrx_word' id='word_1_343' title='bbox 644 2981 791 3052; x_wconf 91' lang='lat' dir='ltr'><strong>apud</strong></span> <span class='ocrx_word' id='word_1_344' title='bbox 843 2981 1063 3037; x_wconf 86' lang='lat' dir='ltr'><strong>Thebas</strong></span> <span class='ocrx_word' id='word_1_345' title='bbox 1100 2992 1367 3053; x_wconf 83' lang='lat' dir='ltr'><strong>tyrannus</strong></span> <span class='ocrx_word' id='word_1_346' title='bbox 1396 2992 1418 3017; x_wconf 77' lang='grc' dir='ltr'>ε</span> <span class='ocrx_word' id='word_1_347' title='bbox 1442 3022 1457 3046; x_wconf 86' lang='grc'><em>,</em></span> <span class='ocrx_word' id='word_1_348' title='bbox 1500 2979 1725 3050; x_wconf 73' lang='lat' dir='ltr'><strong>magicae</strong></span> <span class='ocrx_word' id='word_1_349' title='bbox 1752 2979 1889 3036; x_wconf 88' lang='lat' dir='ltr'><strong>artis</strong></span> 
     </span>
    </p>
   </div>
   <div class='ocr_carea' id='block_1_47' title="bbox 282 3073 1889 3145">
    <p class='ocr_par' dir='ltr' id='par_1_47' title="bbox 282 3073 1889 3145">
     <span class='ocr_line' id='line_1_47' title="bbox 282 3073 1889 3145; baseline -0.001 -17"><span class='ocrx_word' id='word_1_350' title='bbox 282 3082 555 3145; x_wconf 82' lang='lat' dir='ltr'><strong>potestate</strong></span> <span class='ocrx_word' id='word_1_351' title='bbox 576 3074 931 3145; x_wconf 90' lang='lat' dir='ltr'><strong>conspicuus.</strong></span> <span class='ocrx_word' id='word_1_352' title='bbox 961 3074 1057 3129; x_wconf 80' lang='lat' dir='ltr'><strong>llic</strong></span> <span class='ocrx_word' id='word_1_353' title='bbox 1078 3089 1202 3129; x_wconf 88' lang='lat' dir='ltr'><strong>cum</strong></span> <span class='ocrx_word' id='word_1_354' title='bbox 1228 3074 1523 3128; x_wconf 88' lang='lat' dir='ltr'><strong>muliebres</strong></span> <span class='ocrx_word' id='word_1_355' title='bbox 1557 3073 1766 3127; x_wconf 89' lang='lat' dir='ltr'><strong>animos</strong></span> <span class='ocrx_word' id='word_1_356' title='bbox 1800 3088 1889 3127; x_wconf 89' lang='lat' dir='ltr'><strong>ve-</strong></span> 
     </span>
    </p>
   </div>
   <div class='ocr_carea' id='block_1_48' title="bbox 284 3169 1960 3262">
    <p class='ocr_par' dir='ltr' id='par_1_48' title="bbox 284 3169 1960 3262">
     <span class='ocr_line' id='line_1_48' title="bbox 284 3169 1960 3262; baseline -0.002 -38"><span class='ocrx_word' id='word_1_357' title='bbox 284 3170 446 3224; x_wconf 88' lang='lat' dir='ltr'><strong>nenis</strong></span> <span class='ocrx_word' id='word_1_358' title='bbox 474 3169 795 3241; x_wconf 71' lang='lat' dir='ltr'><strong>quibusdam</strong></span> <span class='ocrx_word' id='word_1_359' title='bbox 827 3180 881 3225; x_wconf 91' lang='lat' dir='ltr'><strong>et</strong></span> <span class='ocrx_word' id='word_1_360' title='bbox 912 3169 1250 3224; x_wconf 85' lang='lat' dir='ltr'><strong>carminibus</strong></span> <span class='ocrx_word' id='word_1_361' title='bbox 1276 3178 1600 3238; x_wconf 82' lang='lat' dir='ltr'><strong>occupasset</strong></span> <span class='ocrx_word' id='word_1_362' title='bbox 1627 3208 1642 3234; x_wconf 96' lang='lat'><strong>,</strong></span> <span class='ocrx_word' id='word_1_363' title='bbox 1677 3182 1775 3236; x_wconf 87' lang='lat' dir='ltr'><strong>pro</strong></span> <span class='ocrx_word' id='word_1_364' title='bbox 1803 3180 1887 3221; x_wconf 90' lang='lat' dir='ltr'><strong>ar-</strong></span> <span class='ocrx_word' id='word_1_365' title='bbox 1914 3192 1960 3262; x_wconf 54' lang='grc' dir='ltr'><strong>Β</strong></span> 
     </span>
    </p>
   </div>
   <div class='ocr_carea' id='block_1_49' title="bbox 282 3261 1891 3332">
    <p class='ocr_par' dir='ltr' id='par_1_49' title="bbox 282 3261 1891 3332">
     <span class='ocr_line' id='line_1_49' title="bbox 282 3261 1891 3332; baseline -0.001 -15"><span class='ocrx_word' id='word_1_366' title='bbox 282 3261 449 3317; x_wconf 86' lang='lat' dir='ltr'><strong>bitrio</strong></span> <span class='ocrx_word' id='word_1_367' title='bbox 476 3276 575 3317; x_wconf 88' lang='lat' dir='ltr'><strong>suo</strong></span> <span class='ocrx_word' id='word_1_368' title='bbox 602 3262 845 3316; x_wconf 88' lang='lat' dir='ltr'><strong>crudelia</strong></span> <span class='ocrx_word' id='word_1_369' title='bbox 876 3262 1115 3316; x_wconf 84' lang='lat' dir='ltr'><strong>facinora</strong></span> <span class='ocrx_word' id='word_1_370' title='bbox 1141 3262 1443 3317; x_wconf 89' lang='lat' dir='ltr'><strong>furentibus</strong></span> <span class='ocrx_word' id='word_1_371' title='bbox 1471 3261 1797 3332; x_wconf 86' lang='lat' dir='ltr'><strong>imperabat,</strong></span> <span class='ocrx_word' id='word_1_372' title='bbox 1833 3269 1891 3315; x_wconf 87' lang='lat' dir='ltr'><strong>ut</strong></span> 
     </span>
    </p>
   </div>
   <div class='ocr_carea' id='block_1_50' title="bbox 285 3353 1890 3427">
    <p class='ocr_par' dir='ltr' id='par_1_50' title="bbox 285 3353 1890 3427">
     <span class='ocr_line' id='line_1_50' title="bbox 285 3353 1890 3427; baseline -0.001 -17"><span class='ocrx_word' id='word_1_373' title='bbox 285 3365 469 3411; x_wconf 90' lang='lat' dir='ltr'><strong>mente</strong></span> <span class='ocrx_word' id='word_1_374' title='bbox 494 3367 685 3427; x_wconf 91' lang='lat' dir='ltr'><strong>captas</strong></span> <span class='ocrx_word' id='word_1_375' title='bbox 706 3356 920 3412; x_wconf 86' lang='lat' dir='ltr'><strong>nobiles</strong></span> <span class='ocrx_word' id='word_1_376' title='bbox 942 3356 1191 3412; x_wconf 70' lang='lat' dir='ltr'><strong>ftetninas</strong></span> <span class='ocrx_word' id='word_1_377' title='bbox 1218 3365 1271 3411; x_wconf 90' lang='lat' dir='ltr'><strong>et</strong></span> <span class='ocrx_word' id='word_1_378' title='bbox 1297 3355 1582 3410; x_wconf 89' lang='lat' dir='ltr'><strong>libidinum</strong></span> <span class='ocrx_word' id='word_1_379' title='bbox 1614 3353 1890 3409; x_wconf 85' lang='lat' dir='ltr'><strong>ministras</strong></span> 
     </span>
    </p>
   </div>
   <div class='ocr_carea' id='block_1_51' title="bbox 284 3450 1893 3521">
    <p class='ocr_par' dir='ltr' id='par_1_51' title="bbox 284 3450 1893 3521">
     <span class='ocr_line' id='line_1_51' title="bbox 284 3450 1893 3521; baseline -0.001 -16"><span class='ocrx_word' id='word_1_380' title='bbox 284 3450 515 3506; x_wconf 85' lang='lat' dir='ltr'><strong>haberet</strong></span> <span class='ocrx_word' id='word_1_381' title='bbox 544 3460 600 3507; x_wconf 88' lang='lat' dir='ltr'><strong>et</strong></span> <span class='ocrx_word' id='word_1_382' title='bbox 623 3451 919 3505; x_wconf 89' lang='lat' dir='ltr'><strong>scelerum.</strong></span> <span class='ocrx_word' id='word_1_383' title='bbox 963 3452 1065 3517; x_wconf 77' lang='lat' dir='ltr'><strong>Qui</strong></span> <span class='ocrx_word' id='word_1_384' title='bbox 1099 3452 1287 3521; x_wconf 89' lang='lat' dir='ltr'><strong>qualia</strong></span> <span class='ocrx_word' id='word_1_385' title='bbox 1316 3450 1506 3506; x_wconf 87' lang='lat' dir='ltr'><strong>fecerit</strong></span> <span class='ocrx_word' id='word_1_386' title='bbox 1533 3451 1741 3505; x_wconf 88' lang='lat' dir='ltr'><strong>scelera</strong></span> <span class='ocrx_word' id='word_1_387' title='bbox 1760 3490 1775 3516; x_wconf 91' lang='lat'><strong>,</strong></span> <span class='ocrx_word' id='word_1_388' title='bbox 1804 3450 1893 3503; x_wconf 88' lang='lat' dir='ltr'><strong>vel</strong></span> 
     </span>
    </p>
   </div>
   <div class='ocr_carea' id='block_1_52' title="bbox 283 3544 1891 3615">
    <p class='ocr_par' dir='ltr' id='par_1_52' title="bbox 283 3544 1891 3615">
     <span class='ocr_line' id='line_1_52' title="bbox 283 3544 1891 3615; baseline -0.001 -17"><span class='ocrx_word' id='word_1_389' title='bbox 283 3555 549 3615; x_wconf 89' lang='lat' dir='ltr'><strong>quantum</strong></span> <span class='ocrx_word' id='word_1_390' title='bbox 580 3545 739 3599; x_wconf 89' lang='lat' dir='ltr'><strong>matri</strong></span> <span class='ocrx_word' id='word_1_391' title='bbox 782 3552 971 3599; x_wconf 88' lang='lat' dir='ltr'><strong>contra</strong></span> <span class='ocrx_word' id='word_1_392' title='bbox 1005 3545 1175 3599; x_wconf 86' lang='lat' dir='ltr'><strong>lilium</strong></span> <span class='ocrx_word' id='word_1_393' title='bbox 1198 3586 1212 3610; x_wconf 98' lang='lat'><strong>,</strong></span> <span class='ocrx_word' id='word_1_394' title='bbox 1256 3545 1342 3599; x_wconf 89' lang='lat' dir='ltr'><strong>vel</strong></span> <span class='ocrx_word' id='word_1_395' title='bbox 1375 3544 1656 3599; x_wconf 79' lang='lat' dir='ltr'><strong>Sororibus</strong></span> <span class='ocrx_word' id='word_1_396' title='bbox 1698 3550 1891 3597; x_wconf 86' lang='lat' dir='ltr'><strong>contra</strong></span> 
     </span>
    </p>
   </div>
   <div class='ocr_carea' id='block_1_53' title="bbox 286 3635 1891 3707">
    <p class='ocr_par' dir='ltr' id='par_1_53' title="bbox 286 3635 1891 3707">
     <span class='ocr_line' id='line_1_53' title="bbox 286 3635 1891 3707; baseline -0.002 -15"><span class='ocrx_word' id='word_1_397' title='bbox 286 3637 519 3693; x_wconf 86' lang='lat' dir='ltr'><strong>fratrem</strong></span> <span class='ocrx_word' id='word_1_398' title='bbox 563 3638 915 3707; x_wconf 89' lang='lat' dir='ltr'><strong>imperaverit</strong></span> <span class='ocrx_word' id='word_1_399' title='bbox 963 3637 1208 3705; x_wconf 88' lang='lat' dir='ltr'><strong>facinus,</strong></span> <span class='ocrx_word' id='word_1_400' title='bbox 1258 3637 1313 3691; x_wconf 90' lang='lat' dir='ltr'><strong>in</strong></span> <span class='ocrx_word' id='word_1_401' title='bbox 1346 3637 1527 3691; x_wconf 88' lang='lat' dir='ltr'><strong>scenis</strong></span> <span class='ocrx_word' id='word_1_402' title='bbox 1574 3635 1817 3706; x_wconf 90' lang='lat' dir='ltr'><strong>quotidie</strong></span> <span class='ocrx_word' id='word_1_403' title='bbox 1860 3649 1891 3688; x_wconf 93' lang='lat' dir='ltr'><strong>a</strong></span> 
     </span>
    </p>
   </div>
   <div class='ocr_carea' id='block_1_54' title="bbox 290 3727 1892 3804">
    <p class='ocr_par' dir='ltr' id='par_1_54' title="bbox 290 3727 1892 3804">
     <span class='ocr_line' id='line_1_54' title="bbox 290 3727 1892 3804; baseline -0.002 -17"><span class='ocrx_word' id='word_1_404' title='bbox 290 3733 483 3804; x_wconf 88' lang='lat' dir='ltr'><strong>tragici</strong></span> <span class='ocrx_word' id='word_1_405' title='bbox 528 3734 789 3788; x_wconf 91' lang='lat' dir='ltr'><strong>carminis</strong></span> <span class='ocrx_word' id='word_1_406' title='bbox 835 3731 1152 3788; x_wconf 87' lang='lat' dir='ltr'><strong>auctoribus</strong></span> <span class='ocrx_word' id='word_1_407' title='bbox 1198 3727 1475 3786; x_wconf 69' lang='lat' dir='ltr'><strong>traditurf</strong></span> <span class='ocrx_word' id='word_1_408' title='bbox 1499 3772 1511 3796; x_wconf 93' lang='lat'><strong>,</strong></span> <span class='ocrx_word' id='word_1_409' title='bbox 1548 3738 1607 3785; x_wconf 91' lang='lat' dir='ltr'><strong>ut</strong></span> <span class='ocrx_word' id='word_1_410' title='bbox 1637 3728 1892 3785; x_wconf 88' lang='lat' dir='ltr'><strong>scelerati</strong></span> 
     </span>
    </p>
   </div>
   <div class='ocr_carea' id='block_1_55' title="bbox 369 3889 1567 3955">
    <p class='ocr_par' dir='ltr' id='par_1_55' title="bbox 369 3889 1567 3955">
     <span class='ocr_line' id='line_1_55' title="bbox 369 3889 1567 3955; baseline -0.006 -6"><span class='ocrx_word' id='word_1_411' title='bbox 369 3905 393 3932; x_wconf 76' lang='grc' dir='ltr'><strong>ει</strong></span> <span class='ocrx_word' id='word_1_412' title='bbox 438 3894 513 3950; x_wconf 92' lang='lat' dir='ltr'><strong>De</strong></span> <span class='ocrx_word' id='word_1_413' title='bbox 541 3893 625 3948; x_wconf 87' lang='lat' dir='ltr'><strong>bis</strong></span> <span class='ocrx_word' id='word_1_414' title='bbox 655 3890 1075 3949; x_wconf 90' lang='lat' dir='ltr'><strong>Commodianus</strong></span> <span class='ocrx_word' id='word_1_415' title='bbox 1110 3892 1271 3946; x_wconf 91' lang='lat' dir='ltr'><strong>lnstr.</strong></span> <span class='ocrx_word' id='word_1_416' title='bbox 1308 3907 1400 3955; x_wconf 82' lang='lat' dir='ltr'><strong>xx,</strong></span> <span class='ocrx_word' id='word_1_417' title='bbox 1433 3889 1518 3944; x_wconf 92' lang='lat' dir='ltr'><strong>ubi</strong></span> <span class='ocrx_word' id='word_1_418' title='bbox 1557 3906 1567 3941; x_wconf 92' lang='lat'><strong>:</strong></span> 
     </span>
    </p>
   </div>
   <div class='ocr_carea' id='block_1_56' title="bbox 423 4004 1530 4060">
    <p class='ocr_par' dir='ltr' id='par_1_56' title="bbox 423 4004 1530 4060">
     <span class='ocr_line' id='line_1_56' title="bbox 423 4004 1530 4060; baseline -0.005 -1"><span class='ocrx_word' id='word_1_419' title='bbox 423 4010 650 4060; x_wconf 79' lang='lat' dir='ltr'><strong>Adoratis</strong></span> <span class='ocrx_word' id='word_1_420' title='bbox 668 4010 799 4058; x_wconf 88' lang='lat' dir='ltr'><strong>enim</strong></span> <span class='ocrx_word' id='word_1_421' title='bbox 822 4005 956 4058; x_wconf 89' lang='lat' dir='ltr'><strong>stulti</strong></span> <span class='ocrx_word' id='word_1_422' title='bbox 982 4006 1105 4055; x_wconf 90' lang='lat' dir='ltr'><strong>mala</strong></span> <span class='ocrx_word' id='word_1_423' title='bbox 1128 4005 1231 4056; x_wconf 90' lang='lat' dir='ltr'><strong>Icto</strong></span> <span class='ocrx_word' id='word_1_424' title='bbox 1254 4004 1530 4055; x_wconf 82' lang='lat' dir='ltr'><strong>defunctos.</strong></span> 
     </span>
    </p>
   </div>
   <div class='ocr_carea' id='block_1_57' title="bbox 368 4108 1899 4182">
    <p class='ocr_par' dir='ltr' id='par_1_57' title="bbox 368 4108 1899 4182">
     <span class='ocr_line' id='line_1_57' title="bbox 368 4108 1899 4182; baseline -0.004 -13"><span class='ocrx_word' id='word_1_425' title='bbox 368 4116 396 4153; x_wconf 73' lang='grc' dir='ltr'><strong>ι’</strong></span> <span class='ocrx_word' id='word_1_426' title='bbox 446 4115 521 4169; x_wconf 86' lang='lat' dir='ltr'><strong>De</strong></span> <span class='ocrx_word' id='word_1_427' title='bbox 546 4114 648 4168; x_wconf 92' lang='lat' dir='ltr'><strong>hoc</strong></span> <span class='ocrx_word' id='word_1_428' title='bbox 678 4113 876 4168; x_wconf 85' lang='lat' dir='ltr'><strong>Bacchi</strong></span> <span class='ocrx_word' id='word_1_429' title='bbox 904 4110 1206 4182; x_wconf 66' lang='lat' dir='ltr'><strong>Paadagogo</strong></span> <span class='ocrx_word' id='word_1_430' title='bbox 1232 4110 1354 4167; x_wconf 80' lang='lat' dir='ltr'><strong>vide</strong></span> <span class='ocrx_word' id='word_1_431' title='bbox 1384 4110 1631 4165; x_wconf 86' lang='lat' dir='ltr'><strong>Lactant.</strong></span> <span class='ocrx_word' id='word_1_432' title='bbox 1662 4123 1701 4176; x_wconf 91' lang='grc' dir='ltr'><strong>ι,</strong></span> <span class='ocrx_word' id='word_1_433' title='bbox 1727 4124 1775 4165; x_wconf 91' lang='lat' dir='ltr'><strong>c.</strong></span> <span class='ocrx_word' id='word_1_434' title='bbox 1806 4108 1899 4176; x_wconf 72' lang='lat'><strong>21,</strong></span> 
     </span>
    </p>
   </div>
   <div class='ocr_carea' id='block_1_58' title="bbox 299 4184 1777 4249">
    <p class='ocr_par' dir='ltr' id='par_1_58' title="bbox 299 4184 1777 4249">
     <span class='ocr_line' id='line_1_58' title="bbox 299 4184 1777 4249; baseline -0.004 -9"><span class='ocrx_word' id='word_1_435' title='bbox 299 4196 357 4241; x_wconf 87' lang='lat' dir='ltr'><strong>et</strong></span> <span class='ocrx_word' id='word_1_436' title='bbox 385 4184 738 4249; x_wconf 84' lang='lat' dir='ltr'><strong>Creuzcrum,</strong></span> <span class='ocrx_word' id='word_1_437' title='bbox 771 4201 853 4247; x_wconf 81' lang='grc' dir='ltr'><strong>ιιι.</strong></span> <span class='ocrx_word' id='word_1_438' title='bbox 876 4185 1003 4240; x_wconf 72' lang='grc'><strong>514.</strong></span> <span class='ocrx_word' id='word_1_439' title='bbox 1776 4236 1777 4241; x_wconf 34' lang='grc' dir='ltr'><strong>η</strong></span> 
     </span>
    </p>
   </div>
   <div class='ocr_carea' id='block_1_59' title="bbox 375 4251 1905 4313">
    <p class='ocr_par' dir='ltr' id='par_1_59' title="bbox 375 4251 1905 4313">
     <span class='ocr_line' id='line_1_59' title="bbox 375 4251 1905 4313; baseline -0.005 0"><span class='ocrx_word' id='word_1_440' title='bbox 375 4269 396 4297; x_wconf 73' lang='grc' dir='ltr'><strong>ο</strong></span> <span class='ocrx_word' id='word_1_441' title='bbox 442 4256 585 4313; x_wconf 90' lang='lat' dir='ltr'><strong>Loca</strong></span> <span class='ocrx_word' id='word_1_442' title='bbox 634 4254 879 4311; x_wconf 82' lang='lat' dir='ltr'><strong>veterum</strong></span> <span class='ocrx_word' id='word_1_443' title='bbox 921 4256 987 4309; x_wconf 91' lang='lat' dir='ltr'><strong>de</strong></span> <span class='ocrx_word' id='word_1_444' title='bbox 1030 4254 1179 4309; x_wconf 90' lang='lat' dir='ltr'><strong>cultu</strong></span> <span class='ocrx_word' id='word_1_445' title='bbox 1207 4251 1357 4309; x_wconf 87' lang='lat' dir='ltr'><strong>Jovis</strong></span> <span class='ocrx_word' id='word_1_446' title='bbox 1389 4254 1443 4308; x_wconf 89' lang='lat' dir='ltr'><strong>in</strong></span> <span class='ocrx_word' id='word_1_447' title='bbox 1488 4254 1651 4308; x_wconf 89' lang='lat' dir='ltr'><strong>Creta</strong></span> <span class='ocrx_word' id='word_1_448' title='bbox 1702 4252 1905 4309; x_wconf 87' lang='lat' dir='ltr'><strong>videsis</strong></span> 
     </span>
    </p>
   </div>
   <div class='ocr_carea' id='block_1_60' title="bbox 300 4320 1902 4399">
    <p class='ocr_par' dir='ltr' id='par_1_60' title="bbox 300 4320 1902 4399">
     <span class='ocr_line' id='line_1_60' title="bbox 300 4320 1902 4399; baseline -0.002 -15"><span class='ocrx_word' id='word_1_449' title='bbox 300 4331 445 4399; x_wconf 91' lang='lat' dir='ltr'><strong>apud</strong></span> <span class='ocrx_word' id='word_1_450' title='bbox 476 4328 770 4384; x_wconf 81' lang='lat' dir='ltr'><strong>Meursium</strong></span> <span class='ocrx_word' id='word_1_451' title='bbox 810 4327 861 4381; x_wconf 90' lang='lat' dir='ltr'><strong>in</strong></span> <span class='ocrx_word' id='word_1_452' title='bbox 886 4328 1042 4381; x_wconf 86' lang='lat' dir='ltr'><strong>Creta</strong></span> <span class='ocrx_word' id='word_1_453' title='bbox 1073 4324 1427 4399; x_wconf 71' lang='lat' dir='ltr'><strong>(Amstelod.,</strong></span> <span class='ocrx_word' id='word_1_454' title='bbox 1462 4320 1649 4399; x_wconf 67' lang='lat' dir='ltr'><strong>l§75),</strong></span> <span class='ocrx_word' id='word_1_455' title='bbox 1687 4324 1902 4399; x_wconf 44' lang='lat' dir='ltr'><strong>p.198.</strong></span> 
     </span>
    </p>
   </div>
   <div class='ocr_carea' id='block_1_61' title="bbox 373 4394 1901 4477">
    <p class='ocr_par' dir='ltr' id='par_1_61' title="bbox 373 4394 1901 4477">
     <span class='ocr_line' id='line_1_61' title="bbox 373 4394 1901 4477; baseline -0.005 -22"><span class='ocrx_word' id='word_1_456' title='bbox 373 4402 1052 4477; x_wconf 40' lang='grc' dir='ltr'><strong>(ι-ΙΙυΞΥΟΙιζ-Ταυροφὰγρς</strong></span> <span class='ocrx_word' id='word_1_457' title='bbox 1084 4394 1118 4452; x_wconf 47' lang='grc' dir='ltr'><strong>”ὁ</strong></span> <span class='ocrx_word' id='word_1_458' title='bbox 1154 4398 1431 4477; x_wconf 54' lang='grc' dir='ltr'><strong>Αιὸψσος.</strong></span> <span class='ocrx_word' id='word_1_459' title='bbox 1468 4396 1680 4477; x_wconf 42' lang='grc' dir='ltr'><strong>’διιίιιίὶξ</strong></span> <span class='ocrx_word' id='word_1_460' title='bbox 1712 4394 1901 4477; x_wconf 80' lang='lat' dir='ltr'><strong>itidem</strong></span> 
     </span>
    </p>
   </div>
   <div class='ocr_carea' id='block_1_62' title="bbox 1981 1861 3587 1937">
    <p class='ocr_par' dir='ltr' id='par_1_62' title="bbox 1981 1861 3587 1937">
     <span class='ocr_line' id='line_1_62' title="bbox 1981 1861 3587 1937; baseline -0.002 -16"><span class='ocrx_word' id='word_1_461' title='bbox 1981 1865 2315 1937; x_wconf 84' lang='lat' dir='ltr'><strong>sperationis</strong></span> <span class='ocrx_word' id='word_1_462' title='bbox 2338 1865 2560 1919; x_wconf 76' lang='lat' dir='ltr'><strong>erratit.</strong></span> <span class='ocrx_word' id='word_1_463' title='bbox 2579 1864 2694 1920; x_wconf 92' lang='lat' dir='ltr'><strong>lllic</strong></span> <span class='ocrx_word' id='word_1_464' title='bbox 2719 1864 2859 1919; x_wconf 89' lang='lat' dir='ltr'><strong>inter</strong></span> <span class='ocrx_word' id='word_1_465' title='bbox 2876 1865 3056 1919; x_wconf 88' lang='lat' dir='ltr'><strong>ebrias</strong></span> <span class='ocrx_word' id='word_1_466' title='bbox 3081 1862 3290 1933; x_wconf 91' lang='lat' dir='ltr'><strong>puellas</strong></span> <span class='ocrx_word' id='word_1_467' title='bbox 3311 1861 3324 1899; x_wconf 83' lang='grc' dir='ltr'><strong>ί</strong></span> <span class='ocrx_word' id='word_1_468' title='bbox 3355 1874 3409 1919; x_wconf 89' lang='lat' dir='ltr'><strong>et</strong></span> <span class='ocrx_word' id='word_1_469' title='bbox 3433 1864 3587 1918; x_wconf 83' lang='lat' dir='ltr'><strong>vino-</strong></span> 
     </span>
    </p>
   </div>
   <div class='ocr_carea' id='block_1_63' title="bbox 1982 1956 3583 2026">
    <p class='ocr_par' dir='ltr' id='par_1_63' title="bbox 1982 1956 3583 2026">
     <span class='ocr_line' id='line_1_63' title="bbox 1982 1956 3583 2026; baseline -0.002 -13"><span class='ocrx_word' id='word_1_470' title='bbox 1982 1956 2161 2013; x_wconf 87' lang='lat' dir='ltr'><strong>lentos</strong></span> <span class='ocrx_word' id='word_1_471' title='bbox 2185 1970 2369 2023; x_wconf 87' lang='lat' dir='ltr'><strong>senes,</strong></span> <span class='ocrx_word' id='word_1_472' title='bbox 2401 1964 2525 2013; x_wconf 88' lang='lat' dir='ltr'><strong>cum</strong></span> <span class='ocrx_word' id='word_1_473' title='bbox 2550 1958 2730 2012; x_wconf 89' lang='lat' dir='ltr'><strong>adhuc</strong></span> <span class='ocrx_word' id='word_1_474' title='bbox 2753 1970 2875 2011; x_wconf 90' lang='lat' dir='ltr'><strong>cum</strong></span> <span class='ocrx_word' id='word_1_475' title='bbox 2902 1956 3170 2011; x_wconf 72' lang='lat' dir='ltr'><strong>Scelerum</strong></span> <span class='ocrx_word' id='word_1_476' title='bbox 3205 1968 3403 2026; x_wconf 89' lang='lat' dir='ltr'><strong>pompa</strong></span> <span class='ocrx_word' id='word_1_477' title='bbox 3445 1969 3583 2025; x_wconf 71' lang='lat' dir='ltr'><strong>prte-</strong></span> 
     </span>
    </p>
   </div>
   <div class='ocr_carea' id='block_1_64' title="bbox 1982 2049 3585 2120">
    <p class='ocr_par' dir='ltr' id='par_1_64' title="bbox 1982 2049 3585 2120">
     <span class='ocr_line' id='line_1_64' title="bbox 1982 2049 3585 2120; baseline -0.002 -13"><span class='ocrx_word' id='word_1_478' title='bbox 1982 2051 2241 2119; x_wconf 88' lang='lat' dir='ltr'><strong>cederet,</strong></span> <span class='ocrx_word' id='word_1_479' title='bbox 2284 2058 2337 2106; x_wconf 89' lang='lat' dir='ltr'><strong>ct</strong></span> <span class='ocrx_word' id='word_1_480' title='bbox 2366 2053 2504 2105; x_wconf 89' lang='lat' dir='ltr'><strong>alter</strong></span> <span class='ocrx_word' id='word_1_481' title='bbox 2536 2052 2690 2120; x_wconf 84' lang='lat' dir='ltr'><strong>nigro</strong></span> <span class='ocrx_word' id='word_1_482' title='bbox 2719 2051 2922 2104; x_wconf 86' lang='lat' dir='ltr'><strong>amictu</strong></span> <span class='ocrx_word' id='word_1_483' title='bbox 2957 2058 3126 2115; x_wconf 90' lang='lat' dir='ltr'><strong>teter,</strong></span> <span class='ocrx_word' id='word_1_484' title='bbox 3177 2049 3315 2103; x_wconf 86' lang='lat' dir='ltr'><strong>alter</strong></span> <span class='ocrx_word' id='word_1_485' title='bbox 3361 2059 3585 2103; x_wconf 87' lang='lat' dir='ltr'><strong>ostenso</strong></span> 
     </span>
    </p>
   </div>
   <div class='ocr_carea' id='block_1_65' title="bbox 1984 2143 3585 2217">
    <p class='ocr_par' dir='ltr' id='par_1_65' title="bbox 1984 2143 3585 2217">
     <span class='ocr_line' id='line_1_65' title="bbox 1984 2143 3585 2217; baseline -0.002 -16"><span class='ocrx_word' id='word_1_486' title='bbox 1984 2156 2162 2217; x_wconf 89' lang='lat' dir='ltr'><strong>angue</strong></span> <span class='ocrx_word' id='word_1_487' title='bbox 2194 2145 2454 2201; x_wconf 85' lang='lat' dir='ltr'><strong>terribilis</strong></span> <span class='ocrx_word' id='word_1_488' title='bbox 2484 2144 2530 2211; x_wconf 70' lang='grc' dir='ltr'><strong>ι,</strong></span> <span class='ocrx_word' id='word_1_489' title='bbox 2565 2145 2702 2199; x_wconf 89' lang='lat' dir='ltr'><strong>alter</strong></span> <span class='ocrx_word' id='word_1_490' title='bbox 2729 2152 2986 2199; x_wconf 71' lang='lat' dir='ltr'><strong>cruentus</strong></span> <span class='ocrx_word' id='word_1_491' title='bbox 3012 2158 3109 2197; x_wconf 92' lang='lat' dir='ltr'><strong>ore</strong></span> <span class='ocrx_word' id='word_1_492' title='bbox 3132 2184 3145 2209; x_wconf 89' lang='lat'><strong>,</strong></span> <span class='ocrx_word' id='word_1_493' title='bbox 3175 2143 3302 2197; x_wconf 91' lang='lat' dir='ltr'><strong>dum</strong></span> <span class='ocrx_word' id='word_1_494' title='bbox 3332 2143 3454 2197; x_wconf 89' lang='lat' dir='ltr'><strong>viva</strong></span> <span class='ocrx_word' id='word_1_495' title='bbox 3489 2158 3585 2213; x_wconf 88' lang='lat' dir='ltr'><strong>pe-</strong></span> 
     </span>
    </p>
   </div>
   <div class='ocr_carea' id='block_1_66' title="bbox 1984 2235 3587 2309">
    <p class='ocr_par' dir='ltr' id='par_1_66' title="bbox 1984 2235 3587 2309">
     <span class='ocr_line' id='line_1_66' title="bbox 1984 2235 3587 2309; baseline -0.001 -16"><span class='ocrx_word' id='word_1_496' title='bbox 1984 2240 2128 2293; x_wconf 89' lang='lat' dir='ltr'><strong>coris</strong></span> <span class='ocrx_word' id='word_1_497' title='bbox 2168 2238 2412 2294; x_wconf 87' lang='lat' dir='ltr'><strong>metnbra</strong></span> <span class='ocrx_word' id='word_1_498' title='bbox 2456 2235 2755 2309; x_wconf 86' lang='lat' dir='ltr'><strong>discerpit,</strong></span> <span class='ocrx_word' id='word_1_499' title='bbox 2787 2253 2815 2291; x_wconf 91' lang='lat' dir='ltr'><strong>a</strong></span> <span class='ocrx_word' id='word_1_500' title='bbox 2860 2238 3108 2308; x_wconf 87' lang='lat' dir='ltr'><strong>Lycurgo</strong></span> <span class='ocrx_word' id='word_1_501' title='bbox 3153 2238 3587 2307; x_wconf 88' lang='lat' dir='ltr'><strong>comprehensus</strong></span> 
     </span>
    </p>
   </div>
   <div class='ocr_carea' id='block_1_67' title="bbox 1986 2330 3589 2401">
    <p class='ocr_par' dir='ltr' id='par_1_67' title="bbox 1986 2330 3589 2401">
     <span class='ocr_line' id='line_1_67' title="bbox 1986 2330 3589 2401; baseline 0.001 -18"><span class='ocrx_word' id='word_1_502' title='bbox 1986 2346 2084 2401; x_wconf 82' lang='lat' dir='ltr'><strong>per</strong></span> <span class='ocrx_word' id='word_1_503' title='bbox 2115 2332 2416 2401; x_wconf 81' lang='lat' dir='ltr'><strong>proximam</strong></span> <span class='ocrx_word' id='word_1_504' title='bbox 2458 2346 2683 2401; x_wconf 88' lang='lat' dir='ltr'><strong>rupem,</strong></span> <span class='ocrx_word' id='word_1_505' title='bbox 2717 2345 2838 2401; x_wconf 72' lang='lat' dir='ltr'><strong>qua:</strong></span> <span class='ocrx_word' id='word_1_506' title='bbox 2867 2332 3191 2385; x_wconf 87' lang='lat' dir='ltr'><strong>immensum</strong></span> <span class='ocrx_word' id='word_1_507' title='bbox 3226 2330 3589 2400; x_wconf 64' lang='lat' dir='ltr'><strong>praecipitium</strong></span> 
     </span>
    </p>
   </div>
   <div class='ocr_carea' id='block_1_68' title="bbox 1986 2423 3591 2494">
    <p class='ocr_par' dir='ltr' id='par_1_68' title="bbox 1986 2423 3591 2494">
     <span class='ocr_line' id='line_1_68' title="bbox 1986 2423 3591 2494; baseline 0.001 -17"><span class='ocrx_word' id='word_1_508' title='bbox 1986 2426 2132 2480; x_wconf 79' lang='lat' dir='ltr'><strong>saxis</strong></span> <span class='ocrx_word' id='word_1_509' title='bbox 2162 2425 2326 2480; x_wconf 87' lang='lat' dir='ltr'><strong>inviis</strong></span> <span class='ocrx_word' id='word_1_510' title='bbox 2357 2424 2597 2490; x_wconf 84' lang='lat' dir='ltr'><strong>fecerat,</strong></span> <span class='ocrx_word' id='word_1_511' title='bbox 2626 2424 2679 2479; x_wconf 92' lang='lat' dir='ltr'><strong>in</strong></span> <span class='ocrx_word' id='word_1_512' title='bbox 2726 2436 2875 2479; x_wconf 85' lang='lat' dir='ltr'><strong>mare</strong></span> <span class='ocrx_word' id='word_1_513' title='bbox 2908 2423 3312 2494; x_wconf 82' lang='lat' dir='ltr'><strong>praecipitatur,</strong></span> <span class='ocrx_word' id='word_1_514' title='bbox 3348 2432 3405 2478; x_wconf 93' lang='lat' dir='ltr'><strong>ut</strong></span> <span class='ocrx_word' id='word_1_515' title='bbox 3450 2423 3591 2479; x_wconf 86' lang='lat' dir='ltr'><strong>lace-</strong></span> 
     </span>
    </p>
   </div>
   <div class='ocr_carea' id='block_1_69' title="bbox 1987 2514 3590 2589">
    <p class='ocr_par' dir='ltr' id='par_1_69' title="bbox 1987 2514 3590 2589">
     <span class='ocr_line' id='line_1_69' title="bbox 1987 2514 3590 2589; baseline -0.002 -16"><span class='ocrx_word' id='word_1_516' title='bbox 1987 2532 2109 2573; x_wconf 89' lang='lat' dir='ltr'><strong>rum</strong></span> <span class='ocrx_word' id='word_1_517' title='bbox 2143 2530 2343 2588; x_wconf 89' lang='lat' dir='ltr'><strong>corpus</strong></span> <span class='ocrx_word' id='word_1_518' title='bbox 2365 2517 2607 2589; x_wconf 58' lang='lat' dir='ltr'><strong>:marinis</strong></span> <span class='ocrx_word' id='word_1_519' title='bbox 2644 2517 2736 2572; x_wconf 91' lang='lat' dir='ltr'><strong>diu</strong></span> <span class='ocrx_word' id='word_1_520' title='bbox 2774 2518 3035 2587; x_wconf 89' lang='lat' dir='ltr'><strong>jactatum</strong></span> <span class='ocrx_word' id='word_1_521' title='bbox 3077 2514 3363 2584; x_wconf 85' lang='lat' dir='ltr'><strong>fluctibus,</strong></span> <span class='ocrx_word' id='word_1_522' title='bbox 3400 2532 3590 2571; x_wconf 84' lang='lat' dir='ltr'><strong>erran-</strong></span> 
     </span>
    </p>
   </div>
   <div class='ocr_carea' id='block_1_70' title="bbox 1989 2610 3593 2682">
    <p class='ocr_par' dir='ltr' id='par_1_70' title="bbox 1989 2610 3593 2682">
     <span class='ocr_line' id='line_1_70' title="bbox 1989 2610 3593 2682; baseline 0.001 -18"><span class='ocrx_word' id='word_1_523' title='bbox 1989 2612 2119 2664; x_wconf 90' lang='lat' dir='ltr'><strong>tium</strong></span> <span class='ocrx_word' id='word_1_524' title='bbox 2151 2612 2473 2682; x_wconf 88' lang='lat' dir='ltr'><strong>populorum</strong></span> <span class='ocrx_word' id='word_1_525' title='bbox 2517 2611 2728 2665; x_wconf 85' lang='lat' dir='ltr'><strong>animos</strong></span> <span class='ocrx_word' id='word_1_526' title='bbox 2756 2611 2823 2665; x_wconf 89' lang='lat' dir='ltr'><strong>ad</strong></span> <span class='ocrx_word' id='word_1_527' title='bbox 2869 2611 3118 2666; x_wconf 87' lang='lat' dir='ltr'><strong>sanitatis</strong></span> <span class='ocrx_word' id='word_1_528' title='bbox 3168 2624 3230 2666; x_wconf 92' lang='lat' dir='ltr'><strong>ac</strong></span> <span class='ocrx_word' id='word_1_529' title='bbox 3278 2610 3593 2665; x_wconf 80' lang='lat' dir='ltr'><strong>sobrietatis</strong></span> 
     </span>
    </p>
   </div>
   <div class='ocr_carea' id='block_1_71' title="bbox 1989 2702 3596 2760">
    <p class='ocr_par' dir='ltr' id='par_1_71' title="bbox 1989 2702 3596 2760">
     <span class='ocr_line' id='line_1_71' title="bbox 1989 2702 3596 2760; baseline 0.001 -4"><span class='ocrx_word' id='word_1_530' title='bbox 1989 2702 2239 2759; x_wconf 87' lang='lat' dir='ltr'><strong>ordinem</strong></span> <span class='ocrx_word' id='word_1_531' title='bbox 2271 2718 2459 2760; x_wconf 82' lang='lat' dir='ltr'><strong>severa</strong></span> <span class='ocrx_word' id='word_1_532' title='bbox 2505 2702 2977 2759; x_wconf 87' lang='lat' dir='ltr'><strong>animadversione</strong></span> <span class='ocrx_word' id='word_1_533' title='bbox 3006 2713 3313 2759; x_wconf 89' lang='lat' dir='ltr'><strong>revocaret.</strong></span> <span class='ocrx_word' id='word_1_534' title='bbox 3351 2703 3504 2758; x_wconf 89' lang='lat' dir='ltr'><strong>llunc</strong></span> <span class='ocrx_word' id='word_1_535' title='bbox 3534 2704 3596 2757; x_wconf 87' lang='lat' dir='ltr'><strong>li-</strong></span> 
     </span>
    </p>
   </div>
   <div class='ocr_carea' id='block_1_72' title="bbox 1991 2788 3597 2868">
    <p class='ocr_par' dir='ltr' id='par_1_72' title="bbox 1991 2788 3597 2868">
     <span class='ocr_line' id='line_1_72' title="bbox 1991 2788 3597 2868; baseline 0 -17"><span class='ocrx_word' id='word_1_536' title='bbox 1991 2811 2113 2851; x_wconf 88' lang='lat' dir='ltr'><strong>nem</strong></span> <span class='ocrx_word' id='word_1_537' title='bbox 2142 2796 2323 2851; x_wconf 84' lang='lat' dir='ltr'><strong>Liberi</strong></span> <span class='ocrx_word' id='word_1_538' title='bbox 2352 2788 2643 2862; x_wconf 87' lang='lat' dir='ltr'><strong>llomerus,</strong></span> <span class='ocrx_word' id='word_1_539' title='bbox 2678 2806 2737 2851; x_wconf 90' lang='grc' dir='ltr'><strong>ιιι</strong></span> <span class='ocrx_word' id='word_1_540' title='bbox 2760 2797 2940 2867; x_wconf 87' lang='lat' dir='ltr'><strong>fugam</strong></span> <span class='ocrx_word' id='word_1_541' title='bbox 2968 2804 3023 2852; x_wconf 88' lang='lat' dir='ltr'><strong>et</strong></span> <span class='ocrx_word' id='word_1_542' title='bbox 3056 2795 3472 2868; x_wconf 86' lang='lat' dir='ltr'><strong>trepidationem</strong></span> <span class='ocrx_word' id='word_1_543' title='bbox 3503 2792 3597 2851; x_wconf 82' lang='lat' dir='ltr'><strong>de-</strong></span> 
     </span>
    </p>
   </div>
   <div class='ocr_carea' id='block_1_73' title="bbox 1993 2888 3167 2961">
    <p class='ocr_par' dir='ltr' id='par_1_73' title="bbox 1993 2888 3167 2961">
     <span class='ocr_line' id='line_1_73' title="bbox 1993 2888 3167 2961; baseline -0.001 -17"><span class='ocrx_word' id='word_1_544' title='bbox 1993 2897 2221 2961; x_wconf 84' lang='lat' dir='ltr'><strong>tegeret,</strong></span> <span class='ocrx_word' id='word_1_545' title='bbox 2253 2898 2307 2945; x_wconf 91' lang='lat' dir='ltr'><strong>et</strong></span> <span class='ocrx_word' id='word_1_546' title='bbox 2335 2899 2393 2945; x_wconf 90' lang='lat' dir='ltr'><strong>ut</strong></span> <span class='ocrx_word' id='word_1_547' title='bbox 2419 2889 2741 2945; x_wconf 89' lang='lat' dir='ltr'><strong>ostenderet</strong></span> <span class='ocrx_word' id='word_1_548' title='bbox 2762 2898 3019 2955; x_wconf 88' lang='lat' dir='ltr'><strong>mortem,</strong></span> <span class='ocrx_word' id='word_1_549' title='bbox 3050 2888 3127 2944; x_wconf 88' lang='lat' dir='ltr'><strong>ait</strong></span> <span class='ocrx_word' id='word_1_550' title='bbox 3154 2906 3167 2942; x_wconf 88' lang='lat'><strong>:</strong></span> 
     </span>
    </p>
   </div>
   <div class='ocr_carea' id='block_1_74' title="bbox 2497 3037 3255 3091">
    <p class='ocr_par' dir='ltr' id='par_1_74' title="bbox 2497 3037 3255 3091">
     <span class='ocr_line' id='line_1_74' title="bbox 2497 3037 3255 3091; baseline -0.003 -10"><span class='ocrx_word' id='word_1_551' title='bbox 2497 3067 2509 3081; x_wconf 83' lang='lat'><strong>.</strong></span> <span class='ocrx_word' id='word_1_552' title='bbox 2544 3068 2554 3079; x_wconf 86' lang='lat'><strong>.</strong></span> <span class='ocrx_word' id='word_1_553' title='bbox 2591 3069 2601 3079; x_wconf 93' lang='lat'><strong>.</strong></span> <span class='ocrx_word' id='word_1_554' title='bbox 2634 3067 2647 3081; x_wconf 84' lang='lat'><strong>.</strong></span> <span class='ocrx_word' id='word_1_555' title='bbox 2680 3066 2692 3080; x_wconf 82' lang='lat'><strong>.</strong></span> <span class='ocrx_word' id='word_1_556' title='bbox 2725 3068 2737 3079; x_wconf 87' lang='lat'><strong>.</strong></span> <span class='ocrx_word' id='word_1_557' title='bbox 2772 3069 2783 3080; x_wconf 87' lang='lat'><strong>.</strong></span> <span class='ocrx_word' id='word_1_558' title='bbox 2817 3044 2994 3087; x_wconf 76' lang='grc' dir='ltr'><strong>Διώνυσος</strong></span> <span class='ocrx_word' id='word_1_559' title='bbox 3017 3037 3059 3079; x_wconf 77' lang='grc' dir='ltr'><strong>δὶ</strong></span> <span class='ocrx_word' id='word_1_560' title='bbox 3085 3040 3255 3091; x_wconf 70' lang='grc' dir='ltr'><strong>φοϐηθεὶς</strong></span> 
     </span>
    </p>
   </div>
   <div class='ocr_carea' id='block_1_75' title="bbox 2214 3099 3254 3155">
    <p class='ocr_par' dir='ltr' id='par_1_75' title="bbox 2214 3099 3254 3155">
     <span class='ocr_line' id='line_1_75' title="bbox 2214 3099 3254 3155; baseline -0.002 -12"><span class='ocrx_word' id='word_1_561' title='bbox 2214 3104 2351 3143; x_wconf 59' lang='grc' dir='ltr'><strong>Αἴθων</strong></span> <span class='ocrx_word' id='word_1_562' title='bbox 2375 3103 2463 3150; x_wconf 69' lang='grc' dir='ltr'><strong>ἁλὸς</strong></span> <span class='ocrx_word' id='word_1_563' title='bbox 2486 3104 2585 3142; x_wconf 65' lang='grc' dir='ltr'><strong>κατὰ</strong></span> <span class='ocrx_word' id='word_1_564' title='bbox 2608 3107 2715 3154; x_wconf 68' lang='grc' dir='ltr'><strong>κῦμα·</strong></span> <span class='ocrx_word' id='word_1_565' title='bbox 2741 3106 2843 3151; x_wconf 64' lang='lat' dir='ltr'><strong>Situ;</strong></span> <span class='ocrx_word' id='word_1_566' title='bbox 2868 3099 3107 3147; x_wconf 72' lang='grc' dir='ltr'><strong>δ’ἱιπιδίξατο</strong></span> <span class='ocrx_word' id='word_1_567' title='bbox 3132 3104 3254 3155; x_wconf 69' lang='grc' dir='ltr'>κόλπῳ</span> 
     </span>
    </p>
   </div>
   <div class='ocr_carea' id='block_1_76' title="bbox 2219 3153 3297 3219">
    <p class='ocr_par' dir='ltr' id='par_1_76' title="bbox 2219 3153 3297 3219">
     <span class='ocr_line' id='line_1_76' title="bbox 2219 3153 3297 3219; baseline -0.004 -12"><span class='ocrx_word' id='word_1_568' title='bbox 2219 3164 2399 3207; x_wconf 72' lang='grc' dir='ltr'><strong>Διιδιὸτα·</strong></span> <span class='ocrx_word' id='word_1_569' title='bbox 2424 3168 2601 3219; x_wconf 69' lang='grc' dir='ltr'><strong>ιρατιρὸς</strong></span> <span class='ocrx_word' id='word_1_570' title='bbox 2625 3153 2693 3218; x_wconf 61' lang='grc' dir='ltr'><strong>γὰρ</strong></span> <span class='ocrx_word' id='word_1_571' title='bbox 2713 3167 2770 3219; x_wconf 69' lang='lat' dir='ltr'><strong>ll:</strong></span> <span class='ocrx_word' id='word_1_572' title='bbox 2789 3169 2922 3218; x_wconf 70' lang='grc' dir='ltr'><strong>τρόμος</strong></span> <span class='ocrx_word' id='word_1_573' title='bbox 2942 3164 3074 3218; x_wconf 74' lang='grc' dir='ltr'><strong>ἀνδρὸς</strong></span> <span class='ocrx_word' id='word_1_574' title='bbox 3096 3153 3297 3217; x_wconf 40' lang='lat' dir='ltr'><strong>epuli].</strong></span> 
     </span>
    </p>
   </div>
   <div class='ocr_carea' id='block_1_77' title="bbox 2070 3258 3596 3332">
    <p class='ocr_par' dir='ltr' id='par_1_77' title="bbox 2070 3258 3596 3332">
     <span class='ocr_line' id='line_1_77' title="bbox 2070 3258 3596 3332; baseline -0.003 -15"><span class='ocrx_word' id='word_1_575' title='bbox 2070 3260 2315 3317; x_wconf 88' lang='lat' dir='ltr'><strong>Imitatur</strong></span> <span class='ocrx_word' id='word_1_576' title='bbox 2339 3269 2414 3328; x_wconf 87' lang='lat' dir='ltr'><strong>te,</strong></span> <span class='ocrx_word' id='word_1_577' title='bbox 2445 3262 2713 3332; x_wconf 88' lang='lat' dir='ltr'><strong>Lycurge,</strong></span> <span class='ocrx_word' id='word_1_578' title='bbox 2744 3270 2799 3315; x_wconf 91' lang='lat' dir='ltr'><strong>et</strong></span> <span class='ocrx_word' id='word_1_579' title='bbox 2828 3260 3069 3314; x_wconf 86' lang='lat' dir='ltr'><strong>sobrium</strong></span> <span class='ocrx_word' id='word_1_580' title='bbox 3097 3270 3245 3313; x_wconf 90' lang='lat' dir='ltr'><strong>tuum</strong></span> <span class='ocrx_word' id='word_1_581' title='bbox 3286 3258 3596 3313; x_wconf 90' lang='lat' dir='ltr'><strong>institutum</strong></span> 
     </span>
    </p>
   </div>
   <div class='ocr_carea' id='block_1_78' title="bbox 2001 3351 3605 3426">
    <p class='ocr_par' dir='ltr' id='par_1_78' title="bbox 2001 3351 3605 3426">
     <span class='ocr_line' id='line_1_78' title="bbox 2001 3351 3605 3426; baseline -0.004 -15"><span class='ocrx_word' id='word_1_582' title='bbox 2001 3357 2290 3426; x_wconf 87' lang='lat' dir='ltr'><strong>sequitur,</strong></span> <span class='ocrx_word' id='word_1_583' title='bbox 2326 3366 2427 3408; x_wconf 92' lang='lat' dir='ltr'><strong>nec</strong></span> <span class='ocrx_word' id='word_1_584' title='bbox 2471 3369 2499 3406; x_wconf 90' lang='lat' dir='ltr'><strong>a</strong></span> <span class='ocrx_word' id='word_1_585' title='bbox 2547 3352 2879 3408; x_wconf 86' lang='lat' dir='ltr'><strong>salutaribus</strong></span> <span class='ocrx_word' id='word_1_586' title='bbox 2918 3352 3028 3406; x_wconf 89' lang='lat' dir='ltr'><strong>tuis</strong></span> <span class='ocrx_word' id='word_1_587' title='bbox 3071 3351 3281 3419; x_wconf 89' lang='lat' dir='ltr'><strong>legibus</strong></span> <span class='ocrx_word' id='word_1_588' title='bbox 3332 3351 3605 3405; x_wconf 83' lang='lat' dir='ltr'><strong>exorbitat</strong></span> 
     </span>
    </p>
   </div>
   <div class='ocr_carea' id='block_1_79' title="bbox 2002 3441 3608 3503">
    <p class='ocr_par' dir='ltr' id='par_1_79' title="bbox 2002 3441 3608 3503">
     <span class='ocr_line' id='line_1_79' title="bbox 2002 3441 3608 3503; baseline -0.004 0"><span class='ocrx_word' id='word_1_589' title='bbox 2002 3450 2164 3503; x_wconf 86' lang='lat' dir='ltr'><strong>etiam</strong></span> <span class='ocrx_word' id='word_1_590' title='bbox 2214 3448 2403 3502; x_wconf 91' lang='lat' dir='ltr'><strong>consul</strong></span> <span class='ocrx_word' id='word_1_591' title='bbox 2438 3455 2627 3501; x_wconf 86' lang='lat' dir='ltr'><strong>noster</strong></span> <span class='ocrx_word' id='word_1_592' title='bbox 2654 3445 3007 3501; x_wconf 86' lang='lat' dir='ltr'><strong>Posthumius</strong></span> <span class='ocrx_word' id='word_1_593' title='bbox 3036 3441 3080 3495; x_wconf 83' lang='lat'><strong>1.</strong></span> <span class='ocrx_word' id='word_1_594' title='bbox 3122 3442 3251 3498; x_wconf 85' lang='lat' dir='ltr'><strong>Nam</strong></span> <span class='ocrx_word' id='word_1_595' title='bbox 3281 3443 3418 3498; x_wconf 91' lang='lat' dir='ltr'><strong>sicut</strong></span> <span class='ocrx_word' id='word_1_596' title='bbox 3455 3443 3508 3498; x_wconf 91' lang='lat' dir='ltr'><strong>in</strong></span> <span class='ocrx_word' id='word_1_597' title='bbox 3541 3442 3608 3496; x_wconf 90' lang='lat' dir='ltr'><strong>li-</strong></span> 
     </span>
    </p>
   </div>
   <div class='ocr_carea' id='block_1_80' title="bbox 2006 3534 3605 3603">
    <p class='ocr_par' dir='ltr' id='par_1_80' title="bbox 2006 3534 3605 3603">
     <span class='ocr_line' id='line_1_80' title="bbox 2006 3534 3605 3603; baseline -0.005 -7"><span class='ocrx_word' id='word_1_598' title='bbox 2006 3543 2115 3596; x_wconf 87' lang='lat' dir='ltr'><strong>bris</strong></span> <span class='ocrx_word' id='word_1_599' title='bbox 2154 3540 2462 3594; x_wconf 80' lang='lat' dir='ltr'><strong>Annalthus</strong></span> <span class='ocrx_word' id='word_1_600' title='bbox 2502 3538 2842 3603; x_wconf 88' lang='lat' dir='ltr'><strong>invenimus,</strong></span> <span class='ocrx_word' id='word_1_601' title='bbox 2877 3534 3365 3591; x_wconf 86' lang='lat' dir='ltr'><strong>Baechaualiorum</strong></span> <span class='ocrx_word' id='word_1_602' title='bbox 3397 3536 3605 3589; x_wconf 89' lang='lat' dir='ltr'><strong>scelera</strong></span> 
     </span>
    </p>
   </div>
   <div class='ocr_carea' id='block_1_81' title="bbox 2005 3627 3606 3703">
    <p class='ocr_par' dir='ltr' id='par_1_81' title="bbox 2005 3627 3606 3703">
     <span class='ocr_line' id='line_1_81' title="bbox 2005 3627 3606 3703; baseline -0.006 -13"><span class='ocrx_word' id='word_1_603' title='bbox 2005 3634 2207 3690; x_wconf 90' lang='lat' dir='ltr'><strong>Ebutio</strong></span> <span class='ocrx_word' id='word_1_604' title='bbox 2248 3632 2483 3703; x_wconf 88' lang='lat' dir='ltr'><strong>quodam</strong></span> <span class='ocrx_word' id='word_1_605' title='bbox 2514 3630 2863 3686; x_wconf 78' lang='lat' dir='ltr'><strong>adolescente</strong></span> <span class='ocrx_word' id='word_1_606' title='bbox 2893 3627 3176 3683; x_wconf 82' lang='lat' dir='ltr'><strong>deferente</strong></span> <span class='ocrx_word' id='word_1_607' title='bbox 3206 3628 3419 3681; x_wconf 88' lang='lat' dir='ltr'><strong>detecta</strong></span> <span class='ocrx_word' id='word_1_608' title='bbox 3455 3634 3606 3681; x_wconf 91' lang='lat' dir='ltr'><strong>sunt.</strong></span> 
     </span>
    </p>
   </div>
   <div class='ocr_carea' id='block_1_82' title="bbox 2008 3718 3608 3792">
    <p class='ocr_par' dir='ltr' id='par_1_82' title="bbox 2008 3718 3608 3792">
     <span class='ocr_line' id='line_1_82' title="bbox 2008 3718 3608 3792; baseline -0.006 -8"><span class='ocrx_word' id='word_1_609' title='bbox 2008 3729 2178 3784; x_wconf 87' lang='lat' dir='ltr'><strong>Erant</strong></span> <span class='ocrx_word' id='word_1_610' title='bbox 2207 3726 2383 3782; x_wconf 91' lang='lat' dir='ltr'><strong>adhuc</strong></span> <span class='ocrx_word' id='word_1_611' title='bbox 2410 3725 2465 3779; x_wconf 91' lang='lat' dir='ltr'><strong>in</strong></span> <span class='ocrx_word' id='word_1_612' title='bbox 2489 3724 2623 3780; x_wconf 90' lang='lat' dir='ltr'><strong>urbe</strong></span> <span class='ocrx_word' id='word_1_613' title='bbox 2652 3722 2825 3779; x_wconf 83' lang='lat' dir='ltr'><strong>Roma</strong></span> <span class='ocrx_word' id='word_1_614' title='bbox 2856 3719 3053 3792; x_wconf 82' lang='lat' dir='ltr'><strong>integri</strong></span> <span class='ocrx_word' id='word_1_615' title='bbox 3078 3732 3280 3787; x_wconf 89' lang='lat' dir='ltr'><strong>mores,</strong></span> <span class='ocrx_word' id='word_1_616' title='bbox 3315 3733 3418 3776; x_wconf 89' lang='lat' dir='ltr'><strong>nec</strong></span> <span class='ocrx_word' id='word_1_617' title='bbox 3456 3718 3608 3790; x_wconf 88' lang='lat' dir='ltr'><strong>quis-</strong></span> 
     </span>
    </p>
   </div>
   <div class='ocr_carea' id='block_1_83' title="bbox 2008 3881 3610 3955">
    <p class='ocr_par' dir='ltr' id='par_1_83' title="bbox 2008 3881 3610 3955">
     <span class='ocr_line' id='line_1_83' title="bbox 2008 3881 3610 3955; baseline -0.006 -12"><span class='ocrx_word' id='word_1_618' title='bbox 2008 3901 2076 3943; x_wconf 90' lang='lat' dir='ltr'><strong>eo</strong></span> <span class='ocrx_word' id='word_1_619' title='bbox 2106 3886 2252 3942; x_wconf 87' lang='lat' dir='ltr'><strong>conf.</strong></span> <span class='ocrx_word' id='word_1_620' title='bbox 2284 3885 2480 3955; x_wconf 84' lang='lat' dir='ltr'><strong>Zoegae</strong></span> <span class='ocrx_word' id='word_1_621' title='bbox 2523 3882 2965 3955; x_wconf 79' lang='lat' dir='ltr'><strong>dissertationem</strong></span> <span class='ocrx_word' id='word_1_622' title='bbox 3002 3900 3019 3955; x_wconf 15' lang='grc' dir='ltr'><strong>εν</strong></span> <span class='ocrx_word' id='word_1_623' title='bbox 3054 3881 3319 3953; x_wconf 79' lang='lat' dir='ltr'><strong>Lycurgos</strong></span> <span class='ocrx_word' id='word_1_624' title='bbox 3364 3898 3461 3937; x_wconf 77' lang='lat' dir='ltr'><strong>ron</strong></span> <span class='ocrx_word' id='word_1_625' title='bbox 3510 3881 3610 3936; x_wconf 87' lang='lat' dir='ltr'><strong>den</strong></span> 
     </span>
    </p>
   </div>
   <div class='ocr_carea' id='block_1_84' title="bbox 2011 3953 3615 4027">
    <p class='ocr_par' dir='ltr' id='par_1_84' title="bbox 2011 3953 3615 4027">
     <span class='ocr_line' id='line_1_84' title="bbox 2011 3953 3615 4027; baseline -0.003 -15"><span class='ocrx_word' id='word_1_626' title='bbox 2011 3957 2286 4013; x_wconf 73' lang='lat' dir='ltr'><strong>Mrenaden</strong></span> <span class='ocrx_word' id='word_1_627' title='bbox 2312 3953 2641 4027; x_wconf 73' lang='lat' dir='ltr'><strong>bezivungen,</strong></span> <span class='ocrx_word' id='word_1_628' title='bbox 2668 3966 2723 4010; x_wconf 92' lang='lat' dir='ltr'><strong>et</strong></span> <span class='ocrx_word' id='word_1_629' title='bbox 2746 3953 3023 4027; x_wconf 80' lang='lat' dir='ltr'><strong>Welckeri</strong></span> <span class='ocrx_word' id='word_1_630' title='bbox 3041 3955 3439 4027; x_wconf 78' lang='lat' dir='ltr'><strong>additamenta.</strong></span> <span class='ocrx_word' id='word_1_631' title='bbox 3472 3957 3615 4008; x_wconf 80' lang='lat' dir='ltr'><strong>Ana-</strong></span> 
     </span>
    </p>
   </div>
   <div class='ocr_carea' id='block_1_85' title="bbox 2008 4024 3610 4101">
    <p class='ocr_par' dir='ltr' id='par_1_85' title="bbox 2008 4024 3610 4101">
     <span class='ocr_line' id='line_1_85' title="bbox 2008 4024 3610 4101; baseline -0.004 -18"><span class='ocrx_word' id='word_1_632' title='bbox 2008 4029 2248 4101; x_wconf 81' lang='lat' dir='ltr'><strong>glypbon</strong></span> <span class='ocrx_word' id='word_1_633' title='bbox 2280 4027 2412 4101; x_wconf 84' lang='lat' dir='ltr'><strong>ibid.</strong></span> <span class='ocrx_word' id='word_1_634' title='bbox 2448 4024 2772 4101; x_wconf 56' lang='lat' dir='ltr'><strong>illustratur.</strong></span> <span class='ocrx_word' id='word_1_635' title='bbox 2803 4026 2995 4101; x_wconf 48' lang='grc' dir='ltr'><strong>Οιιιιιξι</strong></span> <span class='ocrx_word' id='word_1_636' title='bbox 3025 4024 3158 4101; x_wconf 71' lang='lat' dir='ltr'><strong>inec</strong></span> <span class='ocrx_word' id='word_1_637' title='bbox 3184 4042 3269 4101; x_wconf 24' lang='lat' dir='ltr'><strong>ex“</strong></span> <span class='ocrx_word' id='word_1_638' title='bbox 3296 4025 3610 4101; x_wconf 75' lang='lat' dir='ltr'><strong>Euhemero</strong></span> 
     </span>
    </p>
   </div>
   <div class='ocr_carea' id='block_1_86' title="bbox 2009 4097 3612 4156">
    <p class='ocr_par' dir='ltr' id='par_1_86' title="bbox 2009 4097 3612 4156">
     <span class='ocr_line' id='line_1_86' title="bbox 2009 4097 3612 4156; baseline -0.004 0"><span class='ocrx_word' id='word_1_639' title='bbox 2009 4097 2261 4156; x_wconf 75' lang='lat' dir='ltr'><strong>hausisse</strong></span> <span class='ocrx_word' id='word_1_640' title='bbox 2316 4100 2532 4155; x_wconf 89' lang='lat' dir='ltr'><strong>videtur</strong></span> <span class='ocrx_word' id='word_1_641' title='bbox 2586 4099 2875 4154; x_wconf 83' lang='lat' dir='ltr'><strong>Firmicus.</strong></span> <span class='ocrx_word' id='word_1_642' title='bbox 2940 4098 3144 4154; x_wconf 87' lang='lat' dir='ltr'><strong>Fabula</strong></span> <span class='ocrx_word' id='word_1_643' title='bbox 3202 4098 3331 4152; x_wconf 91' lang='lat' dir='ltr'><strong>olim</strong></span> <span class='ocrx_word' id='word_1_644' title='bbox 3403 4097 3612 4153; x_wconf 79' lang='lat' dir='ltr'><strong>exstitit</strong></span> 
     </span>
    </p>
   </div>
   <div class='ocr_carea' id='block_1_87' title="bbox 2011 4172 2875 4243">
    <p class='ocr_par' dir='ltr' id='par_1_87' title="bbox 2011 4172 2875 4243">
     <span class='ocr_line' id='line_1_87' title="bbox 2011 4172 2875 4243; baseline -0.007 -14"><span class='ocrx_word' id='word_1_645' title='bbox 2011 4172 2261 4243; x_wconf 65' lang='lat' dir='ltr'><strong>IEschyli</strong></span> <span class='ocrx_word' id='word_1_646' title='bbox 2285 4172 2563 4243; x_wconf 88' lang='lat' dir='ltr'><strong>Lycurgus</strong></span> <span class='ocrx_word' id='word_1_647' title='bbox 2597 4172 2875 4241; x_wconf 90' lang='lat' dir='ltr'><strong>inscripta.</strong></span> 
     </span>
    </p>
   </div>
   <div class='ocr_carea' id='block_1_88' title="bbox 2087 4239 3614 4315">
    <p class='ocr_par' dir='ltr' id='par_1_88' title="bbox 2087 4239 3614 4315">
     <span class='ocr_line' id='line_1_88' title="bbox 2087 4239 3614 4315; baseline -0.004 -16"><span class='ocrx_word' id='word_1_648' title='bbox 2087 4243 2114 4281; x_wconf 67' lang='grc' dir='ltr'><strong>ιι</strong></span> <span class='ocrx_word' id='word_1_649' title='bbox 2156 4239 2280 4299; x_wconf 64' lang='grc' dir='ltr'><strong>ιιὶῐξο</strong></span> <span class='ocrx_word' id='word_1_650' title='bbox 2312 4239 2664 4315; x_wconf 82' lang='lat' dir='ltr'><strong>intelligenda</strong></span> <span class='ocrx_word' id='word_1_651' title='bbox 2699 4239 2953 4315; x_wconf 75' lang='lat' dir='ltr'><strong>videntur</strong></span> <span class='ocrx_word' id='word_1_652' title='bbox 2980 4242 3052 4315; x_wconf 8' lang='lat' dir='ltr'><strong>de?</strong></span> <span class='ocrx_word' id='word_1_653' title='bbox 3080 4239 3469 4315; x_wconf 77' lang='lat' dir='ltr'><strong>certaminibus</strong></span> <span class='ocrx_word' id='word_1_654' title='bbox 3497 4256 3614 4315; x_wconf 83' lang='lat' dir='ltr'><strong>mu-</strong></span> 
     </span>
    </p>
   </div>
   <div class='ocr_carea' id='block_1_89' title="bbox 2011 4306 3611 4384">
    <p class='ocr_par' dir='ltr' id='par_1_89' title="bbox 2011 4306 3611 4384">
     <span class='ocr_line' id='line_1_89' title="bbox 2011 4306 3611 4384; baseline -0.005 -12"><span class='ocrx_word' id='word_1_655' title='bbox 2011 4317 2145 4373; x_wconf 90' lang='lat' dir='ltr'><strong>sicis</strong></span> <span class='ocrx_word' id='word_1_656' title='bbox 2167 4358 2180 4377; x_wconf 85' lang='lat'><em>.</em></span> <span class='ocrx_word' id='word_1_657' title='bbox 2215 4332 2335 4384; x_wconf 70' lang='lat' dir='ltr'><strong>qua:</strong></span> <span class='ocrx_word' id='word_1_658' title='bbox 2364 4306 2519 4370; x_wconf 46' lang='lat' dir='ltr'><strong>inter&#39;</strong></span> <span class='ocrx_word' id='word_1_659' title='bbox 2536 4313 2703 4369; x_wconf 81' lang='lat' dir='ltr'><strong>fe5tos</strong></span> <span class='ocrx_word' id='word_1_660' title='bbox 2742 4313 2968 4366; x_wconf 90' lang='lat' dir='ltr'><strong>deorum</strong></span> <span class='ocrx_word' id='word_1_661' title='bbox 3002 4311 3122 4384; x_wconf 80' lang='lat' dir='ltr'><strong>dies</strong></span> <span class='ocrx_word' id='word_1_662' title='bbox 3153 4310 3514 4384; x_wconf 73' lang='lat' dir='ltr'><strong>celebrandas</strong></span> <span class='ocrx_word' id='word_1_663' title='bbox 3561 4306 3611 4384; x_wconf 89' lang='lat' dir='ltr'><strong>in</strong></span> 
     </span>
    </p>
   </div>
   <div class='ocr_carea' id='block_1_90' title="bbox 2012 4382 3617 4460">
    <p class='ocr_par' dir='ltr' id='par_1_90' title="bbox 2012 4382 3617 4460">
     <span class='ocr_line' id='line_1_90' title="bbox 2012 4382 3617 4460; baseline -0.002 -19"><span class='ocrx_word' id='word_1_664' title='bbox 2012 4382 2312 4460; x_wconf 77' lang='lat' dir='ltr'><strong>gynnmsiis</strong></span> <span class='ocrx_word' id='word_1_665' title='bbox 2339 4397 2391 4442; x_wconf 91' lang='lat' dir='ltr'><strong>et</strong></span> <span class='ocrx_word' id='word_1_666' title='bbox 2424 4384 3052 4460; x_wconf 32' lang='lat' dir='ltr'><strong>alibihinstituebantur;</strong></span> <span class='ocrx_word' id='word_1_667' title='bbox 3093 4382 3325 4460; x_wconf 77' lang='lat' dir='ltr'><strong>fortasse</strong></span> <span class='ocrx_word' id='word_1_668' title='bbox 3354 4382 3514 4460; x_wconf 85' lang='lat' dir='ltr'><strong>simul</strong></span> <span class='ocrx_word' id='word_1_669' title='bbox 3550 4383 3617 4437; x_wconf 87' lang='lat' dir='ltr'><strong>de</strong></span> 
     </span>
    </p>
   </div>
   <div class='ocr_carea' id='block_1_91' title="bbox 303 4454 3618 4539">
    <p class='ocr_par' dir='ltr' id='par_1_91' title="bbox 303 4454 3618 4539">
     <span class='ocr_line' id='line_1_91' title="bbox 303 4454 3618 4539; baseline -0.005 -13"><span class='ocrx_word' id='word_1_670' title='bbox 303 4471 373 4527; x_wconf 84' lang='lat' dir='ltr'><strong>de</strong></span> <span class='ocrx_word' id='word_1_671' title='bbox 405 4454 636 4528; x_wconf 62' lang='lat' dir='ltr'><strong>Baccho.</strong></span> <span class='ocrx_word' id='word_1_672' title='bbox 674 4454 853 4527; x_wconf 55' lang='lat' dir='ltr'><strong>\Vovv&#39;.</strong></span> <span class='ocrx_word' id='word_1_673' title='bbox 888 4454 1113 4538; x_wconf 58' lang='lat' dir='ltr'><strong>-&#39;—-&#39;Qu:e</strong></span> <span class='ocrx_word' id='word_1_674' title='bbox 1150 4454 1559 4522; x_wconf 73' lang='lat' dir='ltr'><strong>l’ltotiushabet</strong></span> <span class='ocrx_word' id='word_1_675' title='bbox 1581 4467 1634 4520; x_wconf 90' lang='lat' dir='ltr'><strong>in</strong></span> <span class='ocrx_word' id='word_1_676' title='bbox 1662 4465 1904 4524; x_wconf 83' lang='lat' dir='ltr'><strong>Lexico;</strong></span> <span class='ocrx_word' id='word_1_677' title='bbox 1940 4480 1988 4539; x_wconf 74' lang='grc' dir='ltr'>υ</span> <span class='ocrx_word' id='word_1_678' title='bbox 2015 4454 2386 4539; x_wconf 72' lang='lat' dir='ltr'><strong>carminibus,</strong></span> <span class='ocrx_word' id='word_1_679' title='bbox 2416 4473 2537 4537; x_wconf 80' lang='lat' dir='ltr'><strong>quae</strong></span> <span class='ocrx_word' id='word_1_680' title='bbox 2560 4456 2854 4539; x_wconf 38' lang='lat' dir='ltr'><strong>iisdemiin.</strong></span> <span class='ocrx_word' id='word_1_681' title='bbox 2875 4454 3027 4539; x_wconf 48' lang='lat' dir='ltr'><strong>locis,</strong></span> <span class='ocrx_word' id='word_1_682' title='bbox 3060 4454 3337 4539; x_wconf 31' lang='lat' dir='ltr'><strong>quibus-net</strong></span> <span class='ocrx_word' id='word_1_683' title='bbox 3362 4455 3618 4539; x_wconf 81' lang='lat' dir='ltr'><strong>juventus</strong></span> 
     </span>
    </p>
   </div>
   <div class='ocr_carea' id='block_1_92' title="bbox 303 4540 1909 4620">
    <p class='ocr_par' dir='ltr' id='par_1_92' title="bbox 303 4540 1909 4620">
     <span class='ocr_line' id='line_1_92' title="bbox 303 4540 1909 4620; baseline -0.004 -21"><span class='ocrx_word' id='word_1_684' title='bbox 303 4548 657 4620; x_wconf 48' lang='lat' dir='ltr'><strong>Taupopa’cj/oa.</strong></span> <span class='ocrx_word' id='word_1_685' title='bbox 691 4545 786 4620; x_wconf 60' lang='lat' dir='ltr'><strong>Tév</strong></span> <span class='ocrx_word' id='word_1_686' title='bbox 808 4540 1044 4599; x_wconf 79' lang='grc' dir='ltr'><strong>Διόνυσον</strong></span> <span class='ocrx_word' id='word_1_687' title='bbox 1071 4541 1309 4620; x_wconf 49' lang='lat' dir='ltr'><strong>Saeuam;</strong></span> <span class='ocrx_word' id='word_1_688' title='bbox 1340 4542 1620 4620; x_wconf 34' lang='lat' dir='ltr'><strong>.é‘v‘Tupof.</strong></span> <span class='ocrx_word' id='word_1_689' title='bbox 1666 4540 1909 4620; x_wconf 48' lang='lat' dir='ltr'><strong>riserit-0t)</strong></span> 
     </span>
    </p>
   </div>
   <div class='ocr_carea' id='block_1_93' title="bbox 306 4610 1912 4694">
    <p class='ocr_par' dir='ltr' id='par_1_93' title="bbox 306 4610 1912 4694">
     <span class='ocr_line' id='line_1_93' title="bbox 306 4610 1912 4694; baseline -0.004 -23"><span class='ocrx_word' id='word_1_690' title='bbox 306 4614 384 4672; x_wconf 83' lang='grc' dir='ltr'><strong>ὅτι</strong></span> <span class='ocrx_word' id='word_1_691' title='bbox 419 4610 509 4673; x_wconf 65' lang='grc' dir='ltr'><strong>’τ’δῦ</strong></span> <span class='ocrx_word' id='word_1_692' title='bbox 538 4610 846 4694; x_wconf 55' lang='grc' dir='ltr'><strong>ἔξιθιξραμϐον</strong></span> <span class='ocrx_word' id='word_1_693' title='bbox 898 4610 1147 4694; x_wconf 64' lang='grc' dir='ltr'><strong>νικήσασί</strong></span> <span class='ocrx_word' id='word_1_694' title='bbox 1180 4614 1301 4684; x_wconf 84' lang='grc' dir='ltr'><strong>βοῦς</strong></span> <span class='ocrx_word' id='word_1_695' title='bbox 1332 4610 1541 4667; x_wconf 64' lang='lat' dir='ltr'><strong>ididem&quot;</strong></span> <span class='ocrx_word' id='word_1_696' title='bbox 1573 4610 1602 4670; x_wconf 75' lang='grc' dir='ltr'>ἦ</span> <span class='ocrx_word' id='word_1_697' title='bbox 1646 4611 1729 4665; x_wconf 85' lang='grc' dir='ltr'><strong>τὸν</strong></span> <span class='ocrx_word' id='word_1_698' title='bbox 1760 4613 1912 4694; x_wconf 36' lang='grc' dir='ltr'><strong>’ὠμη-</strong></span> 
     </span>
    </p>
   </div>
   <div class='ocr_carea' id='block_1_94' title="bbox 308 4684 1915 4763">
    <p class='ocr_par' dir='ltr' id='par_1_94' title="bbox 308 4684 1915 4763">
     <span class='ocr_line' id='line_1_94' title="bbox 308 4684 1915 4763; baseline -0.005 -19"><span class='ocrx_word' id='word_1_699' title='bbox 308 4695 459 4763; x_wconf 68' lang='grc' dir='ltr'><strong>ᾳτὴν,</strong></span> <span class='ocrx_word' id='word_1_700' title='bbox 492 4688 571 4763; x_wconf 77' lang='grc' dir='ltr'><strong>ἀφ’</strong></span> <span class='ocrx_word' id='word_1_701' title='bbox 596 4684 665 4742; x_wconf 55' lang='grc' dir='ltr'><strong>οξ</strong></span> <span class='ocrx_word' id='word_1_702' title='bbox 696 4691 783 4741; x_wconf 78' lang='grc' dir='ltr'><strong>καὶ</strong></span> <span class='ocrx_word' id='word_1_703' title='bbox 826 4688 908 4741; x_wconf 84' lang='grc' dir='ltr'><strong>ἐπὶ</strong></span> <span class='ocrx_word' id='word_1_704' title='bbox 952 4687 1038 4741; x_wconf 88' lang='grc' dir='ltr'><strong>τὸν</strong></span> <span class='ocrx_word' id='word_1_705' title='bbox 1091 4692 1336 4761; x_wconf 79' lang='grc' dir='ltr'><strong>Κρατῖνον</strong></span> <span class='ocrx_word' id='word_1_706' title='bbox 1366 4689 1637 4756; x_wconf 66' lang='grc' dir='ltr'><strong>μετήνεγκε</strong></span> <span class='ocrx_word' id='word_1_707' title='bbox 1686 4684 1915 4755; x_wconf 79' lang='grc' dir='ltr'>τούνομα</span> 
     </span>
    </p>
   </div>
   <div class='ocr_carea' id='block_1_95' title="bbox 310 4757 1282 4838">
    <p class='ocr_par' dir='ltr' id='par_1_95' title="bbox 310 4757 1282 4838">
     <span class='ocr_line' id='line_1_95' title="bbox 310 4757 1282 4838; baseline -0.008 -22"><span class='ocrx_word' id='word_1_708' title='bbox 310 4757 691 4838; x_wconf 54' lang='grc' dir='ltr'><strong>Ἄριςτοςὸᾀγης,</strong></span> <span class='ocrx_word' id='word_1_709' title='bbox 724 4760 958 4838; x_wconf 75' lang='lat' dir='ltr'><strong>huc_u_on</strong></span> <span class='ocrx_word' id='word_1_710' title='bbox 994 4757 1282 4838; x_wconf 61' lang='lat' dir='ltr'><strong>pertinent.</strong></span> 
     </span>
    </p>
   </div>
   <div class='ocr_carea' id='block_1_96' title="bbox 389 4825 1911 4901">
    <p class='ocr_par' dir='ltr' id='par_1_96' title="bbox 389 4825 1911 4901">
     <span class='ocr_line' id='line_1_96' title="bbox 389 4825 1911 4901; baseline -0.009 -14"><span class='ocrx_word' id='word_1_711' title='bbox 389 4843 412 4869; x_wconf 70' lang='grc' dir='ltr'>θ</span> <span class='ocrx_word' id='word_1_712' title='bbox 434 4825 801 4901; x_wconf 60' lang='grc' dir='ltr'><strong>ὕειύἰοιιγεῐο</strong></span> <span class='ocrx_word' id='word_1_713' title='bbox 826 4828 1087 4883; x_wconf 90' lang='lat' dir='ltr'><strong>Thebano</strong></span> <span class='ocrx_word' id='word_1_714' title='bbox 1116 4843 1235 4897; x_wconf 79' lang='lat' dir='ltr'><strong>quze</strong></span> <span class='ocrx_word' id='word_1_715' title='bbox 1265 4826 1448 4891; x_wconf 88' lang='lat' dir='ltr'><strong>habet,</strong></span> <span class='ocrx_word' id='word_1_716' title='bbox 1474 4825 1626 4901; x_wconf 74' lang='lat' dir='ltr'><strong>unde</strong></span> <span class='ocrx_word' id='word_1_717' title='bbox 1658 4837 1911 4901; x_wconf 67' lang='lat' dir='ltr'><strong>sumpse-</strong></span> 
     </span>
    </p>
   </div>
   <div class='ocr_carea' id='block_1_97' title="bbox 312 4894 1910 4975">
    <p class='ocr_par' dir='ltr' id='par_1_97' title="bbox 312 4894 1910 4975">
     <span class='ocr_line' id='line_1_97' title="bbox 312 4894 1910 4975; baseline -0.006 -18"><span class='ocrx_word' id='word_1_718' title='bbox 312 4902 417 4975; x_wconf 88' lang='lat' dir='ltr'><strong>rit,</strong></span> <span class='ocrx_word' id='word_1_719' title='bbox 452 4902 581 4957; x_wconf 85' lang='lat' dir='ltr'><strong>milti</strong></span> <span class='ocrx_word' id='word_1_720' title='bbox 608 4894 721 4975; x_wconf 76' lang='lat' dir='ltr'><strong>non</strong></span> <span class='ocrx_word' id='word_1_721' title='bbox 750 4902 943 4975; x_wconf 87' lang='lat' dir='ltr'><strong>liquet,</strong></span> <span class='ocrx_word' id='word_1_722' title='bbox 972 4894 1443 4975; x_wconf 59' lang='lat' dir='ltr'><strong>cumllomerus,</strong></span> <span class='ocrx_word' id='word_1_723' title='bbox 1471 4896 1630 4975; x_wconf 83' lang='lat' dir='ltr'><strong>_l_lia_d.</strong></span> <span class='ocrx_word' id='word_1_724' title='bbox 1667 4894 1733 4959; x_wconf 82' lang='lat' dir='ltr'><strong>z&#39;,</strong></span> <span class='ocrx_word' id='word_1_725' title='bbox 1768 4895 1910 4975; x_wconf 52' lang='lat'><strong>150“;</strong></span> 
     </span>
    </p>
   </div>
   <div class='ocr_carea' id='block_1_98' title="bbox 316 4964 1913 5047">
    <p class='ocr_par' dir='ltr' id='par_1_98' title="bbox 316 4964 1913 5047">
     <span class='ocr_line' id='line_1_98' title="bbox 316 4964 1913 5047; baseline -0.007 -18"><span class='ocrx_word' id='word_1_726' title='bbox 316 4964 557 5047; x_wconf 86' lang='lat' dir='ltr'><strong>Hyginus</strong></span> <span class='ocrx_word' id='word_1_727' title='bbox 584 4974 715 5030; x_wconf 83' lang='lat' dir='ltr'><strong>Fab.</strong></span> <span class='ocrx_word' id='word_1_728' title='bbox 748 4964 953 5047; x_wconf 10' lang='lat' dir='ltr'><strong>taliet</strong></span> <span class='ocrx_word' id='word_1_729' title='bbox 983 4972 1348 5047; x_wconf 75' lang='lat' dir='ltr'><strong>Apollodorus</strong></span> <span class='ocrx_word' id='word_1_730' title='bbox 1366 4967 1625 5047; x_wconf 76' lang='lat' dir='ltr'><strong>Biblioth.</strong></span> <span class='ocrx_word' id='word_1_731' title='bbox 1656 4980 1737 5031; x_wconf 87' lang='lat' dir='ltr'><strong>nt,</strong></span> <span class='ocrx_word' id='word_1_732' title='bbox 1770 4980 1821 5020; x_wconf 92' lang='lat' dir='ltr'><strong>c.</strong></span> <span class='ocrx_word' id='word_1_733' title='bbox 1856 4964 1913 5030; x_wconf 77' lang='grc'><strong>5,</strong></span> 
     </span>
    </p>
   </div>
   <div class='ocr_carea' id='block_1_99' title="bbox 314 5040 1915 5117">
    <p class='ocr_par' dir='ltr' id='par_1_99' title="bbox 314 5040 1915 5117">
     <span class='ocr_line' id='line_1_99' title="bbox 314 5040 1915 5117; baseline -0.008 -15"><span class='ocrx_word' id='word_1_734' title='bbox 314 5040 516 5117; x_wconf 58' lang='lat' dir='ltr'><strong>aliique</strong></span> <span class='ocrx_word' id='word_1_735' title='bbox 540 5047 782 5117; x_wconf 90' lang='lat' dir='ltr'><strong>fugatum</strong></span> <span class='ocrx_word' id='word_1_736' title='bbox 812 5040 1240 5117; x_wconf 30' lang='lat' dir='ltr'><strong>quidentlprimo</strong></span> <span class='ocrx_word' id='word_1_737' title='bbox 1264 5040 1554 5117; x_wconf 77' lang='lat' dir='ltr'><strong>Bacchum,</strong></span> <span class='ocrx_word' id='word_1_738' title='bbox 1578 5054 1752 5117; x_wconf 76' lang='lat' dir='ltr'><strong>neque</strong></span> <span class='ocrx_word' id='word_1_739' title='bbox 1780 5052 1915 5092; x_wconf 89' lang='lat' dir='ltr'><strong>vero</strong></span> 
     </span>
    </p>
   </div>
   <div class='ocr_carea' id='block_1_100' title="bbox 315 5109 1916 5188">
    <p class='ocr_par' dir='ltr' id='par_1_100' title="bbox 315 5109 1916 5188">
     <span class='ocr_line' id='line_1_100' title="bbox 315 5109 1916 5188; baseline -0.008 -14"><span class='ocrx_word' id='word_1_740' title='bbox 315 5109 675 5175; x_wconf 73' lang='lat' dir='ltr'><strong>dilaceratmn</strong></span> <span class='ocrx_word' id='word_1_741' title='bbox 701 5160 715 5184; x_wconf 95' lang='lat'><strong>,</strong></span> <span class='ocrx_word' id='word_1_742' title='bbox 749 5109 924 5188; x_wconf 73' lang='lat' dir='ltr'><strong>neque</strong></span> <span class='ocrx_word' id='word_1_743' title='bbox 958 5116 1009 5169; x_wconf 93' lang='lat' dir='ltr'><strong>in</strong></span> <span class='ocrx_word' id='word_1_744' title='bbox 1045 5114 1289 5188; x_wconf 86' lang='lat' dir='ltr'><strong>Lycurgo</strong></span> <span class='ocrx_word' id='word_1_745' title='bbox 1322 5112 1558 5188; x_wconf 69' lang='lat' dir='ltr'><strong>inultum</strong></span> <span class='ocrx_word' id='word_1_746' title='bbox 1582 5109 1751 5164; x_wconf 87' lang='lat' dir='ltr'><strong>fuisse</strong></span> <span class='ocrx_word' id='word_1_747' title='bbox 1792 5123 1916 5163; x_wconf 90' lang='lat' dir='ltr'><strong>nar-</strong></span> 
     </span>
    </p>
   </div>
   <div class='ocr_carea' id='block_1_101' title="bbox 319 5183 1743 5261">
    <p class='ocr_par' dir='ltr' id='par_1_101' title="bbox 319 5183 1743 5261">
     <span class='ocr_line' id='line_1_101' title="bbox 319 5183 1743 5261; baseline -0.009 -14"><span class='ocrx_word' id='word_1_748' title='bbox 319 5201 462 5247; x_wconf 89' lang='lat' dir='ltr'><strong>rent.</strong></span> <span class='ocrx_word' id='word_1_749' title='bbox 488 5190 577 5261; x_wconf 14' lang='lat' dir='ltr'><strong>,Cf.</strong></span> <span class='ocrx_word' id='word_1_750' title='bbox 613 5190 796 5261; x_wconf 89' lang='lat' dir='ltr'><strong>lleyne</strong></span> <span class='ocrx_word' id='word_1_751' title='bbox 827 5183 893 5261; x_wconf 69' lang='lat' dir='ltr'><strong>ad</strong></span> <span class='ocrx_word' id='word_1_752' title='bbox 919 5183 1308 5261; x_wconf 29' lang='lat' dir='ltr'><strong>Apolhtdoratt</strong></span> <span class='ocrx_word' id='word_1_753' title='bbox 1331 5200 1431 5261; x_wconf 82' lang='lat' dir='ltr'><strong>,_p.</strong></span> <span class='ocrx_word' id='word_1_754' title='bbox 1466 5183 1589 5261; x_wconf 63' lang='lat' dir='ltr'><strong>{37L</strong></span> <span class='ocrx_word' id='word_1_755' title='bbox 1624 5195 1743 5261; x_wconf 67' lang='lat' dir='ltr'><strong>seq.</strong></span> 
     </span>
    </p>
   </div>
   <div class='ocr_carea' id='block_1_102' title="bbox 400 5252 1914 5333">
    <p class='ocr_par' dir='ltr' id='par_1_102' title="bbox 400 5252 1914 5333">
     <span class='ocr_line' id='line_1_102' title="bbox 400 5252 1914 5333; baseline -0.01 -15"><span class='ocrx_word' id='word_1_756' title='bbox 400 5261 416 5300; x_wconf 67' lang='grc' dir='ltr'>ί</span> <span class='ocrx_word' id='word_1_757' title='bbox 460 5252 784 5333; x_wconf 63' lang='lat' dir='ltr'><strong>Huiusmodi</strong></span> <span class='ocrx_word' id='word_1_758' title='bbox 836 5252 989 5313; x_wconf 82' lang='lat' dir='ltr'><strong>fuere</strong></span> <span class='ocrx_word' id='word_1_759' title='bbox 1037 5256 1283 5333; x_wconf 48' lang='lat' dir='ltr'><strong>[Eschyli</strong></span> <span class='ocrx_word' id='word_1_760' title='bbox 1330 5254 1536 5333; x_wconf 81' lang='lat' dir='ltr'><strong>_fabal:e</strong></span> <span class='ocrx_word' id='word_1_761' title='bbox 1582 5272 1595 5307; x_wconf 89' lang='lat'>:</span> <span class='ocrx_word' id='word_1_762' title='bbox 1649 5252 1914 5333; x_wconf 55' lang='lat' dir='ltr'><strong>gacchge,</strong></span> 
     </span>
    </p>
   </div>
   <div class='ocr_carea' id='block_1_103' title="bbox 322 5322 1916 5407">
    <p class='ocr_par' dir='ltr' id='par_1_103' title="bbox 322 5322 1916 5407">
     <span class='ocr_line' id='line_1_103' title="bbox 322 5322 1916 5407; baseline -0.009 -19"><span class='ocrx_word' id='word_1_763' title='bbox 322 5322 589 5407; x_wconf 56' lang='lat' dir='ltr'><strong>Bassania,</strong></span> <span class='ocrx_word' id='word_1_764' title='bbox 614 5330 853 5407; x_wconf 56' lang='grc' dir='ltr'><strong>Δεωύσοςα</strong></span> <span class='ocrx_word' id='word_1_765' title='bbox 876 5333 1070 5407; x_wconf 50' lang='grc' dir='ltr'><strong>τρρφοίη</strong></span> <span class='ocrx_word' id='word_1_766' title='bbox 1090 5322 1299 5407; x_wconf 55' lang='grc' dir='ltr'><strong>ἰίδᾳῦοξε</strong></span> <span class='ocrx_word' id='word_1_767' title='bbox 1317 5325 1629 5407; x_wconf 76' lang='lat' dir='ltr'><strong>Lycurgus,</strong></span> <span class='ocrx_word' id='word_1_768' title='bbox 1650 5322 1916 5406; x_wconf 69' lang='lat' dir='ltr'><strong>xantriae,</strong></span> 
     </span>
    </p>
   </div>
   <div class='ocr_carea' id='block_1_104' title="bbox 323 5396 1919 5472">
    <p class='ocr_par' dir='ltr' id='par_1_104' title="bbox 323 5396 1919 5472">
     <span class='ocr_line' id='line_1_104' title="bbox 323 5396 1919 5472; baseline -0.008 -11"><span class='ocrx_word' id='word_1_769' title='bbox 323 5396 621 5472; x_wconf 51' lang='lat' dir='ltr'><strong>Pentheu},</strong></span> <span class='ocrx_word' id='word_1_770' title='bbox 650 5398 868 5472; x_wconf 49' lang='lat' dir='ltr'><strong>Semele</strong></span> <span class='ocrx_word' id='word_1_771' title='bbox 896 5396 917 5457; x_wconf 76' lang='grc' dir='ltr'><em>Ξ</em></span> <span class='ocrx_word' id='word_1_772' title='bbox 944 5396 1236 5471; x_wconf 77' lang='lat' dir='ltr'><strong>Sophoclis</strong></span> <span class='ocrx_word' id='word_1_773' title='bbox 1272 5396 1645 5472; x_wconf 71' lang='lat' dir='ltr'><strong>Dionysiacus,</strong></span> <span class='ocrx_word' id='word_1_774' title='bbox 1680 5396 1726 5449; x_wconf 93' lang='lat' dir='ltr'><strong>si</strong></span> <span class='ocrx_word' id='word_1_775' title='bbox 1750 5410 1919 5472; x_wconf 72' lang='lat' dir='ltr'><strong>verus</strong></span> 
     </span>
    </p>
   </div>
   <div class='ocr_carea' id='block_1_105' title="bbox 324 5448 1922 5546">
    <p class='ocr_par' dir='ltr' id='par_1_105' title="bbox 324 5448 1922 5546">
     <span class='ocr_line' id='line_1_105' title="bbox 324 5448 1922 5546; baseline -0.008 -13"><span class='ocrx_word' id='word_1_776' title='bbox 1008 5448 1129 5538; x_wconf 59' lang='lat' dir='ltr'><strong>qruce</strong></span> <span class='ocrx_word' id='word_1_777' title='bbox 1152 5448 1444 5546; x_wconf 49' lang='lat' dir='ltr'><strong>supersunt</strong></span> <span class='ocrx_word' id='word_1_778' title='bbox 1474 5448 1708 5546; x_wconf 61' lang='lat' dir='ltr'><strong>Bacchae</strong></span> <span class='ocrx_word' id='word_1_779' title='bbox 1740 5466 1922 5536; x_wconf 87' lang='lat' dir='ltr'><strong>(forte</strong></span> 
     </span>
    </p>
   </div>
   <div class='ocr_carea' id='block_1_106' title="bbox 325 5539 1921 5620">
    <p class='ocr_par' dir='ltr' id='par_1_106' title="bbox 325 5539 1921 5620">
     <span class='ocr_line' id='line_1_106' title="bbox 325 5539 1921 5620; baseline -0.009 -15"><span class='ocrx_word' id='word_1_780' title='bbox 325 5549 516 5605; x_wconf 87' lang='lat' dir='ltr'><strong>eadem</strong></span> <span class='ocrx_word' id='word_1_781' title='bbox 542 5566 663 5620; x_wconf 78' lang='lat' dir='ltr'><strong>quae</strong></span> <span class='ocrx_word' id='word_1_782' title='bbox 692 5539 967 5603; x_wconf 81' lang='lat' dir='ltr'><strong>Pentheus</strong></span> <span class='ocrx_word' id='word_1_783' title='bbox 998 5539 1284 5620; x_wconf 72' lang='lat' dir='ltr'><strong>inscripta,</strong></span> <span class='ocrx_word' id='word_1_784' title='bbox 1317 5543 1462 5620; x_wconf 78' lang='lat' dir='ltr'><strong>inter</strong></span> <span class='ocrx_word' id='word_1_785' title='bbox 1490 5539 1802 5620; x_wconf 77' lang='lat' dir='ltr'><strong>deperditus</strong></span> <span class='ocrx_word' id='word_1_786' title='bbox 1836 5554 1921 5592; x_wconf 86' lang='lat' dir='ltr'><strong>re-</strong></span> 
     </span>
    </p>
   </div>
   <div class='ocr_carea' id='block_1_107' title="bbox 325 5612 1631 5693">
    <p class='ocr_par' dir='ltr' id='par_1_107' title="bbox 325 5612 1631 5693">
     <span class='ocr_line' id='line_1_107' title="bbox 325 5612 1631 5693; baseline -0.01 -16"><span class='ocrx_word' id='word_1_787' title='bbox 325 5612 605 5693; x_wconf 72' lang='lat' dir='ltr'><strong>censetur)</strong></span> <span class='ocrx_word' id='word_1_788' title='bbox 634 5630 689 5676; x_wconf 91' lang='lat' dir='ltr'><strong>et</strong></span> <span class='ocrx_word' id='word_1_789' title='bbox 719 5620 971 5693; x_wconf 78' lang='lat' dir='ltr'><strong>Cyclops,</strong></span> <span class='ocrx_word' id='word_1_790' title='bbox 1003 5616 1154 5693; x_wconf 80' lang='lat' dir='ltr'><strong>chori</strong></span> <span class='ocrx_word' id='word_1_791' title='bbox 1176 5612 1397 5670; x_wconf 80' lang='lat' dir='ltr'><strong>ratione</strong></span> <span class='ocrx_word' id='word_1_792' title='bbox 1426 5612 1631 5693; x_wconf 66' lang='lat' dir='ltr'><strong>habita.</strong></span> 
     </span>
    </p>
   </div>
   <div class='ocr_carea' id='block_1_108' title="bbox 405 5680 1922 5762">
    <p class='ocr_par' dir='ltr' id='par_1_108' title="bbox 405 5680 1922 5762">
     <span class='ocr_line' id='line_1_108' title="bbox 405 5680 1922 5762; baseline -0.012 -12"><span class='ocrx_word' id='word_1_793' title='bbox 405 5702 429 5739; x_wconf 73' lang='grc' dir='ltr'><strong>Β</strong></span> <span class='ocrx_word' id='word_1_794' title='bbox 472 5680 703 5762; x_wconf 74' lang='lat' dir='ltr'><strong>Lycurgi</strong></span> <span class='ocrx_word' id='word_1_795' title='bbox 734 5680 912 5746; x_wconf 61' lang='lat' dir='ltr'><strong>fabula</strong></span> <span class='ocrx_word' id='word_1_796' title='bbox 935 5680 1086 5762; x_wconf 80' lang='lat' dir='ltr'><strong>varie</strong></span> <span class='ocrx_word' id='word_1_797' title='bbox 1126 5680 1922 5762; x_wconf 77' lang='lat' dir='ltr'><strong>qarratur.__Re_gem_lledono-</strong></span> 
     </span>
    </p>
   </div>
   <div class='ocr_carea' id='block_1_109' title="bbox 332 5754 1927 5834">
    <p class='ocr_par' dir='ltr' id='par_1_109' title="bbox 332 5754 1927 5834">
     <span class='ocr_line' id='line_1_109' title="bbox 332 5754 1927 5834; baseline -0.008 -15"><span class='ocrx_word' id='word_1_798' title='bbox 332 5780 455 5819; x_wconf 88' lang='lat' dir='ltr'><strong>rum</strong></span> <span class='ocrx_word' id='word_1_799' title='bbox 487 5754 735 5819; x_wconf 79' lang='lat' dir='ltr'><strong>Thraci:e</strong></span> <span class='ocrx_word' id='word_1_800' title='bbox 768 5762 896 5819; x_wconf 89' lang='lat' dir='ltr'><strong>facit</strong></span> <span class='ocrx_word' id='word_1_801' title='bbox 925 5754 1243 5834; x_wconf 28' lang='lat' dir='ltr'><strong>Apollod‘or.</strong></span> <span class='ocrx_word' id='word_1_802' title='bbox 1282 5773 1363 5834; x_wconf 75' lang='lat' dir='ltr'><strong>ut,</strong></span> <span class='ocrx_word' id='word_1_803' title='bbox 1392 5756 1459 5819; x_wconf 82' lang='lat'><strong>5,</strong></span> <span class='ocrx_word' id='word_1_804' title='bbox 1492 5754 1927 5834; x_wconf 45' lang='lat' dir='ltr'><strong>Bacchumque}</strong></span> 
     </span>
    </p>
   </div>
   <div class='ocr_carea' id='block_1_110' title="bbox 335 5823 1926 5907">
    <p class='ocr_par' dir='ltr' id='par_1_110' title="bbox 335 5823 1926 5907">
     <span class='ocr_line' id='line_1_110' title="bbox 335 5823 1926 5907; baseline -0.006 -15"><span class='ocrx_word' id='word_1_805' title='bbox 335 5850 430 5892; x_wconf 88' lang='lat' dir='ltr'><strong>sua</strong></span> <span class='ocrx_word' id='word_1_806' title='bbox 455 5836 675 5907; x_wconf 87' lang='lat' dir='ltr'><strong>regione</strong></span> <span class='ocrx_word' id='word_1_807' title='bbox 695 5823 1198 5907; x_wconf 57' lang='lat' dir='ltr'><strong>pepulisse&#39;narrat,</strong></span> <span class='ocrx_word' id='word_1_808' title='bbox 1226 5823 1364 5886; x_wconf 86' lang='lat' dir='ltr'><strong>haud</strong></span> <span class='ocrx_word' id='word_1_809' title='bbox 1393 5841 1520 5885; x_wconf 82' lang='lat' dir='ltr'><strong>vero</strong></span> <span class='ocrx_word' id='word_1_810' title='bbox 1549 5834 1603 5883; x_wconf 89' lang='lat' dir='ltr'><strong>et</strong></span> <span class='ocrx_word' id='word_1_811' title='bbox 1626 5825 1818 5896; x_wconf 90' lang='lat' dir='ltr'><strong>patria.</strong></span> <span class='ocrx_word' id='word_1_812' title='bbox 1850 5823 1926 5882; x_wconf 80' lang='lat' dir='ltr'><strong>De</strong></span> 
     </span>
    </p>
   </div>
   <div class='ocr_carea' id='block_1_111' title="bbox 2020 4524 3611 4597">
    <p class='ocr_par' dir='ltr' id='par_1_111' title="bbox 2020 4524 3611 4597">
     <span class='ocr_line' id='line_1_111' title="bbox 2020 4524 3611 4597; baseline -0.004 -11"><span class='ocrx_word' id='word_1_813' title='bbox 2020 4531 2261 4586; x_wconf 79' lang='lat' dir='ltr'><strong>studiosa</strong></span> <span class='ocrx_word' id='word_1_814' title='bbox 2291 4540 2346 4583; x_wconf 93' lang='lat' dir='ltr'><strong>et</strong></span> <span class='ocrx_word' id='word_1_815' title='bbox 2369 4524 2694 4597; x_wconf 81' lang='lat' dir='ltr'><strong>quicumque</strong></span> <span class='ocrx_word' id='word_1_816' title='bbox 2724 4525 2887 4579; x_wconf 85' lang='lat' dir='ltr'><strong>Musis</strong></span> <span class='ocrx_word' id='word_1_817' title='bbox 2916 4524 3197 4597; x_wconf 83' lang='lat' dir='ltr'><strong>faverent,</strong></span> <span class='ocrx_word' id='word_1_818' title='bbox 3226 4525 3419 4597; x_wconf 82' lang='lat' dir='ltr'><strong>diebus</strong></span> <span class='ocrx_word' id='word_1_819' title='bbox 3448 4527 3611 4579; x_wconf 89' lang='lat' dir='ltr'><strong>etiam</strong></span> 
     </span>
    </p>
   </div>
   <div class='ocr_carea' id='block_1_112' title="bbox 2022 4594 3620 4664">
    <p class='ocr_par' dir='ltr' id='par_1_112' title="bbox 2022 4594 3620 4664">
     <span class='ocr_line' id='line_1_112' title="bbox 2022 4594 3620 4664; baseline -0.004 -6"><span class='ocrx_word' id='word_1_820' title='bbox 2022 4620 2131 4658; x_wconf 91' lang='lat' dir='ltr'><strong>non</strong></span> <span class='ocrx_word' id='word_1_821' title='bbox 2173 4600 2327 4657; x_wconf 88' lang='lat' dir='ltr'><strong>festis</strong></span> <span class='ocrx_word' id='word_1_822' title='bbox 2352 4594 2648 4653; x_wconf 75' lang='lat' dir='ltr'><strong>convenire</strong></span> <span class='ocrx_word' id='word_1_823' title='bbox 2677 4596 2957 4660; x_wconf 90' lang='lat' dir='ltr'><strong>solebant,</strong></span> <span class='ocrx_word' id='word_1_824' title='bbox 2996 4594 3111 4651; x_wconf 90' lang='lat' dir='ltr'><strong>fere</strong></span> <span class='ocrx_word' id='word_1_825' title='bbox 3140 4595 3386 4664; x_wconf 85' lang='lat' dir='ltr'><strong>quntidie</strong></span> <span class='ocrx_word' id='word_1_826' title='bbox 3417 4597 3620 4652; x_wconf 83' lang='lat' dir='ltr'><strong>decan-</strong></span> 
     </span>
    </p>
   </div>
   <div class='ocr_carea' id='block_1_113' title="bbox 2023 4669 3037 4740">
    <p class='ocr_par' dir='ltr' id='par_1_113' title="bbox 2023 4669 3037 4740">
     <span class='ocr_line' id='line_1_113' title="bbox 2023 4669 3037 4740; baseline -0.009 -11"><span class='ocrx_word' id='word_1_827' title='bbox 2023 4686 2132 4729; x_wconf 89' lang='lat' dir='ltr'><strong>tata</strong></span> <span class='ocrx_word' id='word_1_828' title='bbox 2157 4687 2280 4729; x_wconf 80' lang='lat' dir='ltr'><strong>esse</strong></span> <span class='ocrx_word' id='word_1_829' title='bbox 2304 4684 2399 4739; x_wconf 87' lang='lat' dir='ltr'><strong>per</strong></span> <span class='ocrx_word' id='word_1_830' title='bbox 2423 4686 2585 4740; x_wconf 91' lang='lat' dir='ltr'><strong>quam</strong></span> <span class='ocrx_word' id='word_1_831' title='bbox 2615 4669 3037 4735; x_wconf 76' lang='lat' dir='ltr'><strong>verisimileest.</strong></span> 
     </span>
    </p>
   </div>
   <div class='ocr_carea' id='block_1_114' title="bbox 2101 4737 3620 4811">
    <p class='ocr_par' dir='ltr' id='par_1_114' title="bbox 2101 4737 3620 4811">
     <span class='ocr_line' id='line_1_114' title="bbox 2101 4737 3620 4811; baseline -0.002 -14"><span class='ocrx_word' id='word_1_832' title='bbox 2101 4744 2115 4782; x_wconf 82' lang='grc' dir='ltr'><strong>ί</strong></span> <span class='ocrx_word' id='word_1_833' title='bbox 2162 4737 2408 4811; x_wconf 26' lang='lat' dir='ltr'><strong>Qum‘alii</strong></span> <span class='ocrx_word' id='word_1_834' title='bbox 2442 4737 2512 4796; x_wconf 81' lang='lat' dir='ltr'><strong>de</strong></span> <span class='ocrx_word' id='word_1_835' title='bbox 2542 4740 2755 4796; x_wconf 85' lang='lat' dir='ltr'><strong>Baccho</strong></span> <span class='ocrx_word' id='word_1_836' title='bbox 2780 4750 3046 4795; x_wconf 90' lang='lat' dir='ltr'><strong>terrarum</strong></span> <span class='ocrx_word' id='word_1_837' title='bbox 3072 4737 3265 4793; x_wconf 85' lang='lat' dir='ltr'><strong>orbem</strong></span> <span class='ocrx_word' id='word_1_838' title='bbox 3301 4739 3620 4809; x_wconf 84' lang='lat' dir='ltr'><strong>triumphali</strong></span> 
     </span>
    </p>
   </div>
   <div class='ocr_carea' id='block_1_115' title="bbox 2022 4812 3623 4889">
    <p class='ocr_par' dir='ltr' id='par_1_115' title="bbox 2022 4812 3623 4889">
     <span class='ocr_line' id='line_1_115' title="bbox 2022 4812 3623 4889; baseline -0.002 -19"><span class='ocrx_word' id='word_1_839' title='bbox 2022 4832 2221 4889; x_wconf 89' lang='lat' dir='ltr'><strong>pompa</strong></span> <span class='ocrx_word' id='word_1_840' title='bbox 2250 4821 2575 4889; x_wconf 67' lang='lat' dir='ltr'><strong>peragrante</strong></span> <span class='ocrx_word' id='word_1_841' title='bbox 2604 4820 2861 4889; x_wconf 78' lang='lat' dir='ltr'><strong>narrant,</strong></span> <span class='ocrx_word' id='word_1_842' title='bbox 2896 4821 3095 4889; x_wconf 66' lang='lat' dir='ltr'><strong>poster</strong></span> <span class='ocrx_word' id='word_1_843' title='bbox 3120 4813 3171 4865; x_wconf 89' lang='lat' dir='ltr'><strong>in</strong></span> <span class='ocrx_word' id='word_1_844' title='bbox 3203 4812 3323 4880; x_wconf 80' lang='lat' dir='ltr'><strong>fuga</strong></span> <span class='ocrx_word' id='word_1_845' title='bbox 3355 4812 3623 4889; x_wconf 13' lang='lat' dir='ltr'><strong>ejnsreve-</strong></span> 
     </span>
    </p>
   </div>
   <div class='ocr_carea' id='block_1_116' title="bbox 2023 4883 3506 4949">
    <p class='ocr_par' dir='ltr' id='par_1_116' title="bbox 2023 4883 3506 4949">
     <span class='ocr_line' id='line_1_116' title="bbox 2023 4883 3506 4949; baseline -0.006 -6"><span class='ocrx_word' id='word_1_846' title='bbox 2023 4883 2173 4944; x_wconf 74' lang='lat' dir='ltr'><strong>uisse</strong></span> <span class='ocrx_word' id='word_1_847' title='bbox 2195 4883 2403 4941; x_wconf 72' lang='lat' dir='ltr'><strong>statuit.</strong></span> <span class='ocrx_word' id='word_1_848' title='bbox 2438 4886 2513 4941; x_wconf 86' lang='lat' dir='ltr'><strong>De</strong></span> <span class='ocrx_word' id='word_1_849' title='bbox 2546 4883 2773 4940; x_wconf 88' lang='lat' dir='ltr'><strong>Bacchis</strong></span> <span class='ocrx_word' id='word_1_850' title='bbox 2800 4900 2853 4938; x_wconf 92' lang='lat' dir='ltr'><strong>v.</strong></span> <span class='ocrx_word' id='word_1_851' title='bbox 2889 4883 3213 4938; x_wconf 80' lang='lat' dir='ltr'><strong>Crcuzcrum</strong></span> <span class='ocrx_word' id='word_1_852' title='bbox 3249 4898 3345 4949; x_wconf 88' lang='grc' dir='ltr'><strong>ιιι,</strong></span> <span class='ocrx_word' id='word_1_853' title='bbox 3384 4883 3506 4937; x_wconf 83' lang='grc'>186.</span> 
     </span>
    </p>
   </div>
   <div class='ocr_carea' id='block_1_117' title="bbox 2100 4954 3625 5023">
    <p class='ocr_par' dir='ltr' id='par_1_117' title="bbox 2100 4954 3625 5023">
     <span class='ocr_line' id='line_1_117' title="bbox 2100 4954 3625 5023; baseline -0.002 -12"><span class='ocrx_word' id='word_1_854' title='bbox 2100 4960 2113 5011; x_wconf 84' lang='lat' dir='ltr'><strong>i</strong></span> <span class='ocrx_word' id='word_1_855' title='bbox 2164 4958 2369 5014; x_wconf 81' lang='lat' dir='ltr'><strong>Arnob.</strong></span> <span class='ocrx_word' id='word_1_856' title='bbox 2418 4974 2448 5011; x_wconf 90' lang='lat' dir='ltr'><strong>v</strong></span> <span class='ocrx_word' id='word_1_857' title='bbox 2475 5001 2488 5020; x_wconf 87' lang='lat'><strong>,</strong></span> <span class='ocrx_word' id='word_1_858' title='bbox 2522 4974 2572 5012; x_wconf 91' lang='lat' dir='ltr'><strong>c.</strong></span> <span class='ocrx_word' id='word_1_859' title='bbox 2608 4956 2694 5011; x_wconf 86' lang='lat' dir='ltr'><strong>l9.</strong></span> <span class='ocrx_word' id='word_1_860' title='bbox 2739 4955 3091 5011; x_wconf 82' lang='lat' dir='ltr'><strong>Bacchanalia</strong></span> <span class='ocrx_word' id='word_1_861' title='bbox 3144 4954 3625 5023; x_wconf 64' lang='lat' dir='ltr'><strong>prmtermittamus</strong></span> 
     </span>
    </p>
   </div>
   <div class='ocr_carea' id='block_1_118' title="bbox 2024 5026 3631 5099">
    <p class='ocr_par' dir='ltr' id='par_1_118' title="bbox 2024 5026 3631 5099">
     <span class='ocr_line' id='line_1_118' title="bbox 2024 5026 3631 5099; baseline -0.004 -13"><span class='ocrx_word' id='word_1_862' title='bbox 2024 5031 2380 5087; x_wconf 89' lang='lat' dir='ltr'><strong>immania....</strong></span> <span class='ocrx_word' id='word_1_863' title='bbox 2419 5030 2472 5084; x_wconf 89' lang='lat' dir='ltr'><strong>in</strong></span> <span class='ocrx_word' id='word_1_864' title='bbox 2508 5029 2705 5099; x_wconf 86' lang='lat' dir='ltr'><strong>quibus</strong></span> <span class='ocrx_word' id='word_1_865' title='bbox 2748 5028 2935 5082; x_wconf 90' lang='lat' dir='ltr'><strong>furore</strong></span> <span class='ocrx_word' id='word_1_866' title='bbox 2976 5026 3320 5080; x_wconf 83' lang='lat' dir='ltr'><strong>men!ito.....</strong></span> <span class='ocrx_word' id='word_1_867' title='bbox 3344 5067 3358 5091; x_wconf 95' lang='lat'><strong>,</strong></span> <span class='ocrx_word' id='word_1_868' title='bbox 3396 5027 3631 5079; x_wconf 88' lang='lat' dir='ltr'><strong>cireum-</strong></span> 
     </span>
    </p>
   </div>
   <div class='ocr_carea' id='block_1_119' title="bbox 2024 5100 3628 5172">
    <p class='ocr_par' dir='ltr' id='par_1_119' title="bbox 2024 5100 3628 5172">
     <span class='ocr_line' id='line_1_119' title="bbox 2024 5100 3628 5172; baseline -0.005 -15"><span class='ocrx_word' id='word_1_869' title='bbox 2024 5104 2240 5172; x_wconf 81' lang='lat' dir='ltr'><strong>plicatis</strong></span> <span class='ocrx_word' id='word_1_870' title='bbox 2268 5116 2364 5155; x_wconf 91' lang='lat' dir='ltr'><strong>vos</strong></span> <span class='ocrx_word' id='word_1_871' title='bbox 2391 5102 2984 5172; x_wconf 85' lang='lat' dir='ltr'><strong>anguibus,_atqne.....</strong></span> <span class='ocrx_word' id='word_1_872' title='bbox 3012 5112 3299 5172; x_wconf 84' lang='lat' dir='ltr'><strong>caprorum</strong></span> <span class='ocrx_word' id='word_1_873' title='bbox 3324 5100 3628 5172; x_wconf 82' lang='lat' dir='ltr'><strong>reclaman-</strong></span> 
     </span>
    </p>
   </div>
   <div class='ocr_carea' id='block_1_120' title="bbox 2023 5169 3624 5237">
    <p class='ocr_par' dir='ltr' id='par_1_120' title="bbox 2023 5169 3624 5237">
     <span class='ocr_line' id='line_1_120' title="bbox 2023 5169 3624 5237; baseline -0.006 -6"><span class='ocrx_word' id='word_1_874' title='bbox 2023 5169 2159 5230; x_wconf 72' lang='lat' dir='ltr'><strong>tium</strong></span> <span class='ocrx_word' id='word_1_875' title='bbox 2189 5175 2394 5228; x_wconf 88' lang='lat' dir='ltr'><strong>viscera</strong></span> <span class='ocrx_word' id='word_1_876' title='bbox 2428 5169 2730 5227; x_wconf 77' lang='lat' dir='ltr'><strong>cruentatis</strong></span> <span class='ocrx_word' id='word_1_877' title='bbox 2770 5170 2958 5224; x_wconf 87' lang='lat' dir='ltr'><strong>oribus</strong></span> <span class='ocrx_word' id='word_1_878' title='bbox 2988 5171 3289 5237; x_wconf 82' lang='lat' dir='ltr'><strong>dissipatis.</strong></span> <span class='ocrx_word' id='word_1_879' title='bbox 3324 5170 3624 5226; x_wconf 85' lang='lat' dir='ltr'><strong>Scholiast.</strong></span> 
     </span>
    </p>
   </div>
   <div class='ocr_carea' id='block_1_121' title="bbox 2024 5241 3628 5319">
    <p class='ocr_par' dir='ltr' id='par_1_121' title="bbox 2024 5241 3628 5319">
     <span class='ocr_line' id='line_1_121' title="bbox 2024 5241 3628 5319; baseline -0.003 -18"><span class='ocrx_word' id='word_1_880' title='bbox 2024 5246 2302 5317; x_wconf 82' lang='lat' dir='ltr'><strong>Lycophr.</strong></span> <span class='ocrx_word' id='word_1_881' title='bbox 2334 5258 2385 5319; x_wconf 78' lang='lat' dir='ltr'><strong>v.</strong></span> <span class='ocrx_word' id='word_1_882' title='bbox 2458 5244 2547 5299; x_wconf 66' lang='grc'><strong>45.</strong></span> <span class='ocrx_word' id='word_1_883' title='bbox 2578 5243 2652 5319; x_wconf 66' lang='lat' dir='ltr'><strong>De</strong></span> <span class='ocrx_word' id='word_1_884' title='bbox 2682 5241 2909 5319; x_wconf 59' lang='lat' dir='ltr'><strong>Bacchis</strong></span> <span class='ocrx_word' id='word_1_885' title='bbox 2942 5258 2955 5295; x_wconf 87' lang='lat'><strong>:</strong></span> <span class='ocrx_word' id='word_1_886' title='bbox 2984 5251 3226 5319; x_wconf 63' lang='lat' dir='ltr'><strong>nsptfryov</strong></span> <span class='ocrx_word' id='word_1_887' title='bbox 3259 5246 3446 5319; x_wconf 59' lang='lat' dir='ltr'><strong>aiataiat;</strong></span> <span class='ocrx_word' id='word_1_888' title='bbox 3471 5244 3628 5319; x_wconf 60' lang='grc' dir='ltr'><strong>χερσὶ</strong></span> 
     </span>
    </p>
   </div>
   <div class='ocr_carea' id='block_1_122' title="bbox 2024 5313 3632 5392">
    <p class='ocr_par' dir='ltr' id='par_1_122' title="bbox 2024 5313 3632 5392">
     <span class='ocr_line' id='line_1_122' title="bbox 2024 5313 3632 5392; baseline -0.004 -19"><span class='ocrx_word' id='word_1_889' title='bbox 2024 5313 2230 5392; x_wconf 49' lang='lat' dir='ltr'><strong>agam};</strong></span> <span class='ocrx_word' id='word_1_890' title='bbox 2282 5316 2368 5370; x_wconf 79' lang='grc' dir='ltr'><strong>καὶ</strong></span> <span class='ocrx_word' id='word_1_891' title='bbox 2407 5317 2560 5392; x_wconf 55' lang='grc' dir='ltr'><strong>ἕτερα</strong></span> <span class='ocrx_word' id='word_1_892' title='bbox 2588 5316 2759 5392; x_wconf 53' lang='lat' dir='ltr'><strong>eripiet,</strong></span> <span class='ocrx_word' id='word_1_893' title='bbox 2815 5313 3095 5392; x_wconf 56' lang='grc' dir='ltr'><strong>δράκοιιτάς</strong></span> <span class='ocrx_word' id='word_1_894' title='bbox 3144 5313 3198 5371; x_wconf 81' lang='grc' dir='ltr'><strong>δὲ</strong></span> <span class='ocrx_word' id='word_1_895' title='bbox 3221 5316 3450 5391; x_wconf 79' lang='grc' dir='ltr'><strong>περὶτάς</strong></span> <span class='ocrx_word' id='word_1_896' title='bbox 3475 5313 3632 5384; x_wconf 67' lang='grc' dir='ltr'><em>κόμας</em></span> 
     </span>
    </p>
   </div>
   <div class='ocr_carea' id='block_1_123' title="bbox 2028 5333 3632 5463">
    <p class='ocr_par' dir='ltr' id='par_1_123' title="bbox 2028 5333 3632 5463">
     <span class='ocr_line' id='line_1_123' title="bbox 2028 5333 3632 5443; baseline -0.004 -70"><span class='ocrx_word' id='word_1_897' title='bbox 2028 5333 2230 5377; x_wconf 75' lang='grc' dir='ltr'><strong>Αεοντας</strong></span> <span class='ocrx_word' id='word_1_898' title='bbox 2282 5336 2368 5370; x_wconf 78' lang='grc' dir='ltr'><strong>και</strong></span> <span class='ocrx_word' id='word_1_899' title='bbox 2407 5333 2560 5392; x_wconf 73' lang='grc' dir='ltr'><strong>ετερα</strong></span> <span class='ocrx_word' id='word_1_900' title='bbox 2588 5333 2759 5443; x_wconf 42' lang='lat' dir='ltr'><strong>mala,</strong></span> <span class='ocrx_word' id='word_1_901' title='bbox 2815 5333 3095 5390; x_wconf 77' lang='grc' dir='ltr'><strong>ορακοντας</strong></span> <span class='ocrx_word' id='word_1_902' title='bbox 3144 5333 3198 5371; x_wconf 79' lang='grc' dir='ltr'><strong>οε</strong></span> <span class='ocrx_word' id='word_1_903' title='bbox 3221 5334 3341 5391; x_wconf 79' lang='grc' dir='ltr'><strong>περι</strong></span> <span class='ocrx_word' id='word_1_904' title='bbox 3360 5335 3450 5374; x_wconf 83' lang='grc' dir='ltr'><strong>τας</strong></span> <span class='ocrx_word' id='word_1_905' title='bbox 3475 5333 3632 5384; x_wconf 74' lang='grc' dir='ltr'><em>κομας</em></span> 
     </span>
     <span class='ocr_line' id='line_1_124' title="bbox 2028 5387 3632 5463; baseline -0.006 -17"><span class='ocrx_word' id='word_1_906' title='bbox 2028 5387 2621 5463; x_wconf 15' lang='grc' dir='ltr'><strong>εἶχονγᾷσῖτειρῃμένρυς.</strong></span> <span class='ocrx_word' id='word_1_907' title='bbox 2647 5457 2658 5463; x_wconf 86' lang='lat'><strong>_</strong></span> <span class='ocrx_word' id='word_1_908' title='bbox 2687 5459 2696 5463; x_wconf 92' lang='lat'><strong>_</strong></span> <span class='ocrx_word' id='word_1_909' title='bbox 2724 5400 2847 5463; x_wconf 70' lang='grc' dir='ltr'><strong>ρον.</strong></span> <span class='ocrx_word' id='word_1_910' title='bbox 2876 5417 2943 5425; x_wconf 93' lang='grc'><strong><em>-</em></strong></span> <span class='ocrx_word' id='word_1_911' title='bbox 2969 5388 3317 5463; x_wconf 37' lang='lat' dir='ltr'><strong>Draconesﬁv.</strong></span> <span class='ocrx_word' id='word_1_912' title='bbox 3347 5394 3632 5454; x_wconf 64' lang='lat' dir='ltr'><strong>serpentes</strong></span> 
     </span>
    </p>
   </div>
   <div class='ocr_carea' id='block_1_124' title="bbox 2030 5455 3634 5531">
    <p class='ocr_par' dir='ltr' id='par_1_124' title="bbox 2030 5455 3634 5531">
     <span class='ocr_line' id='line_1_125' title="bbox 2030 5455 3634 5531; baseline -0.004 -15"><span class='ocrx_word' id='word_1_913' title='bbox 2030 5455 2088 5516; x_wconf 79' lang='lat' dir='ltr'><strong>in</strong></span> <span class='ocrx_word' id='word_1_914' title='bbox 2099 5455 2472 5531; x_wconf 52' lang='lat' dir='ltr'><strong>religionibus</strong></span> <span class='ocrx_word' id='word_1_915' title='bbox 2502 5457 2784 5515; x_wconf 87' lang='lat' dir='ltr'><strong>Bacehicis</strong></span> <span class='ocrx_word' id='word_1_916' title='bbox 2806 5467 3201 5514; x_wconf 88' lang='lat' dir='ltr'><strong>commemorat</strong></span> <span class='ocrx_word' id='word_1_917' title='bbox 3228 5455 3529 5512; x_wconf 85' lang='lat' dir='ltr'><strong>Creuzerns</strong></span> <span class='ocrx_word' id='word_1_918' title='bbox 3552 5471 3634 5523; x_wconf 85' lang='grc' dir='ltr'><strong>ιιι,</strong></span> 
     </span>
    </p>
   </div>
   <div class='ocr_carea' id='block_1_125' title="bbox 2106 5601 2917 5668">
    <p class='ocr_par' dir='ltr' id='par_1_125' title="bbox 2106 5601 2917 5668">
     <span class='ocr_line' id='line_1_126' title="bbox 2106 5601 2917 5668; baseline -0.005 -9"><span class='ocrx_word' id='word_1_919' title='bbox 2106 5604 2129 5643; x_wconf 60' lang='lat' dir='ltr'><strong>it</strong></span> <span class='ocrx_word' id='word_1_920' title='bbox 2176 5602 2398 5663; x_wconf 86' lang='lat' dir='ltr'><strong>Homeri</strong></span> <span class='ocrx_word' id='word_1_921' title='bbox 2428 5601 2580 5658; x_wconf 86' lang='lat' dir='ltr'><strong>Iliad.</strong></span> <span class='ocrx_word' id='word_1_922' title='bbox 2617 5601 2685 5668; x_wconf 89' lang='lat' dir='ltr'><strong>z’,</strong></span> <span class='ocrx_word' id='word_1_923' title='bbox 2710 5616 2763 5655; x_wconf 78' lang='grc' dir='ltr'><strong>ν.</strong></span> <span class='ocrx_word' id='word_1_924' title='bbox 2792 5601 2917 5658; x_wconf 75' lang='grc'><strong>155.</strong></span> 
     </span>
    </p>
   </div>
   <div class='ocr_carea' id='block_1_126' title="bbox 2114 5671 3633 5738">
    <p class='ocr_par' dir='ltr' id='par_1_126' title="bbox 2114 5671 3633 5738">
     <span class='ocr_line' id='line_1_127' title="bbox 2114 5671 3633 5738; baseline -0.005 -5"><span class='ocrx_word' id='word_1_925' title='bbox 2114 5676 2129 5715; x_wconf 80' lang='lat'>1</span> <span class='ocrx_word' id='word_1_926' title='bbox 2178 5677 2328 5732; x_wconf 88' lang='lat' dir='ltr'><strong>lianc</strong></span> <span class='ocrx_word' id='word_1_927' title='bbox 2375 5673 2661 5731; x_wconf 88' lang='lat' dir='ltr'><strong>historiam</strong></span> <span class='ocrx_word' id='word_1_928' title='bbox 2706 5672 2829 5730; x_wconf 90' lang='lat' dir='ltr'><strong>fuse</strong></span> <span class='ocrx_word' id='word_1_929' title='bbox 2875 5671 3043 5727; x_wconf 88' lang='lat' dir='ltr'><strong>tradit</strong></span> <span class='ocrx_word' id='word_1_930' title='bbox 3083 5672 3308 5738; x_wconf 78' lang='lat' dir='ltr'><strong>Livius,</strong></span> <span class='ocrx_word' id='word_1_931' title='bbox 3342 5686 3543 5736; x_wconf 67' lang='lat' dir='ltr'><strong>xxxix,</strong></span> <span class='ocrx_word' id='word_1_932' title='bbox 3583 5686 3633 5726; x_wconf 90' lang='lat' dir='ltr'><strong>c.</strong></span> 
     </span>
    </p>
   </div>
   <div class='ocr_carea' id='block_1_127' title="bbox 2038 5743 3699 5807">
    <p class='ocr_par' dir='ltr' id='par_1_127' title="bbox 2038 5743 3699 5807">
     <span class='ocr_line' id='line_1_128' title="bbox 2038 5743 3699 5807; baseline -0.006 -1"><span class='ocrx_word' id='word_1_933' title='bbox 2038 5749 2193 5807; x_wconf 76' lang='lat'><strong>8-19.</strong></span> <span class='ocrx_word' id='word_1_934' title='bbox 2235 5747 2467 5803; x_wconf 85' lang='lat' dir='ltr'><strong>Celebre</strong></span> <span class='ocrx_word' id='word_1_935' title='bbox 2501 5753 2588 5801; x_wconf 89' lang='lat' dir='ltr'><strong>est</strong></span> <span class='ocrx_word' id='word_1_936' title='bbox 2617 5746 2675 5801; x_wconf 92' lang='lat' dir='ltr'><strong>S.</strong></span> <span class='ocrx_word' id='word_1_937' title='bbox 2706 5744 2768 5797; x_wconf 86' lang='lat' dir='ltr'><strong>C.</strong></span> <span class='ocrx_word' id='word_1_938' title='bbox 2801 5743 2869 5800; x_wconf 89' lang='lat' dir='ltr'><strong>de</strong></span> <span class='ocrx_word' id='word_1_939' title='bbox 2898 5745 3351 5801; x_wconf 77' lang='lat' dir='ltr'><strong>Bacchanalibus.</strong></span> <span class='ocrx_word' id='word_1_940' title='bbox 3380 5743 3464 5801; x_wconf 87' lang='lat' dir='ltr'><strong>Cf.</strong></span> <span class='ocrx_word' id='word_1_941' title='bbox 3506 5744 3644 5799; x_wconf 59' lang='lat' dir='ltr'><strong>Mat.</strong></span> <span class='ocrx_word' id='word_1_942' title='bbox 3696 5766 3699 5769; x_wconf 58' lang='grc' dir='ltr'><strong><em>λ</em></strong></span> 
     </span>
    </p>
   </div>
   <div class='ocr_carea' id='block_1_128' title="bbox 2046 5816 3588 5890">
    <p class='ocr_par' dir='ltr' id='par_1_128' title="bbox 2046 5816 3588 5890">
     <span class='ocr_line' id='line_1_129' title="bbox 2046 5816 3588 5890; baseline -0.002 -12"><span class='ocrx_word' id='word_1_943' title='bbox 2046 5822 2244 5878; x_wconf 76' lang='lat' dir='ltr'><strong>tineam</strong></span> <span class='ocrx_word' id='word_1_944' title='bbox 2271 5818 2590 5890; x_wconf 61' lang='lat' dir='ltr'><strong>Egyptium</strong></span> <span class='ocrx_word' id='word_1_945' title='bbox 2620 5818 2675 5875; x_wconf 90' lang='lat' dir='ltr'><strong>in</strong></span> <span class='ocrx_word' id='word_1_946' title='bbox 2699 5818 2754 5876; x_wconf 85' lang='lat' dir='ltr'><strong>S.</strong></span> <span class='ocrx_word' id='word_1_947' title='bbox 2784 5816 2843 5874; x_wconf 89' lang='lat' dir='ltr'><strong>C.</strong></span> <span class='ocrx_word' id='word_1_948' title='bbox 2873 5817 2940 5874; x_wconf 88' lang='lat' dir='ltr'><strong>de</strong></span> <span class='ocrx_word' id='word_1_949' title='bbox 2970 5816 3400 5879; x_wconf 84' lang='lat' dir='ltr'><strong>Bacchanalibus</strong></span> <span class='ocrx_word' id='word_1_950' title='bbox 3432 5827 3488 5877; x_wconf 86' lang='lat' dir='ltr'><strong>et</strong></span> <span class='ocrx_word' id='word_1_951' title='bbox 3509 5816 3588 5888; x_wconf 75' lang='lat' dir='ltr'><strong>By</strong></span> 
     </span>
    </p>
   </div>
  </div>
