4024 6192
521 216 627 277 999

1740 210 1909 273 IUL"
1947 206 2209 273 FlllMlCl
2248 209 2559 275 MATERNI

3654 221 3762 281 1000

521 354 680 410 quam
724 337 1038 409 peregrinas
1087 330 1505 409 superstitiones
1555 334 1836 392 dissolutis
1878 336 2121 392 moribus
2147 335 2198 398 Α
2226 338 2373 404 culo,
2431 339 2620 395 scissis
2653 339 2921 410 vestibus,
2976 339 3236 399 laceratis
3294 340 3533 400 crinibus
3571 344 3758 403 ducitur.

518 431 810 502 appetebat
841 450 853 486 :
889 442 1022 486 tunc
1050 447 1152 488 nec
1176 440 1399 487 senatus
1427 430 1639 486 consuli
1670 445 1770 485 nec
1806 429 1953 500 leges
1994 429 2119 483 Rei-

520 525 752 597 publicae
781 540 883 580 nec
920 526 1113 581 consul
1150 524 1363 596 legibus
1390 524 1579 579 defuit.
1626 523 1731 580 Sed
1781 522 2119 592 investigatis

518 619 806 683 omnibus,
838 618 928 687 qui
974 620 1134 689 hujus
1166 620 1306 675 sacri
1347 620 1616 675 scelerata
1659 628 1967 673 commenta
2010 625 2119 671 tra-

516 713 750 779 debant,
779 722 971 768 contra
1000 728 1195 769 omnes
1224 728 1439 778 servos,
1467 712 1637 767 immo
1669 711 1947 767 Romanos
1969 725 2115 781 quae-

516 806 714 862 etionis
744 807 993 861 examine
1028 806 1276 877 capitalis
1305 822 1465 875 poena
1492 805 1560 860 de
1594 815 1818 861 senatus
1843 803 2117 859 sententia

517 900 739 957 decreta
781 910 885 956 est.
937 900 1047 956 Nee
1096 910 1203 955 tam
1258 900 1349 955 diu
1396 900 1639 955 vindices
1681 899 1846 970 gladii
1878 896 2119 953 consulis

519 994 915 1067 conquierunt,
965 993 1224 1064 quamdiu
1257 993 1361 1048 hoc
1393 995 1594 1049 malum
1627 993 1823 1047 fuisset
1858 992 2119 1046 radicitus

522 1098 883 1158 amputatum.
910 1084 954 1141 Ο
977 1086 1135 1157 digna
1154 1086 1405 1140 Romano
1429 1085 1648 1140 nomine
1677 1083 2113 1139 animadversio!

519 1180 563 1234 Ο
596 1180 788 1249 prisca:
821 1178 1042 1233 virtutis
1075 1177 1342 1232 laudanda
1370 1178 1720 1249 constantia!
1762 1192 1861 1231 nec
1907 1176 2119 1232 civibus

519 1271 631 1326 suis
667 1270 859 1324 consul
907 1285 1132 1340 parcere
1160 1270 1367 1335 voluit,
1397 1286 1520 1325 cum
1549 1269 1621 1324 ob
1663 1268 1997 1340 purgandam
2027 1284 2120 1340 pa-

519 1366 676 1421 triam
709 1366 993 1436 peregrina
1025 1366 1151 1420 vitia
1181 1366 1548 1435 corriguntur.

1139 1456 1366 1513 CAPUT
1408 1457 1516 1512 VII.

514 1551 715 1608 Libera
742 1552 818 1607 uel
847 1550 1182 1621 Proserpina:
1222 1553 1493 1607 historiam
1524 1552 1769 1622 exponit,
1801 1560 1847 1607 et
1873 1550 2117 1606 Liberum

734 1663 826 1715 pro
857 1646 988 1712 sole,
1026 1645 1263 1700 Liberam
1292 1663 1386 1716 pro
1409 1648 1535 1699 [una
1554 1646 1657 1699 coli
1688 1646 1893 1699 asserit.

2221 429 2331 485 Nec
2388 432 2654 488 reservati
2706 449 2914 505 ungues
2938 436 3151 497 [contra
3202 444 3508 491 amatorem
3554 440 3763 496 rusticum

2220 522 2425 593 aliquid
2461 524 2804 595 profuerunt,
2848 542 2950 583 nec
2974 528 3179 583 clamor
3210 538 3377 600 atque
3406 529 3623 585 ululatus
3645 532 3763 603 adju-

2223 621 2321 686 vit,
2370 636 2472 677 nec
2498 629 2822 679 caeterarum
2870 623 3132 694 strepitus
3175 625 3507 697 puellarum.
3537 627 3669 683 Tunc
3688 644 3766 685 una

2221 711 2384 768 celeri
2410 728 2598 781 cursu,
2624 730 2747 771 cum
2769 715 2838 771 de
2852 714 3080 774 civitate
3106 732 3267 773 nemo
3291 730 3643 786 succurreret,
3662 720 3768 778 iacta

2221 819 2287 860 ex
2324 805 2441 875 ipso
2472 807 2671 863 timore
2700 808 2963 877 velocior,
2994 809 3151 864 matri
3180 819 3402 881 raptum
3438 810 3646 881 virginis
3667 829 3768 869 nun~

2224 897 2341 952 tiat.
2398 898 2598 954 Contra
2654 909 2929 972 raptorem
2986 901 3263 973 indignata
3313 912 3509 968 mater,
3557 915 3767 961 armatam

2221 1004 2440 1045 manum
2473 991 2645 1046 ducit.
2678 992 2791 1047 Nec
2819 993 3107 1049 Plutonem
3131 993 3383 1049 mulieris
3410 993 3593 1049 fefellit
3614 996 3770 1051 adven-

2222 1090 2333 1147 tus,
2367 1082 2464 1138 sed
2498 1084 2799 1140 utretorsit
2824 1085 2890 1141 ad
2918 1087 3191 1143 civitatem
3232 1087 3430 1142 oculos
3452 1130 3466 1153 ,
3496 1097 3548 1143 et
3583 1088 3768 1145 infinitos

2220 1191 2425 1232 cuneos
2475 1178 2715 1247 respexit
2762 1179 2947 1235 venire
2970 1189 3319 1244 cummatre,
3365 1182 3627 1236 funesmm
3662 1183 3770 1251 cepit

2221 1282 2286 1323 ex
2334 1267 2716 1339 desperatione
2756 1273 3071 1327 consilium.
3101 1272 3459 1343 Quadrigam,
3502 1288 3614 1344 qnze
3654 1274 3769 1328 vehi.

2221 1362 2403 1415 culum
2454 1361 2729 1428 trahebat.
2777 1380 2875 1435 per
2903 1366 3141 1422 medium
3190 1367 3371 1423 lacum
3400 1366 3597 1437 dirigit.
3620 1367 3663 1422 is
3684 1376 3771 1422 erat

2221 1454 2503 1524 profundis
2546 1457 2904 1527 voraginibus
2947 1458 3263 1527 immersus,
3318 1458 3434 1516 illic
3478 1476 3594 1516 cum
3631 1471 3767 1516 amata

2220 1546 2537 1603 submersus
2567 1549 2799 1617 virgine,
2834 1552 3155 1607 miserandae
3184 1553 3349 1607 matri
3392 1552 3460 1608 de
3488 1562 3648 1609 morte
3678 1553 3769 1607 lilia

2222 1639 2497 1695 funestum
2531 1643 2904 1711 spectaculum
2940 1644 3197 1714 pra-buit.
3230 1644 3573 1712 Hennenses,
3600 1654 3651 1699 ut
3674 1658 3767 1715 pos-

589 1738 845 1808 Sequitur
869 1737 1010 1793 hanc
1050 1740 1193 1793 sacri
1232 1740 1637 1809 contagionem,
1672 1748 1727 1793 et
1757 1739 1999 1793 imitatur
2026 1753 2114 1792 or-
2142 1730 2191 1792 B
2221 1742 2347 1787 sent
2390 1734 2655 1789 maternis
2712 1734 2952 1789 luctibus
3002 1752 3068 1791 ex
3113 1738 3304 1809 aliqua
3358 1745 3514 1806 parte
3570 1735 3769 1791 invenire

514 1827 697 1885 dinem
725 1828 959 1896 funeris,
987 1845 1017 1884 a
1048 1828 1287 1897 Cerere,
1329 1830 1606 1886 Hennensi
1636 1829 1863 1885 muliere
1886 1840 1934 1897 τι,
1969 1844 2117 1885 mors

517 1923 643 1978 filim
688 1931 1029 1978 consecrata.
1082 1923 1214 1978 Nam
1248 1923 1510 1994 quidquid
1553 1923 1607 1977 in
1672 1923 1833 1979 Creta
1866 1932 2021 1991 pater
2046 1923 2117 1977 ob

517 2016 689 2071 ﬁlium
742 2016 990 2084 fecerat,
1047 2017 1153 2073 hoc
1212 2026 1385 2073 totum
1455 2018 1619 2072 Ceres
1668 2017 1808 2086 apud
1868 2016 2114 2071 Hennam

516 2112 714 2167 amissa
747 2112 893 2177 filia,
931 2111 1271 2181 impatientia
1318 2113 1553 2167 materni
1597 2111 1803 2167 doloris
1846 2110 2113 2176 instituit,

513 2204 658 2275 quod
689 2214 959 2274 quatenus
989 2204 1189 2260 factum
1218 2206 1323 2271 sit,
1369 2205 1523 2260 brevi
1561 2220 1815 2260 sermone
1844 2204 2115 2274 perstrin-

512 2312 659 2369 gam.
709 2296 934 2352 Unicam
982 2296 1204 2354 Cereris
1239 2299 1445 2366 tiliam,
1495 2314 1655 2367 quam
1705 2299 1880 2355 Grzuci
1928 2311 2117 2376 Περσε-

514 2388 684 2463 φόνην,
711 2391 881 2446 nostri
910 2394 1194 2446 immutate
1216 2407 1472 2448 sermone
1495 2393 1880 2463 Proserpinam
1904 2392 2115 2456 dicunt,

511 2482 581 2538 ad
610 2484 902 2552 conjugale
932 2485 1272 2540 consortium
1296 2486 1479 2555 plures
1511 2486 1787 2555 petebant.
1813 2486 1981 2540 Mater
2010 2486 2117 2540 sol-

512 2577 665 2633 licite
686 2577 755 2632 de
782 2578 1121 2649 singulorum
1143 2581 1357 2635 meritis
1382 2580 1678 2648 judicabat.
1706 2580 1771 2633 Et
1798 2595 1918 2635 cum
1942 2578 2116 2633 adhuc

510 2669 768 2724 omnibus
809 2670 999 2724 matris
1047 2670 1321 2725 sententia
1365 2669 1643 2725 videretur
1680 2670 1916 2735 incerta,
1965 2670 2114 2724 dives

508 2764 751 2818 rusticus
773 2803 789 2829 ,
818 2764 905 2818 cui
937 2772 1162 2832 prepter
1194 2763 1416 2817 divitias
1445 2765 1676 2820 Πλούτων
1724 2762 1826 2817 fuit
1870 2779 2068 2818 nomen
2096 2805 2110 2828 ,

509 2855 803 2909 temerario
844 2854 1165 2924 cupiditatis
1202 2854 1433 2923 ardore,
1476 2871 1598 2910 eum
1650 2870 1859 2909 moram
1896 2855 2115 2911 dilatio-

508 2946 596 3001 nis
623 2945 769 3002 ferre
802 2960 908 3001 non
942 2956 1161 3017 posset,
1195 2954 1251 3002 et
1284 2962 1407 3001 cum
1443 2947 1512 3003 de
1554 2947 1875 3018 praeposteri
1911 2949 2114 3004 amoris

508 3048 944 3109 conquereretur
978 3040 1245 3095 incendiis
1269 3080 1285 3106 ,
1329 3054 1499 3110 prope
1529 3041 1755 3095 Percum
1778 3040 1805 3079 ι)
1836 3043 2109 3097 inventam

2218 1825 2492 1889 solatium,
2528 1826 2826 1883 inferorum
2855 1845 3038 1899 regem
3066 1830 3348 1903 virginem
3371 1831 3604 1903 rapuisse
3634 1831 3769 1885 tinxe-

2217 1928 2365 1973 runt.
2399 1919 2465 1973 Et
2495 1927 2552 1974 ut
2581 1918 2720 1975 ﬁdes
2754 1920 3069 1992 figmentum
3098 1934 3447 1993 sequeretur,
3471 1939 3626 1995 prope
3644 1922 3769 1995 Syra-

2218 2030 2379 2070 cusas
2405 2011 2428 2051 ἀ
2464 2031 2588 2071 eum
2622 2031 2719 2085 per
2738 2016 2904 2071 alium
2942 2017 3120 2073 locum
3144 2034 3269 2074 cum
3302 2020 3511 2090 virgine
3531 2019 3767 2074 emersisse

2213 2108 2507 2180 jactarunt.
2533 2110 2823 2182 Templum
2840 2127 2973 2167 sane
2987 2121 3041 2167 et
3054 2114 3264 2181 raptori
3289 2114 3547 2185 etvirgini
3568 2122 3766 2168 accurate

2218 2202 2435 2257 collatis
2489 2204 2797 2273 sumptibus
2847 2204 3077 2274 faciunt,
3125 2216 3147 2242 ο
3184 2216 3240 2262 et
3293 2222 3471 2261 annua
3519 2208 3567 2261 in
3607 2204 3765 2274 templo

2217 2306 2341 2352 vota
2370 2296 2692 2352 decernunt.
2729 2297 2837 2353 Sed
2866 2299 3015 2353 nullo
3040 2314 3253 2370 genere
3282 2299 3472 2355 matris
3507 2299 3649 2355 dolor
3670 2298 3760 2351 vin-

2217 2390 2380 2457 citur,
2416 2405 2517 2446 nec
2552 2390 2836 2446 muliebris
2858 2391 3221 2462 impatientia:
3245 2400 3515 2448 tormenta
3537 2398 3761 2447 curantur.

2217 2485 2325 2541 Sed
2356 2485 2585 2540 credens
2613 2500 2740 2540 vere
2763 2484 2927 2539 filiam
2961 2502 3129 2556 prope
3153 2486 3459 2557 Syracusas
3484 2499 3597 2541 esse
3616 2485 3761 2545 visam,

2218 2578 2555 2647 Triptolemo
2586 2579 2769 2633 villico
2806 2594 2905 2633 suo
2932 2578 3094 2645 duce,
3119 2580 3411 2635 nocturnis
3440 2577 3693 2633 itineribus
3716 2572 3763 2628 ad

2218 2671 2578 2744 Syracusanae
2600 2672 2839 2726 civitatis
2856 2671 3008 2726 littus
3030 2687 3153 2726 cum
3183 2671 3407 2741 lugubri
3440 2680 3579 2727 veste
3599 2684 3653 2724 ac
3672 2682 3761 2721 sor-

2218 2764 2348 2820 dido
2394 2766 2651 2836 squalore
2702 2764 2992 2836 pervenit,
3037 2779 3136 2820 nec
3165 2764 3252 2821 illi
3283 2764 3473 2825 defuit.
3503 2764 3585 2835 qui
3613 2759 3761 2816 credu-

2219 2858 2324 2913 lem
2353 2857 2421 2913 de
2449 2857 2852 2913 calamitatibus
2879 2858 2993 2911 suis
3017 2856 3240 2912 falleret
3286 2868 3531 2913 matrem.
3567 2853 3691 2909 Tunc
3707 2849 3761 2904 ait

2216 2966 2277 3007 se
2332 2950 2635 3017 Pandarus,
2681 2950 2867 3005 nescio
2897 2950 3040 3020 quis,
3090 2949 3306 3007 vidisse
3332 2966 3438 3005 non
3468 2946 3658 3017 longea
3687 2943 3760 2998 Pa-

2215 3044 2393 3115 chyno
2444 3059 2636 3098 navem
2707 3052 2984 3114 raptorem
3043 3044 3367 3100 ascendisse
3411 3058 3527 3098 cum
3578 3038 3755 3107 virgine.

504 3132 769 3203 virginem
803 3132 963 3202 rapit.
994 3132 1195 3187 Percus
1223 3142 1405 3187 autem
1455 3134 1604 3187 lacus
1627 3134 1678 3185 in
1726 3132 1930 3188 Hennae
1978 3136 2107 3189 civi-
2140 3114 2184 3177 (ἶ
2218 3114 2541 3193 Persuasum
2591 3147 2676 3193 est
2706 3136 2945 3201 mulieri,
2992 3154 3114 3207 qua:
3140 3140 3392 3209 quolibet
3416 3149 3599 3209 genere
3617 3132 3758 3187 vivere

505 3228 635 3281 tatis
663 3225 862 3280 finibus
891 3225 1028 3280 satis
1054 3240 1302 3281 amoenus
1328 3234 1383 3280 et
1410 3234 1617 3295 gratus,
1649 3225 1801 3294 cujus
1826 3228 2111 3283 ammnitas

505 3336 573 3378 ex
634 3320 827 3376 ﬂorum
874 3318 1227 3374 varietatibus
1275 3320 1534 3373 nascitur.
1588 3317 1721 3373 Nam
1757 3334 1850 3388 per
1892 3336 2107 3375 omnem

504 3431 709 3471 annum
738 3413 974 3469 vicissim
1010 3412 1113 3468 sibi
1141 3412 1564 3468 succedentibus
1612 3411 1837 3467 ﬂoribus
1879 3428 2111 3469 corona-

505 3517 616 3564 tur.
651 3507 766 3563 Illic
810 3506 1054 3562 invenies
1095 3506 1352 3577 quidquid
1385 3505 1662 3577 hyacinthi
1692 3517 1869 3578 turget
1902 3508 1953 3562 in
1985 3523 2109 3564 cau-

505 3603 654 3670 lem;
688 3602 805 3657 illic
835 3617 1047 3658 comam
1081 3603 1337 3667 narcissi,
1366 3602 1449 3656 vel
1482 3600 1625 3672 quod
1656 3617 1878 3657 auream
1925 3618 2105 3658 rosam

503 3695 744 3767 desuper
775 3695 945 3766 pingit
971 3713 983 3749 :
1010 3696 1121 3750 illic
1149 3695 1287 3749 albae
1316 3694 1535 3750 hederae
1565 3710 1665 3765 per
1693 3707 1894 3750 terram
1925 3696 2106 3751 molli-

504 3797 588 3843 ter
620 3799 871 3857 serpunt,
904 3798 1104 3843 etcum
1130 3789 1421 3858 purpureis
1450 3789 1611 3842 violis
1638 3790 1879 3844 suaviter
1908 3792 2107 3847 rubens

503 3896 796 3937 amaracus
846 3882 1164 3937 invenitur:
1222 3898 1325 3938 nec
1367 3897 1622 3938 coronam
1667 3884 1825 3938 istam
1864 3885 1981 3940 alba
2014 3887 2107 3942 dc-

502 3982 693 4029 serunt
742 3973 878 4027 lilia.
922 3974 1156 4029 Prorsus
1207 3986 1368 4045 aptus
1418 3975 1588 4042 locus,
1636 3977 1726 4045 qui
1776 3978 1949 4047 gratia
2007 3994 2103 4035 sua

502 4067 780 4138 puellares
806 4066 1022 4121 animos
1070 4076 1126 4121 et
1155 4066 1411 4124 invitaret
1442 4069 1647 4138 pariter
1674 4076 1729 4124 et
1773 4082 2001 4129 teneret.
2046 4074 2102 4129 In

503 4159 609 4216 hoc
659 4160 820 4228 loco,
871 4175 995 4216 cum
1042 4175 1073 4214 a
1109 4158 1341 4216 Plutone
1386 4162 1542 4232 virgo
1591 4177 1759 4232 prope
1818 4180 2101 4236 vesperam

496 4252 694 4310 fuisset
719 4254 964 4320 inventa,
1004 4254 1056 4309 vi
1083 4253 1317 4323 rapitur,
1354 4264 1376 4293 ο
1409 4261 1465 4309 et
1489 4254 1913 4325 superimposita
1950 4263 2103 4316 vehi-

503 4371 776 4429 kershoek
805 4371 873 4427 de
902 4371 1193 4441 Religione
1223 4372 1535 4441 peregrina,
1568 4371 1623 4425 in
1646 4373 1922 4441 operibus.
1968 4377 2100 4434 Ter—
2127 4383 2181 4443 D

501 4445 627 4518 tull.
659 4446 941 4514 Apuloget.
969 4459 1017 4499 c.
1054 4443 1105 4498 6.
1142 4443 1411 4518 Liberum
1431 4445 1648 4497 Patrem
1681 4460 1802 4498 cum
1830 4452 2102 4518 lltysleriis

498 4517 613 4589 suis
641 4518 1161 4589 consules,_senatus
1204 4516 1553 4589 auctoritate,
1582 4530 1705 4589 non
1732 4516 1898 4571 modo
1936 4520 2100 4589 Urbe,

500 4588 598 4642 sed
630 4588 885 4642 mtiversa
913 4587 1063 4641 Italia
1094 4586 1540 4641 eliminaverunt.
1578 4588 1650 4641 De
1676 4586 2103 4651 Bacchanalibus

495 4673 552 4715 ν.
587 4672 801 4733 quoque
841 4658 1000 4733 C_a_sp.
1049 4657 1327 4712 Barthium
1372 4660 1437 4713 ad
1486 4659 1642 4714 Statii
1677 4659 1983 4719 Thebaidos
2023 4682 2059 4721 tt
2084 4708 2098 4733 ,

502 4745 645 4787 vers.
680 4728 752 4783 74
777 4740 833 4783 et
861 4729 951 4783 77.

571 4810 599 4839 ι
638 4802 694 4855 In
724 4798 1016 4855 Trinacriae
1059 4800 1256 4874 tinibus
1284 4812 1466 4874 natam
1494 4802 1625 4856 dicit
1650 4800 1923 4862 Arnobius
1944 4823 1982 4874 ι,
2007 4807 2096 4864 56.

507 4872 659 4929 Hanc
700 4887 916 4943 quoque
963 4871 1329 4927 narrationem
1372 4872 1661 4928 Firmicum
1692 4889 1758 4929 ex
1793 4871 2100 4936 Euhemero

496 4942 747 4999 hausisse
777 4946 1049 5008 suspicor.

564 5014 592 5053 δ
623 5016 713 5070 Sc.
746 5015 945 5069 lacum.
976 5015 1135 5073 Ovid.
1169 5014 1531 5083 Metamorph.
1567 5032 1619 5077 ν,
1654 5016 1793 5071 585:

614 5093 756 5159 Haud
778 5094 944 5159 procul
964 5094 1203 5146 liennreis
1219 5096 1353 5147 lacus
1373 5104 1451 5147 est
1469 5108 1497 5145 a
1522 5096 1764 5146 moenibus
1786 5097 1916 5159 altae,

496 5215 553 5225 __
616 5156 833 5207 Nomine
859 5156 1068 5219 Pergus,
1094 5172 1250 5221 aquae.

493 5226 714 5283 Ovidius
736 5269 750 5291 ,
782 5228 1098 5282 Aristoteles
1118 5273 1132 5295 ,
1165 5231 1380 5285 Solinus
1408 5240 1461 5286 et
1492 5229 1754 5286 Diodorus
1796 5232 1969 5288 locum
1998 5233 2096 5289 llo-

494 5299 645 5355 ribus
671 5297 972 5368 omnigenis
988 5308 1043 5354 et
1064 5304 1295 5357 maxime
1320 5304 1473 5357 violis
1500 5302 1732 5357 obsitum
1759 5303 2089 5363 deseribunt.

493 5368 630 5449 Hinc
656 5372 904 5449 imaginis
922 5372 1445 5449 mutilatusvidetur
1472 5374 1756 5449 [fi-aniens.
1792 5375 1925 5432 Vide
1954 5395 2092 5449 pra:-

488 5447 635 5497 terea
656 5443 889 5496 Cluverii
921 5440 1161 5497 Siciliam
1192 5444 1320 5509 519,
1346 5446 1448 5509 2t);
1482 5445 1608 5509 5‘23,
1636 5445 1727 5500 24.

567 5524 589 5551 ο
625 5513 933 5587 ᾼροιιίιᾱοτί
964 5513 1100 5587 l_lib|i.
1137 5531 1189 5587 t,
1211 5515 1368 5587 c._5,
1401 5525 1454 5571 et
1496 5521 1678 5587 lleyne
1704 5518 1769 5573 ad
1803 5518 1856 5574 h.
1894 5520 1930 5574 l.
1971 5520 2091 5574 Dio-

486 5583 609 5637 dor.
635 5583 746 5639 Sic.
776 5600 832 5650 v,
876 5599 926 5638 c.
972 5585 1027 5639 '5.
1060 5586 1217 5641 Ovid.
1265 5585 1477 5641 Faster.
1522 5583 1595 5649 tv,
1642 5603 1783 5643 vers.
1815 5590 1923 5645 4-10
1958 5591 2085 5647 620.

487 5652 682 5732 Hygini
712 5654 1207 5732 fab‘._14_t_i.gArnob.
1238 5674 1289 5724 v,
1330 5675 1379 5713 c.
1417 5657 1509 5732 94,
1551 5658 1634 5714 Cl'.
1670 5675 1884 5732 quoque
1921 5663 2088 5719 Cleri-

486 5734 611 5778 cum
644 5723 695 5777 in
727 5722 862 5778 Bibl.
897 5725 1213 5783 Universelte
1245 5722 1315 5795 vi,
1340 5745 1393 5801 p.
1427 5730 1520 5787 55.

2220 3230 2386 3285 ﬁliam
2427 3231 2680 3302 cupiebat
2708 3230 2921 3297 audire,
2971 3231 3204 3286 intinitis
3248 3231 3466 3287 d0tibus
3507 3229 3758 3285 remaneret

2217 3323 2513 3379 civitatem.
2531 3322 2863 3394 Syracusani
2886 3324 3222 3379 liberalitate
3248 3323 3490 3380 mulieris
3516 3314 3755 3393 provocati,

2216 3426 2429 3487 raptum
2473 3416 2702 3487 virginis
2732 3427 3083 3482 consecrant,
3131 3425 3187 3473 et
3232 3416 3542 3488 mitigantes
3566 3413 3753 3468 dolorem

2217 3511 2440 3577 matris,
2500 3523 2753 3579 pompam
2808 3510 2995 3565 miseri
3047 3508 3264 3565 funeris
3306 3511 3552 3567 excolunt
3598 3505 3754 3559 honore

2217 3603 2566 3674 templorum.
2592 3603 2700 3659 Sed
2738 3618 2840 3658 nec
2873 3603 2974 3659 hoc
3002 3604 3203 3659 sufﬁcit
3234 3607 3422 3668 matri,
3455 3602 3541 3659 sed
3579 3608 3750 3655 ascensa

2214 3713 2351 3753 nave
2376 3714 2474 3769 per
2504 3699 2786 3769 peregrina
2814 3699 2997 3753 littora
3024 3701 3187 3755 tiliam
3212 3702 3435 3771 quaerit.
3458 3701 3539 3755 Sic
3554 3694 3750 3753 ﬂuctibus

2212 3795 2745 3864 tempestatibusque
2803 3795 3009 3864 jactata
3060 3796 3126 3850 ad
3178 3797 3384 3853 Attica;
3441 3796 3575 3851 urbis
3614 3792 3747 3847 locum

2212 3887 2480 3959 pervenit.
2522 3885 2539 3923 ί
2573 3887 2687 3942 Illic
2710 3886 2948 3957 hospitio
2970 3900 3213 3961 recepta,
3244 3890 3443 3946 incolis
3477 3884 3747 3956 incognitum

2212 3980 2392 4035 adhuc
2436 3978 2675 4034 triticum
2707 3979 2922 4034 dividit.
2958 3980 3137 4037 Locus
3181 3998 3244 4037 ex
3286 3983 3451 4053 patria
3496 3990 3545 4036 et
3585 3992 3639 4032 ex
3676 3971 3747 4026 atl-

2214 4082 2377 4129 ventu
2405 4073 2655 4129 mulieris
2682 4090 2879 4131 nomen
2903 4076 3137 4145 accepit.
3162 4074 3301 4132 Nam
3326 4074 3531 4131 Eleusis
3589 4069 3743 4128 dictus,

2214 4180 2239 4218 ε
2267 4168 2407 4240 quod
2455 4168 2586 4224 illuc
2608 4168 2797 4237 Ceres,
2832 4171 3018 4226 relicta
3076 4170 3294 4239 llenna,
3328 4181 3558 4227 venerat.
3588 4165 3743 4232 Sicque

2211 4273 2324 4320 tum
2351 4265 2467 4334 ipsa
2488 4262 2826 4334 dispensatio
2851 4261 3056 4336 h;quod
3082 4265 3343 4321 attulerat
3372 4264 3637 4325 frumenta,
3659 4266 3740 4310 tum

2278 4377 2305 4417 ἀ
2346 4380 2632 4436 Plutonem
2666 4396 2788 4436 cum
2818 4390 2972 4449 rapta
3004 4381 3331 4449 Proserpina
3383 4382 3448 4436 ad
3475 4381 3647 4437 Orcum
3671 4372 3739 4427 deo

2207 4453 2509 4516 scentlisse,
2539 4452 2634 4506 illo
2663 4468 2792 4507 vero
2832 4454 2883 4507 in
2913 4454 3055 4518 loco,
3086 4455 3175 4508 ubi
3199 4454 3552 4517 descenderit,
3598 4455 3738 4499 ortum

2207 4539 2328 4594 esse
2363 4524 2580 4594 Cyanen
2611 4523 2839 4582 fontem.
2882 4529 3127 4579 reterunt
3174 4526 3441 4581 Diodorus
3467 4524 3564 4579 Sic.
3595 4518 3734 4594 ιφηξί,

2205 4609 2261 4668 ς(
2288 4593 2345 4658 4,
2463 4594 2677 4668 {abiret
2706 4594 2934 4650 Ovidius
2960 4596 3323 4668 Metamorph.
3377 4613 3428 4663 v,
3464 4596 3500 4649 l.
3544 4608 3588 4647 c.
3631 4586 3735 4641 Vide

2204 4664 2437 4739 Claverii
2470 4664 2730 4739 Siciliam,
2765 4682 2820 4737 p.
2863 4668 2985 4722 177.
3234 4664 3246 4668 ⁷
3471 4737 3513 4739 η
3646 4727 3692 4739 ,,

2279 4736 2726 4810 θᾼΟυιιύεῢειηιιιν
2758 4730 2888 4793 vero
2928 4739 3216 4810 Syracusae
3255 4742 3323 4796 ab
3358 4737 3543 4810 Archia
3568 4730 3733 4810 multis,

2203 4807 2361 4863 annis
2393 4821 2680 4878 postquam
2713 4810 2893 4865 cultus
2934 4797 3151 4866 Certwis
3181 4824 3233 4868 et
3270 4809 3589 4879 Proserpinae
3620 4797 3731 4879 aput]

2203 4867 2424 4955 Cra-cos
2481 4867 2829 4955 inval_uerat,
2859 4882 3071 4955 Olymp.
3116 4867 3259 4949 xr,2
3285 4894 3377 4938 aut
3403 4867 3612 4955 Lange

2202 4950 2488 5079 antieﬁghr.
2521 4969 2575 5008 n.
2612 4944 2856 5025 Thucyd.
2881 4944 2975 5009 lib.
3007 4944 3078 5021 in,
3107 4970 3157 5010 c.
3184 4944 3264 5023 '5;
3297 4951 3520 5012 Cluverii
3558 4944 3727 5005 Sit-nia.

2202 5038 2257 5079 ι).
2400 5064 2412 5076 .

2201 5038 2257 5093 p.
2288 5038 2412 5079 tau.

2277 5094 2297 5132 ί
2342 5094 2546 5150 Arnob.
2579 5112 2634 5161 v,
2664 5095 2757 5151 25.

2272 5175 2298 5240 ε
2337 5165 2483 5222 ldem
2512 5158 2675 5222 tradit
2700 5177 2892 5225 auctor
2919 5168 3163 5240 Etymol.
3207 5171 3298 5237 M.,
3348 5168 3490 5226 verb.
3520 5158 3721 5240 Ἐλευσὶς.

2199 5239 2290 5293 Διά
2341 5242 2587 5332 Viti???)
2638 5230 3185 5332 Any-VSTS‘POF’E’EEUO'U'
3241 5246 3344 5300 ἐκεῖ
3368 5243 3476 5330 ,γὰρ
3514 5230 3627 5325 ἐὗρε
3660 5230 3722 5283 τὸν

2197 5311 2388 5385 καρπὸν
2412 5311 2719 5367 ἐλθοῦσανζ
2749 5319 2780 5373 ἡ
2811 5311 2911 5368 δίπὸ
2940 5312 3224 5371 Ἐλευσὶνου
3254 5322 3341 5371 τοῦ
3368 5311 3556 5385 Ἑρμοῦ·

2271 5385 2294 5417 λι
2337 5384 2467 5435 Cum
2498 5399 2597 5435 Vox
2653 5382 2969 5451 dispensatio
3024 5386 3229 5441 nullum
3284 5385 3504 5442 Verbum
3560 5372 3719 5451 Ιιςώςτιι

2196 5466 2449 5526 quocum
2481 5453 2636 5523 jungi
2666 5446 2855 5521 possit.
2915 5459 3148 5512 fortasse
3192 5459 3384 5513 rectior
3429 5454 3555 5526 foret
3591 5446 3716 5526 [ξηὶυξ

2195 5516 2298 5598 loci
2330 5516 2511 5598 lectio,
2540 5516 2704 5598 sifatit
2733 5538 3064 5583 statueretur
3094 5541 3208 5598 post
3240 5516 3716 5598 vocemdisgiplinmlf

2194 5593 2299 5649 tale
2327 5595 2453 5662 qttid
2479 5596 2742 5653 excidisse
2772 5616 2785 5651 :
2818 5617 2973 5653 causa
3003 5601 3051 5653 ei
3087 5591 3254 5656 cultus
3284 5597 3438 5656 diuini
3466 5592 3581 5670 fuit,
3602 5591 3719 5670 αεφξξ

2193 5675 2307 5734 post
2338 5656 2693 5733 ntortcnt.....,
2731 5679 2823 5725 aut
2865 5671 3135 5726 deleretur
3174 5690 3277 5730 vox
3329 5656 3640 5736 dispensatio,
3680 5656 3720 5703 ει

2193 5746 2454 5809 praeterea
2483 5740 2595 5811 ipsa
2620 5751 2728 5795 tum
2759 5757 2855 5813 pro
2886 5753 2994 5799 tum
3014 5743 3130 5814 ipsa
3152 5744 3437 5818 legeretur.
