4024 6192
358 214 498 272 ιοιδ

1587 217 1761 274 JULll
1799 216 2057 274 FIRMICI
2094 219 2405 277 MATERNI

3523 223 3671 281 10ίῦ

355 342 414 390 et
434 335 524 404 qui
547 333 688 404 apud
723 349 819 390 vos
848 335 1001 406 quasi
1032 333 1108 390 dii
1139 334 1414 404 coluntur,
1444 334 1587 405 apud
1615 349 1713 391 nos
1742 335 1960 407 religio-
1987 361 2036 421 Α
2065 336 2404 406 respondens
2454 337 2505 394 ei
2542 337 2805 395 Dominus
2831 339 3004 395 dixit:
3037 339 3162 396 Non
3191 341 3244 395 in
3279 358 3415 410 pane
3462 351 3662 397 tantum

357 444 435 484 sa:
467 429 591 484 tidei
633 429 840 486 medela
883 429 1081 486 Christi
1111 429 1282 500 gratia
1331 429 1570 485 humano
1617 429 1961 500 subjacentes

359 522 611 591 imperio,
640 530 696 576 et
728 531 999 577 tormenta
1034 531 1397 594 repugnantes
1419 523 1719 590 sustinent,
1750 533 1804 578 et
1833 522 1959 577 victi

357 615 534 685 poenis
561 614 840 671 ultricibus
869 614 1242 686 subjugantur.

963 760 1193 817 CAPUT
1232 760 1349 817 XV.

428 903 508 956 De
538 901 818 957 Penatibus
845 903 980 973 agit,
1011 917 1230 972 quarunt
1260 917 1446 955 nomen
1474 917 1540 956 ex
1566 915 1704 956 rem:
1732 899 1957 964 derivat,

356 1005 406 1048 et
433 996 496 1048 de
526 994 678 1049 l'esta
698 1037 711 1059 ,
754 995 1032 1048 domestico
1058 992 1415 1047 tantummodo
1465 993 1624 1063 igne;
1674 992 1820 1047 rebus
1864 992 1963 1062 igi-

363 1097 447 1139 tur
495 1087 784 1140 hominibus
833 1087 1018 1157 gratis;
1043 1086 1384 1156 utilibusque,
1417 1102 1544 1155 quas
1573 1086 1695 1138 deos
1724 1085 1957 1153 fecerint.

437 1179 668 1232 Penates
701 1187 726 1214 ιι
777 1181 942 1232 etiam
986 1179 1077 1248 qui
1118 1179 1246 1244 sint,
1287 1177 1561 1246 explicare
1606 1176 1951 1242 contendam,

357 1290 428 1329 ne
458 1273 586 1343 quid
612 1290 640 1326 a
674 1288 760 1327 me
792 1274 864 1326 sit
893 1272 1338 1342 praetermissum.
1389 1270 1491 1338 Qui
1520 1270 1650 1326 nihil
1689 1271 1832 1325 aliud
1867 1285 1963 1339 pu-

358 1376 474 1419 tant
506 1380 630 1419 esse
655 1366 852 1431 vitam,
884 1367 984 1419 nisi
1030 1363 1286 1419 vescendi
1319 1372 1374 1417 et
1402 1363 1620 1433 potandi
1653 1363 1922 1417 licentiam
1947 1403 1961 1426 ,

359 1457 461 1511 hos
492 1456 594 1510 sibi
617 1459 750 1512 deos
779 1473 842 1511 ex
876 1455 1190 1526 cupiditatis
1209 1471 1321 1511 sua:
1343 1453 1645 1509 humilitate
1669 1454 1960 1518 tinxerunt,

357 1551 694 1605 nutrimenta
751 1551 1041 1620 corporis,
1094 1566 1214 1621 qua:
1268 1565 1333 1604 ex
1389 1548 1724 1620 quotidianis
1787 1548 1963 1619 epulis

358 1654 750 1712 eotnparantur
771 1685 785 1710 ,
817 1643 921 1698 hoc
947 1645 1167 1697 nomine
1197 1658 1294 1712 pro
1325 1643 1502 1696 salute
1529 1642 1808 1695 hominum
1833 1656 1965 1694 con-

360 1744 663 1790 secrantes.
695 1735 828 1802 Quia
855 1750 950 1805 per
973 1735 1160 1804 epulas
1190 1735 1436 1801 corporis
1461 1733 1700 1792 reficitur
1731 1733 1960 1787 inﬁrmi-

361 1839 448 1883 tas
487 1870 500 1893 ,
561 1829 818 1882 alimenta
868 1828 1044 1882 solum
1096 1843 1218 1883 esse
1275 1828 1440 1882 Deum
1488 1836 1812 1890 sanxerunt,
1867 1841 1965 1882 ne-

362 1926 601 1979 scientes
646 1923 815 1978 tlivini
862 1925 1064 1980 oraculi
1095 1924 1402 1980 veritatem.
1446 1922 1579 1979 Cum
1610 1925 1754 1978 enim
1785 1923 1969 1978 Domi-

363 2033 466 2071 nus
499 2025 684 2071 noster
713 2017 872 2073 Jesus
901 2015 1150 2073 Christus
1183 2032 1306 2072 cum
1339 2015 1589 2084 diabolo,
1633 2032 1732 2086 pro
1780 2027 1965 2070 nostra

365 2111 544 2165 salute
570 2110 864 2178 sollicitus,
894 2111 1077 2166 divina
1103 2111 1404 2181 majestatis
1433 2125 1545 2164 suae
1575 2109 1966 2165 colluctatione

363 2213 636 2268 certaret,
673 2213 728 2259 et
756 2213 813 2258 ut
842 2204 910 2260 de
957 2203 1202 2258 faucibus
1252 2203 1370 2274 ejus
1401 2218 1563 2273 quem
1594 2202 1814 2272 gerebat
1867 2202 1967 2256 lto-

364 2297 567 2351 miuem
601 2297 870 2362 liberare,
925 2295 1029 2350 hac
1079 2311 1204 2351 eum
1257 2297 1614 2365 responsione
1666 2295 1961 2364 quassavit.

361 2390 497 2446 Nam
529 2408 651 2446 cum
685 2391 892 2446 diceret
919 2390 969 2447 ei
993 2389 1246 2446 diabolus
1275 2407 1289 2444 :
1323 2390 1383 2446 Si
1406 2389 1546 2459 filius
1579 2387 1676 2442 Dei
1703 2405 1758 2442 es
1778 2430 1791 2454 ,
1824 2388 1908 2457 fac
1935 2385 1962 2424 δ

360 2495 417 2538 ut
447 2486 530 2540 isti
560 2486 758 2554 lapides
785 2501 940 2556 panes
971 2484 1100 2554 ﬁant
1124 2484 1144 2558 (
1167 2484 1357 2539 .llattlt.
1390 2499 1478 2550 tv,
1513 2482 1576 2547 ὃς
1609 2481 1738 2536 Luc.
1768 2496 1852 2547 tv,
1883 2480 1964 2551 5),

371 2607 606 2660 auditum
634 2610 778 2677 fugat
793 2607 978 2660 noxios
999 2604 1233 2675 spiritus.
1249 2603 1512 2659 Prudent.
1535 2601 1799 2672 Apntltes.
1817 2600 1924 2657 458
1949 2617 1961 2652 :

443 2718 1544 2782 ...............TorqueturApollo

431 2783 641 2834 Nomine
668 2796 930 2843 percussus
953 2783 1130 2834 Christi
1154 2779 1290 2844 {nec
1310 2779 1510 2830 fulmina
1537 2779 1689 2844 Verbi

434 2845 590 2896 Ferre
617 2842 798 2908 potest,
824 2848 1010 2908 agitant
1031 2842 1263 2894 miserum
1285 2851 1356 2894 tot
1380 2844 1592 2893 verbera
1615 2843 1798 2904 lingua:
1829 2842 1841 2890 Ξ

372 2949 673 3005 Notandum
690 2950 754 3002 ad
775 2950 826 3002 h.
851 2950 889 3002 l.
913 2964 978 3003 ex
997 2948 1230 3003 llistoria
1262 2949 1620 3004 ecclesiastica
1641 2964 1658 3001 :
1677 2945 1968 3002 Catholicos

2070 439 2093 466 ο
2132 429 2251 483 vivit
2280 428 2468 496 homo,
2499 431 2589 485 sed
2642 431 2697 484 in
2735 433 2876 485 omni
2920 433 3067 486 verbo
3115 432 3213 487 Dei
3257 432 3421 504 (Luc.
3449 449 3538 499 tv,
3567 435 3664 504 4).

2063 517 2380 576 Nescientes
2407 522 2592 592 itaque
2622 523 2985 579 substantiam
3008 526 3225 595 generis
3251 525 3508 592 humani,
3531 542 3672 596 quo-

2064 613 2298 670 tidianas
2316 616 2504 686 epulas
2526 615 2630 671 hoc
2653 617 2872 672 nomine
2887 626 3299 673 consecrarunt.
3322 618 3458 673 Nam
3477 633 3666 683 omne,

2065 724 2172 778 quo
2221 721 2517 764 vescuntur
2565 709 2850 775 homines,
2893 725 3064 780 penus
3107 720 3372 777 vocatur;
3429 711 3557 765 hinc
3614 721 3672 765 et

2065 798 2206 854 cella
2245 800 2464 870 penaria
2495 797 2521 836 ἀ
2541 843 2555 868 ,
2597 800 2722 856 hinc
2747 811 2801 856 et
2846 802 2918 855 dii
2967 812 3220 872 penates,
3253 801 3323 857 ab
3351 801 3586 870 abiectis
3616 812 3672 856 et

2066 891 2356 962 prostratis
2387 893 2698 947 hominibus
2741 894 2942 948 misera
2970 902 3101 947 sunt
3142 893 3473 964 cogitatione
3517 908 3673 947 com-

2066 989 2264 1058 posita.
2318 987 2476 1042 Vesta
2508 998 2688 1042 autem
2721 987 2850 1058 quid
2893 989 2964 1042 sit
3011 987 3207 1043 discite
3245 997 3301 1052 °,
3343 1003 3412 1043 ne
3457 987 3675 1059 putetis

2067 1081 2351 1150 antiquum
2381 1080 2620 1151 aliquid,
2651 1091 2745 1134 aut
2771 1096 2894 1135 cum
2941 1095 3158 1135 summo
3213 1089 3423 1136 terrore
3470 1081 3674 1136 inven-

2068 1181 2200 1227 tum.
2236 1171 2382 1243 Ignis
2413 1182 2498 1228 est
2530 1173 2864 1228 domesticus
2887 1214 2900 1238 ,
2931 1174 3021 1242 qui
3054 1172 3108 1226 in
3153 1171 3288 1227 focis
3334 1172 3675 1242 quotidianis

2069 1267 2257 1322 usibus
2285 1267 2475 1321 servit.
2507 1269 2851 1337 Quapropter
2878 1281 3083 1337 coquos
3123 1267 3322 1322 habeat
3350 1266 3368 1305 τ
3391 1310 3406 1331 ,
3437 1284 3545 1322 non
3569 1269 3676 1323 mi-

2067 1375 2219 1416 seras
2263 1361 2503 1431 virgines
2541 1361 2888 1426 sacerdotes,
2921 1376 3041 1432 qua:
3071 1369 3490 1416 contemnentes
3531 1361 3674 1432 ignis

2067 1451 2235 1522 ipsius
2264 1451 2631 1520 favillas,aut
2682 1453 2974 1522 prostituto
3019 1468 3256 1523 corpore
3303 1469 3532 1522 peccare
3575 1468 3674 1508 eo-

2067 1555 2268 1618 guntur
2299 1556 2356 1611 ε,
2402 1557 2494 1600 aut
2526 1547 2579 1601 in
2621 1545 2928 1616 virginitate
2973 1556 3390 1616 perseverantes
3437 1547 3672 1618 perdunt

2070 1639 2354 1696 honestam
2383 1639 2605 1710 gloriosi
2647 1640 2886 1695 nominis
2912 1639 3232 1711 dignitatem
3259 1638 3308 1694 θ’.

2663 1731 2892 1790 CAPUT
2932 1733 3072 1790 XVI.

2144 1824 2378 1880 Palladii
2408 1827 2660 1897 originem
2705 1829 2954 1896 exponit,
3005 1828 3218 1896 eiusque
3247 1827 3458 1882 numine
3512 1845 3672 1898 neque

2073 1918 2319 1990 Trojam,
2371 1935 2534 1987 neque
2575 1920 2828 1988 Romam,
2861 1923 2926 1974 ab
2976 1921 3214 1976 incendio
3264 1931 3427 1975 tutam
3476 1923 3669 1993 fuisse,

2071 2029 2163 2068 nec
2191 2017 2302 2086 ejus
2347 2014 2569 2068 cultores
2597 2015 2652 2068 in
2683 2024 2942 2082 posterum
2972 2024 3111 2068 tutos
3160 2017 3380 2086 futuros.

2143 2106 2373 2162 Palladii
2424 2108 2586 2162 etiam
2641 2107 2770 2178 quid
2819 2108 2889 2163 sit
2955 2124 3150 2165 numen
3210 2110 3417 2165 audite.
3491 2110 3670 2164 Simu-

2070 2199 2274 2255 lacrum
2326 2209 2410 2254 est
2441 2214 2506 2254 ex
2536 2200 2754 2255 ossibus
2803 2201 3017 2271 Pelopis
3063 2200 3266 2257 factum
3302 2201 3489 2258 i.lloe
3532 2203 3670 2256 Aba-

2073 2297 2148 2348 ris
2182 2294 2194 2343 l
2238 2293 2440 2362 Sctyha
2471 2292 2668 2349 fecisse
2699 2294 3174 2364 perhibetur;jam
3206 2295 3368 2365 quale
3395 2297 3469 2350 sit
3491 2297 3669 2350 consi-

2071 2387 2284 2453 derate,
2337 2386 2481 2457 quod
2511 2385 2713 2458 Scytha
2772 2387 3035 2443 barbarus
3091 2389 3455 2444 consecravit.
3504 2387 3669 2443 Estne

2072 2479 2275 2552 aliquid
2306 2480 2447 2548 apud
2491 2479 2722 2551 Scythas
2765 2480 2999 2535 humana
3027 2480 3240 2537 ratione
3279 2481 3666 2550 compositum,

2073 2600 2342 2653 humerum
2367 2598 2646 2670 eburneum
2673 2597 2786 2670 loco
2808 2599 2986 2651 amissi
3013 2600 3258 2670 restituit.
3290 2599 3536 2670 Hyginus
3561 2599 3666 2654 fab.

2069 2672 2159 2727 85.
2181 2670 2418 2741 AServsl.
2450 2685 2500 2724 c.
2529 2669 2852 2740 Lycophron
2879 2686 2930 2724 v.
2957 2670 3060 2724 152
3093 2687 3104 2724 :
3155 2669 3261 2724 Hic
3286 2669 3527 2741 deinceps
3557 2689 3667 2724 cum

2071 2759 2135 2796 ea:
2167 2739 2306 2794 Pisis
2339 2740 2552 2804 Troiam
2579 2739 2890 2809 deferretur,
2919 2741 3056 2811 quod
3081 2743 3191 2796 sine
3213 2742 3308 2796 illo
3331 2758 3446 2796 osse
3468 2739 3526 2796 et
3547 2759 3667 2796 arcu

2071 2811 2386 2866 Philoctetis
2412 2811 2560 2868 Ἴλιον
2587 2811 2884 2884 decreturos
2909 2813 3120 2884 oraculo
3146 2815 3496 2884 accepissent,
3539 2830 3665 2867 nau-

2071 2884 2250 2956 fragio
2270 2884 2420 2952 periit
2439 2888 2595 2956 juxta
2624 2882 2905 2946 Euboeam;
2929 2901 2960 2956 ᾳ
2998 2882 3342 2938 Damarmeno
3365 2901 3484 2938 vero
3507 2885 3672 2955 pisca-

2071 2953 2179 3009 tore
2203 2953 2488 3026 Eretriensi
2509 2956 2847 3022 expiscatum,
2877 2954 2956 3008 illi
2977 2965 3022 3008 ct
3042 2957 3257 3026 posteris
3282 2953 3670 3010 custodiendum

371 3021 610 3086 spiritum
628 3036 894 3074 erroneum
922 3021 1218 3090 objurgasse
1233 3021 1426 3072 etultro
1455 3022 1592 3088 loqui
1615 3019 1965 3089 prohibuisse;
1993 3013 2038 3076 C
2071 3025 2388 3082 tradebatur.
2414 3013 2646 3079 Pausan.
2674 3013 2846 3080 Eliae:
2867 3042 2901 3089 ι,
2932 3041 2980 3079 c.
3018 3013 3102 3080 ι’δ.
3136 3026 3212 3080 Ex
3249 3027 3331 3081 illa
3360 3029 3667 3089 traditione.

377 3091 723 3144 Montanistas
769 3101 954 3162 contra
989 3093 1055 3143 ad
1088 3091 1393 3162 loquendum
1441 3092 1592 3162 plura
1647 3106 1963 3159 provocasse.

377 3164 568 3218 Ιῖουτιι
624 3161 890 3232 Reliquizc
933 3161 1114 3216 Sacra:
1159 3178 1208 3226 1,
1267 3161 1392 3215 MO.
1443 3161 1708 3216 Eamdem
1758 3177 1971 3229 quoque

375 3233 678 3288 Gentilibus
707 3233 775 3288 de
811 3233 862 3286 vi
911 3233 1310 3303 adjurationum
1362 3232 1641 3288 inhaesisse
1668 3233 1972 3303 persuasio-

375 3321 498 3358 nem
520 3303 916 3359 (locetloeusin
948 3301 1158 3357 Firmici
1190 3304 1500 3358 Astronom.
1520 3321 1576 3369 tt,
1607 3301 1722 3358 c.'9
1755 3323 1764 3355 :
1792 3302 1973 3357 Faciet

377 3377 660 3430 exorcistas
684 3387 732 3430 et
750 3379 837 3446 qui
860 3375 1150 3430 laborantes
1179 3378 1468 3428 dwmonum
1490 3377 1779 3429 incursione
1809 3374 1974 3446 homi-

377 3464 465 3500 nes
489 3449 621 3518 aptis
648 3445 884 3501 remediis
911 3447 1305 3501 liberent.Plura
1332 3448 1400 3500 tle
1425 3447 1712 3501 exorcistis
1742 3445 1860 3501 vide
1881 3462 1970 3516 ap.

385 3519 738 3587 liinghamum
765 3519 947 3588 Origg.
977 3518 1112 3572 eccl.
1147 3528 1277 3572 tom.
1312 3518 1386 3580 ΙΙ,
1419 3535 1470 3587 p.
1507 3520 1572 3574 l9
1604 3535 1720 3587 seq.

449 3593 475 3620 ⁸
516 3590 706 3645 Cicero
737 3592 802 3643 de
852 3590 914 3643 N.
956 3589 1108 3645 deor.
1143 3606 1203 3655 tt,
1249 3605 1299 3644 c.
1345 3590 1436 3655 27,
1487 3600 1539 3644 et
1583 3590 1651 3644 ibi
1714 3590 1971 3644 (lreuzer.

377 3660 518 3716 Tob.
567 3661 831 3729 l’letttpelii
884 3661 951 3716 de
999 3661 1107 3714 Diis
1153 3661 1396 3716 Laribus.
1454 3660 1772 3716 Zwickavia:
1813 3662 1972 3714 1797.

376 3732 544 3803 Jerm.
579 3733 769 3786 Muller
816 3733 1041 3786 l)is<ert.
1094 3733 1278 3803 lnaug.
1329 3733 1396 3786 de
1445 3733 1555 3786 [)iis
1606 3733 1974 3785 Romanorum

382 3802 611 3876 Laribus
639 3813 693 3858 et
723 3804 1034 3858 Penatibus.
1069 3802 1238 3859 llal‘n.
1276 3804 1432 3859 18H.
1478 3803 1714 3860 Crcuzer
1760 3819 1830 3868 ιι,
1873 3804 1977 3857 747

383 3889 503 3929 $00.-

447 3891 491 3982 (l't
527 3943 633 3996 Fac
663 3945 819 4000 unice
865 3954 1042 4000 exstat
1089 3947 1228 4014 apud
1280 3947 1597 4000 Firmicmn.
1646 3945 1702 4001 ln
1752 3946 1979 4016 reliquis

384 4015 683 4090 (Iudicibus
701 4017 1032 4090 etPatribus
1049 4020 1184 4090 ,λιιιί
1204 4089 1208 4090 ί
1229 4019 1839 4090 Anteliieronymianam
1879 4015 1982 4071 ha-

384 4089 513 4142 bent
540 4086 771 4141 !l'latthzei
796 4098 850 4141 et
871 4087 1029 4142 Luca:
1059 4088 1406 4151 Versionem,
1437 4086 1634 4158 legitur
1663 4091 1767 4143 dic.

461 4169 481 4195 ε
530 4158 650 4230 Non
679 4160 731 4212 in
752 4176 884 4230 pane
907 4169 1125 4212 tantum.
1156 4160 1366 4226 Reliqui
1395 4160 1604 4230 habent
1648 4163 1778 4214 solo.
1815 4159 1984 4214 Maxi-

383 4244 504 4284 mus
533 4229 881 4284 Taurineusis
913 4233 1186 4287 CllllaClllll
1213 4246 1334 4284 cum
1366 4229 1621 4286 Firtnieo.
1656 4232 1790 4286 Vide
1813 4231 1985 4287 Saba-

377 4301 508 4426 ἐξςί
560 4303 695 4356 Bibl.
732 4302 950 4357 Saeror.
982 4302 1199 4357 Latinas
1239 4303 1520 4359 versioues
1551 4303 1800 4374 antiquas
1829 4305 1892 4368 3,
1929 4321 1981 4371 p.

452 4441 1014 4570 “‘Sestusggl’enora.
1063 4443 1234 4501 Varro
1265 4445 1334 4499 de
1384 4445 1594 4517 Lingua
1643 4446 1836 4502 Latina
1881 4446 1980 4501 lib.

452 4557 456 4568 .
557 4531 666 4570 ow.

384 4530 456 4570 IV.
493 4530 666 4571 “'OW.

461 4596 484 4624 ο
530 4588 603 4642 De
639 4587 796 4642 Vesta
821 4588 891 4643 cf.
923 4589 1038 4644 Cic.
1072 4587 1140 4642 de
1170 4588 1290 4642 Nat.
1325 4587 1467 4642 Deor
1498 4603 1552 4650 ll,
1595 4604 1645 4642 e.
1675 4590 1744 4644 27
1773 4607 1787 4655 ;
1821 4587 1983 4644 Ovid.

387 4655 600 4729 Fastor.
632 4674 710 4721 ιιι,
759 4657 850 4725 45,
874 4669 928 4714 et
949 4676 1033 4724 vr,
1064 4659 1174 4714 250
1199 4673 1355 4729 seq.;
1387 4659 1595 4715 Arnob.
1630 4677 1716 4727 ιιι,
1748 4662 1849 4728 52,
1896 4677 1948 4715 tv
1970 4702 1984 4727 ,

387 4726 492 4801 55;
528 4729 716 4801 lsitlori
746 4729 928 4801 Origg.
960 4748 1010 4786 ix
1033 4774 1048 4796 ,
1078 4746 1128 4785 c.
1161 4731 1248 4784 11.

463 4798 483 4837 ί
525 4800 733 4858 lrrisio!

462 4880 487 4918 8
524 4872 678 4944 llaud
711 4873 954 4941 intelligo
975 4870 1247 4944 quomodo
1271 4871 1336 4925 ad
1368 4873 1702 4940 peccandum
1732 4876 1848 4943 cogi
1876 4876 1981 4931 dici

388 4943 597 5010 possint
628 4943 862 5014 virgines
892 4942 1167 5005 Vestales.
1200 4942 1252 4997 in
1275 4959 1502 5011 quarum
1529 4942 1976 5000 incontinentiam

386 5029 452 5067 ex
503 5014 713 5082 legibus
757 5015 1167 5072 Pontiliralibns
1211 5015 1576 5068 Romanorum
1636 5018 1980 5072 severissime

387 5083 929 5142 animadverteretur.
963 5088 1150 5159 Neque
1178 5097 1550 5140 contemnentes
1580 5087 1710 5140 illud
1755 5087 1977 5145 Firmici

387 5169 509 5210 cum
541 5159 719 5230 verbis
759 5167 847 5210 aut
874 5160 927 5212 in
967 5161 1260 5230 virginitate
1300 5167 1676 5228 perseverantes
1723 5161 1971 5230 perdunt,

383 5237 489 5281 etc.
519 5270 532 5288 ,
565 5229 836 5297 quadrare
858 5229 1093 5285 videtur.
1118 5231 1287 5284 Totus
1320 5231 1469 5284 locus
1501 5229 1738 5296 laborat,
1789 5240 1844 5286 et
1888 5232 1975 5287 vix

385 5299 741 5370 in_integrum
775 5303 984 5354 restitui
1014 5303 1228 5369 poterit.

456 5366 483 5404 ³³
522 5366 619 5446 Sc.
648 5372 780 5446 quia
812 5366 1052 5427 caelibem
1098 5377 1261 5427 vitam
1309 5389 1412 5428 non
1459 5372 1590 5439 Deo,
1626 5374 1719 5429 sed
1749 5374 1975 5446 impura:

386 5439 621 5495 dremoni
648 5443 823 5497 Vesta:
849 5454 1320 5499 consecraverant.

465 5512 478 5548 ί
523 5511 734 5585 Cogitat
763 5516 830 5568 de
862 5514 1090 5571 humero
1113 5516 1360 5583 Pelopis,
1389 5530 1548 5584 quem
1576 5516 1738 5572 Ceres
1763 5517 1814 5570 in
1839 5532 1974 5585 epu-

382 5578 435 5660 lo
461 5598 490 5635 a
522 5584 562 5635 Τ
567 5578 749 5660 antalo
780 5586 891 5660 diis
917 5598 1104 5654 parato
1135 5578 1552 5660 ναι-ιιιιι-’ίείῐιιῑειζ
1578 5603 1700 5640 curn
1750 5578 1972 5660 Proser-

376 5657 560 5729 pina...“
593 5658 856 5729 amisst
881 5657 1120 5729 lugeret,
1153 5658 1490 5712 comederat.
1523 5657 1678 5713 Serv.
1725 5659 1792 5712 ad
1837 5658 1970 5729 iVir-

371 5719 468 5788 gil.
495 5721 689 5793 Georg.
723 5740 800 5791 ιιι,
830 5723 891 5782 7:
920 5719 1014 5782 Cui
1043 5746 1074 5783 a
1109 5719 1212 5782 diis
1241 5729 1293 5782 in
1339 5731 1490 5782 vitam
1535 5738 1768 5784 revocato
1817 5728 1968 5787 Ceres

2077 3097 2362 3167 humerum
2390 3097 2601 3166 Pelopis
2630 3097 2694 3148 ad
2728 3097 2948 3152 Grmcns
2975 3097 3193 3167 Trojam
3231 3099 3550 3154 obsidentes
3579 3099 3670 3153 de-

2077 3166 2457 3240 latuml‘uisse,
2483 3179 2601 3222 orta
2629 3176 2711 3221 est
2733 3168 2898 3240 altera
2931 3166 3132 3232 fabula,
3168 3185 3232 3223 ex
3266 3184 3332 3223 eo
3361 3186 3389 3223 a
3421 3169 3668 3240 Trojanis

2077 3238 2376 3308 Palladium
2415 3239 2612 3294 factum
2637 3253 2780 3293 esse.
2809 3239 2958 3294 lianc
2998 3248 3195 3308 praeter
3238 3238 3539 3295 Firmicum‘
3577 3241 3669 3295 ha-

2076 3309 2166 3364 bet
2197 3307 2450 3380 Clemens
2476 3309 2629 3363 Alex.
2657 3309 2929 3376 Prutrepl.
2964 3307 3012 3363 e.
3042 3313 3092 3364 4.
3120 3326 3170 3380 p.
3197 3310 3289 3372 4|.
3322 3313 3410 3365 ed.
3443 3313 3627 3367 Potter
3655 3332 3667 3366 :

2148 3383 2165 3400 κ
2239 3383 2247 3398 ι
2303 3381 2316 3400 9
2330 3376 2348 3397 Ἰ
2453 3384 2461 3396 ι
2725 3383 2734 3396 1
2786 3403 2803 3412 ⁸
2969 3385 2982 3402 ς
3071 3385 3080 3398 1
3121 3376 3133 3380 “
3282 3386 3292 3399 ε
3470 3388 3478 3400 ι
3654 3386 3664 3398 ι

2079 3382 2251 3454 Πολ).οι
2272 3380 2300 3436 δ
2324 3404 2386 3436 αν
2405 3404 2554 3452 ταχα
2576 3386 2909 3454 Gangraenam,
2939 3403 2981 3436 ει
3016 3385 3217 3454 potestea
3246 3406 3300 3438 το
3324 3383 3597 3440 Παλλαδιον
3617 3406 3673 3438 τα

2079 3437 2642 3533 διοπετέςικα).οὗ”μενον
2672 3437 2698 3507 δ
2722 3451 2968 3533 Διομήδης·
3005 3437 3088 3507 έαὶ
3109 3452 3388 3516 Ὀδυσσεὺς·
3411 3457 3672 3533 τῖς-τυροῦν-

2078 3545 2166 3577 ται
2196 3527 2286 3594 μέν
2306 3525 2711 3601 Αὑφελέσθαιγᾴπὸ
2763 3525 2908 3601 Ἰλίου
2941 3527 3394 3601 παρακαταθέσθαι
3421 3525 3477 3582 δέ
3521 3525 3677 3599 Ango-

2081 3603 2266 3672 φῷιοτ-ι.Δ
2297 3597 2363 3650 ἐκ⁷
2399 3603 2507 3672 τῷγᾼ
2539 3597 2769 3672 "Iit-Eleae;
2807 3597 3420 3672 oarév_x'arsaxsva'tcec_tt,
3451 3597 3674 3672 καθάἐτερ

2080 3664 2139 3719 "ro
2157 3664 2431 3744 :Qiuéftmoat
2455 3665 2508 3732 ἕξ
2529 3665 2687 3744 (illam
2713 3669 2875 3722 ὀστῶν
2894 3666 3101 3722 Ἰνδικοῦ
3118 3671 3310 3744 ptatiT
3325 3668 3508 3744 ilujus
3522 3664 3678 3724 ebur-

2083 3736 2172 3790 nei
2205 3736 2415 3792 humeri
2471 3740 2800 3792 mentionem
2855 3754 3072 3806 quoque
3123 3736 3251 3793 facit
3281 3736 3635 3794 Philostratus
3662 3783 3674 3803 ,

2083 3807 2286 3878 ltnagg.
2335 3823 2385 3863 c.
2437 3808 2526 3863 50.
2560 3808 2694 3863 Cum
2740 3808 3022 3863 Clemente
3051 3812 3320 3863 consentit
3349 3811 3558 3866 Arnob.
3588 3827 3636 3864 tv
3660 3853 3676 3872 ,

2082 3878 2156 3933 25
2188 3898 2200 3933 :
2257 3880 2385 3944 Quis
2421 3895 2485 3932 ea:
2510 3881 2742 3945 reliquiis
2772 3879 2985 3948 Pelopis
3015 3893 3337 3949 comportant
3364 3899 3474 3936 esse
3505 3881 3678 3935 Palla-

2092 3951 2234 4002 dium
2263 3951 2491 4020 prodidit
2517 3951 2540 4003 ?
2567 3967 2667 4003 non
2696 3967 2783 4004 vos
2813 3953 2836 4004 Ρ
2891 3951 3006 4006 Huc
3038 3954 3310 4021 pertinere
3361 3953 3679 4015 Cassandrae

2086 4022 2248 4076 verba
2281 4022 2418 4091 apud
2446 4021 2857 4092 Lycophronem
2887 4039 2938 4077 v.
2965 4025 3056 4090 55,
3087 4024 3351 4080 Meursius
3383 4025 3676 4080 existimat:

2336 4124 2485 4162 Λιῦσσω
2509 4137 2566 4168 σι,
2585 4125 2740 4174 τλῆμον,
2764 4122 2934 4176 Seiusva
2953 4129 3173 4178 πυρουμένῃ

2336 4181 2428 4233 Ταῖς
2452 4188 2486 4224 τ’
2510 4188 2692 4234 Musio“
2715 4190 2831 4240 χιρσὶ,
2852 4194 2932 4235 ταῖς
2955 4203 2995 4227 τι
3017 4185 3228 4237 Ταντάλου,

2338 4252 2537 4300 Λαιτρὶναν
2557 4251 2764 4300 οἱκουρυῡσι
2779 4251 2961 4302 λειψάνοις
2983 4265 3091 4302 πυρος

2341 4309 2480 4358 Παιδὸς
2497 4313 2808 4364 ωταεῳχθιντος
2831 4315 2971 4365 «uel?
2994 4309 3120 4363 δίμας.

2091 4383 2169 4460 Es
2203 4387 2608 4460 comparatione
2639 4387 2862 4460 Palladii
2893 4402 3012 4441 cum
3045 4388 3178 4442 Jove
3207 4387 3458 4460 Olympio
3491 4391 3678 4458 proba-

2097 4455 2202 4531 bile
2229 4467 2311 4510 est
2346 4458 2673 4531 Clementem
2705 4458 2774 4531 de
2804 4458 3028 4531 humero
3068 4455 3306 4514 eburneo
3337 4455 3551 4531 Pelopis
3590 4476 3675 4514 co-

2092 4527 2312 4599 gitasse.
2357 4527 2654 4596 Acceperat
2703 4528 2871 4596 forte,
2903 4529 3198 4584 Palladium
3251 4533 3392 4599 atiud
3439 4527 3674 4588 Vestales

2093 4598 2364 4670 Romanas
2413 4609 2686 4670 servatum
2737 4616 2802 4654 ex
2849 4616 2972 4656 osse
3020 4601 3217 4656 factum
3265 4598 3421 4670 esse;
3457 4613 3670 4659 vetusta:

2091 4668 2254 4737 igitur
2285 4668 2478 4722 l'abulre
2513 4671 2950 4746 iidemAhabuit.
3011 4673 3269 4746 Palladii,
3317 4668 3472 4744 cujus
3521 4676 3667 4746 primi

2089 4751 2342 4796 auctores
2387 4741 2660 4796 exstitisse
2711 4740 2954 4797 feruntur
3010 4744 3249 4800 Lesches
3315 4740 3668 4803 et'Are'tinus

2088 4810 2356 4886 (llesych.
2412 4829 2462 4865 ι’.
2515 4811 3190 4886 Διρμγὶδειος),γιιΙιὶιιιξιιιῃ
3222 4827 3481 4886 quantum
3529 4820 3663 4882 seio,

2087 4885 2332 4938 notitiam
2384 4885 2693 4954 suppeditat
2726 4885 3057 4940 Herodianus
3084 4887 3177 4941 lib.
3211 4885 3260 4954 ι,
3287 4903 3337 4943 c.
3371 4890 3459 4943 M.
3503 4889 3667 4944 Vesta:

2088 4955 2291 5018 templo
2320 4956 2600 5009 Commodi
2635 4965 2874 5025 tempore
2904 4958 3026 5024 igne
3055 4957 3265 5024 deleto,
3301 4959 3542 5015 Vestales
3570 4961 3660 5014 vir-

2083 5026 2234 5102 gines
2261 5026 2555 5102 Palladium
2590 5043 2691 5080 una
2713 5043 2846 5102 cum
2880 5029 3141 5102 aliisqu
3169 5035 3464 5086 servabant
3493 5034 3664 5102 pigno-

2085 5097 2232 5151 ribus
2259 5097 2469 5167 imperii
2499 5098 2727 5153 Romani
2767 5099 2832 5152 ad
2867 5097 3172 5165 pontilicem
3204 5097 3506 5156 tnaxiinuin
3527 5097 3666 5157 einu-

2082 5167 2312 5238 demque
2358 5172 2736 5238 imperatorem
2779 5170 2830 5223 in
2888 5170 3160 5225 Palatinas
3205 5173 3351 5226 aedes
3393 5174 3664 5229 detulisse.

2081 5237 2236 5293 Unde
2292 5237 2554 5295 Firinicus
2610 5257 2731 5307 quae
2783 5241 2852 5295 de
2894 5241 3132 5297 Palladio
3187 5243 3346 5298 tradit
3401 5246 3665 5308 hauserit.

2079 5311 2358 5383 noslatet.
2395 5311 2554 5366 Plura
2605 5312 2764 5366 habet
2811 5327 2972 5383 quam
3020 5314 3307 5381 Clemens;
3360 5317 3668 5379 venditum,

2078 5381 2458 5436 subhastatum
2518 5383 2685 5436 fuisse
2741 5381 2844 5437 ait.‘
2890 5385 3015 5438 Ilaec
3065 5401 3196 5441 vero
3249 5402 3314 5442 ex
3369 5388 3669 5444 Euhemero

2076 5466 2200 5507 eum
2249 5454 2572 5520 sumpsisse,
2603 5455 2875 5522 conjicere
2908 5455 3052 5511 licet.

2150 5525 2163 5572 l
2197 5523 2260 5602 in
2299 5523 2664 5602 _editionibus_
2696 5527 2894 5602 Avarus
2923 5527 3123 5602 §cytlta
3167 5528 3250 5584 bis
3299 5529 3516 5602 legitur.
3540 5529 3666 5586 Sine

2076 5593 2680 5670 ipsitationecorre‘xi
2698 5599 2884 5652 Abaris
2912 5593 3134 5670 Sept/ta,
3161 5617 3321 5667 quem
3350 5593 3666 5656 Aristoteles

2074 5664 2234 5718 Barin
2263 5667 2522 5734 appellat.
2550 5665 2631 5721 Cf.
2662 5664 3008 5732 Sealigeruni
3058 5671 3112 5727 in
3166 5664 3427 5731 Gronovii
3469 5674 3659 5732 Minue.

2073 5735 2255 5794 Felice
2283 5749 2336 5795 et
2361 5735 2618 5810 Firtnico,
2651 5753 2703 5810 p.
2732 5739 2858 5801 454.
