4024 6192
534 226 670 286 l0l9

1760 221 1931 281 JULII
1969 219 2228 279 FIRMICI
2268 220 2575 281 MATERNI

3660 231 3764 288 lilii)

526 341 907 411 triumpharet,
960 342 1176 399 exuviis
1232 341 1484 411 corporis
1538 340 1658 409 ejus
1690 350 1881 395 ornata
1938 348 2040 407 est,
2070 348 2131 395 ut
2156 347 2211 407 Α
2235 346 2289 393 et
2316 339 2367 394 in
2390 340 2619 395 exitium
2647 356 2804 397 suum
2831 356 2997 413 prona
3026 343 3379 401 animositate
3415 342 3626 402 festinat.
3647 349 3767 407 Tunc

526 434 808 507 parricidii
842 434 1052 489 facinus
1081 450 1148 489 ex
1178 434 1773 489 crudeliostentatione
1804 432 2130 505 publicaret.

528 527 702 598 Hujus
729 537 813 584 est
841 527 1166 594 Palladium,
1202 527 1337 597 proh
1370 526 1521 583 nefas
1548 528 1559 581 ἓ
1588 526 1808 583 nomine
1837 540 2136 581 consecra-

533 630 665 675 tum.
701 618 828 675 Haec
858 627 944 674 est
971 619 1148 674 Pallas
1175 636 1299 690 qua:
1336 619 1554 687 colitur,
1589 618 1706 674 haec
1737 628 1817 674 est
1850 633 1970 687 quae
2002 633 2135 689 pon-

531 712 719 769 tificali
772 712 890 783 lege
921 721 1172 767 servatur
1202 720 1249 779 ³,
1282 721 1337 767 et
1394 711 1549 782 cujus
1598 711 1776 781 imago
1816 708 2135 779 suppliciter

529 804 809 860 adoratur.
829 805 1102 875 Apponite
1133 806 1337 875 ignem,
1359 816 1553 876 augete
1577 804 1846 872 ﬂammas,
1875 813 1929 858 ut
1953 804 2132 872 quoti-

531 899 707 955 dianis
736 899 1020 955 sacrificiis
1045 900 1242 955 vestris
1285 898 1500 955 dicatur
1553 899 1769 955 ardere.
1803 898 1943 966 Quid
1987 900 2133 956 enim

534 1002 777 1048 meretur
807 992 951 1047 aliud
980 992 1269 1063 parricida,
1302 992 1404 1047 nisi
1440 1002 1495 1047 ut
1539 1002 1801 1062 perpetua
1834 991 2137 1049 mutatione

535 1084 877 1139 ﬂammarum
929 1093 1055 1139 ante
1085 1085 1413 1140 sententiam
1470 1084 1559 1140 Dei
1614 1084 1855 1154 quotidie
1901 1082 2137 1140 ﬂammis

534 1178 821 1234 ultricibus
867 1178 1292 1232 concremetur?
1339 1177 1502 1232 Busta
1554 1185 1720 1243 sunt,
1777 1177 2135 1232 sacratissimi

537 1272 917 1339 imperatores,
964 1270 1307 1342 appellanda,
1361 1287 1467 1327 non
1517 1272 1717 1342 templa
1741 1270 1789 1327 δ.
1824 1271 1956 1342 Regi
2009 1280 2139 1328 sunt

536 1366 719 1434 potius
747 1365 959 1421 dicendi
991 1365 1337 1421 miserorum.
1366 1366 1499 1422 Nam
1557 1368 1609 1421 in
1657 1365 1921 1421 honorem
1954 1364 2134 1420 homi-

537 1473 663 1511 num
691 1458 1028 1529 perditorum
1079 1458 1224 1513 {edes
1258 1474 1356 1529 pro
1384 1458 1650 1529 sepulcris
1695 1457 2006 1513 miseranda
2038 1457 2136 1513 ho-

539 1551 742 1604 minum
784 1552 1021 1605 servitus
1067 1551 1213 1605 facit.
1271 1551 1366 1606 llic
1419 1561 1784 1607 crematorum
1839 1565 2134 1623 corporum

536 1641 734 1695 favillae
756 1652 1065 1708 servantur,
1102 1644 1187 1698 hic
1208 1645 1424 1699 cineres
1455 1653 1795 1700 mortuorum
1823 1644 2132 1715 irreligiosa

537 1734 657 1803 lege
674 1734 1006 1799 conduntur,
1037 1744 1095 1790 ut
1124 1736 1449 1791 acerbarum
1480 1737 1740 1791 mortium
1772 1750 1933 1792 casus
1957 1738 2138 1806 qnoti—
2168 1770 2213 1829 Β

536 1826 702 1882 diano
731 1828 1073 1883 victimarum
1097 1829 1367 1899 sanguine
1389 1830 1758 1895 recrudescat,
1782 1840 1838 1884 ut
1864 1830 2034 1886 tristis
2062 1831 2139 1886 la-

539 1921 888 1978 mentationis
939 1922 1121 1976 exitus
1166 1930 1462 1977 renovatus
1515 1924 1712 1978 annuis
1764 1923 2001 1978 luctibus
2053 1939 2138 1979 re-

539 2024 894 2082 nascatur,ut
922 2017 1130 2086 sopitos
1174 2016 1332 2071 ﬂetus
1387 2017 1661 2073 recentior
1687 2017 1927 2072 ululatus
1955 2017 2140 2088 exagi-

541 2116 640 2172 tet,
667 2119 721 2161 ut
747 2108 1035 2177 parricidia
1071 2109 1157 2164 vel
1186 2110 1393 2165 incesta
1426 2111 1504 2166 vel
1539 2120 1745 2165 mortes
1766 2125 1830 2165 ex
1854 2124 2137 2166 sacrorum

540 2201 644 2254 ritu
670 2201 866 2255 misera
894 2215 1049 2256 mens
1073 2201 1351 2256 hominum
1381 2211 1435 2257 et
1454 2204 1637 2258 colere
1662 2202 1836 2257 discat
1859 2212 1912 2257 et
1937 2202 2136 2257 facere.

540 2292 883 2364 Amputanda
940 2304 1066 2349 sunt
1125 2294 1283 2362 haec,
1339 2294 1693 2351 sacratissimi
1756 2295 2136 2364 imperatores,

537 2388 754 2458 penitus
809 2397 973 2458 atque
1026 2388 1291 2456 delenda,
1336 2398 1391 2444 et
1421 2388 1790 2444 severissimis
1831 2389 2139 2443 edictorum

540 2490 844 2537 vestrorum
871 2482 1086 2553 legibus
1123 2483 1472 2553 corrigenda,
1508 2498 1576 2539 ne
1597 2485 1802 2539 diutius
1832 2483 2139 2539 Romanum

537 2574 728 2630 orbem
758 2576 1201 2647 praesumptionis
1242 2578 1401 2632 istius
1429 2593 1585 2633 error
1615 2578 1867 2633 funestus
1897 2592 2143 2633 comma-

539 2667 707 2733 culet,
742 2683 809 2723 ne
841 2668 1117 2738 pestiferae
1163 2670 1577 2727 consuetudinis
1633 2670 1982 2726 convalescat
2039 2670 2140 2725 im-

542 2762 806 2829 probitas.
838 2762 1111 2832 Quidquid
1164 2762 1439 2819 hominem
1469 2764 1564 2820 Dei
1587 2776 1608 2803 ο
1639 2773 1869 2820 conatur
1887 2764 2139 2834 perdere,

542 2868 611 2908 ne
643 2854 848 2908 diutius
881 2856 931 2909 in
964 2864 1108 2909 terra
1132 2856 1463 2912 dominetur.
1485 2857 1688 2914 Nolunt
1725 2856 1941 2927 quidem
1970 2866 2024 2911 et
2052 2872 2141 2912 re-

544 2956 808 3015 pugnant,
839 2947 1136 3002 ctexitium
1169 2964 1325 3005 suum
1376 2966 1547 3021 prona
1595 2951 1893 3021 cupiditate
1921 2950 2141 3005 deside-

540 3049 663 3094 rant
697 3058 709 3092 :
738 3040 835 3096 sed
889 3042 1175 3098 subvenite
1217 3044 1454 3111 miseris,
1476 3044 1704 3100 liberate
1729 3056 2038 3115 pereuntes,
2073 3044 2139 3099 ad

2237 432 2278 485 si
2314 433 2513 487 malum
2563 434 2736 490 morbi
2770 434 2963 491 fortius
3009 439 3292 501 creverit,
3335 440 3534 505 majora
3581 444 3767 499 remedia

2237 536 2579 593 qumrtmtnr,
2604 537 2658 582 et
2686 542 2785 597 pro
2813 529 2991 584 salute
3020 529 3335 585 hominibus
3368 530 3585 585 sollicita
3624 533 3769 593 fortius

2236 629 2296 671 se
2325 617 2594 673 medicina
2631 622 2882 690 opponit.
2934 625 3124 695 Asperi
3168 624 3306 693 cibi,
3351 626 3517 680 amari
3546 635 3677 694 potus
3701 644 3773 683 no.

2235 708 2473 765 lentibus
2528 712 2893 783 ingeruntur:
2942 724 2996 771 et
3046 716 3089 771 si
3134 718 3481 773 convaluerit
3525 718 3714 785 malum,
3737 733 3773 778 et

2238 803 2377 873 ignis
2398 805 2687 864 adhibetur
2715 818 2767 863 et
2793 808 3022 865 ferrum.
3042 810 3130 867 Sic
3155 811 3347 876 homo,
3366 822 3575 881 recepta
3596 816 3773 871 sanitate

2234 908 2285 951 et
2336 898 2509 955 salute
2541 902 2641 955 sibi
2686 901 2919 967 reddita,
2946 903 3209 974 quidquid
3242 905 3556 974 aegrotantis
3580 909 3772 975 corpnris

2235 989 2367 1044 vitio
2390 989 2591 1047 invitus
2616 1008 2809 1064 passus
2842 1004 2947 1062 est,
2979 995 3080 1050 huc
3132 1005 3309 1050 totum
3343 1012 3439 1064 pro
3479 996 3689 1054 utilitate
3708 1015 3774 1052 sua

2237 1082 2434 1141 factum
2465 1101 2609 1156 esse,
2638 1090 2838 1143 stantis
2867 1089 3037 1145 animi
3056 1090 3271 1160 judicio
3298 1091 3603 1148 conﬁtetur.

2807 1181 3038 1239 CAPUT
3077 1182 3267 1239 XVIII.

2238 1268 2618 1343 Etymologias,
2656 1274 2762 1329 sive
2807 1277 3032 1346 origines
3076 1277 3373 1342 nominum,
3404 1292 3516 1344 qua:
3554 1276 3643 1331 diis
3667 1277 3776 1331 attri-

2309 1366 2613 1431 buebantur,
2646 1369 2876 1440 exponit.
2906 1369 3152 1439 Symbola
3192 1371 3384 1424 deinde
3422 1382 3467 1425 et
3497 1371 3633 1443 signa
3653 1372 3778 1424 cultu

2309 1462 2519 1516 deorum
2547 1461 2796 1533 explanat
2822 1502 2837 1528 ,
2867 1462 3041 1516 multis
3089 1464 3274 1529 simul,
3308 1462 3397 1516 ubi
3418 1463 3607 1517 ocrasio
3637 1462 3717 1533 ipsi
3736 1480 3778 1517 (ι

2308 1554 2458 1625 genio
2487 1553 2662 1608 steculi
2693 1562 2844 1623 atque
2890 1569 3055 1608 sacrae
3092 1554 3391 1626 Scriptum
3441 1555 3779 1626 interpretanda:

2308 1648 2508 1703 ratione
2566 1651 2703 1717 ferre
2733 1647 3039 1714 videbatur,
3096 1648 3227 1703 locis
3278 1648 3491 1703 Biblicis
3540 1648 3703 1703 allatis.
3730 1647 3779 1701 Et

2311 1742 2365 1796 in
2433 1741 2659 1812 quinque
2714 1742 2971 1812 imprimis
3036 1742 3289 1811 symbolis
3346 1741 3642 1811 exponendis
3702 1756 3781 1794 ver-

2311 1844 2475 1888 ςαιιιν.

2312 1926 2555 1993 Accipite
2579 1926 2770 1991 etiam,
2816 1926 3154 1981 sacrosancti
3178 1925 3478 1996 principes,
3509 1924 3697 1979 nomina
3714 1938 3779 1978 eo—

2242 2033 2359 2073 rttm
2417 2034 2521 2087 qua
2582 2026 2711 2073 sunt
2766 2017 2981 2073 ratione
3037 2018 3393 2087 composita;
3466 2017 3630 2071 lumen
3674 2015 3777 2079 hac,

2239 2109 2380 2179 quod
2414 2109 2724 2165 hominibus
2770 2108 2926 2179 jussu
2981 2108 3101 2177 Dei,
3161 2109 3364 2180 fugatis
3393 2108 3634 2173 tenebris,
3674 2106 3777 2167 diem

2239 2203 2437 2268 reddit,
2469 2204 2613 2274 quod
2647 2219 2743 2273 per
2771 2202 3061 2257 duodecim
3090 2202 3355 2259 horarum
3395 2201 3560 2271 spatia
3597 2211 3615 2236 ο
3638 2214 3779 2256 cursus

2240 2300 2321 2353 Sui
2350 2299 2597 2353 ordinem
2630 2299 2838 2368 dirigit,
2868 2298 3040 2352 sulem
3084 2297 3193 2354 dici
3228 2298 3540 2357 voluerunt.
3572 2312 3660 2349 non
3688 2294 3775 2361 quia

2241 2393 2389 2447 solus
2434 2401 2541 2459 est,
2569 2400 2627 2446 ut
2665 2390 2887 2461 quidam
2913 2390 3125 2456 volunt,
3159 2390 3287 2461 quia
3336 2389 3411 2444 ibi
3453 2398 3505 2444 et
3534 2388 3777 2444 etelnmest

2241 2494 2296 2541 et
2326 2485 2450 2539 luna
2482 2494 2535 2540 et
2560 2484 2662 2538 alia
2697 2484 2929 2554 plurima
2961 2483 3143 2538 sidera
3170 2499 3297 2555 qua:
3326 2484 3584 2547 videmus,
3611 2496 3667 2535 ex
3694 2479 3777 2547 qui-

2244 2580 2343 2635 bus
2371 2577 2620 2648 quaedam
2646 2592 2749 2632 una
2798 2576 2941 2632 serie
2995 2584 3051 2632 et
3080 2577 3417 2632 coltzerentia
3459 2582 3683 2645 perpetua
3727 2570 3777 2624 ει.

2250 2671 2473 2741 mulque
2498 2671 2753 2740 copulata
2786 2668 2993 2734 lucent,
3025 2668 3128 2722 alia
3186 2677 3307 2723 toto
3357 2683 3535 2740 sparsa
3564 2666 3683 2720 coelo
3713 2676 3777 2715 va-

2243 2778 2339 2833 gos
2381 2776 2573 2817 cursus
2623 2761 2737 2816 suis
2795 2761 3094 2816 metiuntur
3146 2760 3435 2816 erroribus
3469 2757 3511 2811 ί.
3556 2756 3647 2813 Sed
3688 2753 3774 2807 ideo

2244 2856 2337 2911 Sol
2383 2856 2711 2927 appellatur,
2740 2854 2893 2923 quia,
2927 2868 3050 2909 cum
3102 2864 3259 2908 ortus
3305 2852 3487 2917 fuerit,
3540 2846 3776 2903 obscuratis

2246 2951 2461 3004 caeteris
2492 2947 2791 3012 sideribus,
2840 2946 3017 3001 luceat
3061 2946 3210 3001 solus
3244 2957 3290 3000 8.
3325 2946 3472 3002 Luna
3517 2943 3657 2999 etiam
3696 2941 3777 2991 hac

2244 3041 2437 3097 eadem
2470 3040 2671 3097 Lucina
2695 3055 2724 3094 a
2753 3047 3023 3095 nocturno
3070 3039 3284 3095 lumine
3335 3052 3525 3095 nomen
3560 3027 3773 3101 accepith.

544 3133 646 3189 hoc
678 3134 829 3190 vobis
864 3135 1003 3190 Deus
1033 3150 1277 3191 summus
1307 3139 1580 3193 commisit
1609 3137 1918 3208 imperium,
1952 3145 2009 3192 ut
2048 3152 2144 3207 per
2169 3160 2214 3219 ρ
2250 3135 2399 3190 Hanc
2452 3134 2617 3187 etiam
2651 3132 2867 3202 quidam
2926 3130 3033 3186 dici
3094 3131 3396 3187 voluerunt
3422 3124 3648 3191 Dianam,
3673 3118 3775 3219 quod

543 3241 638 3281 vos
660 3227 907 3283 vulneris
950 3228 1108 3284 istius
1147 3230 1299 3301 plaga
1330 3239 1573 3286 curetur.
1617 3230 1903 3286 Faciuoris
1951 3245 2139 3286 eorum

540 3321 840 3390 periculum
883 3322 1087 3377 scimus
1119 3366 1134 3390 ,
1183 3324 1389 3379 erroris
1438 3334 1581 3380 nota:
1612 3333 1739 3380 sunt
1788 3339 1963 3394 paena:
1996 3340 2010 3389 ;
2044 3323 2138 3378 sed

544 3414 740 3469 melius
769 3427 874 3481 est,
904 3425 963 3471 ut
1003 3416 1248 3472 liberetis
1276 3418 1497 3485 invitos,
1526 3433 1689 3489 quam
1744 3429 1802 3472 ut
1832 3417 2141 3473 volentibus

542 3508 860 3564 concedatis
882 3509 1128 3565 exitium.
1152 3510 1510 3582 Egrotantes
1533 3514 1806 3567 contraria
1839 3512 2140 3580 delectant,

543 3611 593 3654 et
627 3616 749 3656 cum
783 3618 983 3672 corpus
1014 3604 1251 3660 hominis
1281 3604 1509 3660 adversa
1542 3604 1794 3660 valetudo
1817 3605 2139 3673 possederit,

543 3703 730 3748 contra
782 3697 1013 3750 salutem
1047 3711 1199 3751 suam
1251 3698 1677 3755 alaborantibus
1730 3713 1982 3768 perversa
2015 3713 2137 3768 pos-

541 3797 756 3843 cuntur.
781 3788 949 3859 Capta
982 3806 1137 3846 mens
1182 3792 1459 3863 languoris
1486 3794 1619 3847 vitio
1642 3792 1961 3847 morborum
1999 3806 2141 3846 scm-

545 3896 643 3950 per
691 3895 979 3951 augmenta
1011 3886 1309 3954 desiderat,
1340 3896 1394 3941 et
1426 3888 1664 3943 medelas
1718 3888 1988 3942 artilicnm
2049 3902 2141 3941 as-

546 3983 801 4042 pernatas
846 3976 1149 4031 contemnit
1178 3976 1227 4044 ά,
1257 3980 1460 4049 respuit
1497 3980 1802 4036 remedium
1836 3978 2146 4047 medicinae,

2252 3242 2346 3295 per
2403 3236 2615 3281 noctem
2662 3226 2849 3279 lucens
2902 3222 3217 3280 hominibus
3255 3224 3478 3278 alterum
3514 3232 3630 3289 pene
3667 3214 3771 3267 diem

2248 3319 2431 3376 faciat.
2461 3321 2505 3375 A
2524 3317 2761 3374 natando
2786 3317 3094 3387 Neptunum
3122 3317 3229 3372 dici
3266 3317 3566 3379 voluerunt,
3594 3325 3648 3364 ex
3672 3307 3772 3368 hoe.

2248 3414 2392 3484 qttutl
2433 3415 2663 3470 libenter
2718 3411 3038 3480 faciebant,
3099 3412 3459 3468 snbstantiam
3514 3399 3772 3464 IIOIIIiIIISﬁ'

2248 3521 2508 3580 gurantes
2555 3508 2596 3561 ί.
2624 3508 2921 3563 Terrenum
2954 3509 3060 3562 vim
3099 3522 3322 3564 omnem
3370 3515 3523 3576 atque
3564 3507 3770 3557 nalurann

2250 3602 2422 3657 Ditem
2452 3611 2659 3672 patrem
2688 3601 2910 3665 dicunt;
2937 3601 3058 3669 quia
3088 3600 3204 3654 haec
3228 3609 3321 3655 est
3354 3605 3534 3652 natura
3563 3602 3707 3652 terrm,
3732 3591 3771 3636 ul

2246 3704 2298 3749 et
2322 3693 2563 3749 recidant
2588 3695 2640 3749 in
2664 3708 2784 3749 eam
2814 3692 3020 3756 omnia,
3047 3701 3103 3748 et
3125 3705 3321 3746 rursus
3342 3707 3406 3745 ex
3433 3704 3490 3744 ea
3508 3693 3609 3740 orta
3632 3689 3772 3749 prooe-

2244 3791 2396 3856 dant,
2450 3804 2572 3858 quae
2601 3802 2689 3843 res
2740 3787 3077 3857 0pulcntiam
3113 3794 3279 3842 terrae
3305 3783 3605 3848 divitiasque
3637 3782 3768 3827 mons-

2245 3883 2427 3937 travit.
2462 3881 2695 3952 Frugum
2725 3879 3088 3934 subsmntiam
3115 3879 3309 3933 volunt
3336 3872 3675 3942 Proserpinam
3708 3859 3769 3914 di-

2258 3993 2383 4033 cere
2417 3993 2430 4043 ;
2462 3974 2585 4046 quia
2628 3974 2812 4044 fruges
2864 3972 3194 4040 hominibus,
3230 3986 3356 4028 cum
3398 3968 3496 4039 seri
3540 3956 3765 4030 cmperinb

542 4156 812 4239 l_l_eraclid.
837 4158 1103 4239 Ponticus
1122 4160 1299 4239 Alleg.
1319 4159 1591 4239 Δῌοιιιιξιῃ,
1630 4178 1683 4239 p_.
1717 4165 1805 4239 '15.
1852 4167 1930 4221 De
1968 4163 2129 4221 tertia
2159 4178 2214 4239 ι)
2237 4162 2507 4239 Scipionis
2521 4159 2660 4233 apud
2680 4159 3003 4216 Ciceronem
3028 4160 3095 4216 de
3122 4159 3438 4232 Republica,
3468 4154 3549 4208 lib.
3576 4162 3637 4209 vt,
3661 4157 3697 4198 c.
3719 4139 3765 4195 l7

544 4229 786 4285 Minerva
813 4246 825 4282 :
855 4234 1002 4361 τὲίτη
1025 4230 1067 4287 δ’
1089 4229 1288 4300 ’Δθηνᾶ,
1314 4232 1398 4290 διὰ
1416 4240 1540 4307 μιᾶς
1552 4229 1828 4300 ἐπιϐουλῆς
1846 4240 1916 4300 εἰς
1931 4238 2136 4314 πατέρα

544 4306 625 4356 καὶ
654 4304 848 4361 μητέρα
910 4305 1237 4361 υσσεϐοὖσα.

542 4324 625 4356 και
651 4324 848 4379 μητερα
879 4324 1237 4361 ουσσεδουσα.

612 4382 635 4409 ιι
661 4374 959 4447 Palladium
1013 4390 1092 4430 sc.
1128 4394 1157 4430 a
1189 4375 1515 4441 Vestalibus,
1554 4378 1903 4447 pontificibus
1931 4380 2135 4447 Vestae,

538 4447 890 4520 custoditum.
917 4446 1211 4502 Gutberius
1240 4449 1307 4504 de
1354 4449 1475 4505 Vet.
1502 4446 1634 4506 .Iure
1673 4452 1930 4520 pontilico
1980 4446 2140 4507 Urbis

543 4516 729 4571 Romae
763 4535 815 4588 p.
848 4519 940 4574 21.
972 4520 1028 4574 In
1050 4529 1161 4575 vet.
1194 4521 1551 4592 inscriptione
1579 4516 1835 4578 dicuntur
1872 4541 1885 4577 :

826 4635 1130 4676 PONTIFICES
1152 4637 1359 4678 VESTAE
1390 4639 1445 4678 ν.
1475 4640 1527 4679 ν.
1554 4640 1606 4682 C.
1630 4640 1683 4681 Ο.

538 4720 819 4794 (Virgines
844 4722 1093 4794 Vestales
1134 4725 1505 4794 castissimae).
1538 4726 1671 4781 Ibid.

610 4791 635 4829 ι)
658 4792 877 4859 Templa
908 4804 962 4847 ut
1008 4793 1159 4848 busta
1204 4791 1519 4865 despiciunt.
1570 4798 1769 4853 Minue.
1801 4800 1976 4855 Felix.
2010 4817 2058 4856 (τ.
2084 4803 2139 4857 8.

540 4862 767 4918 Tertull.
794 4865 861 4921 de
886 4866 1160 4942 Spectaeq
1194 4880 1244 4920 c.
1377 4885 1388 4920 :
1431 4867 1542 4922 Nec
1574 4872 1743 4925 minus
1770 4874 1960 4942 ιειηρια
1990 4890 2141 4938 quant

538 4946 865 5014 monumenta
917 4938 1249 5014 despicimus.
1300 4939 1506 5008 Nempe
1572 4954 1695 5014 cum
1754 4943 1805 4995 in
1866 4938 2142 5014 plerisque

538 5006 838 5062 Gentilium
869 5006 1083 5076 templis
1110 5006 1491 5066 defunctorum
1521 5011 1791 5066 cadavera
1816 5006 1917 5067 siia
1956 5006 2144 5072 essent

532 5093 596 5131 ac
630 5080 888 5155 tumulata
922 5080 1085 5151 (quod
1114 5079 1285 5155 Clem.
1318 5084 1501 5147 Alex.,
1532 5083 1825 5145 Arnobius,
1854 5085 2139 5155 Eusebius,

537 5161 589 5203 et
613 5152 701 5225 alii
732 5152 974 5225 pluribus
1001 5154 1402 5225 comprobant),
1432 5156 1728 5210 Christiani
1752 5158 1819 5211 ab
1849 5173 1916 5213 eo
1948 5173 2047 5213 usu
2075 5152 2141 5214 ea

538 5224 734 5292 szepius
762 5232 817 5276 et
846 5223 1273 5279 denominabant
1300 5223 1743 5282 etaestimabant.

615 5306 635 5330 υ
669 5294 817 5368 lianc
847 5294 1342 5368 denominationem
1398 5299 1612 5355 videtur
1661 5316 1726 5356 ex
1751 5301 1769 5355 I
1799 5300 2039 5356 Timoth.
2068 5318 2142 5368 vt,

540 5366 602 5418 Η
639 5407 652 5425 ,
686 5364 725 5418 ll
750 5365 1019 5432 'I‘imoth.,
1052 5382 1133 5429 ιιι,
1170 5369 1257 5429 l7,
1291 5380 1567 5426 mutuatus
1618 5388 1759 5427 esse.
1790 5375 1996 5429 Ilsnrz.

564 5435 635 5518 ,ξι
668 5436 973 5491 Wowerius
1017 5438 1257 5493 correxit
1299 5438 1556 5509 Aspernat
1584 5460 1645 5498 ac
1680 5447 1975 5503 contemnit.
2036 5445 2144 5501 Nc-

542 5522 655 5561 SCIU
680 5523 798 5562 cur.

615 5588 653 5654 °_
678 5579 846 5654 Dicm,
872 5580 1088 5654 quo_sol
1118 5580 1170 5635 in
1200 5581 1340 5638 caelo
1372 5582 1537 5654 lucet,
1570 5586 1623 5641 in
1671 5587 1831 5642 horas
1856 5586 2144 5643 duodecim

549 5647 759 5707 dividit.
794 5647 942 5704 more
970 5651 1238 5707 Romano.

624 5716 641 5756 ί
679 5717 857 5786 Facile
903 5721 1018 5787 haec
1055 5722 1348 5783 admonent
1392 5728 1639 5786 sublimis
1687 5730 1792 5801 loci
1824 5730 1876 5786 in
1918 5729 2149 5803 Somnio

2245 4233 2509 4370 “istim”
2537 4305 2605 4361 de
2651 4304 2768 4360 Nat.
2811 4304 2992 4368 Deor.,
3040 4319 3100 4369 ιι,
3129 4302 3389 4357 27:6um
3429 4287 3766 4355 Soldictusfue-

2245 4378 2310 4411 υἷι
2359 4378 2479 4411 ηιιϐη
2531 4379 2668 4411 οηΙιιο
2724 4392 2785 4411 ον
2829 4374 3062 4411 nnnn’huc
3092 4374 3343 4411 cidae-ilum
3385 4381 3455 4411 ne!
3479 4374 3643 4411 InnlllS.
3670 4358 3762 4411 809‘

2243 4378 2331 4438 rit,
2357 4378 2479 4448 quia
2500 4368 2505 4370 ⁷
2528 4379 2668 4432 solus
2724 4392 2785 4429 ea:
2829 4374 3062 4429 omnibus
3088 4368 3343 4429 sideribus
3385 4381 3455 4427 est
3479 4374 3643 4422 tantus.
3670 4368 3745 4411 me

2245 4449 2390 4503 thius
2417 4450 2579 4504 Cous.
2612 4447 2816 4503 Philus.
2837 4464 2890 4514 v,
2916 4446 3067 4501 Metr.
3090 4446 3126 4499 2
3154 4461 3165 4497 :

2493 4563 2671 4625 Quem,
2698 4563 2814 4624 quia
2836 4563 3039 4625 respicit
3060 4563 3221 4625 omnia
3244 4561 3390 4620 solus,

2496 4624 2678 4675 Verum
2706 4627 2863 4688 possis
2886 4626 3054 4674 dicere
3077 4624 3263 4673 Solem.

2245 4731 2383 4801 Quin
2415 4740 2469 4786 et
2490 4729 2609 4805 Ἀπρ
2622 4732 2745 4805 λᾎων
2773 4772 2786 4793 .
2820 4738 3082 4805 μψστικῶς
3109 4735 3242 4786 κατά
3271 4734 3473 4805 τήρησιν
3508 4726 3591 4775 τῶν
3612 4724 3757 4805 ἶολίιδίν

2416 4771 2469 4786 υ.
2505 4771 2786 4793 μηυηηυη,
2824 4771 3075 4793 πωπω,
3113 4771 3242 4786 μων,
3516 4771 3550 4775 ρ

2247 4771 2541 4875 ξῖούμενος,
2571 4803 2596 4858 ὁ
2626 4800 2695 4862 εἷς
2720 4784 2833 4875 ἐστι
2864 4804 2994 4875 θεὸς,
3026 4805 3295 4875 metuent.
3327 4771 3515 4858 glrom-
3562 4806 3594 4875 ξι
3618 4771 3759 4875 ἕλεθ’

2250 4845 2541 4947 ίιῖιξῖἷξιξξ
2572 4845 2701 4947 Eii:
2722 4845 2859 4947 viiii.
2894 4845 3029 4927 'viit.
3079 4845 3499 4947 Creuzerfiion
3523 4859 3584 4947 ag
3613 4845 3755 4947 Eii-ﬂ}

2246 4930 2283 5001 ί·
2306 4930 2346 5011 tu
2372 4930 2540 5001 Varro
2570 4947 2635 5001 de
2685 4945 2743 4999 L.
2795 4945 2855 5001 L.
2884 4946 2979 4999 lih.
3012 4960 3084 5011 tv,
3115 4961 3164 5001 c.
3202 4948 3297 5012 lO;
3328 4936 3500 4999 Isidori
3546 4930 3754 4995 Origines,

2249 5019 2516 5155 m’hiii'cq
2567 5089 2633 5144 de
2664 5088 2789 5143 Nat.
2826 5088 2914 5155 D.,
2947 5104 3003 5151 ιι,
3038 5104 3087 5144 c.
3113 5087 3217 5142 27:
3251 5088 3396 5142 Ltma
3438 5064 3759 5155 αηίίίτέφίῖῗῖ

2247 5141 2464 5287 minatus—
2480 5141 2552 5214 s'it
2664 5141 2841 5215 eadem
2897 5141 3003 5215 est"
3028 5141 3170 5214 enim
3217 5159 3424 5214 Lucina.
3456 5146 3527 5204 Cf.
3556 5141 3753 5197 Crelllerl

2249 5242 2361 5287 not.
2389 5235 2418 5286 9
2467 5274 2477 5286 .
3582 5283 3590 5287 _
3716 5284 3733 5287 ﬂ

2389 5242 2403 5265 ι
2446 5242 2456 5249 .

2249 5242 2491 5358 “583;.
2526 5304 2592 5360 de
2620 5302 2743 5357 Nat.
2775 5303 2864 5368 D.,
2898 5316 2956 5366 Il.
2987 5302 3092 5357 9-6:
3118 5301 3390 5369 Νενηιηηε
3416 5313 3444 5350 α
3467 5283 3754 5369 ’ταηέθεῖἶίῖῗῖ

2248 5376 2358 5430 lum
2384 5351 2809 5430 ni'imi—svlit‘teris—
2828 5351 3156 5428 ἐἠἱιὶὶιιῖἇιὲεῖ
3338 5351 3513 5425 notant
3554 5351 3753 5430 CrW'.‘

2376 5428 2669 5509 Arnobius,
2728 5461 2809 5507 ιιι,
2863 5444 2954 5511 ⁸51,
2987 5445 3133 5500 aliud
3192 5428 3348 5501 affert
3391 5444 3602 5511 etymop.
3630 5428 3712 5511 plu"

2247 5533 2385 5602 aqua
2430 5522 2595 5602 nubat
2625 5490 2821 5602 terrae;
2858 5490 2954 5570 Sic,
2987 5532 3206 5602 quoque
3238 5517 3400 5602 varro
3443 5490 3503 5561 de

2253 5563 2519 5644 Fiirtassis
2562 5588 2917 5643 derivandum
2950 5563 3166 5643 videttir
3192 5606 3219 5643 a
3267 5590 3420 5661 νέφος,
3445 5574 3578 5647 νεφόω
3604 5563 3747 5683 (ᾛῨἯ

2253 5661 2311 5686 ...ι
2356 5662 2528 5686 Α-..,.ι.
2578 5678 2633 5686 .-.
2687 5661 2776 5686 εει
2836 5661 2935 5686 ..:..:
2963 5662 3027 5686 ,.ί.
3064 5662 3281 5686 ....:..:..:..
3307 5656 3588 5686 -n'nnmnm.
3628 5674 3641 5686 .
3683 5638 3720 5677 lu

2247 5661 2313 5715 ad
2346 5662 2550 5716 Arnob.
2578 5678 2656 5733 ιιι,
2687 5661 2800 5733 51),
2836 5661 2937 5715 nisi
2958 5662 3038 5733 sit
3062 5662 3285 5732 originis
3307 5656 3588 5733 peresflgﬁ

2250 5703 2555 5811 3in
2579 5703 3452 5807 ὶϋξρῑδτηίιςινέειεῖἰιῖέξίςεῑιῖιυςν
3468 5703 3747 5793 (uerrutth
