4024 6192
294 188 429 250 10!!

1230 190 1319 248 DE
1361 185 1641 247 ERRORE
1680 187 2165 249 PROFANARUM
2206 188 2657 257 BELIGIONUM.

3466 197 3485 252 l
3498 195 3606 252 022

294 313 541 379 prosunt.
586 304 814 365 Terram
875 306 1046 377 ipsam
1085 304 1339 363 Cererem
1373 307 1656 363 nominant
1686 316 1752 373 ﬁ;
1802 324 1899 364 no-
1928 313 1975 371 Α
2004 321 2218 371 causas.
2263 318 2318 363 ιιι
2346 312 2699 380 profanarum
2747 311 3074 381 religionum
3108 311 3419 368 miseranda
3458 330 3607 366 coni-

296 417 420 455 men
474 400 574 455 hoc
630 417 655 453 a
708 400 954 456 serendis
1008 399 1268 457 fructibus
1322 400 1350 439 δ
1406 410 1728 457 mutuatum.
1806 401 1887 457 Ex

298 495 577 551 bellorum
632 495 848 549 casibus
899 495 1165 550 Mavorsc
1216 511 1412 551 nomen
1464 497 1695 567 accepit,
1729 496 1886 567 quasi

292 603 486 658 magna
534 597 725 643 vertat.
778 588 1017 644 Minerva
1046 587 1352 647 dsimiliter
1392 591 1647 647 bellicum
1699 608 1898 647 nomen

299 690 407 747 est,
443 680 598 750 quasi
642 690 733 735 aut
764 681 972 737 minuat
1017 691 1111 739 aut
1136 684 1397 739 minetur.
1429 684 1697 740 Venustas
1727 686 1903 741 bomi-

293 789 423 829 num
453 773 636 829 Venus
660 772 805 828 dicta
837 784 921 829 est
955 784 1000 827 θ.
1036 775 1302 845 Apollinis
1327 792 1525 833 nomen
1556 792 1619 833 ex
1651 778 1900 834 humanis

300 870 581 923 tinxerunt
633 868 872 933 casibus,
927 883 1182 925 sermone
1241 870 1449 938 Graeco,
1506 872 1657 941 quasi
1716 873 1899 926 omnia

291 962 583 1018 commissa
616 960 718 1016 sibi
764 970 857 1016 aut
885 963 1095 1017 amittat
1124 973 1215 1017 aut
1250 965 1460 1034 perdat.
1505 964 1687 1019 Solem
1733 964 1898 1020 etiam

291 1055 603 1126 Apollinem
634 1052 846 1122 dicunt,
878 1056 1003 1126 quia
1032 1055 1275 1126 quotidie
1323 1057 1373 1111 in
1408 1071 1602 1111 occasu
1634 1059 1899 1113 constitu-

296 1156 382 1201 tus
458 1145 805 1215 Splendorem
859 1147 1078 1203 luminis
1142 1147 1350 1217 perdat.
1412 1148 1648 1205 Perdere
1714 1160 1895 1206 autem

292 1239 470 1296 Graeci
498 1241 730 1296 ἀπόλλειν
752 1241 938 1297 dicunt
967 1240 1011 1295 ί.
1039 1242 1250 1298 Videtis
1280 1253 1336 1298 ut
1368 1253 1580 1300 vestros
1603 1246 1897 1302 ementitos

289 1341 345 1387 et
372 1333 594 1387 ﬁctitios
626 1333 757 1388 deos
800 1334 1140 1389 turbulentus
1184 1350 1342 1391 error
1384 1338 1793 1407 excogitaverit,
1841 1346 1898 1394 ut

289 1426 777 1496 superstitionibus
845 1427 1083 1481 anilibus
1142 1437 1196 1482 et
1244 1427 1434 1482 forma:
1481 1429 1636 1484 vobis
1687 1429 1895 1486 traditae

292 1533 421 1575 sunt
448 1529 501 1574 et
532 1518 771 1574 nomina.
814 1518 921 1575 Sed
955 1519 1070 1574 ltree
1117 1520 1296 1575 omnia
1330 1521 1530 1576 veritas
1572 1521 1804 1589 detexit,
1838 1533 1893 1579 et

294 1614 433 1668 ratio
462 1628 610 1669 sanae
655 1613 855 1669 mentis
906 1612 1134 1676 invenit,
1169 1622 1227 1668 ut
1259 1613 1597 1684 investigatis
1640 1615 1892 1672 omnibus

2005 414 2190 457 menta
2222 402 2517 460 humanum
2554 421 2725 476 genus
2759 408 2992 476 primum
3039 408 3301 473 disceret,
3332 417 3385 462 ct
3414 407 3613 464 deinde

2006 504 2404 563 contemneret,
2439 499 2601 555 tertio
2630 511 2932 556 recusaret.

2594 590 2823 647 CAPUT
2865 592 3009 647 XIX.

2008 679 2057 734 1.
2113 678 2181 734 In
2229 679 2650 751 Eleusinio‘g'Ex
2694 686 2965 755 τυμπάνου
3004 685 3262 760 βέϐρωκα,
3320 692 3465 747 ειε..
3514 682 3602 738 ubi

2075 776 2235 829 multa
2261 775 2408 829 habet
2430 776 2494 830 de
2520 793 2653 846 parte
2680 779 2889 841 cmlesti,
2924 778 3162 849 fortassis
3182 777 3549 833 eucharistiro.

2075 866 2231 924 Libet
2259 884 2402 923 nunc
2431 869 2742 938 explanare,
2777 869 2973 939 quibus
3002 885 3060 925 se
3091 871 3261 939 signis
3296 871 3378 925 vel
3407 870 3603 942 quibus

2005 960 2271 1032 symbolis
2297 962 2349 1015 in
2385 962 2517 1030 ipsis
2553 963 3037 1032 superstitionibus
3078 964 3388 1018 miseranda
3422 963 3596 1019 homi-

2002 1068 2132 1108 num
2165 1053 2319 1108 turba
2350 1060 2665 1125 cognoscat.
2717 1055 2927 1109 llabent
2969 1056 3114 1110 enim
3155 1056 3375 1125 propria
3421 1056 3594 1125 signa,

2004 1146 2220 1216 propria
2268 1161 2552 1216 responsa,
2598 1164 2717 1218 qua:
2751 1148 2860 1202 illis
2902 1148 2955 1201 in
3010 1149 3130 1203 istis
3176 1149 3591 1219 sacrilegiorunt

2000 1240 2230 1295 coetibus
2262 1240 2469 1296 Diaboli
2502 1242 2718 1297 tradidit
2758 1241 3067 1311 disciplina.
3103 1242 3157 1296 In
3190 1243 3423 1313 quodam
3460 1250 3598 1297 tem-

2000 1332 2089 1401 plo
2118 1330 2165 1398 ιι,
2198 1342 2257 1387 ιιι
2282 1334 2335 1388 in
2366 1334 2657 1391 interiores
2687 1344 2866 1406 partes
2899 1334 3062 1390 homo
3094 1338 3391 1391 moriturus
3425 1336 3438 1373 ί
3468 1350 3595 1407 pos~

1998 1423 2067 1478 sit
2094 1424 2328 1491 admitti,
2362 1425 2521 1481 dicit:
2555 1426 2629 1482 De
2661 1436 2918 1497 tympano
2955 1428 3301 1496 manducavi,
3337 1428 3406 1484 de
3433 1442 3589 1499 cym-

1999 1516 2121 1571 balo
2176 1517 2328 1582 bibi,
2377 1526 2432 1573 et
2486 1519 2766 1590 religionis
2820 1530 3032 1575 secreta
3093 1520 3374 1590 perdidici.
3436 1520 3595 1589 Quod

1998 1611 2190 1667 Grreco
2237 1628 2492 1668 sermone
2534 1612 2734 1669 dicitur
2787 1618 2843 1669 ὲκ
2894 1618 3165 1685 τυμπάνου
3222 1617 3483 1692 βέβρωκα,
3548 1618 3598 1669 ἐκ

289 1716 457 1777 atque
489 1706 741 1773 detectis,
779 1722 900 1777 qua:
950 1705 1250 1777 Sacrilegus
1298 1722 1453 1762 error
1500 1708 1889 1775 absconderat,

2017 1704 2259 1776 ξυμβάλοι)
2309 1706 2561 1771 πέπωκα,
2616 1708 2800 1780 γέγονα
2849 1704 3100 1777 μυστικὸς
3145 1708 3188 1761 i.
3245 1708 3398 1769 Male,
3429 1707 3599 1761 miser

290 1798 537 1856 veritatis
577 1799 769 1856 semita
805 1800 1028 1854 luceret.
1076 1800 1201 1855 lla-c
1240 1801 1386 1856 enim
1434 1803 1615 1856 omnia
1648 1817 1769 1857 cum
1804 1818 1889 1857 es-

287 1907 408 1951 sent
434 1894 574 1961 male
606 1895 929 1965 composita,
965 1894 1160 1950 terrori
1194 1898 1425 1964 primum
1459 1896 1608 1952 fuere
1642 1897 1889 1952 mortali-

289 1987 391 2042 bus
421 1997 444 2033 ε
478 2003 489 2039 :
524 1985 720 2041 dehinc
767 1997 1089 2058 consumpta
1138 1986 1398 2051 novitate,
1428 1987 1584 2059 quasi
1633 2003 1701 2043 ex
1733 1988 1891 2058 longa

290 2078 615 2151 argritudine
662 2078 1173 2134 convalescentibus
1220 2077 1553 2145 hominibus,
1612 2090 1772 2133 natus
1812 2090 1896 2135 est

289 2172 513 2245 quidam
561 2187 627 2227 ex
660 2170 1025 2226 admiratione
1055 2180 1422 2242 contemptus.
1483 2171 1574 2227 Sic
1604 2172 1892 2241 paulatim,

291 2265 437 2337 quod
480 2264 733 2336 stupebat
783 2266 1017 2333 animus,
1064 2278 1232 2319 ausus
1275 2274 1359 2319 est
1388 2264 1677 2335 diligenter
1721 2264 1897 2333 inqui-

290 2375 435 2426 rere,
469 2367 521 2415 et
550 2359 735 2414 statim
771 2359 823 2414 in
872 2373 1072 2415 arcana
1107 2359 1358 2415 ﬁctartun
1403 2375 1465 2414 ac
1514 2375 1771 2415 vanarum
1806 2374 1897 2413 su—

295 2450 673 2521 perstitionum
705 2465 865 2521 sagax
894 2451 1043 2505 misit
1065 2449 1365 2519 ingenium.
1401 2450 1553 2505 Tunc
1572 2467 1637 2505 ex
1660 2450 1897 2505 assiduis

293 2544 619 2600 tractatibus
668 2543 949 2601 latentium
999 2544 1211 2598 ratione
1262 2543 1492 2599 collecta
1544 2545 1791 2614 pervenit
1832 2543 1899 2599 ad

296 2678 404 2733 und
432 2676 673 2731 Creusers
728 2674 905 2746 Briefe
934 2677 1057 2732 uber
1110 2676 1210 2731 den
1239 2674 1438 2729 Homer
1460 2674 1567 2729 und
1613 2674 1893 2746 Hesiodus,

297 2766 419 2822 pag.
454 2748 599 2817 l9l),
633 2757 689 2802 et
711 2746 1215 2822 de-Nephthy_sane
1243 2747 1469 2822 cogitari
1500 2745 1899 2822 possethrt-u-

297 2817 408 2877 ἰριῖὶ
442 2831 553 2875 not.
581 2822 650 2874 75
677 2820 741 2871 ad
769 2818 883 2873 Cic.
913 2822 980 2876 dc
1031 2817 1152 2874 Nat.
1186 2819 1248 2872 D.
1298 2835 1335 2880 ι,
1364 2817 1481 2889 25),
1515 2834 1635 2873 cum
1662 2817 1895 2885 Etrusci,

300 2893 667 2948 Romanorum
700 2891 751 2944 in
787 2891 947 2946 rebus
975 2890 1175 2944 divinis
1208 2890 1471 2960 magistri,
1510 2900 1589 2944 tot
1627 2904 1899 2944 Commer-

298 2965 400 3021 ciis
431 2979 553 3018 cum
598 2962 869 3034 Egyptiis
901 2964 1095 3017 fuerint
1122 2962 1316 3031 juneti,
1362 2962 1593 3029 ideoque
1617 2962 1776 3029 hujus
1800 2976 1899 3034 nu-

301 3038 461 3091 minis
507 3050 705 3090 nomen
746 3034 816 3088 ab
866 3035 930 3089 iis
976 3035 1137 3089 facile
1182 3033 1456 3101 accepisse
1508 3034 1802 3101 potuerint.
1838 3033 1896 3087 in

303 3111 669 3162 monumentis
700 3116 877 3160 tamen
923 3105 1187 3168 Etruscis,
1239 3121 1357 3174 qua:
1385 3116 1601 3158 :ctatem
1633 3105 1895 3169 tulerunt,

302 3180 510 3233 nullum
540 3189 624 3232 est
672 3176 899 3243 Neptuni
932 3177 1241 3248 vestigium.
1269 3175 1454 3248 Neque
1476 3184 1627 3248 certo
1657 3184 1896 3248 constat,

300 3250 540 3306 Censum
574 3251 740 3303 Deum
772 3265 795 3300 a
829 3247 1102 3319 primaevis
1146 3248 1403 3301 Romanis
1436 3247 1763 3319 διιὺιιιίςιιιιθ
1784 3247 1901 3300 cnl-

303 3332 414 3376 tutn
441 3322 582 3375 idem
617 3320 785 3374 fuisse
832 3318 953 3373 eum
996 3320 1251 3389 Neptuno
1278 3334 1499 3372 numen.
1534 3318 1897 3373 Consiliorum

1998 1795 2184 1860 homo,
2214 1798 2281 1853 de
2303 1797 2545 1852 admisso
2578 1798 2820 1854 facinore
2841 1800 3142 1866 conﬁteris,
3162 1802 3477 1870 pestiferum
3507 1814 3601 1855 ve—

1996 1890 2122 1944 neni
2166 1890 2309 1947 virus
2341 1890 2594 1956 hausisti,
2643 1902 2697 1947 et
2742 1892 2955 1948 nefario
2987 1893 3189 1949 furoris
3233 1894 3490 1949 instinctu
3522 1894 3603 1949 le-

1999 1981 2142 2037 tbale
2172 1982 2426 2052 poculum
2456 1984 2691 2051 lambis;
2743 1985 2925 2041 cibum
2954 1987 3115 2041 istum
3155 2001 3300 2041 mors
3349 1988 3598 2054 sequitur

1998 2092 2237 2149 semper,
2273 2086 2328 2132 et
2360 2093 2516 2148 pcena
2546 2089 2770 2136 interna.
2807 2081 2938 2145 lloc,
2970 2081 3112 2150 quod
3144 2080 3345 2135 bibisse
3376 2090 3425 2134 te
3457 2094 3598 2149 prae-

1997 2168 2168 2236 dicas,
2201 2170 2421 2226 vitalem
2465 2187 2658 2227 venam
2705 2172 2926 2242 stringit
2956 2173 3007 2226 in
3058 2182 3309 2238 mortem,
3343 2180 3396 2226 et
3435 2170 3597 2226 sedes

2000 2265 2198 2323 animae
2225 2266 2591 2321 contaminata
2631 2267 2895 2321 malorum
2930 2275 2981 2321 te
3020 2265 3433 2319 continuatione
3466 2279 3601 2318 con-

2000 2358 2200 2414 turbat.
2238 2358 2388 2412 Alius
2419 2368 2501 2413 est
2541 2358 2716 2425 cibus,
2763 2358 2851 2427 qui
2890 2358 3121 2412 salutem
3154 2358 3379 2427 largitur
3417 2366 3473 2411 et
3516 2355 3599 2409 vi-

2006 2462 2148 2517 tam;
2198 2453 2336 2508 alius
2373 2463 2456 2509 est
2484 2454 2661 2517 cibus,
2698 2454 2790 2524 qui
2824 2452 3097 2509 bOtnincnt
3141 2466 3354 2507 Stttttme
3401 2451 3514 2505 Deo
3541 2458 3599 2504 et

2002 2546 2349 2601 commendat
2378 2554 2433 2601 et
2465 2545 2675 2611 reddit;
2720 2546 2858 2601 alius
2886 2557 2970 2601 est
2999 2545 3174 2609 cibus,
3206 2544 3295 2615 qtti
3336 2544 3598 2615 languen-

2004 2677 2184 2747 lingna
2210 2674 2454 2743 Etrusca,
2485 2693 2541 2747 p.
2578 2678 2680 2733 199
2709 2692 2847 2747 scq.,
2882 2677 3011 2741 203,
3041 2674 3169 2731 209.
3193 2674 3487 2740 Arnobius,
3518 2691 3598 2741 ιιι,

2003 2747 2093 2812 51,
2124 2763 2152 2799 a
2186 2751 2431 2803 memoria
2464 2750 2705 2815 deducit,
2740 2750 2893 2819 quasi
2930 2747 3264 2801 Meminerva.
3293 2747 3376 2802 (Lf.
3407 2747 3601 2802 Nolani

2005 2819 2218 2873 Urellii.
2274 2822 2409 2875 Dan.
2455 2818 2910 2892 Wyttenbacliins
2953 2821 3190 2892 denique
3243 2818 3506 2892 originem
3553 2820 3605 2873 in

2004 2892 2173 2943 verbo
2204 2892 2393 2945 minari
2420 2890 2637 2961 quzerit,
2664 2894 2786 2962 quia
2822 2890 2965 2944 aliud
2999 2892 3116 2962 deae
3146 2905 3343 2944 nomen
3368 2891 3545 2943 Pallas
3575 2905 3605 2944 ιι

2003 2962 2225 3025 πάλλειν,
2260 2962 2475 3018 vibrare
2501 2961 2735 3030 hastam,
2761 2963 3040 3018 derivetur
3063 2961 3339 3032 (Crenzeri
3372 2963 3460 3017 ed.
3487 2963 3598 3015 (lie.

2005 3034 2073 3087 de
2101 3034 2226 3087 Nat.
2260 3035 2322 3086 D.
2358 3051 2411 3101 p.
2442 3035 2594 3098 754).

2084 3114 2105 3140 ε
2127 3102 2403 3160 Cic.deN.
2434 3107 2493 3160 D.
2525 3106 2699 3169 11.27:
2738 3106 2975 3160 Venerem
3000 3108 3166 3162 nostri
3187 3107 3602 3170 nominaverunt,

2006 3184 2156 3250 atque
2184 3192 2326 3250 esea
2360 3180 2531 3250 potius
2558 3189 2813 3243 venustas,
2842 3194 2991 3245 qutun
3038 3177 3204 3250 Venus
3234 3195 3296 3232 ea:
3319 3185 3599 3250 venustate.

2007 3246 2063 3300 ltt
2087 3247 2215 3300 Dan.
2240 3246 2648 3318 Wyttenbacbii
2674 3250 2907 3305 Sclioliis
2931 3265 3018 3317 ap.
3041 3248 3395 3307 Creuzerum,
3415 3247 3601 3318 p.788,
3638 3286 3643 3291 .

2010 3328 2247 3374 tentatur
2265 3316 2485 3387 etymon
2516 3337 2579 3375 ex
2611 3322 2719 3381 ἐνὸς
2740 3338 2889 3385 unus,
2912 3321 3034 3387 quia
3060 3320 3349 3373 innuinine
3380 3316 3605 3387 Veneris

304 3395 484 3462 potius
509 3392 671 3446 fuisse
699 3391 915 3446 videtur
943 3386 1155 3455 Detts',a
1189 3392 1356 3444 verbo
1388 3407 1565 3454 conso,
1603 3390 1731 3462 hte.
1768 3405 1897 3444 cou-
1928 3396 1974 3459 Ο
2007 3386 2362 3462 cernitur-ﬂvis
2384 3392 2671 3460 jungendi,
2706 3408 2735 3447 e
2758 3407 2884 3459 quo,
2915 3386 3206 3459 pra'posito
3238 3390 3279 3444 F
3301 3387 3511 3462 atolico,
3547 3386 3607 3440 ﬁt

303 3460 449 3520 solo.
506 3464 785 3530 Ingeniosa
820 3478 949 3517 sane
990 3474 1075 3517 est
1119 3463 1432 3528 conjectura
1490 3462 1620 3514 Dan.
1650 3460 1903 3531 Wytten-

308 3537 484 3589 bacltii
540 3537 607 3587 ab
632 3534 858 3602 antiquo
908 3537 1079 3597 νέπος,
1111 3535 1289 3598 piscis,
1325 3534 1406 3586 vel
1436 3536 1649 3593 νίπτειν,
1684 3535 1898 3596 diluere,

306 3616 527 3677 etymon
560 3605 1013 3677 ducens.Selecta
1043 3605 1284 3659 scholar.
1317 3605 1367 3655 in
1400 3604 1541 3666 (ἤδη
1572 3604 1639 3657 de
1668 3603 1791 3655 Nat.
1814 3604 1901 3667 D.,

305 3676 395 3733 ed.
427 3677 709 3743 Creuzeri,
763 3692 814 3746 p.
852 3676 977 3731 754.
1014 3677 1179 3745 Digna
1213 3689 1461 3742 quoque,
1495 3689 1634 3746 qua).
1684 3687 1907 3726 accura-

308 3752 417 3804 tius
444 3744 808 3815 exatninetur,
844 3760 926 3803 est
974 3744 1237 3815 Bottigeri
1270 3744 1562 3815 sententii,
1593 3744 1901 3812 Neptunum

307 3822 525 3890 antiqua
560 3830 717 3875 aetate
744 3814 949 3873 dictum
999 3814 1164 3873 fuisse
1186 3815 1421 3881 Ποτιδᾶν,
1451 3814 1655 3869 Donum
1680 3817 1904 3885 fontium

309 3889 495 3963 (Ideen
522 3908 615 3945 zur
638 3889 1161 3963 Kunstmythologie,
1178 3906 1230 3957 ι).
1261 3890 1411 3957 269).

383 3973 409 4001 ιι
436 3962 726 4024 Arnobius,
776 3978 833 4026 v,
866 3958 939 4016 ’c.
978 3958 1124 4015 55’et
1155 3962 1245 4024 37,
1279 3974 1374 4028 pro
1419 3958 1616 4014 tellure
1645 3958 1904 4014 Cererem

310 4038 576 4089 nominat.
632 4033 959 4088 Theodorei.
1008 4033 1078 4087 de
1130 4031 1370 4087 Grmcor.
1421 4030 1602 4085 εσθαι.
1652 4030 1907 4085 curandis

314 4108 493 4161 oratio
518 4106 575 4170 5,
602 4104 740 4173 Opp.
770 4114 915 4159 tomo
940 4120 1015 4168 tv,
1046 4120 1095 4172 p.
1129 4105 1255 4168 771,
1282 4102 1370 4158 ed.
1406 4101 1655 4173 Schulze.

406 4177 580 4247 chge
601 4191 630 4229 a
650 4172 887 4247 gerendis
912 4175 1202 4239 fructibus,
1229 4172 1906 4247 emendationeCreuzeri,

318 4244 617 4303 secundum
651 4244 806 4313 'Cic.,
839 4247 907 4301 de
947 4248 1065 4301 Nat.
1128 4247 1216 4311 D.,
1257 4262 1314 4309 ιι,
1362 4245 1455 4307 26,
1509 4260 1561 4314 p.
1609 4244 1735 4309 5l2,
1770 4245 1859 4299 ubi
1892 4261 1906 4299 :

317 4320 489 4375 Mater
515 4329 589 4373 est
609 4321 743 4373 enim
792 4336 825 4371 a
876 4318 1112 4387 gerendis
1150 4317 1387 4387 frugibus
1436 4314 1614 4370 Cenes
1652 4325 1910 4383 tamquam

315 4390 500 4446 Grues
528 4408 544 4456 ;
577 4401 631 4446 et
686 4398 799 4445 not.
832 4390 1086 4445 Creuzeri
1128 4389 1219 4443 86.
1248 4387 1404 4442 Aliud
1453 4399 1675 4458 etynton
1706 4403 1773 4440 ex
1805 4387 1910 4441 He-

317 4464 504 4519 braica
539 4463 719 4532 lingua
764 4462 987 4516 tentavit
1036 4459 1408 4532 Sebellingius
1447 4460 1501 4532 in
1541 4458 1815 4513 dissertat.
1843 4458 1913 4514 de

318 4527 643 4589 numinibus
690 4533 1135 4595 Satnothracicis,
1192 4527 1314 4601 pag.
1344 4531 1432 4585 (ιδ.
1464 4527 1682 4584 Cereris
1712 4546 1912 4585 nomen

317 4621 369 4659 a.
403 4610 588 4661 Limn
618 4604 917 4669 deducens,
959 4620 1079 4672 qua:
1128 4603 1270 4659 inter
1296 4602 1433 4656 alias
1464 4601 1911 4671 signiﬁcationem

318 4693 532 4747 quoque
554 4676 739 4730 arandi
772 4678 954 4731 habet.

396 4760 418 4786 ε
448 4744 495 4802 Ἀ
542 4748 681 4802 malo
722 4747 1051 4801 avertendo?
1092 4746 1464 4813 (Herrmanns
1503 4744 1611 4799 und
1668 4744 1917 4799 Creuzers

322 4801 517 4890 Brieie.
552 4801 674 4887 pag.
705 4818 834 4889 202)
863 4820 1042 4889 Payne
1061 4801 1260 4887 Knight
1282 4818 1531 4885 Prolegg.
1566 4815 1634 4890 ad
1666 4816 1914 4880 Honier.,
1943 4801 1997 4861 Ῑ)

324 4886 457 4957 165,
498 4891 587 4946 ed.
621 4886 891 4959 Ruhkopf,
940 4886 1224 4944 deducito
1253 4891 1387 4959 μάω,
1416 4904 1539 4941 rum
1586 4886 1917 4955 digatntnale

324 4963 517 5033 molico
549 4961 727 5032 μάΡω,
766 4966 958 5030 impetu
989 4966 1126 5033 feror
1152 5002 1163 5021 .
1197 4960 1700 5033 vehementercupio.

394 5031 421 5071 ἀ
440 5029 648 5088 Nomen
674 5029 882 5088 videtur
904 5029 1025 5088 esse
1051 5032 1359 5087 Etruscum.
1381 5030 1437 5084 ln
1463 5030 1662 5098 pateris
1678 5029 1919 5084 Etruscis

324 5106 471 5162 enim
503 5121 649 5172 smpe
671 5104 865 5175 legitur
888 5105 1121 5170 Menrva,
1146 5102 1423 5175 Meiterva;
1451 5100 1718 5175 a__Sab_inis
1745 5104 1826 5156 vel
1852 5103 1919 5156 ab

328 5170 835 5233 Etrttscisltoniani
868 5178 1145 5237 accepisse
1173 5174 1449 5229 videntur.
1473 5173 1555 5227 Cl.
1588 5170 1920 5228 Crcuzernm

326 5250 393 5302 ad
424 5248 537 5303 Cic.
570 5247 638 5301 de
669 5247 731 5301 N.
772 5250 829 5300 Ι).
867 5264 925 5307 ιι,
953 5247 1042 5307 26.
1086 5254 1200 5301 not.
1233 5246 1321 5300 88.
1371 5244 1605 5298 Minerva
1635 5262 1667 5298 a
1712 5244 1921 5299 Sabinis

328 5322 404 5374 ait
436 5320 606 5373 Varro
635 5319 697 5372 L.
735 5319 794 5373 L.
824 5335 895 5383 tv,
940 5336 989 5371 c.
1035 5319 1134 5378 10;
1184 5320 1245 5371 it.
1295 5317 1510 5372 Festus.
1543 5317 1655 5371 (lic.
1701 5318 1766 5370 de
1797 5318 1918 5370 Nat.

333 5393 396 5446 ι).
432 5406 469 5446 tt
492 5432 508 5453 ,
552 5389 625 5445 26
650 5431 663 5453 .
697 5400 751 5445 et
782 5406 838 5444 ιιι
863 5430 878 5456 ,
910 5388 981 5443 24
1009 5407 1021 5441 :
1075 5389 1312 5443 Minerva
1346 5405 1459 5458 ante
1505 5389 1584 5442 vel
1628 5389 1874 5441 minueret
1906 5430 1921 5453 ,

329 5464 408 5517 vel
440 5462 740 5516 minaretur.
785 5461 978 5516 Festus
1009 5478 1022 5515 :
1057 5459 1293 5515 Minerva
1332 5460 1471 5513 dicta
1497 5462 1637 5527 quod
1664 5463 1785 5513 bene
1814 5476 1925 5513 mo-

330 5543 468 5588 neat.
502 5534 574 5586 Ex
607 5534 870 5588 Cicerone
903 5532 1169 5586 Firmicus
1217 5543 1436 5601 etymon
1472 5539 1758 5602 utrumque
1790 5533 1925 5585 bau-

330 5606 401 5658 sit
437 5622 447 5656 :
483 5604 589 5658 vid.
621 5604 875 5659 Creuzeri
916 5612 1097 5658 notam
1141 5603 1209 5657 88
1256 5602 1321 5655 ad
1352 5604 1467 5657 Cic.
1499 5604 1567 5657 de
1604 5603 1727 5657 Nat.
1763 5604 1822 5657 ἱ).
1864 5617 1925 5669 ιι,

330 5676 422 5732 26.
454 5675 519 5732 G.
547 5675 599 5733 J.
627 5674 851 5732 Vossius
876 5691 907 5732 e
928 5676 1099 5731 veteri
1129 5674 1295 5729 verbo
1334 5690 1510 5729 mean
1550 5689 1651 5744 pro
1686 5691 1865 5729 moneo
1894 5689 1926 5730 a

338 5751 483 5819 μένος
514 5749 734 5823 repetit,
763 5762 885 5803 cum
918 5761 1023 5822 quo
1064 5745 1334 5815 consentit
1366 5744 1602 5804 Lauzius
1648 5746 1844 5823 Saygio
1872 5746 1929 5805 di

2009 3459 2212 3514 Venus.
2244 3459 2443 3515 Verum
2471 3478 2599 3529 pace
2624 3472 2893 3516 tantorum
2929 3462 3171 3514 virorum
3206 3461 3439 3513 monebo
3466 3475 3478 3510 :
3508 3474 3607 3510 nt:-

2009 3547 2131 3584 tnen
2177 3548 2297 3586 esse
2348 3534 2574 3602 o'iginis
2621 3533 2939 3594 Orientalis,
2991 3532 3356 3601 Astartenqne
3411 3529 3604 3598 plurali

2008 3602 2351 3676 inajestatico
2404 3604 2506 3657 dici
2567 3604 2723 3659 facile
2761 3610 2890 3658 nua
2927 3606 3188 3671 potuisse.
3240 3602 3604 3676 veluti__trépn,

2006 3673 2148 3741 quod
2180 3674 2517 3745 Proserpina:
2551 3692 2744 3729 nomen
2770 3678 2887 3731 iuit.
2914 3676 3065 3732 Unde
3092 3679 3220 3731 mn
3240 3678 3378 3732 nuo
3404 3672 3443 3726 Il
3470 3672 3603 3745 lteg.

2009 3759 2143 3807 xvu,
2178 3747 2267 3811 30,
2299 3758 2349 3799 et
2382 3743 2576 3802 nomen
2626 3749 2773 3803 urbis
2802 3750 2952 3803 Sicca
2990 3747 3218 3799 Veneria
3254 3747 3304 3799 in
3331 3743 3599 3798 Numidia.

2086 3815 2103 3887 ἶ
2132 3816 2188 3870 In
2213 3818 2418 3873 Graecis
2449 3834 2636 3887 parum
2663 3830 2911 3874 versatus
2929 3820 3025 3872 fuit
3056 3818 3351 3877 Firtuicus;
3376 3815 3603 3871 ἀπόλλειν

2011 3886 2175 3942 habet
2196 3888 2317 3944 loco
2341 3886 2627 3946 ἀπολλύειν.
2659 3891 2934 3945 Arnobius
2961 3905 3155 3943 nomen
3187 3888 3328 3941 haud
3357 3890 3603 3949 tentavit,

2011 3962 2439 4033 nequeireliqui
2490 3979 2629 4033 quos
2680 3965 2888 4031 inspexi
2943 3964 3235 4029 scriptores
3290 3957 3603 4014 Christiani.

2014 4030 2247 4106 Etymol.
2289 4030 2612 4106 Mfetyn'ion
2663 4030 2861 4103 repetit
2911 4050 2973 4087 ex
3020 4034 3253 4089 ἀπολύων
3292 4040 3393 4087 τῶν
3421 4037 3608 4106 κφεῷν,

2011 4104 2153 4229 ἓιιοέι
2177 4120 2393 4229 quoique
2421 4102 2561 4161 inter
2587 4108 2692 4161 alia
2718 4102 2879 4162 habet
2908 4106 3062 4161 Plato
3095 4109 3146 4159 in
3175 4105 3415 4174 Gratylo,
3450 4102 3607 4155 Ilein-

2050 4192 2110 4229 or
2138 4216 2151 4229 .
2180 4192 2232 4229 ι).
2339 4217 2353 4229 .

2050 4182 2151 4230 ori.
2180 4192 2232 4247 p.
2264 4182 2353 4231 74.

2142 4295 2167 4334 ⁸
2193 4293 2388 4349 Primus
2413 4296 2459 4346 in
2484 4295 2618 4347 Orbe
2637 4296 2759 4346 deos
2781 4294 2898 4344 fecit
2921 4296 3162 4344 timor.....

2017 4390 2230 4459 Fragm.
2266 4392 2505 4447 Petronii
2533 4393 2619 4448 ed.
2658 4393 3074 4446 Burmannianm
3097 4406 3149 4461 p.
3178 4390 3303 4444 676.

2087 4461 2115 4499 λι
2138 4464 2354 4519 Cereris
2384 4464 2693 4518 Eleusiniae.

2097 4533 2108 4569 ί
2140 4533 2235 4588 Vix
2273 4550 2454 4589 sermo
2485 4546 2569 4589 est
2597 4536 2665 4589 de
2710 4534 2927 4589 homine
2958 4534 3122 4587 morti
3156 4534 3442 4601 proximo;
3486 4542 3608 4601 nam

2019 4605 2121 4659 hos
2166 4606 2219 4659 in
2253 4606 2544 4660 interiores
2577 4618 2756 4676 partes
2791 4606 2977 4676 templi
3026 4599 3253 4673 ejusque
3298 4603 3496 4674 adyton
3533 4599 3617 4676 vel

2021 4676 2271 4730 etiamin
2309 4672 2593 4747 hypoga‘a;
2639 4680 2690 4731 in
2740 4672 2958 4745 quibus,
3013 4672 3067 4731 ni
3113 4676 3287 4735 l'allor.
3328 4672 3617 4745 mysterio-

2023 4762 2140 4800 rum
2194 4748 2370 4817 potior
2414 4764 2584 4815 eaque
2625 4765 2820 4803 arcana
2870 4764 2994 4817 pars
3040 4747 3440 4811 celebrabatur,
3490 4754 3615 4817 ante

2024 4814 2253 4872 mortem
2282 4820 2551 4875 admissos
2582 4822 2766 4880 fuisse.
2821 4814 2951 4874 nihil
3000 4830 3083 4874 est
3108 4822 3247 4887 quod
3288 4817 3501 4888 probet,
3531 4814 3616 4869 vel

2026 4888 2244 4944 iudicet.
2283 4888 2454 4944 ἰ1οιιιο
2487 4907 2621 4947 vero
2650 4895 2929 4947 moriturus
2955 4904 3036 4946 est
3067 4892 3320 4944 mortalis.

2100 4960 2113 5011 ἱ
2154 4964 2227 5017 lle
2250 4963 2426 5017 verbis
2452 4963 2601 5019 hisce
2628 4965 3027 5019 Eleusiniorum
3062 4961 3327 5035 mysticis,
3360 4974 3479 5035 qua)
3511 4967 3619 5011 tes-

2026 5048 2146 5087 sera
2176 5044 2332 5088 erant
2368 5035 2707 5089 iniliatormn
2757 5038 2836 5103 (τὸ
2882 5033 3128 5105 σύνθημά
3154 5033 3476 5105 ἘλευσιειρίοινιοΔ
3511 5043 3617 5085 Μν-

2029 5110 2271 5181 ςτηρίων,
2306 5115 2364 5160 ut
2389 5108 2463 5181 ait
2498 5102 2967 5181 ClentensgAlex.)
3002 5102 3421 5181 videClement.
3454 5102 3614 5181 Alex.

2029 5174 2302 5245 Pro'trept.
2336 5193 2386 5232 c.
2416 5178 2468 5240 2,
2507 5196 2557 5246 p.
2596 5179 2682 5232 14.
2719 5177 2798 5231 Cl.
2850 5177 3071 5232 Meursii
3104 5178 3378 5231 Eleusinia
3422 5184 3475 5229 ct
3503 5174 3617 5246 loca

2030 5248 2099 5300 ibi
2133 5242 2317 5308 citata,
2365 5268 2413 5316 p.
2443 5242 2532 5313 50,
2580 5264 2632 5304 et
2668 5258 2850 5304 notam
2882 5249 2942 5303 L.
2994 5251 3052 5303 ll.
3089 5249 3351 5317 Sylvestri
3386 5246 3522 5315 Sacy
3553 5242 3618 5295 ad

2028 5317 2409 5391 Santa-Crucii
2442 5319 2694 5391 Mysteres
2734 5322 2806 5373 du
2839 5320 3167 5389 Pagattiame,
3200 5320 3239 5382 l,
3278 5337 3328 5389 p.
3357 5318 3482 5373 504.
3508 5318 3623 5391 (Αἴτη-

2029 5398 2201 5443 ternm
2238 5387 2520 5445 Firtnicus
2547 5392 2847 5463 symbolica
2889 5387 3005 5445 haec
3052 5393 3214 5446 verba
3264 5387 3479 5463 paulurn
3523 5387 3625 5463 itn-

2030 5468 2231 5538 ttttttat;
2266 5463 2427 5538 habet
2455 5457 2604 5538 enim
2645 5475 2827 5538 ’γέγονα
2854 5457 3297 5538 μυστικὸς,γιιιᾉιυι1
3348 5460 3490 5538 tit:th
3523 5457 3626 5538 Lil-

2029 5530 2140 5586 tine
2165 5536 2326 5586 vertit
2352 5552 2362 5585 :
2385 5544 2430 5587 et
2457 5530 2723 5604 religionis
2744 5530 2938 5589 secreta
2961 5530 3235 5605 perdidiri.
3270 5534 3321 5586 In
3346 5530 3628 5605 Clemente

2031 5605 2219 5683 borum
2253 5616 2503 5683 neutrum
2539 5600 2758 5683 li'gAitur,
2802 5608 2897 5661 sed
2930 5600 3380 5683 ε’ἴκερνοφόρησα,
3414 5602 3515 5683 duo
3540 5600 3626 5652 τὸν

2028 5680 2225 5755 «acrba
2276 5673 2818 5755 ῥπὲδυλονηυῖζενηιιηι
2855 5673 3297 5755 gestavi,_nte"in
3323 5673 3637 5755 inclamata,

2030 5749 2163 5805 clam
2190 5752 2466 5807 insinuari.
2502 5752 2664 5831 (Vide
2695 5748 2874 5810 notas
2895 5753 3101 5820 Potteri
3129 5752 3196 5809 ad
3230 5750 3284 5807 h.
3323 5748 3390 5829 l.)
