4024 6192
327 308 467 363 10ἳὸ

1270 306 1361 364 DE
1401 306 1685 366 ERllUllE
1728 307 2203 371 l’ltOFANARUM
2241 313 2693 373 RELIGIONUM.

3491 323 3628 380 1026

318 431 473 477 artus
496 429 550 477 ct
579 420 946 492 torpescentia
988 421 1231 478 membra
1257 423 1517 478 vivificat.
1548 423 1768 481 Caelesti
1799 424 1923 479 cibo
1953 430 2003 489 Α
2032 426 2358 483 Processum
2388 430 2575 499 sponsi
2604 430 2767 485 etiam
2801 445 2897 501 per
2928 430 3167 501 psalmos
3212 432 3474 503 prmdicat
3504 435 3631 504 Spi-

318 525 583 572 reuovatc
625 514 898 570 hominem
947 515 1249 586 perditum,
1284 527 1344 571 ut
1377 517 1633 587 quicquid
1665 516 1721 571 in
1767 518 1920 573 vehis

318 622 592 665 mortuum
626 617 731 676 est,
763 608 962 664 divinis
992 609 1272 666 beneﬁciis
1307 620 1648 667 renascatur.
1686 611 1921 666 Didicis—

317 703 387 757 tis
430 702 559 772 quid
602 717 701 757 vos
732 702 914 758 facere
945 704 1261 769 conveniat,
1297 704 1485 775 eligite
1523 704 1669 774 quod
1713 704 1913 773 vultis;

318 795 443 851 inde
465 809 613 852 mors
644 796 911 863 nascitur,
933 796 1064 852 hinc
1096 798 1420 853 immortalis
1447 799 1553 853 vita
1585 796 1843 854 donatur.

929 909 1160 969 CAPUT
1200 912 1319 969 XX.

316 1026 369 1082 fl.
416 1026 482 1081 In
506 1024 783 1081 Mithriaco
811 1025 949 1081 forte
980 1045 994 1082 :
1021 1034 1203 1107 Χαῖρε,
1227 1030 1427 1101 νύμφιε·
1452 1034 1638 1105 χαῖρε,
1661 1029 1770 1082 νέον
1792 1034 1914 1101 φῶς

387 1138 490 1191 qua
514 1120 779 1175 occasione
800 1119 863 1174 de
882 1120 1087 1174 Christo
1104 1136 1293 1190 sponso
1316 1121 1597 1190 mundique
1614 1120 1728 1176 luce
1753 1120 1921 1176 multa

390 1220 563 1272 habet.

390 1310 532 1366 Dicis
563 1312 723 1365 etiam
761 1328 773 1363 :
806 1318 985 1387 Χαῖρε,
1015 1310 1221 1383 νύμφιεο
1273 1318 1454 1387 χαῖρε,
1491 1311 1597 1364 νέον
1621 1316 1744 1384 φῶς.
1777 1306 1919 1376 Quid

316 1406 396 1460 sic
426 1406 683 1460 miserum
714 1404 988 1459 hominem
1021 1420 1115 1475 per
1143 1405 1369 1474 abrupta
1403 1406 1706 1475 pra‘cipitas
1728 1447 1742 1471 ,
1775 1405 1922 1459 cala-

316 1501 512 1554 initosa
553 1500 880 1571 persuasio?
920 1498 1058 1566 Quid
1093 1498 1168 1552 illi
1213 1498 1359 1553 falsa:
1388 1499 1504 1568 spei
1539 1496 1811 1567 polliceris
1839 1497 1922 1550 in-

315 1593 525 1661 signia?
574 1591 787 1646 Nullum
833 1590 973 1661 apud
1012 1598 1066 1646 te
1114 1595 1293 1645 lumen
1344 1598 1448 1655 est,
1484 1605 1582 1644 nec
1611 1596 1698 1644 est
1724 1589 1920 1658 aliquis

316 1700 570 1755 Sponsus,
616 1683 703 1754 qui
754 1682 857 1737 hoc
908 1691 1184 1737 mercatur
1232 1681 1442 1736 audire.
1481 1679 1656 1736 Unum
1716 1693 1918 1733 numen

314 1788 441 1845 est,
485 1796 623 1834 unus
685 1786 769 1833 est
828 1792 1060 1848 sponsus
1124 1778 1447 1841 hominum,
1512 1790 1739 1845 quorum
1799 1788 1922 1845 gra-

318 1873 447 1927 tiam
491 1874 741 1928 Christus
790 1871 999 1941 accepit
1031 1881 1077 1924 ει.
1126 1870 1247 1925 Νοιι
1293 1870 1501 1940 poteris
1542 1868 1609 1924 ad
1640 1877 1692 1924 te
1724 1869 1917 1924 aliena:

317 1966 594 2021 felicitatis
647 1963 941 2019 transferre
986 1963 1237 2034 gloriam,
1273 1977 1376 2018 nec
1424 1963 1628 2031 poteris
1673 1961 1919 2017 caelestis

317 2060 556 2115 numinis
592 2058 881 2127 splendore
921 2057 1187 2113 decorari.
1224 2056 1280 2111 ln
1312 2056 1564 2111 tenebras
1610 2054 1917 2124 squalores~

314 2167 421 2221 que
451 2150 724 2220 proiectus
750 2166 808 2206 es
838 2169 849 2203 :
878 2150 992 2205 illic
1019 2149 1229 2214 sordes,
1255 2149 1497 2219 squalor,
1524 2148 1701 2219 caligo
1721 2190 1734 2214 ,
1767 2156 1919 2202 tene-

314 2247 452 2311 brae,
480 2256 534 2302 et
564 2254 842 2316 perpetua:
874 2247 1048 2301 noctis
1078 2245 1390 2301 dominatur
1426 2243 1641 2299 horror.
1672 2243 1728 2297 Si
1755 2243 1839 2297 vis
1862 2250 1921 2297 ut

315 2341 497 2395 tennis
548 2341 738 2395 saltem
792 2340 885 2395 tibi
932 2338 1189 2409 splendor
1237 2338 1459 2393 luminis
1507 2337 1719 2403 luceat,
1770 2337 1918 2405 erige

314 2435 519 2500 vultus,
554 2441 609 2489 et
637 2434 917 2488 demersos
939 2432 1090 2502 erige
1110 2432 1321 2497 oculos,
1350 2441 1425 2495 et,
1455 2430 1687 2484 desertis
1720 2429 1825 2495 his,
1851 2428 1917 2482 ad

314 2544 440 2584 eum
475 2539 525 2582 te
554 2526 743 2583 confer
770 2527 859 2595 qui
902 2525 1041 2580 dixit
1072 2544 1082 2577 :
1121 2525 1231 2595 Ego
1261 2541 1374 2577 sum
1404 2524 1495 2578 lux
1522 2523 1701 2576 mundi
1734 2520 1915 2594 (Joan.

314 2636 408 2677 vui
433 2663 447 2687 ,
486 2619 606 2691 {2);
638 2619 794 2690 cujus
837 2619 1036 2673 divinis
1067 2618 1353 2687 praeceptis
1384 2617 1696 2671 continetur
1719 2658 1732 2681 ,
1765 2624 1823 2669 ut
1865 2614 1917 2668 in

316 2714 418 2768 hac
473 2726 686 2767 terrena
740 2711 1159 2766 conversatione
1199 2725 1334 2780 opus
1365 2717 1611 2763 nostrum
1660 2724 1758 2778 per
1803 2707 1920 2762 dies

314 2808 558 2879 singulos
606 2808 803 2861 luceat.
842 2805 1047 2860 Lucere
1090 2811 1273 2859 autem
1308 2820 1412 2857 non
1444 2811 1659 2874 potest,
1688 2802 1789 2856 nisi
1820 2800 1921 2855 im-

314 2902 586 2957 maculata
640 2916 740 2956 nos
782 2899 1138 2955 conscientizc
1188 2909 1511 2954 ornamenta
1556 2897 1915 2967 protexerint,

318 2998 421 3053 nisi
455 2997 661 3067 integra
688 3011 787 3051 nos
813 3004 867 3050 et
899 2996 1206 3064 incorrupta
1237 2995 1345 3048 vita
1375 2993 1757 3057 commendet;
1793 3003 1919 3046 tunc

316 3094 524 3148 orietur
549 3092 705 3147 nobis
731 3092 843 3147 veri
875 3090 1096 3145 luminis
1125 3090 1293 3160 gratia
1318 3105 1332 3154 ;
1368 3097 1494 3142 tunc
1516 3104 1574 3142 se
1599 3088 1756 3141 nobis
1784 3086 1919 3141 lucis

317 3194 509 3242 auctor
539 3185 809 3250 insinuet;
834 3193 960 3239 tunc
992 3199 1183 3238 verum
1211 3183 1393 3236 lumen
1426 3193 1478 3235 ct
1510 3180 1763 3250 accipere
1794 3193 1920 3249 pos-

317 3291 506 3332 sumus
527 3286 580 3331 et
603 3275 808 3331 videre.
842 3274 948 3329 Sed
975 3283 1031 3328 ut
1054 3274 1330 3343 sacrilegae
1356 3273 1506 3326 vocis
1529 3270 1921 3341 comprimatur

318 3369 669 3438 improbitas,
702 3368 823 3438 quis
850 3367 916 3420 sit
952 3381 1081 3421 vere
1110 3381 1349 3436 sponsus
1374 3406 1386 3429 ,
1419 3380 1700 3418 sacrarum
1733 3364 1923 3418 lectio-

318 3479 449 3517 unm
497 3461 735 3516 oraculis
784 3459 1189 3530 comprobabo;
1240 3467 1297 3512 ut
1349 3458 1610 3528 probetur
1657 3471 1919 3528 sponsum

316 3568 438 3609 esse
469 3552 769 3618 Christum,
819 3566 1074 3622 sponsam
1121 3550 1423 3604 Ecclesiam
1459 3565 1563 3603 :cx
1610 3564 1716 3616 quo
1754 3563 1920 3602 vene.

318 3646 488 3703 rando
532 3647 671 3717 patri
719 3644 1034 3715 Spirituales
1074 3643 1167 3697 ﬁlii
1202 3658 1300 3712 per
1342 3641 1458 3696 dies
1508 3641 1753 3711 singulos
1795 3656 1920 3709 pro-

316 3751 597 3795 creantur.
646 3739 699 3794 ln
756 3738 858 3793 hac
910 3736 1237 3806 probatione
1284 3748 1481 3788 arcana
1533 3731 1921 3803 prOphetarum

316 3833 630 3890 veneranda
661 3832 990 3904 pandantur.
1019 3828 1255 3885 Assistat
1282 3828 1437 3883 nobis
1460 3838 1769 3882 sanctorum
1802 3842 1923 3881 ora-

318 3928 571 3984 culorum
621 3927 776 3981 lides.
834 3924 948 3979 Joel
982 3923 1172 3978 divino
1215 3922 1423 3992 Spiritu
1454 3929 1709 3975 monente
1738 3918 1817 3975 sic
1844 3919 1925 3973 di-

319 4023 395 4076 cit
430 4039 444 4075 :
475 4020 657 4075 Canite
703 4018 823 4072 tuba
870 4019 920 4070 in
963 4016 1094 4071 Sion
1120 4058 1134 4080 ,
1184 4015 1504 4085 sanctiﬁcate
1543 4014 1845 4085 jejunium,
1878 4023 1926 4067 et

318 4112 534 4167 indicite
583 4110 921 4175 curationem,
970 4117 1247 4178 aggregate
1294 4106 1565 4176 populum,
1607 4104 1927 4173 sancti/icate

321 4205 633 4269 Ecclesium,
684 4202 906 4270 excipite
948 4201 1172 4265 maiores
1215 4208 1360 4264 natu,
1411 4198 1641 4268 colligite
1683 4199 1926 4267 parvulos

321 4300 588 4365 lactentes,
621 4295 865 4374 procedat
895 4311 1115 4363 sponsus
1145 4293 1211 4348 de
1234 4291 1471 4346 cubiculo
1497 4308 1616 4357 suo,
1654 4301 1703 4345 et
1734 4308 1926 4363 sponsa

322 4394 387 4449 de
429 4391 656 4447 thalamo
701 4407 795 4445 suo
821 4388 848 4428 ι)
876 4390 895 4463 (
921 4387 1043 4443 Joel
1073 4403 1133 4454 ιι,
1168 4387 1257 4451 15,
1291 4385 1400 4458 16).
1453 4385 1564 4439 lloc
1592 4384 1733 4440 idem
1766 4384 1922 4439 Jure-

322 4486 462 4541 mias
502 4484 665 4539 simili
697 4484 909 4537 ratione
942 4480 1246 4551 significat;
1279 4480 1353 4532 ait
1393 4477 1537 4532 enim
1570 4493 1692 4532 cum
1726 4477 1924 4532 llicro-

323 4576 553 4644 solymte
586 4574 724 4628 truci
762 4575 997 4627 minatur
1025 4570 1246 4627 oraculo
1279 4588 1291 4625 :
1323 4569 1393 4622 Et
1418 4573 1656 4641 auferam
1689 4568 1751 4623 de
1794 4570 1926 4623 civi-

324 4669 513 4724 tatibus
541 4666 699 4721 Judw
728 4676 772 4720 et
799 4666 1013 4721 urbibus
1048 4665 1377 4719 Hierusalem
1407 4681 1579 4719 vocem
1607 4666 1890 4719 lwtantium
1908 4706 1922 4730 ,

323 4776 495 4816 uocem
539 4759 737 4828 Sponsi
783 4768 830 4813 et
882 4773 1053 4812 vocem
1103 4773 1306 4828 sponsa:
1341 4769 1361 4795 ε
1397 4757 1612 4829 (Jerem.
1663 4756 1924 4828 "1,16).

399 4908 424 4933 η
468 4897 618 4950 Alius
649 4894 876 4966 symboli
907 4894 989 4966 vel
1029 4893 1214 4964 hymni
1248 4894 1299 4947 in
1334 4893 1516 4966 sacris
1541 4894 1746 4947 cantari
1779 4893 1924 4966 soliti

326 4970 587 5023 admonet
622 4964 854 5022 lectores
904 4965 1195 5029 Etlmicos;
1228 4982 1257 5019 e
1288 4964 1612 5036 quibusdam
1648 4965 1926 5036 mysteriis

326 5042 582 5096 haustum
610 5039 701 5103 sit,
727 5037 938 5108 ignoro.
976 5038 1049 5091 Ex
1086 5037 1382 5091 Mithriacis
1406 5035 1571 5108 forte,
1606 5035 1832 5108 cumsol
1861 5051 1927 5108 eo

326 5113 616 5165 salutetur.
651 5106 848 5175 δι)ιὶηεί
875 5124 1006 5163 vero
1033 5117 1087 5162 et
1114 5123 1268 5161 novae
1314 5107 1447 5161 lucis
1495 5110 1697 5161 mentio
1730 5106 1927 5161 Firmi-

326 5199 451 5238 cum
509 5182 800 5245 inducunt,
836 5188 893 5232 ut
930 5179 997 5234 de
1038 5179 1286 5243 Christo,
1320 5193 1479 5248 quem
1522 5194 1632 5232 sua:
1666 5179 1925 5233 Ecclesiae

327 5268 588 5321 Sponsum
619 5262 673 5306 et
699 5250 882 5306 mundi
914 5250 1089 5305 lucem
1120 5248 1232 5319 (Jo.
1257 5266 1370 5315 vin,
1402 5248 1492 5321 1‘2)
1520 5250 1927 5305 venerabantur

329 5324 637 5386 christiani,
671 5331 903 5390 exponat
929 5332 1089 5390 atque
1116 5322 1181 5375 ad
1211 5338 1333 5375 eum
1384 5322 1639 5391 applicet.

402 5394 430 5433 δ
477 5394 541 5450 Ut
571 5394 876 5465 Cyprianus
910 5391 1136 5465 Testim.
1170 5392 1262 5447 lib.
1295 5408 1353 5447 ιι.

409 5478 430 5503 ο
473 5462 672 5536 (Ζγρίιι
700 5464 927 5519 Testim.
962 5462 1127 5517 habet
1157 5464 1527 5536 degquadriviis
1556 5463 1929 5531 Hierusalem;

330 5534 744 5607 nostcr'Omittit
778 5553 791 5589 :
820 5545 868 5589 et
895 5545 1071 5589 vocem
1095 5534 1452 5607 gaudentium.

404 5606 431 5645 ά
473 5610 637 5677 Cypr.
674 5607 907 5662 Testim.
955 5606 1050 5660 lib.
1100 5606 1171 5677 ιι,
1204 5606 1385 5662 differt
1429 5616 1634 5663 tantum
1664 5622 1766 5662 una
1798 5619 1932 5663 voce

336 5676 613 5751 profectio,
645 5694 768 5734 cum
797 5678 1115 5751 Cyprianus
1128 5676 1334 5751 habeat
1362 5679 1605 5751 egressio.

414 5761 437 5788 °
478 5751 759 5807 Glossema
791 5748 1184 5823 quod_in__edit.
1219 5748 1463 5823 principe
1502 5750 1700 5820 legitur
1734 5767 1746 5802 :
1778 5750 1832 5804 id
1860 5756 1934 5804 est

336 5824 391 5880 in
420 5823 749 5890 reuelatione,
781 5820 984 5878 delevit
1015 5819 1340 5879 Wowerius.

2023 520 2157 573 ritus
2205 532 2448 576 sanctus.
2483 522 2538 577 ln
2581 540 2711 578 xvlu
2744 524 2951 594 psalmo
2982 524 3086 580 hoc
3121 526 3397 581 invenitur
3426 543 3620 584 oracu-

2022 614 2170 679 lum;
2205 615 2283 668 ait
2320 616 2465 670 enim
2500 635 2512 670 :
2542 615 2610 669 Et
2638 617 2748 686 ipse
2794 617 2928 671 velut
2974 634 3196 690 sponsus
3241 619 3509 690 egrediens
3557 621 3622 675 de

2024 704 2249 761 thalamo
2270 706 2676 779 suolexsultavit,
2694 718 2750 763 ut
2771 710 2938 781 gigas,
2955 710 3093 763 viam
3113 727 3340 766 currere.
3359 712 3403 766 A
3423 730 3623 769 summa

2022 800 2135 853 εωίὶ
2164 801 2413 870 profectio
2433 803 2567 872 ejus,
2596 813 2643 855 et
2674 803 2908 857 decursio
2936 804 3046 874 ejus
3075 821 3233 874 usque
3266 806 3336 859 ad
3364 822 3623 861 summum

2020 895 2153 964 ejus,
2187 904 2357 949 etnon
2387 906 2460 950 est
2487 898 2573 965 qui
2596 898 2754 951 lateat
2782 915 2814 951 a
2834 900 3006 953 calore
3033 902 3145 971 ejus
3166 898 3193 937 ά
3232 900 3253 973 (
3286 898 3435 956 Psal.
3468 918 3621 969 xvm,

2022 987 2077 1053 6,
2112 987 2189 1058 7).
2222 988 2532 1043 Secretiora
2558 990 2868 1060 pandantur
2897 1006 3132 1047 arcana:
3156 993 3208 1046 in
3238 994 3573 1065 Apocalypsi
3600 1006 3624 1033 θ

2021 1080 2144 1149 quis
2193 1082 2262 1135 sit
2308 1080 2557 1151 Sponsus
2615 1083 2996 1149 inveniemus;
3045 1085 3117 1140 ita
3166 1086 3311 1140 enim
3360 1087 3625 1157 scriptum

2021 1182 2105 1229 est
2130 1192 2143 1228 :
2185 1172 2332 1242 Veni,
2358 1176 2626 1231 ostendam
2650 1176 2741 1230 tibi
2764 1193 2949 1232 novam
2976 1189 3214 1248 nuptam,
3242 1196 3455 1235 uxorem
3475 1182 3621 1253 agni.

2023 1266 2091 1321 Et
2120 1267 2269 1323 duxit
2300 1285 2378 1322 me
2404 1270 2458 1321 in
2480 1269 2673 1339 spiritu
2702 1270 2758 1324 in
2789 1280 3010 1325 montem
3035 1289 3305 1343 magnum,
3331 1282 3379 1327 et
3408 1274 3631 1328 ostendit

2022 1359 2151 1412 mihi
2189 1361 2445 1415 civitatem
2492 1374 2724 1415 sanctam
2766 1362 3101 1418 Hierusalem
3138 1364 3527 1420 descendentem
3568 1365 3633 1420 de

2023 1453 2150 1507 coelo
2170 1451 2379 1525 l(Apoc.
2397 1454 2689 1526 xxi,9,l0).
2720 1456 3153 1528 luvestigandum
3179 1468 3283 1523 est,
3312 1458 3438 1529 quid
3463 1460 3627 1514 etiam

2023 1546 2180 1601 nobis
2220 1548 2286 1602 de
2316 1548 2417 1603 hac
2467 1549 2581 1619 ipsa
2614 1565 2674 1605 re
2708 1550 2887 1605 tradat
2932 1552 3257 1620 Evangelica
3304 1552 3629 1623 disciplina;

2022 1638 2365 1695 inveniemus
2396 1642 2539 1695 enim
2569 1642 2621 1695 in
2656 1643 2955 1713 Evangelia
2993 1643 3221 1699 Joannis
3254 1644 3325 1697 ita
3370 1659 3493 1699 esse
3522 1646 3633 1716 sig-

2022 1741 2206 1785 natum
2240 1750 2252 1783 :
2292 1731 2397 1786 Vos
2445 1734 2571 1786 mihi
2617 1743 2764 1789 testes
2812 1736 2957 1799 estis,
2986 1736 3227 1806 quoniam
3257 1736 3371 1791 dixi
3400 1738 3471 1791 eis
3495 1779 3509 1805 ,
3536 1738 3628 1808 qui

2026 1824 2172 1876 missi
2217 1836 2338 1878 sunt
2386 1824 2449 1877 ab
2494 1824 2871 1897 Hierosolymis
2918 1827 2987 1880 ad
3035 1844 3147 1893 me,
3192 1830 3315 1898 quia
3359 1845 3463 1882 non
3515 1846 3632 1884 sum

2022 1913 2293 1981 Christus,
2328 1918 2417 1971 sed
2444 1920 2692 1989 quoniam
2720 1920 2909 1974 missus
2948 1938 3061 1975 sum
3107 1931 3227 1977 ante
3275 1923 3469 1992 ipsum.
3520 1922 3623 1991 Qui

2020 2012 2155 2064 enim
2185 2010 2333 2065 habet
2355 2029 2598 2084 sponsam
2638 2031 2858 2084 sponsus
2884 2025 2980 2083 est,
3016 2016 3213 2071 amicus
3243 2027 3415 2072 autem
3447 2019 3626 2090 sponsi
3700 2071 3708 2077 .

2021 2112 2130 2171 est,
2176 2106 2266 2170 qui
2302 2115 2401 2159 stat
2438 2116 2486 2171 et
2516 2107 2661 2160 audit
2694 2123 2845 2173 eum,
2881 2118 2929 2163 et
2964 2110 3157 2178 gaudio
3190 2109 3381 2179 gaudet
3416 2120 3629 2183 propter

2020 2198 2386 2279 uocgeinsponsi
2414 2208 2438 2244 κ
2470 2196 2648 2269 (Joan.
2675 2215 2753 2265 ιιι,
2787 2200 2857 2255 98
2887 2212 2933 2254 et
2959 2200 3076 2271 29).
3112 2201 3285 2270 Hujus
3314 2202 3393 2257 rei
3419 2211 3621 2274 myste-

2021 2287 2158 2341 rium
2202 2299 2483 2345 osteusum
2525 2300 2648 2357 est,
2677 2291 2843 2361 hujus
2870 2294 3055 2363 sponsi
3089 2293 3380 2349 adventum
3412 2296 3631 2365 sapien-

2021 2382 2155 2435 tium
2176 2382 2440 2452 virginum
2465 2382 2667 2439 chorus
2690 2394 2994 2455 exspectat,
3016 2384 3143 2441 huic
3172 2387 3391 2458 praefert
3419 2388 3625 2445 lumina

2020 2475 2270 2543 pervigili
2302 2491 2432 2531 cura
2462 2487 2652 2533 sancta
2683 2479 2993 2549 virginitas,
3027 2482 3443 2548 exspectantibus
3472 2498 3636 2552 spon-

2020 2584 2133 2621 sum
2168 2568 2384 2636 (Matth.
2418 2586 2547 2637 xxv,
2581 2571 2605 2624 1
2640 2571 2773 2643 seq.)
2807 2573 2980 2628 servis
3005 2572 3246 2628 felicium
3282 2574 3630 2644 praemiorum

2022 2665 2357 2733 promittitur
2404 2681 2624 2722 munus.
2676 2668 2990 2725 Invenimus
3037 2672 3179 2725 enim
3225 2673 3277 2726 in
3330 2672 3631 2745 Evangelio

2021 2757 2182 2814 Luca:
2212 2776 2225 2814 :
2257 2758 2375 2815 Sint
2404 2760 2563 2815 lumbi
2592 2763 2743 2815 vestri
2766 2763 3030 2833 praecincti
3051 2773 3098 2817 et
3121 2764 3348 2820 lucerna:
3367 2767 3628 2835 ardentes,

2021 2863 2068 2907 et
2133 2869 2219 2907 vos
2285 2854 2479 2909 similes
2537 2854 2832 2909 hominibus
2897 2857 3313 2926 exspectantibus
3361 2859 3631 2913 dominum

2021 2965 2192 3011 suum,
2226 2948 2431 3017 quando
2477 2949 2643 3003 veniat
2683 2967 2715 3003 a
2759 2951 2994 3017 nuptiis;
3045 2960 3132 3016 ut,
3186 2968 3304 3005 cum
3347 2954 3541 3007 venerit
3586 2962 3635 3007 et

2024 3041 2326 3111 pulsaverit,
2360 3043 2596 3110 aperiant
2624 3042 2725 3096 illi.
2760 3041 2965 3097 Felices
2996 3044 3128 3098 servi
3156 3044 3272 3109 illi,
3307 3060 3435 3113 quos
3473 3044 3632 3100 adve-

2026 3136 2171 3188 niens
2220 3133 2475 3188 Dominus
2520 3136 2768 3190 invenerit
2822 3137 3090 3207 vigilantes
3122 3134 3149 3174 ιι
3181 3136 3334 3209 (Luc.
3387 3154 3494 3206 xu,
3527 3139 3630 3207 55,

1947 3201 1993 3264 (ἶ
2024 3227 2139 3297 36).
2164 3227 2303 3282 Ecce
2324 3227 2759 3283 venerandorum
2786 3244 3179 3299 responsorum
3202 3230 3440 3285 oraculis
3463 3245 3632 3300 spon-

2024 3335 2119 3374 sus
2171 3331 2424 3376 ostensus
2479 3330 2583 3376 est.
2633 3321 2773 3389 Quid
2818 3330 2871 3375 tu
2917 3322 3011 3378 tibi
3056 3323 3109 3377 in
3148 3324 3365 3380 acerbis
3412 3325 3632 3381 casibus

2025 3415 2355 3467 constitutus
2384 3414 2601 3468 beatum
2634 3420 2833 3469 nomcn
2863 3413 3138 3483 imponis?
3171 3414 3229 3471 Si
3257 3416 3340 3471 vis
3368 3415 3633 3474 liberatus

2026 3504 2211 3559 lumen
2263 3506 2415 3573 sequi
2465 3504 2676 3574 sponsi,
2732 3504 2940 3575 projice
2988 3520 3229 3573 errores,
3270 3516 3327 3562 et
3372 3509 3639 3580 pervigili

2025 3612 2156 3653 cura
2187 3598 2489 3663 sollicitus,
2520 3598 2882 3667 praecedentia
2923 3598 3049 3653 vita:
3100 3598 3341 3654 facinora
3375 3601 3635 3673 religiosa

2028 3691 2319 3747 devotione
2356 3692 2583 3762 castiga.
2618 3693 2770 3750 Tunc
2798 3702 2852 3749 te
2880 3694 2931 3749 in
2961 3697 3181 3752 nomine
3216 3713 3315 3753 suo
3343 3714 3464 3753 cum
3496 3700 3636 3770 vigi-

2027 3782 2230 3837 lantem
2288 3785 2564 3838 invenerit
2614 3799 2889 3854 sponsus,
2931 3802 3053 3842 cum
3102 3788 3227 3844 tidei
3280 3798 3387 3845 tua:
3440 3791 3636 3847 merita

2026 3878 2371 3946 cognoverit,
2399 3876 2548 3931 dabit
2600 3881 2897 3933 maximum
2947 3880 3228 3949 praemium
3251 3923 3266 3949 ,
3311 3882 3463 3938 dabit
3494 3884 3636 3940 inte;

2025 3983 2183 4039 grum
2217 3982 2435 4032 munus,
2467 3968 2698 4024 intrabis
2724 3984 2847 4024 cum
2880 3985 2946 4026 eo
2980 3972 3103 4027 caeli
3138 3971 3458 4041 thalamum,
3488 3975 3639 4031 vide-

2029 4061 2115 4115 bis
2143 4076 2308 4131 regna
2338 4061 2545 4127 mundi,
2574 4072 2628 4117 et
2663 4071 2723 4116 ut
2759 4077 2949 4118 eorum
2982 4064 3257 4136 particeps
3282 4081 3407 4122 esse
3434 4068 3636 4137 possis,

2028 4169 2056 4208 a
2090 4155 2339 4224 piissimo
2380 4164 2435 4210 et
2459 4155 2767 4224 justissimo
2806 4157 3039 4215 Domino
3082 4158 3511 4217 immortalitatis
3543 4160 3638 4216 tibi

2027 4250 2199 4321 gratia
2229 4249 2564 4307 conferetur.

2621 4363 2855 4421 CAPUT
2896 4364 3043 4419 XXI.

2029 4482 2083 4537 5.
2114 4480 2177 4534 In
2211 4482 2337 4547 alio,
2367 4488 2503 4533 certe
2534 4477 2837 4547 Mithriaco,
2865 4481 2988 4541 Θεὸς
3011 4482 3063 4535 ἐκ
3086 4481 3280 4559 Πέτρᾳς
3310 4496 3323 4535 :
3359 4481 3443 4536 ubi
3473 4482 3637 4537 multa

2105 4575 2333 4647 congerit
2359 4590 2423 4627 ea:
2452 4573 2615 4627 sacris
2645 4572 2931 4645 Scripturis
2961 4572 3026 4628 de
3048 4572 3250 4629 Christo
3279 4574 3471 4647 lapide.

2108 4668 2345 4720 Alterius
2388 4666 2597 4734 profani
2638 4667 2963 4721 sacramenti
3011 4667 3229 4738 signum
3265 4677 3350 4724 est
3379 4685 3392 4722 :
3423 4670 3546 4731 Θεὸς
3584 4673 3640 4727 in

2033 4760 2226 4836 Πέτρας
2264 4756 2306 4811 ί.
2358 4755 2468 4813 Cur
2512 4759 2618 4815 hoc
2663 4770 2907 4815 sanctum
2935 4761 3416 4834 venerandumque
3451 4777 3637 4821 secre-

2106 4890 2126 4929 f
2172 4892 2242 4964 ιιι
2269 4891 2574 4964 Cyprianus
2608 4892 2836 4950 Testim.
2867 4896 2963 4951 lib.
2993 4908 3052 4952 ιι.

2107 4973 2131 5009 8
2172 4963 2243 5020 Ut
2278 4963 2444 5035 Cypr.
2486 4964 2713 5021 Testim.
2748 4983 2804 5021 ιι.

2102 5034 2127 5107 μ
2171 5034 2337 5107 Cypr.
2364 5036 2431 5091 ad
2459 5036 2688 5092 Fortuu.
2723 5037 2950 5093 Testim.
2982 5051 3038 5093 ιι.

2112 5106 2125 5143 ί
2173 5106 2405 5172 Mithrae,
2440 5109 2491 5161 in
2522 5110 2677 5187 cuius
2704 5110 2985 5187 mysteriis
3019 5110 3124 5187 hgc
3157 5115 3492 5187 sacramenti
3522 5116 3633 5187 sig-

2030 5194 2159 5232 num
2211 5190 2551 5247 usurpatum.
2603 5179 2803 5233 Hieron
2835 5195 2854 5234 1
2883 5181 3007 5235 adv.
3051 5181 3327 5239 Jovinian.
3380 5179 3633 5243 Mithrain

2024 5250 2176 5318 juxta
2226 5250 2511 5322 gentilium
2536 5250 2769 5322 Afa_bulas
2802 5252 2853 5305 in
2900 5252 3078 5322 lapide
3122 5255 3191 5310 de
3223 5265 3359 5310 testu
3391 5258 3634 5314 libidinis

2032 5331 2352 5398 generatum
2383 5320 2573 5398 scribit
2597 5320 2843 5377 Justinus
2879 5320 3014 5378 Dial.
3043 5341 3103 5398 ο.
3126 5327 3418 5398 Tryphone
3444 5345 3493 5383 c.
3523 5332 3631 5384 '70:

2034 5392 2099 5474 Oi.
2137 5391 2191 5447 δὲ
2218 5394 2283 5447 τὰ
2308 5398 2399 5446 τοῦ
2426 5394 2610 5474 ὓιὶθρου
2642 5399 2916 5474 μγσῖὴρεῇ
2936 5391 3308 5474 παραᾷιδόνιὲες
3334 5401 3562 5474 λέγουσι
3581 5402 3635 5457 ἔκ

2035 5466 2230 5539 πέτρας
2275 5444 2599 5537 γεγεννῆσθαι
2642 5444 3042 5523 ἓιύτόνῖννοννῖ
3083 5444 3510 5527 Commiidiaiius
3545 5444 3636 5527 Ili-

2036 5543 2229 5590 Struct.
2262 5544 2359 5588 xm
2387 5552 2401 5588 :

2165 5648 2384 5699 Invictus
2404 5649 2470 5699 de
2493 5653 2634 5713 petra
2656 5654 2817 5714 natus,
2843 5652 2885 5702 si
2906 5652 3032 5703 deus
3054 5652 3284 5706 habetur.

2044 5751 2415 5838 ᾼιιξιιδξίιιεβη
2447 5753 2614 5838 limus
2644 5769 2726 5820 ιιι,
2747 5754 2814 5838 ἐξ..
2843 5761 3153 5838 stirpe-yede
3181 5760 3370 5838 MiOPazc
3390 5774 3479 5838 ap.
3508 5759 3637 5838 Jolt.

2046 5822 2182 5896 Lyd.
2214 5823 2283 5880 de
2313 5824 2616 5893 Mensibus,
2647 5841 2701 5897 p.
2733 5826 2824 5883 47.
2873 5822 3183 5902 Πόωὲιηοε,
3215 5822 3644 5907 ἱιιὶιυίι,’ἱιιιρι’ἱη
