4024 6192
268 239 422 301 1035

1226 236 1315 295 DE
1353 228 1639 293 ERRORE
1679 229 2154 292 PROFANARUM
2195 229 2645 290 llELlGlONUM.

3450 231 3591 295 1034

270 365 499 413 reserva
526 348 834 417 morituris,
865 358 891 387 ει
922 356 980 407 ut
1000 365 1136 423 quos
1162 350 1374 423 laqueis
1396 351 1505 407 tuis
1524 349 1760 422 ceperis,
1789 363 1884 408 eos
1913 358 1959 419 Α
1990 350 2036 405 is
2058 347 2202 406 idem
2245 348 2413 405 David
2445 365 2458 403 :
2497 347 2567 405 Ut
2613 346 2740 421 quid
2767 350 3086 420 fremuerunt
3113 359 3310 423 gentes,
3341 359 3389 407 et
3417 358 3599 428 pepuli

269 453 548 505 venenato
583 454 859 517 unguento
898 444 1096 502 oblitos
1134 446 1348 518 lugubri
1385 461 1450 503 ac
1489 445 1704 503 funesto
1734 460 1881 503 sem-

271 555 378 613 per
405 554 624 611 mergas
653 538 845 597 exitio.

850 630 1078 690 CAPUT
1116 631 1307 689 XXIV.

273 727 358 784 De
378 735 633 800 unguento
654 727 882 799 loquitur
900 728 1038 799 quod
1061 726 1222 784 Pater
1248 727 1393 784 Filio
1421 726 1663 796 tradidit,
1683 725 1885 782 Filius-

707 837 808 892 que
847 822 1173 878 credentibus
1210 823 1453 894 largitur.

346 912 511 970 Aliud
538 921 623 969 est
653 922 1013 985 unguentum,
1040 914 1184 987 quod
1215 916 1359 971 Deus
1389 914 1554 971 Pater
1581 915 1743 971 unico
1771 922 1883 970 tra-

272 1004 415 1061 didit
440 1005 610 1071 Filio,
651 1005 797 1078 quod
830 1005 999 1062 Filius
1029 1006 1386 1064 credentibus
1416 1007 1597 1064 divina
1646 1006 1884 1065 nominis

272 1100 359 1156 sui
394 1098 676 1169 majestate
704 1099 956 1171 largitur.
985 1099 1189 1158 Christi
1221 1110 1559 1173 unguentum
1588 1100 1884 1157 immortali

280 1192 686 1263 compositione
728 1193 1021 1250 conﬁcitur
1042 1236 1055 1261 ,
1087 1204 1142 1250 et
1171 1194 1544 1266 spiritualibus
1582 1194 1885 1267 pigmento-

271 1302 396 1342 rum
425 1286 687 1343 odoribus
718 1295 1077 1359 temperatur.
1112 1290 1225 1345 lloc
1264 1299 1596 1361 unguentum
1626 1305 1657 1345 a
1678 1298 1884 1346 morta-

271 1380 417 1436 libus
443 1379 649 1451 laqueis
670 1390 856 1452 putres
879 1381 1161 1438 hominum
1187 1394 1340 1439 artus
1368 1385 1540 1450 exuit,
1566 1391 1645 1449 ut,
1668 1384 1883 1455 sepulto

273 1472 455 1545 primo
486 1472 728 1540 homine,
757 1488 829 1530 ex
858 1475 1051 1531 eodem
1083 1474 1267 1530 statim
1294 1474 1519 1531 homine
1547 1473 1713 1531 homo
1741 1475 1883 1532 alius

270 1568 496 1625 felicius
522 1577 797 1625 nascatur.
834 1569 904 1624 Et
933 1578 992 1625 ut
1021 1569 1127 1626 hoc
1168 1569 1509 1627 manifestius
1537 1569 1843 1641 explicetur
1862 1610 1880 1637 ,

273 1678 556 1720 sacrarum
575 1662 868 1720 lectionum
894 1678 1092 1719 arcana
1123 1662 1411 1735 pandenda
1437 1670 1583 1719 sunt.
1616 1662 1709 1718 Ait
1733 1662 1880 1719 enim

1987 444 2220 500 meditati
2251 452 2372 499 sunt
2400 443 2601 499 inania.
2630 441 2914 498 Astiterunt
2942 458 3085 515 reges
3114 452 3286 513 terrae,
3317 453 3365 499 et
3395 448 3595 517 princi-

1986 556 2074 611 pes
2102 549 2445 595 conuenerunt
2468 539 2522 593 in
2549 554 2713 594 unum
2743 537 2991 594 adversus
3020 535 3303 593 Dominum
3332 549 3383 596 et
3412 542 3595 598 adver-

1984 650 2073 689 sus
2106 633 2371 690 Christum
2400 636 2513 705 ejus
2543 645 2563 673 ο
2600 634 2620 707 (
2640 634 2787 689 Psal.
2823 650 2884 703 ll,
2917 634 2967 702 1,
2994 634 3029 689 2
3053 632 3093 706 ).
3128 634 3271 703 Quid
3305 644 3358 694 te
3397 638 3478 695 sic
3501 653 3599 696 ex-

1986 724 2134 781 tollis
2181 725 2449 797 sacrilega
2496 725 2829 795 persuasio?
2889 724 3021 796 quid
3067 726 3300 785 miseros
3346 728 3598 790 homines

1970 816 2248 885 cll‘renata
2274 818 2583 875 temeritate
2602 818 3010 875 circumvenis?
3034 829 3370 893 unguentum
3392 822 3600 882 Christi

1986 910 2113 967 cusli
2141 910 2312 966 donat
2336 909 2651 981 imperium,
2685 922 3022 983 unguentum
3051 921 3298 971 vestrum
3329 915 3598 988 gehennai

1987 1004 2217 1061 suscitat
2244 1002 2516 1061 ﬂammas.

2577 1093 2807 1151 CAPUT
2848 1095 3019 1153 XXV.

1991 1188 2227 1247 Excursu
2270 1195 2409 1263 [acto
2468 1190 2533 1245 de
2586 1190 2776 1244 misero
2824 1189 2981 1247 hocce
3031 1197 3375 1264 prolattorum
3428 1201 3600 1257 homi-

2058 1301 2183 1338 num
2239 1301 2411 1340 errore
2452 1283 2677 1357 graviter
2733 1294 2929 1351 ntonet,
2985 1296 3031 1341 et
3094 1303 3312 1361 regnum
3389 1290 3599 1350 Christo

2057 1380 2235 1434 datum
2266 1379 2363 1433 hac
2392 1380 2634 1434 unctione
2662 1378 2888 1433 indicari
2915 1380 3088 1449 docet,
3122 1385 3299 1439 multis
3349 1386 3596 1459 Scriptu-

2055 1494 2230 1533 rarum
2277 1476 2451 1532 allatis
2479 1475 2606 1531 locis
2634 1490 2654 1539 ;
2683 1476 2843 1531 simul
2893 1477 3196 1535 descensum
3238 1480 3500 1539 Christum
3530 1486 3600 1539 ad

2060 1577 2257 1647 inferos
2298 1576 2483 1647 tangit.

2057 1668 2165 1725 Sed
2188 1668 2333 1740 quod
2359 1668 2573 1739 impuro
2602 1683 2698 1726 ore
2724 1667 2986 1725 sacerdos
3015 1668 3121 1725 iste
3150 1678 3208 1727 et
3240 1672 3449 1741 polluta
3468 1688 3599 1730 ver-

272 1756 470 1825 David,
503 1766 559 1813 ut
590 1756 753 1828 hujus
779 1758 1038 1830 unguenti
1079 1758 1311 1829 gratiam
1344 1758 1585 1815 traderet
1613 1776 1626 1813 :
1662 1758 1881 1829 Specio-
1914 1766 1963 1827 Β
1988 1762 2182 1819 borum
2212 1762 2674 1818 contaminatione
2712 1761 3016 1833 componit,
3051 1762 3187 1819 libet
3216 1763 3462 1835 diligenti
3518 1768 3602 1823 in-

273 1868 365 1908 sus
397 1854 565 1922 forma
587 1866 695 1922 pra:
722 1850 848 1921 ﬁliis
881 1851 1169 1917 hominum,
1200 1849 1398 1917 (li/fusa
1426 1861 1500 1905 est
1530 1852 1700 1924 gratia
1727 1851 1781 1905 in
1806 1850 1887 1904 la-

275 1944 377 2000 biis
418 1944 555 1999 tuis:
591 1952 866 2016 prapterea
891 1942 1151 1998 benedixit
1180 1941 1270 1997 tibi
1300 1943 1354 1996 in
1394 1952 1667 1998 azternum.
1700 1941 1883 1997 Accinc

276 2055 399 2110 gere
422 2036 657 2111 gladium
671 2045 818 2091 tuum
836 2036 977 2091 circa
1001 2040 1171 2108 femur
1189 2047 1357 2103 tuum,
1383 2037 1753 2109 potentissime,
1770 2052 1889 2106 spe-

277 2134 356 2188 cie
385 2140 432 2187 et
462 2131 853 2202 pulchritudine
884 2140 974 2186 tua
1002 2130 1239 2199 intende,
1281 2147 1525 2203 prospere
1558 2132 1776 2204 procede
1794 2173 1809 2199 ,
1837 2141 1889 2188 et

280 2240 460 2295 regna.
485 2223 707 2295 Propter
721 2226 983 2279 veritatem
1003 2234 1050 2279 et
1071 2220 1523 2277 mansuetudinem
1542 2232 1589 2279 et
1594 2224 1853 2297 justitiam
1868 2239 1888 2280 :

278 2324 329 2369 et
358 2315 575 2370 deducet
620 2326 667 2371 te
698 2315 1004 2371 mirabiliter
1040 2315 1253 2370 dextera
1301 2323 1411 2369 tua.
1460 2313 1684 2386 Sagitta:
1723 2327 1890 2372 acuta:

282 2408 673 2477 potentissimae,
708 2409 890 2479 populi
918 2408 1059 2476 infra
1091 2417 1140 2462 te
1168 2405 1403 2461 decident
1429 2406 1484 2460 in
1523 2407 1676 2462 corde
1709 2406 1890 2461 inimi-

284 2519 462 2557 corum
483 2502 638 2573 regis.
673 2500 838 2557 Sedes
866 2510 955 2556 tua
983 2499 1127 2555 Deus
1157 2501 1211 2555 in
1239 2501 1486 2556 swculum
1509 2502 1719 2557 swculi:
1748 2502 1891 2574 uirga

284 2606 422 2653 recta
451 2606 525 2652 est
550 2597 695 2669 virga
725 2596 871 2668 regni
899 2596 997 2651 tui.
1023 2593 1262 2650 Dilexisti
1278 2595 1566 2668 justitiam,
1598 2594 1760 2651 odisti
1789 2596 1891 2651 ini-

284 2693 555 2765 quitatem,
596 2701 873 2762 propterea
914 2689 1062 2744 unxit
1103 2697 1154 2744 te
1194 2686 1337 2743 Deus
1379 2697 1498 2745 tuus
1534 2688 1648 2745 oleo
1698 2688 1893 2746 latitia:

286 2800 395 2855 pra:
422 2783 745 2839 consortibus
771 2782 894 2837 tuis.
938 2781 1159 2854 Myrrha
1186 2789 1234 2835 et
1260 2790 1407 2855 gutta
1435 2790 1481 2836 et
1509 2783 1649 2837 casia
1677 2798 1707 2835 a
1742 2781 1894 2837 resti-

287 2877 473 2933 mentis
503 2878 606 2931 tuis
633 2878 695 2932 de
721 2876 958 2946 azdiﬁciis
984 2874 1242 2942 eburneis,
1276 2891 1338 2931 ea:
1364 2872 1546 2946 quibus
1575 2884 1624 2931 te
1637 2876 1893 2948 jucundi-

290 2981 393 3027 tate
433 2969 719 3037 aﬂ'ecerunt
757 2967 786 3008 ιι
826 2967 1020 3041 (Psal.
1048 3010 1065 3037 ,
1112 2984 1258 3035 thv,
1307 2965 1513 3041 5-10).
1566 2966 1895 3025 Immortalis

290 3061 551 3133 unguenti
582 3067 795 3117 secreta
824 3057 1185 3130 pervidimus,
1217 3067 1274 3115 et
1297 3057 1494 3114 divinae
1520 3058 1678 3115 nobis
1708 3059 1894 3131 dispo-

291 3155 506 3211 sitionis
533 3153 670 3209 ordo
698 3162 1032 3210 monstratus
1056 3160 1163 3209 est.
1193 3150 1439 3224 Regnum
1467 3162 1809 3224 perpetuum,
1836 3163 1893 3212 et

290 3246 416 3305 coeli
434 3246 687 3303 diadema
708 3244 933 3311 domino
954 3253 1143 3302 nostro
1171 3259 1293 3301 cum
1321 3248 1578 3317 unguenti
1604 3248 1891 3319 majestate

292 3339 551 3395 collatum
589 3347 695 3395 est.
741 3337 875 3407 Quis
903 3346 1081 3393 autem
1118 3337 1208 3392 hic
1234 3337 1306 3394 sit
1341 3337 1431 3410 qui
1471 3338 1698 3412 regendi
1739 3341 1890 3397 orbis

290 3432 867 3502 accepitpotestatem,
897 3430 991 3501 qui
1022 3430 1316 3485 venerandi
1340 3429 1580 3487 nominis
1602 3431 1889 3503 majestate

289 3525 605 3589 decoratur,
638 3523 785 3580 aliud
816 3523 973 3580 nobis
998 3530 1268 3579 monstrat
1292 3527 1601 3591 oraculum;
1637 3525 1713 3580 ait
1740 3528 1885 3581 enim

367 3651 392 3679 ε
432 3640 590 3697 Hom.
643 3638 800 3696 Iliad.
831 3639 876 3695 ll
914 3638 1063 3695 680:
1106 3637 1532 3710 Apolloimortui
1574 3638 1899 3710 Sarpedonis

291 3730 479 3785 corpus
516 3710 774 3767 ambrosia
803 3713 971 3785 unxit.
1005 3709 1162 3766 Plin.
1190 3710 1257 3764 Η.
1289 3709 1355 3785 Ν.
1394 3725 1512 3775 xm,
1546 3710 1572 3763 1
1600 3728 1613 3785 _:
1650 3709 1898 3785 Unguen—

292 3782 463 3840 torum
491 3785 652 3839 honos
686 3794 735 3838 et
769 3783 839 3837 ad
879 3786 1147 3853 defunctos
1180 3782 1437 3851 pertinere
1481 3782 1652 3851 coepit.
1693 3782 1893 3840 Minue.

294 3857 469 3913 Felix.
501 3871 552 3911 c.
588 3854 677 3912 1‘2.
711 3854 1005 3927 Reservatis
1034 3862 1295 3927 unguenta
1326 3853 1614 3927 funeribus.

367 3928 392 3967 ι’
434 3927 611 4000 1111118
648 3926 789 3982 sacri
826 3933 1037 4000 tentus
1063 3925 1250 4000 verbis
1289 3941 1320 3979 a
1366 3925 1897 4000 Cyprianoaliisque

295 4000 443 4056 varie
487 3998 797 4069 discrepat.
826 3996 1370 4069 Vidchabaterium,
1401 3996 1655 4069 quodad
1695 3996 1895 4055 veteris

294 4069 545 4129 ecclesia:
568 4067 869 4125 sententias
897 4068 1112 4124 attinet.
1145 4067 1219 4121 De
1252 4077 1477 4123 externa
1516 4067 1737 4136 Christi,
1767 4070 1897 4125 dum

298 4144 384 4198 bis
414 4144 468 4197 in
501 4141 661 4197 terris
690 4138 1016 4211 versabatur
1039 4138 1429 4211 adisislorma,
1454 4154 1577 4211 quae
1600 4157 1773 4211 nuper
1795 4142 1899 4197 hac

296 4214 363 4270 de
392 4230 453 4270 re
472 4212 742 4283 disputavi
767 4210 1019 4283 inklibro:
1045 4208 1349 4283 Sinnbilder
1377 4208 1488 4264 und
1512 4208 1901 4268 Kunslvorstel—

297 4281 607 4357 (ungender
632 4282 774 4357 allen
799 4281 1059 4357 Christen,
1083 4296 1148 4357 tt,
1178 4296 1235 4350 p.
1267 4281 1291 4335 1
1325 4294 1442 4357 seq.

373 4350 412 4395 θ’
433 4356 587 4410 Initio
614 4351 796 4425 differt
822 4368 853 4408 a
904 4352 1151 4425 reliquis,
1184 4366 1309 4407 cum
1340 4350 1645 4423 Augustino
1677 4355 1729 4410 in
1771 4369 1854 4425 ps.
1883 4370 1900 4409 ι

299 4428 505 4483 habens
536 4436 591 4480 ut
634 4424 780 4495 quid.

368 4468 608 4554 d“Malim
637 4468 888 4551 hecensita
919 4513 931 4548 :
963 4495 1181 4563 melius,
1211 4495 1258 4551 si
1286 4496 1365 4552 sic
1412 4495 1751 4560 distinxeris,
1782 4511 1899 4552 om-
1924 4468 1977 4529 D

301 4571 384 4626 nia
415 4568 796 4625 cohaerebunt.
830 4567 956 4638 Agit
1002 4566 1256 4638 nimirum
1300 4566 1371 4623 de
1397 4568 1666 4625 descensu
1695 4566 1899 4624 Christi

300 4643 365 4698 ad
392 4640 594 4696 inferos
617 4639 636 4693 l
661 4640 807 4695 Petri
832 4637 913 4701 ιιι,
940 4638 1026 4704 19,
1051 4637 1321 4693 Justorum
1344 4640 1516 4694 turba.
1534 4640 1900 4696 'l‘erlullianus

300 4714 371 4769 de
396 4715 591 4769 Anima
618 4726 671 4766 c.
706 4712 737 4764 7
770 4727 783 4763 :
816 4709 954 4782 Quid
982 4718 1056 4764 est
1075 4720 1249 4782 autem
1269 4711 1425 4779 illud,
1450 4711 1587 4781 quod
1610 4711 1678 4764 ad
1699 4712 1902 4782 inferna

303 4785 612 4853 transfertur
657 4780 908 4853 (anima)
940 4789 1053 4853 post
1115 4780 1396 4836 divortium
1452 4780 1901 4853 corporisi'quod

301 4850 588 4911 detinetur?
632 4850 771 4922 quod
818 4850 1051 4905 in'diem
1085 4853 1278 4922 judicii
1325 4850 1640 4907 reservat-ur?
1668 4852 1737 4906 ad
1766 4850 1902 4921 Quod

301 4937 349 4983 et
372 4926 607 4981 Christus
638 4924 860 4977 moriens
887 4922 1178 4979 descendit?
1206 4932 1329 4991 puto
1355 4923 1423 4977 ad
1441 4925 1642 4977 animas
1675 4926 1904 4991 patriar-

302 4999 540 5062 charum,
569 4996 611 5051 si
636 4994 766 5048 nihil
798 4994 972 5049 anima
992 4996 1085 5049 sub
1110 4994 1288 5050 terris?
1315 4993 1384 5049 Et
1408 5009 1457 5050 c.
1482 4993 1553 5049 55
1585 5012 1599 5049 :
1641 4993 1756 5048 Nec
1784 5004 1904 5050 ante

301 5068 535 5126 ascendit
561 5068 614 5121 in
646 5065 949 5121 sublimiora
977 5066 1239 5131 caelorum,
1277 5082 1430 5136 quam
1458 5066 1715 5120 descendit
1741 5066 1797 5120 in
1822 5067 1903 5121 in-

306 5142 505 5213 feriora
550 5147 840 5213 terrarum,
894 5146 950 5191 ut
969 5137 1103 5213 _illic
1154 5137 1474 5213 patriarchas
1519 5147 1574 5213 et
1617 5138 1903 5213 _proph_etas

304 5206 563 5283 compotes
602 5210 685 5283 sui
705 5210 927 5283 faceret.
962 5206 1217 5283 Justinus
1244 5209 1497 5283 Martyr.,_
1517 5206 1651 5263 Dial.
1767 5209 1903 5282 Try-

306 5279 573 5357 pltone,p.
601 5280 774 5357 _220._
800 5279 961 5357 Jebb.
1006 5280 1141 5357 citat
1172 5280 1443 5357 _Jeremi2c
1484 5279 1662 5357 locum
1706 5279 1904 5357 deper~

306 5348 813 5428 ditunt’téuwiaen
844 5350 897 5407 δὲ
955 5348 1134 5423 Κύριος
1164 5351 1191 5407 ὁ
1229 5355 1353 5428 Θεὸς
1406 5352 1507 5428 ἀπό
1560 5348 1903 5428 ισραηλξτῷν

306 5427 677 5501 κεκοιμημένωπέ
702 5426 787 5479 ἐπὶ
812 5431 907 5501 γῆς
932 5427 1197 5501 χώμτατος,
1221 5427 1304 5501 καὶ
1332 5425 1519 5501 κατέβη
1717 5426 1905 5501 αὐτοὺς

307 5495 741 5574 ξὺαγὴεξιίσασθαξ
791 5495 962 5574 αξξ-οῖς
1010 5496 1068 5549 τὸ
1118 5500 1373 5574 σωξῄρριέ
1421 5495 1904 5574 mos.‘_§umdem

309 5565 472 5626 balie't
500 5569 638 5623 lren.
676 5565 803 5621 adv.
830 5565 1040 5621 Haeres.
1069 5580 1159 5632 ιιι,
1190 5565 1283 5631 20,
1305 5566 1409 5632 22;
1429 5582 1503 5635 tv,
1523 5582 1573 5623 c.
1603 5568 1697 5623 55.
1734 5581 1789 5634 v,
1810 5566 1903 5623 51.

308 5642 568 5699 Massuet.
599 5637 777 5693 Clem.
807 5636 965 5692 Alex.
1009 5636 1215 5691 Strom.
1270 5652 1343 5701 vr,
1370 5636 1428 5708 6,
1460 5654 1513 5708 p.
1555 5638 1682 5693 762.
1728 5638 1906 5694 Evan-

308 5714 511 5787 geliu_m
542 5708 822 5787 Nicodemi
851 5708 1184 5787 αλλ-θεας
1229 5707 1490 5787 Multique
1516 5708 1608 5787 atii
1652 5724 1790 5787 gnos
1818 5725 1906 5787 ιτς-

308 5777 559 5846 consitos
579 5777 826 5837 invenies
851 5793 879 5833 a
902 5777 1281 5836 Dittelmaiero
1302 5780 1359 5838 in
1377 5777 1615 5839 Historia
1636 5777 1906 5854 dogmatis

593 5875 875 5940 Panos"
909 5871 1060 5937 XII.

1987 1854 2282 1926 quisitione
2308 1852 2608 1910 discutere.
2632 1852 2890 1909 Liberata
2921 1853 3031 1909 Deo
3070 1870 3193 1924 suo,
3225 1856 3428 1914 bonum
3480 1861 3602 1915 ani-

1987 1964 2134 2003 mum
2201 1962 2393 2018 gerere
2460 1947 2660 2014 socios,
2722 1946 2975 2001 ﬁduciam
3020 1946 3179 2002 bona:
3232 1950 3351 2019 spei
3397 1950 3602 2011 habere

1989 2039 2305 2112 persuadet.
2344 2040 2388 2096 0
2423 2054 2582 2110 quam
2632 2038 2872 2105 miseris,
2930 2053 3090 2109 quam
3134 2040 3399 2097 luetuosis
3426 2058 3487 2099 se
3516 2043 3602 2100 la-

1989 2132 2146 2205 queis
2192 2131 2425 2189 involuit
2470 2130 2674 2187 caduca
2716 2130 3009 2187 calliditas!
3055 2133 3186 2199 Quis
3238 2133 3405 2189 Deum
3449 2145 3602 2193 tuum

1989 2226 2208 2283 liberat?
2230 2225 2318 2281 cui
2348 2224 2453 2280 hoc
2480 2222 2754 2296 praestitit,
2788 2223 2931 2293 quod
2961 2221 3197 2278 laborat?
3237 2225 3417 2290 Disce,
3451 2226 3602 2284 disce

1990 2317 2135 2390 quod
2169 2317 2367 2383 nescis,
2401 2314 2564 2386 disce
2604 2313 2747 2385 quod
2781 2328 2888 2368 non
2933 2314 3110 2369 vides.
3159 2312 3414 2371 Christus
3462 2318 3603 2374 illius

1991 2414 2111 2481 Dei,
2142 2421 2201 2469 ut
2251 2413 2543 2467 humanum
2570 2424 2740 2481 genus
2772 2424 2803 2462 a
2833 2409 3025 2463 mortis
3057 2409 3268 2480 laqueis
3314 2411 3599 2481 liberaret,

1992 2506 2176 2563 omnia
2205 2506 2307 2561 ista
2337 2503 2622 2569 sustinuit,
2666 2510 2723 2556 ut
2742 2501 3076 2572 captivitatis
3102 2502 3253 2556 durm
3279 2503 3469 2574 jugum
3498 2505 3603 2561 tol-

1995 2600 2156 2668 leret,
2183 2605 2244 2653 ut
2269 2597 2547 2653 hominem
2572 2594 2713 2667 patri
2736 2593 3016 2659 redderet,
3045 2603 3105 2648 ut
3125 2595 3370 2665 mitigata
3398 2596 3609 2655 ollensa

1994 2691 2275 2749 hominem
2314 2705 2438 2747 cum
2480 2689 2593 2746 Deo
2641 2703 2901 2761 prospera
2937 2687 3321 2744 conciliatione
3380 2706 3603 2762 compo-

1994 2792 2172 2850 neret,
2199 2793 2258 2837 ut
2302 2780 2586 2852 promissae
2632 2779 3051 2835 resurrectionis
3102 2778 3334 2835 fructum
3381 2782 3604 2853 proprio

1994 2885 2326 2933 monstraret
2355 2875 2634 2944 exemplo,
2667 2870 2796 2928 fecit
2825 2871 2997 2926 Filius
3026 2871 3121 2928 Dei
3150 2874 3293 2943 quod
3317 2883 3443 2930 ante
3477 2891 3603 2944 pro-

1996 2970 2243 3035 miserat,
2297 2967 2493 3023 clausit
2520 2968 2717 3034 januas
2743 2962 2890 3020 sedis
2920 2962 3176 3032 inferna},
3208 2975 3263 3021 et
3293 2965 3443 3022 dura:
3468 2969 3601 3039 legis

1997 3064 2384 3121 necessitatem
2414 3061 2624 3116 calcata
2650 3067 2828 3113 morte
2859 3060 3174 3128 pruStravit.
3216 3060 3320 3117 Per
3366 3063 3604 3119 triduum

1917 3188 1963 3253 Ο
1997 3174 2188 3216 recens
2220 3158 2293 3211 ita
2332 3154 2402 3211 ab
2451 3169 2516 3209 eo
2550 3152 2825 3224 justorum
2874 3150 3036 3205 turba
3075 3151 3305 3207 collecta
3361 3163 3446 3209 est
3484 3151 3510 3191 ἀ
3533 3171 3607 3223 ne

1997 3250 2198 3307 diutius
2247 3256 2436 3306 contra
2465 3260 2561 3301 eos
2609 3245 2803 3299 mortis
2847 3241 3224 3297 dominaretur
3252 3241 3596 3314 improbitas,

1999 3359 2067 3400 ne
2090 3343 2358 3414 justorum
2392 3338 2647 3393 meritum
2675 3350 2741 3389 ex
2785 3335 2945 3404 longa
2992 3332 3376 3403 desperatione
3411 3344 3435 3371 θ
3469 3350 3595 3392 con-

1997 3435 2226 3501 cideret,
2278 3432 2445 3503 fregit
2492 3429 2727 3485 claustra
2778 3435 3058 3496 perpetua,
3105 3438 3159 3480 et
3210 3425 3402 3482 ferreae
3429 3428 3598 3498 l'nres,

1992 3529 2212 3587 Christo
2232 3524 2478 3596 jubente,
2509 3520 2770 3590 collapsa:
2794 3526 2923 3574 sunt
2953 3515 2971 3555 ί
3005 3535 3017 3571 :
3050 3532 3178 3574 ecce
3211 3530 3355 3574 terra
3382 3530 3601 3578 contre-

2006 3643 2074 3699 de
2106 3642 2376 3697 descensu
2416 3634 2617 3692 Christi
2647 3631 2718 3688 ad
2748 3632 2977 3699 inferos,
3018 3642 3073 3687 et
3123 3631 3261 3687 Potii
3294 3633 3540 3691 Excursu
3567 3638 3602 3693 5

2004 3714 2073 3770 ad
2104 3713 2123 3768 l
2150 3712 2297 3768 Petri
2328 3725 2406 3771 ιιι,
2441 3707 2531 3771 19,
2554 3706 2623 3761 de
2648 3704 2795 3759 desc.
2823 3702 2873 3758 .l.
2908 3704 2969 3759 C.
3002 3704 3069 3757 ad
3104 3703 3326 3760 inferos.
3358 3705 3429 3762 lis
3470 3723 3605 3765 vero

2004 3801 2065 3841 se
2089 3782 2340 3855 adjungit
2366 3778 2660 3855 Firmicus,
2685 3774 3077 3855 qui_n_egaba_nt
3107 3774 3382 3855 Christum
3410 3794 3601 3836 omnes

2003 3872 2069 3913 ex
2096 3845 2307 3912 inlertt'o
2328 3850 2583 3908 eduxisse
2610 3845 2920 3903 incredulos
2949 3846 3016 3900 ad
3047 3846 3328 3903 meliorem
3364 3861 3601 3907 mentem

2006 3935 2289 3983 revocatos
2323 3920 2596 3996 (Aug._de
2636 3918 2837 3974 hieres.
2882 3932 2932 3972 c.
2959 3917 3059 3996 ’l9_;
3093 3917 3440 3996 Philastrius,
3480 3924 3602 3996 hil:-

2004 4015 2114 4055 rcs.
2152 3995 2292 4069 121)
2323 3988 2784 4069 statuebantque,
2820 3988 3039 4069 nonnisi
3085 3990 3504 4069 credentes,‘g_ui_
3532 4012 3599 4050 ex

2006 4071 2110 4126 hac
2142 4068 2252 4124 vita
2273 4061 2396 4136 'spe
2428 4062 2595 4119 futuri
2626 4061 2838 4136 Messias
2877 4061 3254 4136 discesserint,
3301 4079 3341 4136 a
3377 4064 3600 4121 Christo

2002 4139 2203 4197 exinde
2236 4132 2498 4194 liberatos
2526 4148 2670 4190 esse.
2695 4133 2787 4188 Sic
2817 4147 3034 4203 quoque
3062 4132 3205 4187 inter
3228 4133 3450 4191 Latinos
3478 4137 3603 4192 Cas-

2001 4212 2253 4269 siodorus
2270 4210 2325 4265 in
2343 4221 2615 4280 ps.xt.vnt;
2630 4204 2927 4280 Gregorius
2940 4203 3011 4280 b1.
3027 4203 3200 4280 Epist.
3216 4204 3311 4259 lib.
3328 4221 3388 4280 v,_
3400 4221 3488 4274 ep.
3510 4208 3598 4280 15.

2003 4282 2158 4354 Apud
2183 4272 2522 4354 Lacta'ntittin
2551 4286 2608 4354 et
2633 4272 2937 4354 Arnobium
2966 4273 3127 4354 hujus
3152 4272 3600 4354 dogmatisnulla

2004 4343 2072 4409 lit
2095 4354 2320 4410 mentio.
2375 4350 2454 4405 Ex
2487 4348 2673 4402 litibus
2722 4344 2854 4399 illud
2888 4343 3350 4412 Apollinaristicis
3387 4346 3457 4403 de
3501 4348 3602 4403 hu-

2003 4441 2163 4481 mana
2188 4424 2318 4481 Jesu
2334 4419 2537 4477 Christi
2558 4416 2737 4471 anima
2769 4415 2985 4485 insigne
3005 4415 3215 4485 accepit
3241 4428 3597 4475 momentum.

2004 4495 2090 4552 Ad
2130 4497 2218 4552 illa
2258 4499 2759 4565 quoque__t_cmpora
2817 4484 3101 4565 referenda
3162 4486 3377 4565 videtur
3430 4490 3598 4565 altera

2007 4582 2132 4636 pars
2165 4554 2446 4632 Evaitgelii
2481 4554 2782 4636 Nicodemi,
2817 4555 2962 4611 hunc
2987 4554 3368 4636 lesunChristi
3418 4562 3483 4616 ad
3517 4563 3600 4617 in-

2004 4626 2149 4695 leros
2178 4626 2501 4692 descénsum
2535 4628 2811 4685 uberrime
2841 4641 3087 4682 narrans.
3116 4626 3344 4685 Unicum
3370 4640 3600 4698 tantum,

2004 4710 2147 4780 quod
2179 4708 2371 4771 sciam,
2401 4710 2583 4780 exstat
2611 4699 3492 4780 monumentumnecclesiasticum
3536 4722 3602 4762 ex

2004 4770 2182 4836 media
2214 4770 2399 4841 aetate,
2430 4779 2484 4831 in
2518 4786 2626 4845 quo
2675 4770 2971 4845 de_s_census
3019 4770 3223 4845 Christi
3256 4774 3339 4845 ad
3398 4775 3605 4834 inferos

2003 4849 2335 4921 spectandus
2364 4841 2715 4921 [πορριιίιιιεἱ
2741 4842 2839 4898 Est
2862 4841 3131 4921 v_ero_hoc
3172 4841 3335 4921 Bulla
3353 4844 3605 4921 plumbea

2005 4913 2219 4979 Alberti
2271 4913 3133 4993 patriarcha:-ﬂierosolymitani
3183 4913 3605 4993 (1294-1214)

2004 4995 2058 5049 in
2090 4995 2247 5065 cujus
2272 4983 2467 5065 aversa
2505 4988 2758 5065 Christus
2783 4983 3021 5065 animam
3050 4983 3245 5065 solutis
3274 4988 3503 5065 vinculis
3532 4983 3605 5047 ei

2006 5054 2199 5122 inferis
2238 5064 2475 5130 reducit,
2508 5060 2808 5117 comitante
2839 5066 2895 5112 et
2933 5054 3231 5130 plaudente
3278 5058 3485 5128 altera;
3510 5066 3605 5119 ad-

2005 5146 2155 5192 stant
2198 5137 2321 5193 duac
2360 5126 2547 5205 ﬁgurae
2593 5134 2910 5205 coronatae,
2938 5126 3083 5196 regis
3136 5135 3269 5196 puto
3298 5140 3353 5185 et
3406 5126 3608 5205 regium

2006 5198 2538 5279 Hierosolymorum.
2588 5198 2906 5279 Epigraphe
2958 5206 3043 5253 est
3086 5212 3121 5252 ιι
3172 5198 3493 5260 amonem:
3546 5207 3602 5261 ln

2006 5281 2241 5337 adversa
2265 5271 2488 5343 'legitur
2520 5291 2535 5329 :
2575 5271 2615 5343 ἰ-
2646 5271 2953 5343 λιιιιειιτνξ
2989 5283 3465 5343 ιεᾼιιοεοιιιιιτιιιινδ
3514 5294 3607 5335 ΡΛ-

2007 5366 2297 5407 τιιιΑιιοιιΑ.
2334 5340 2495 5404 Edidi
2525 5340 2669 5401 hanc
2697 5342 2906 5398 Bullam
2940 5340 2994 5396 in
3019 5340 3384 5399 Commentat.
3433 5348 3606 5404 altera

2007 5424 2076 5479 de
2126 5423 2305 5479 numis
2353 5420 2691 5475 Francorum
2739 5415 2793 5470 in
2844 5412 3089 5479 Oriente,
3156 5412 3307 5469 Actis
3360 5415 3487 5475 Soc.
3537 5420 3603 5476 R.

2008 5495 2370 5553 Scientiarum
2395 5489 2613 5545 Danica:
2644 5488 2786 5543 Ann.
2816 5484 2954 5541 1821
2986 5484 3211 5540 inserta.

2083 5578 2105 5605 ε
2132 5564 2285 5635 Quod
2311 5563 2362 5619 J.
2393 5560 2759 5635 C.a_dvet_ttum
2788 5556 3424 5635 frustraexspectassent.

2088 5626 2327 5693 fDratio
2396 5651 2426 5688 a
2476 5629 2754 5688 Thaddaao
2814 5627 3035 5701 Edessa;
3109 5626 3299 5701 habita
3351 5646 3440 5701 ap.
3497 5633 3609 5691 Eu-

2010 5709 2126 5766 seb.
2160 5707 2227 5783 11,
2259 5708 2322 5763 Ε.
2346 5722 2396 5783 1,
2427 5702 2781 5783 C._13.....H3E0ti
2819 5706 2933 5783 «die
2958 5698 3309 5783 (‘6’Xptcroc)
3339 5698 3609 5783 ἐᾱτᾳυρῲ-

2008 5783 2093 5853 θη,
2122 5768 2427 5854 καίκατέβη
2453 5778 2525 5841 εἰς
2551 5774 2639 5834 τὸν
2664 5771 2820 5841 ἅδην,
2848 5772 2937 5828 καί
2973 5768 3215 5840 διέσχισε
3254 5768 3485 5849 spernis»
3506 5768 3609 5837 ’τὸν

3040 5859 3118 5922 33
