4024 6192
284 128 417 199 1οέιῖ

1229 131 1317 189 DE
1357 124 1640 193 ERRORF.
1677 125 2157 195 rnorANARuu
2196 115 2641 191 REUGIONUM.

3453 124 3593 191 i038

275 257 428 304 cci-ta
476 246 748 313 mandata,
790 245 1179 304 immortalium
1205 247 1586 307 mandatorum
1630 248 1879 308 ordinem
1906 254 1955 318 Α
1986 245 2067 303 Ex
2094 244 2321 317 virginis
2363 252 2525 301 terrae
2552 245 2682 300 limo
2726 242 2902 301 factus
2930 244 3103 302 Adam
3134 246 3587 317 praevaricatione

273 344 375 396 ista
406 340 528 412 iege
558 339 827 397 conclusit
858 356 872 394 :
905 338 1045 395 Data
1096 350 1169 396 est
1217 341 1344 396 mihi
1376 344 1540 399 omnis
1571 354 1797 416 potestas
1825 345 1880 399 in

269 434 400 491 caelo
426 444 473 489 et
501 433 554 491 in
583 443 738 490 terra.
766 432 846 488 Ite
865 449 986 504 ergo
1009 442 1056 489 et
1082 434 1259 490 docete
1287 452 1460 492 onmes
1488 448 1687 509 gentes,
1713 438 1883 509 bapti-

272 538 449 586 zantes
497 546 583 587 eos
633 532 688 584 in
734 531 940 585 nomine
991 528 1191 597 Patris,
1243 541 1293 586 et
1342 530 1498 601 Fifii,
1549 541 1596 587 et
1647 532 1882 603 Spiritus

269 624 459 691 sancti,
483 624 721 680 docentes
748 640 833 680 eos
862 624 1130 681 observare
1156 626 1353 689 omnia,
1380 639 1713 696 quacumque
1744 642 1880 698 prte—

271 717 385 788 cepi
418 715 557 771 vobis
583 714 817 789 (Matth.
842 732 1035 785 xxvnt,
1062 717 1153 783 18,
1183 715 1313 788 19).
1343 717 1502 786 Quod
1531 731 1714 775 autem
1738 718 1884 775 Deus

276 811 463 877 Pater,
497 809 819 883 participem
853 826 977 866 cum
1016 811 1171 882 regni
1203 810 1437 879 faciens,
1478 810 1681 882 regalis
1730 810 1885 867 sellae

271 905 326 964 ei
375 906 712 963 concesserit
766 904 949 969 sedes,
1004 904 1109 960 hoc
1154 902 1383 960 docetur
1431 904 1657 959 oraculo
1687 922 1701 958 :
1736 902 1885 959 Dixit

272 997 535 1055 Dominus
569 997 791 1053 Domino
816 1014 952 1062 meo,
981 996 1101 1054 sede
1131 1013 1161 1050 a
1186 996 1385 1052 dextris
1431 998 1577 1061 meis,
1610 996 1883 1067 quoadus-

272 1109 374 1162 que
394 1108 585 1165 ponam
612 1090 849 1146 inimicos
877 1100 993 1146 tuos
1018 1091 1407 1162 suppedanettm
1437 1092 1625 1161 pedum
1651 1102 1883 1146 tuorum.

279 1187 499 1260 Virgam
520 1187 723 1241 virtutis
750 1195 850 1240 tua:
875 1185 1069 1241 emittet
1097 1181 1352 1240 Dominus
1375 1201 1437 1239 ea:
1464 1184 1618 1250 Sion,
1648 1183 1887 1238 domina-

274 1280 411 1336 beris
433 1279 489 1334 in
516 1278 686 1333 medio
714 1278 1045 1333 inimicorum
1072 1274 1299 1332 tuorum.
1329 1274 1521 1331 Tecum
1567 1276 1885 1349 principium

269 1374 327 1431 in
352 1374 439 1430 die
482 1373 684 1429 uirtutis
712 1383 835 1435 tute,
863 1373 916 1427 in
946 1372 1180 1428 claritate
1208 1380 1531 1438 sanctorum,
1560 1382 1607 1427 et
1635 1389 1697 1427 ea:
1742 1381 1886 1428 utero

271 1476 395 1523 ante
429 1466 711 1538 luciferum
740 1466 894 1540 genui
941 1475 1009 1521 te.
1040 1463 1247 1519 Iuravit
1277 1463 1557 1533 Dominus,
1580 1481 1671 1520 nec
1715 1464 1883 1535 paeni-

274 1561 399 1616 tebit
451 1566 616 1615 eum!I
648 1556 846 1631 (Psaf.
892 1558 1071 1627 (ΜΛ,
1098 1557 1192 1630 4).
1227 1556 1294 1613 lli
1342 1567 1471 1614 sunt
1502 1556 1712 1614 inimici
1767 1557 1884 1625 Dei,

1988 340 2208 412 propria
2231 339 2559 411 promissam
2581 338 2817 411 perdidit
2846 339 3036 397 vitam.
3065 340 3170 398 Per
3192 342 3457 416 virginem
3480 346 3591 401 Ma-

1985 434 2121 489 riam
2151 447 2214 489 ac
2233 432 2499 505 Spiritum
2525 442 2774 490 sanctum
2798 432 3050 492 Christus
3078 446 3263 506 natus,
3293 445 3351 495 et
3370 439 3590 496 immor-

1988 526 2250 583 talitatem
2282 526 2497 599 accepit
2524 536 2580 583 et
2608 543 2857 599 regnum.
2893 529 3073 587 Arbor
3101 529 3235 602 ligni
3270 533 3590 603 pestiferum

1987 622 2232 692 deceptis
2276 622 2540 694 pabulum
2589 624 2822 694 praebuit
2850 634 2920 678 ες
2962 625 3165 698 lignum
3210 628 3391 686 crucis
3419 629 3589 687 vitam

1989 714 2284 771 immortali
2343 730 2607 788 compage
2654 717 2921 773 restituit.
2982 718 3326 790 Contempsit
3378 720 3591 790 Adam,

1989 808 2231 866 obedivit
2262 809 2373 866 Deo
2402 809 2675 866 Christus.
2724 809 2816 868 Sic
2845 810 3025 867 divina
3052 812 3412 884 dispositione
3435 815 3594 887 quid-

1988 900 2118 973 quid
2139 901 2313 959 Adam
2333 901 2567 973 perdidit
2592 901 2842 961 Christus
2860 904 3089 962 invenit.
3107 905 3241 962 Nam
3272 916 3397 978 post
3422 907 3595 966 multa

1992 1003 2238 1065 tempora
2268 994 2582 1051 novissimis
2609 1003 2915 1067 temporum
2943 996 3140 1069 spatiis
3166 998 3247 1069 (id
3274 1007 3380 1068 est,
3412 1002 3599 1058 novis—

1990 1088 2124 1144 sima
2155 1103 2292 1158 pene
2322 1088 2652 1145 saeculorum
2686 1090 3063 1163 hebdomade)
3093 1091 3333 1149 Verbum
3360 1094 3453 1151 Dei
3490 1094 3591 1151 hu-

1991 1194 2153 1237 mano
2189 1195 2249 1237 se
2289 1181 2510 1237 miscuit
2538 1183 2754 1252 corpori
2785 1182 2834 1250 ιι,
2884 1193 2943 1238 ut
2989 1183 3267 1241 hominem
3313 1184 3595 1252 liberaret,

1991 1282 2050 1330 ut
2076 1283 2307 1331 mortem
2336 1275 2606 1343 vinceret,
2636 1286 2695 1331 ut
2720 1276 3073 1348 fragilitatem
3098 1277 3318 1335 humani
3347 1280 3597 1350 corporis

1991 1382 2115 1424 cum
2164 1367 2353 1424 divina
2396 1367 2811 1427 immortalitate
2843 1370 3220 1443 coniungeret.
3262 1372 3403 1441 Quid
3449 1373 3596 1431 enim

1991 1460 2196 1518 faceret
2219 1470 2365 1518 tanta
2396 1460 2553 1518 turba
2577 1464 2932 1520 sanctorum?
2955 1480 3076 1535 qua:
3099 1465 3209 1522 illis
3233 1480 3362 1537 spes
3382 1466 3601 1523 salutis?

1992 1554 2137 1626 quod
2188 1554 2510 1612 meritorum
2551 1554 2869 1626 praemium,
2913 1556 2960 1614 si
3002 1557 3104 1614 sub
3148 1574 3255 1614 una
3296 1558 3601 1630 eademque

274 1652 638 1711 sacratissimi
669 1651 1061 1724 imperatores,
1086 1652 1179 1724 qui
1204 1651 1453 1709 veritatis
1471 1651 1723 1708 ordinem
1748 1666 1884 1707 eon-
1918 1661 1965 1722 Β
1991 1649 2308 1707 conditione
2332 1649 2502 1705 sortis
2532 1648 2976 1708 ineluctabilibus
3012 1651 3363 1709 mortalitatis
3387 1651 3601 1722 laqueis

279 1746 450 1802 traria
483 1744 606 1818 lege
632 1744 989 1812 conturbant,
1023 1744 1115 1815 qui
1148 1758 1419 1815 perversae
1445 1743 1767 1815 cupiditatis
1808 1744 1891 1799 in-

275 1842 483 1899 stinctu
510 1840 777 1911 sacrilega
810 1848 936 1895 vota
968 1839 1309 1909 concipiunt,
1344 1839 1435 1910 qui
1470 1838 1713 1909 profanae
1736 1852 1889 1895 men-

279 1936 348 1990 tis
372 1935 557 1991 furore
577 1942 670 1990 aut
692 1932 896 2006 lignum
918 1946 1136 2005 semper
1158 1940 1490 1993 venerantur
1514 1941 1607 1987 aut
1631 1932 1886 2003 lapidem.

284 2027 340 2083 In
371 2028 478 2084 isto
508 2027 633 2083 loco
663 2025 827 2097 positi
872 2025 1121 2083 ordinem
1165 2024 1431 2083 debemus
1458 2035 1666 2082 sanctae
1706 2024 1894 2096 dispo—

289 2121 510 2180 sitionis
540 2120 758 2192 aperire
788 2136 801 2174 :
837 2129 892 2175 ut
919 2118 1187 2191 quidquid
1232 2117 1392 2176 nobis
1434 2118 1894 2189 investigantibus

282 2220 534 2269 sanctum
584 2212 674 2267 Dei
708 2211 934 2269 verbum
969 2210 1290 2283 prophetica
1324 2210 1547 2267 tradidit
1578 2210 1890 2282 disciplina,

281 2304 351 2363 ad
402 2304 717 2362 refutandus
760 2302 976 2376 profani
1019 2304 1228 2361 erroris
1274 2304 1523 2361 maculas
1587 2304 1901 2375 specialiter

284 2397 607 2469 explicetur,
658 2412 821 2452 ne....
859 2394 887 2434 δ
938 2397 1080 2452 sicut
1136 2410 1239 2452 nos
1285 2394 1550 2462 diximus,
1601 2397 1897 2454 commenti

287 2498 417 2547 sunt
448 2501 497 2558 ο,
528 2489 622 2560 qui
653 2488 937 2561 sacrilegia
973 2488 1291 2545 errantibus
1336 2487 1699 2543 tradiderunt.
1745 2488 1838 2546 Sic
1868 2504 1899 2546 a

286 2582 446 2639 nobis
473 2580 612 2638 ordo
637 2581 883 2637 veritatis
920 2580 1194 2637 curiosius
1222 2580 1553 2652 requiratur.
1598 2582 1899 2653 Suspensis

288 2676 475 2747 itaque
501 2673 782 2746 paululum
810 2674 1050 2740 caeteris,
1078 2673 1147 2731 ad
1182 2672 1297 2730 haec
1322 2670 1348 2710 ά
1380 2673 1726 2745 explicanda,
1770 2690 1892 2746 qua:

292 2784 425 2827 vera
454 2776 601 2837 sunt,
628 2767 993 2826 transferatur
1022 2768 1225 2824 oratio.

875 2860 1106 2920 CAPUT
1132 2860 1329 2919 XXVI.

295 2953 528 3012 Breviter
557 2952 808 3012 Ecclesia:
854 2956 919 3013 de
946 2953 1154 3011 Christo
1202 2972 1321 3011 cunt
1362 2956 1564 3013 Adamo
1604 2966 1904 3029 comparato

1992 1744 2156 1800 etiam
2211 1744 2329 1814 ipsa
2386 1742 2629 1813 obligata
2676 1743 2995 1799 teneretur?
3042 1741 3187 1800 Nihil
3241 1744 3413 1811 Abel,
3464 1744 3600 1801 nihil

1994 1836 2183 1893 Enoch
2207 1877 2222 1903 ,
2267 1834 2408 1890 nihil
2434 1832 2575 1903 Noe,
2606 1833 2740 1891 nihil
2764 1834 2927 1901 Sem,
2963 1836 3098 1892 nihil
3128 1836 3404 1893 Abraham
3423 1879 3438 1904 ,
3467 1837 3603 1894 nihil

1993 1928 2167 1995 Isaac,
2201 1927 2336 1983 nihil
2363 1926 2535 1985 Jaeob
2565 1926 2634 1986 de
2653 1927 2749 1984 Dei
2773 1926 2879 1986 sibi
2908 1928 3287 1986 misericordia
3310 1944 3376 1988 ac
3403 1930 3605 2002 majes-

1996 2031 2105 2081 tate
2133 2022 2520 2094 promitterent
2546 2039 2561 2079 :
2591 2021 2739 2079 irent
2761 2022 2925 2080 etiam
2952 2023 3055 2094 ipsi
3084 2033 3210 2097 post
3240 2034 3451 2082 tantum
3474 2024 3605 2083 fidei

1997 2118 2253 2173 meritum
2293 2132 2416 2172 cum
2464 2114 2679 2173 czeteris
2711 2115 2966 2173 omnibus
2995 2116 3200 2187 pariter
3244 2117 3514 2186 addictis,
3550 2127 3605 2176 et

1995 2226 2187 2269 omnes
2214 2210 2306 2266 Dei
2336 2217 2559 2265 sanctos
2584 2224 2752 2271 unum
2799 2211 2994 2267 mortis
3017 2209 3243 2267 exitium
3283 2211 3565 2284 exciperet
3589 2253 3605 2278 ,

1999 2317 2098 2358 nec
2146 2301 2375 2358 haberet
2426 2300 2569 2373 apud
2612 2301 2784 2359 Deum
2817 2304 3102 2373 prarmium
3143 2303 3349 2373 pietas,
3408 2304 3455 2360 si
3502 2320 3608 2360 una

1998 2396 2298 2468 eademque
2322 2411 2515 2454 omnes
2534 2396 2780 2453 conditio
2806 2398 3000 2453 mortis
3029 2396 3293 2455 hauriret.
3325 2397 3434 2456 Sed
3462 2399 3608 2457 Deus

2000 2490 2234 2549 Abrahae
2257 2491 2462 2548 clarius
2491 2506 2524 2547 a
2544 2492 2670 2549 coeli
2693 2492 2968 2549 sideribus
2998 2493 3327 2563 promiserat
3352 2509 3605 2566 regnum:

2001 2583 2125 2640 ideo
2147 2598 2213 2640 ex
2235 2598 2439 2656 genere
2453 2584 2688 2641 Abrahae
2709 2585 3048 2643 descendens
3070 2584 3234 2642 Maria
3259 2586 3410 2659 virgo
3432 2586 3608 2644 Deum

2001 2676 2271 2748 concipit,
2331 2686 2390 2733 ut
2418 2676 2861 2750 supradictorum
2905 2678 3192 2735 hominum
3236 2679 3459 2737 soboles
3505 2680 3611 2736 im-

2000 2771 2251 2827 mortalis
2280 2771 2559 2829 soeietatis
2587 2772 2807 2828 vinculo
2832 2772 3177 2844 jungeretur,
3223 2783 3279 2830 et
3306 2774 3387 2830 sic
3410 2774 3609 2830 huma-

2004 2878 2135 2920 num
2160 2879 2335 2936 genus
2385 2880 2484 2936 per
2515 2865 2793 2922 hominem
2822 2867 3026 2936 pariter
3072 2873 3129 2922 et
3176 2866 3349 2923 Deum
3395 2875 3609 2939 aequata

2004 2954 2281 3014 societatis
2298 2959 2711 3029 comparatione
2734 2959 3111 3030 coniunctum,
3137 2959 3204 3014 ad
3228 2959 3614 3018 immortalita-

375 3049 566 3122 dogma
591 3049 824 3119 exponit;
854 3047 1108 3119 quidquid
1136 3047 1373 3105 Adamus
1399 3050 1729 3122 perdidisset,
1762 3066 1899 3119 eum,
1929 3057 1977 3123 ο
2008 3050 2079 3108 tis
2130 3052 2421 3122 imperium
2468 3051 2798 3109 obedientia:
2842 3053 3045 3109 merito
3092 3054 3423 3125 perveniret.
3472 3055 3613 3123 Quia

368 3158 396 3198 e
424 3139 600 3199 uaria
637 3140 850 3213 Virgine
876 3149 1079 3211 natum,
1106 3142 1381 3198 invenisse.
1415 3143 1568 3200 Redit
1593 3145 1646 3199 in
1675 3145 1826 3199 viam.

367 3234 503 3300 Vos,
550 3233 756 3290 domini
786 3234 1169 3305 imperatores,
1199 3246 1511 3294 sanctarum
1537 3239 1748 3295 aurium
1781 3254 1904 3297 ves-

299 3337 505 3383 trarum
529 3324 662 3382 mihi
689 3326 1035 3384 commodate
1058 3329 1375 3399 patientiam
1409 3340 1454 3399 ο,
1501 3338 1562 3387 ut
1592 3340 1762 3388 totum
1796 3333 1909 3390 cle-

299 3421 522 3477 mentia:
558 3431 777 3487 restrze,
810 3419 957 3492 quod
990 3422 1382 3491 promittimus,
1419 3422 1774 3495 explicemus.
1800 3426 1909 3483 Cur

299 3512 468 3578 Deus,
494 3510 547 3566 id
569 3521 674 3576 est,
709 3508 877 3566 Filius
900 3511 993 3566 Dei
1018 3551 1033 3576 ,
1062 3510 1227 3568 homo
1257 3528 1447 3583 passus
1469 3523 1557 3570 est
1587 3515 1727 3582 fieri,
1756 3516 1907 3572 brevi

300 3620 368 3662 ac
409 3619 538 3660 vera
587 3604 775 3675 pietati
816 3613 1015 3660 vestrae
1064 3606 1278 3661 ratione
1308 3607 1723 3663 monstrabitur.
1774 3606 1906 3663 Cum

301 3698 580 3755 hominem
608 3698 869 3769 primum,
896 3696 948 3753 id
976 3707 1078 3767 εει,
1111 3697 1306 3764 Adam,
1339 3698 1406 3755 ad
1436 3699 1724 3771 imaginem
1754 3715 1907 3756 suam

303 3792 453 3849 Dens
484 3789 688 3846 faceret
714 3788 881 3863 (Gen.
915 3803 985 3857 tt,
1014 3789 1130 3859 27),
1190 3801 1395 3847 certam
1424 3791 1502 3847 illi
1531 3791 1908 3850 mandatorum

305 3884 458 3942 dedit
483 3883 679 3955 legem.
705 3882 755 3938 ls
771 3897 870 3955 per
890 3881 1173 3950 feminam,
1208 3882 1261 3940 id
1293 3893 1399 3951 est,
1428 3883 1599 3941 Evam
1625 3884 1906 3957 deceptus,

305 3980 513 4039 diaboli
534 3979 1009 4052 persuasionibus,
1036 3982 1318 4052 promisere
1339 3982 1442 4038 sibi
1465 3983 1655 4055 gloriae
1678 3984 1915 4055 perdidit

306 4074 651 4148 dignitatern.
674 4074 906 4147 Lignnm
935 4083 1052 4132 erat
1082 4074 1135 4130 in
1168 4076 1425 4147 paradiso
1462 4075 1505 4144 τ,
1546 4092 1655 4148 quo
1682 4080 1913 4149 promis-

308 4183 499 4226 sorum
534 4187 563 4223 ει
596 4168 708 4226 Deo
758 4168 1107 4240 praemiorum
1138 4170 1377 4240 perdidit
1415 4172 1672 4245 gratiam.
1704 4173 1782 4232 De
1804 4176 1914 4232 vir-

307 4262 450 4334 ginis
496 4270 657 4319 terra:
682 4262 814 4319 limo
836 4262 1194 4320 homofaetus
1217 4272 1339 4321 est:
1374 4267 1615 4323 nondum
1645 4268 1791 4325 enim
1817 4311 1829 4336 ,
1855 4279 1914 4326 ut

308 4358 385 4412 ait
411 4357 725 4426 Scriptura,
769 4371 933 4429 supra
968 4368 1165 4415 terram
1195 4359 1427 4429 pluerat.
1460 4360 1559 4418 llic
1582 4365 1913 4436 contemptis

312 4448 581 4505 mandatis
617 4448 707 4505 Dei
729 4490 747 4517 ,
779 4450 1079 4507 humanum
1124 4466 1294 4523 genus
1325 4454 1671 4513 mortalitatis
1704 4456 1912 4529 laqueis

313 4540 525 4599 afﬂixit.
558 4540 857 4615 Oportebat
880 4542 987 4600 hoc
1016 4553 1190 4603 totum
1215 4554 1272 4602 et
1294 4545 1584 4605 reformari
1610 4558 1665 4607 et
1687 4552 1909 4623 corrigi,

315 4634 711 4692 etrefortnatie
752 4635 979 4707 originis
1018 4636 1208 4695 debuit
1251 4638 1555 4698 reformare
1595 4643 1911 4714 primordia.

392 4771 419 4802 ⁸
446 4771 1165 4848 Plerumque_coneinit_cum
1186 4773 1463 4847 Cypriane
1484 4778 1706 4834 Testim.
1730 4780 1822 4835 lib.
1847 4795 1907 4848 fl,
1938 4785 1989 4846 Ι)

319 4856 553 4916 excepto
579 4843 735 4916 Vers.
766 4844 822 4909 5,
856 4844 969 4916 pubi
1016 4844 1105 4901 hic
1134 4843 1298 4903 habet
1344 4849 1633 4905 lectionem
1682 4843 1909 4909 Sabatia;

320 4914 530 4972 rianam
557 4932 575 4971 :
597 4915 650 4971 in
677 4914 1039 4983 splendoribus
1063 4928 1377 4973 sanctmm.

390 4987 420 5027 ι)
462 4985 725 5045 Escidere
754 4988 1000 5056 paucula.

399 5072 422 5101 c
467 5058 613 5129 Lege
636 5059 950 5133 commentiri
975 5070 1117 5115 sunt.
1150 5061 1528 5118 Commentior
1554 5078 1650 5133 pro
1679 5068 1912 5123 mentior

321 5128 732 5208 occurrit_a_pud
760 5128 1050 5208 Apuleium
1079 5134 1237 5208 Apol.
1261 5149 1320 5208 rp.
1356 5134 1479 5189 5M.
1515 5128 1740 5208 Ligurum
1769 5153 1798 5193 a
1828 5154 1913 5196 me

323 5211 440 5289 nam
679 5202 1099 5289 qugfsitnmnon
1128 5202 1297 5289 piguit
1324 5220 1421 5261 vos
1438 5202 1799 5265 commentiri.

394 5274 425 5313 ἀ
462 5273 521 5332 in
538 5273 873 5332 editieaibtts
890 5274 1087 5344 tegitur
1104 5276 1303 5331 adhere.

400 5359 423 5387 α
464 5347 713 5421 Lactant.
733 5361 805 5421 _t_.
838 5347 867 5399 1
892 5387 906 5407 ,
939 5346 1187 5421 audiendi
1226 5349 1525 5419 patientiam
1555 5352 1918 5421 commodare;

326 5420 546 5494 etapnd
576 5417 879 5494 Arminium
901 5457 919 5483 ,
948 5417 1272 5473 commodare
1310 5437 1481 5487 aures,
1526 5439 1572 5489 t,
1618 5423 1651 5479 6
1678 5465 1691 5490 ,
1723 5439 1799 5489 tv,
1822 5417 1921 5494 5‘3,

326 5488 584 5557 "1,53,
616 5488 944 5563 commodare
994 5503 1295 5563 assensum,
1350 5509 1404 5559 ι,
1447 5488 1685 5563 54,ίνιι,
1736 5488 1827 5553 ‘25.
1856 5488 1927 5541 -ὲ

2004 3142 2208 3215 itaque,
2243 3145 2618 3201 'sacratissimi
2671 3144 3065 3217 imperatores,
3108 3148 3346 3204 curiosis
3387 3148 3613 3206 auribus

2006 3236 2627 3312 satisfecimus,rcliqua
2654 3253 3075 3309 prosequamur,
3110 3250 3169 3295 ut
3196 3241 3282 3295 vel
3314 3240 3395 3295 sic
3436 3241 3610 3310 pollu-

2007 3335 2185 3386 tarum
2202 3331 2410 3385 aurium
2434 3328 2624 3385 sordes
2642 3328 2939 3398 purifieans
2956 3329 3130 3400 possit
3146 3343 3330 3385 sermo
3353 3345 3606 3403 purgare.

2562 3418 2793 3476 CAPUT
2842 3418 3053 3475 XXVII.

2012 3516 2264 3574 Ultimum
2296 3515 2697 3569 Mithriacorum
2722 3514 2990 3569 initiorum
3037 3514 3333 3585 symbolum
3358 3558 3372 3583 ,
3405 3524 3611 3595 Ταῦρος

2079 3607 2374 3685 δράκοντος,
2392 3609 2477 3665 καὶ
2493 3605 2693 3685 δρακων
2712 3606 2903 3682 ταῦρον
2921 3610 3117 3684 πατὴρ,
3138 3606 3611 3678 exponit.Serpen-

2083 3703 2148 3757 tis
2177 3702 2440 3768 meminit,
2474 3699 2931 3771 Protopfastorunt
2968 3699 3291 3767 seductoris,
3321 3702 3615 3771 funestique

2082 3797 2194 3867 ejus
2221 3795 2409 3861 cultus,
2440 3793 2823 3865 draconcmqtte
2849 3807 2909 3848 eo
2926 3792 3009 3847 die
3025 3807 3328 3864 percussum
3348 3810 3478 3865 esse,
3507 3812 3611 3868 quo

2082 3886 2319 3943 Christus
2346 3885 2675 3959 apparuerit.

2084 3977 2337 4050 Sequitur
2369 3976 2549 4032 adhuc
2576 3973 2723 4031 aliud
2748 3973 3056 4047 symbolum
3104 3972 3147 4046 ί,
3177 3974 3323 4049 quod
3368 3994 3467 4051 pro
3497 3995 3616 4036 ma-

2009 4087 2118 4147 gno
2149 4069 2477 4128 miserorum
2505 4069 2790 4145 hominum
2818 4067 3059 4126 credulis
3089 4071 3316 4127 auribus
3363 4073 3613 4131 traditur:

2011 4176 2211 4246 Ταῦρος
2237 4167 2543 4247 δράκοντος,
2590 4169 2675 4223 καὶ
2699 4165 2907 4244 δράκων
2946 4166 3147 4243 ταύρου
3191 4172 3367 4243 πατήρ
3403 4169 3450 4223 i.
3499 4171 3616 4225 Ali-

2011 4264 2227 4337 quando
2258 4264 2413 4320 nobis
2442 4261 2617 4333 signa,
2649 4258 2889 4323 diabole,
2919 4259 3176 4313 maculati
3226 4261 3460 4317 nominis
3488 4277 3617 4333 pro-

2012 4357 2195 4416 didisti
2215 4400 2231 4427 ,
2258 4354 2547 4429 aliquando
2588 4353 2791 4411 infame
2817 4366 3015 4408 nomen
3044 4352 3266 4424 prepria
3316 4370 3452 4414 voce
3480 4374 3613 4416 con-

2018 4454 2195 4511 fessus
2226 4470 2304 4509 es.
2340 4450 2469 4509 Scio
2495 4446 2590 4520 qui
2615 4445 2806 4513 fueris,
2832 4446 2963 4517 quid
3006 4460 3173 4502 ausus
3218 4448 3313 4515 sis,
3347 4450 3463 4506 scio
3485 4454 3618 4523 quid

2017 4547 2211 4605 fecerit
2259 4545 2527 4603 scelerum
2574 4550 2793 4596 tuorum
2841 4538 3116 4596 malitiosa
3157 4544 3463 4613 persuasio.
3506 4546 3621 4604 Hoc

2020 4651 2170 4711 erat,
2229 4638 2371 4712 quod
2432 4636 2590 4703 Erae,
2626 4649 2749 4691 eum
2793 4649 2914 4692 eam
2961 4634 3241 4708 perderes,
3289 4654 3618 4713 magnopere

2088 4787 2113 4826 Β
2154 4777 2404 4834 Mortem.

2088 4847 2116 4886 ιι
2158 4848 2440 4926 Arnob._t,
2481 4844 2590 4926 60_:
2620 4843 2905 4926 Assumpsit
2932 4845 3089 4918 igitur
3116 4845 3337 4926 [tonantis
3367 4856 3613 4926 formam,

2018 4933 2065 4979 et
2096 4921 2189 4978 sub
2218 4921 2378 4993 nostri
2400 4918 2597 4993 generis
2624 4915 2968 4993 similitudine
2985 4918 3265 4993 potentiam
3294 4915 3438 4979 suam
3466 4915 3616 4985 clau;

2020 4996 2106 5061 sit,
2132 5002 2187 5048 ut
2210 4992 2371 5048 videri
2398 4987 2570 5063 posset
2586 4997 2635 5044 et
2656 4987 2904 5057 conspici,
2928 4988 3078 5041 verba
3104 4992 3297 5057 faceret
3316 5004 3366 5049 et
3391 4998 3615 5067 doceret,

2020 5076 2170 5136 atque
2189 5081 2362 5120 omnes
2392 5070 2898 5136 είιξιεεειιιιιεγειιυοηδ,⁸
2909 5071 3117 5136 propter
3142 5077 3270 5136 quas
3292 5068 3344 5120 in
3368 5072 3618 5126 mundum

2021 5130 2226 5193 venerat
2253 5130 2537 5209 faciendas,
2582 5130 2925 5209 suntmiregis
2972 5131 3256 5209 imperioct
3282 5138 3617 5209 dispositione

2021 5201 2263 5265 servatis:
2308 5208 2555 5277 Lactant.
2616 5217 2707 5267 tv,
2764 5201 2858 5277 19Δ
2883 5209 2941 5255 et
2996 5201 3110 5277 id;
3166 5201 3497 5277 Augustinus
3549 5217 3619 5271 de

2020 5282 2087 5337 (Σ.
2123 5280 2181 5333 D.
2215 5296 2247 5334 at
2269 5321 2285 5346 ,
2312 5278 2415 5344 29;
2456 5276 2657 5346 aliique
2686 5286 2773 5346 ap.
2800 5272 3171 5332 Elmenhorst.
3237 5272 3512 5341 observat.
3560 5288 3615 5343 ln

2023 5343 2321 5408 Arnobium
2356 5343 2408 5419 p.
2444 5347 2534 5419 56.
2558 5343 3024 5419 Confer._quoque
3053 5358 3102 5401 ρ.
3134 5348 3228 5404 25.

2106 5423 2122 5461 ί
2167 5421 2244 5494 Ex
2272 5415 2548 5494 my'steriis
2584 5415 2850 5494 Sgbaziis.

2108 5497 2120 5545 l
2168 5487 2346 5551 Clem:
2406 5492 2561 5547 Alex.
2613 5487 2923 5557 Proptrept.
2982 5489 3139 5564 cui,
3175 5506 3226 5560 p.
3258 5493 3357 5549 15:
3388 5502 3514 5556 Φησὶ
3543 5526 3623 5564 τις

331 5563 691 5650 ιςιιιρεψννρρῃμ⁸
719 5559 1377 5650 -ξξσξιξξιιξξξεξφξηςμᾳηυθ
1418 5565 1487 5621 ab
1533 5559 1688 5625 illius
1755 5572 1898 5627 tutati

2033 5564 2551 5650 natnrrig‘ei'dwhuef,
2599 5564 3010 5650 Tuﬁposmfar‘ﬁp
3041 5559 3313 5650 3,05t2'59‘rgs
3345 5559 3624 5650 uariarum};

336 5635 695 5699 scriptoribus
718 5638 982 5703 vocantur
996 5633 1386 5703 imperatores.

421 5702 438 5743 ί
478 5704 656 5763 Arbor
685 5702 950 5762 scientiae.
980 5701 1178 5763 Cenes.
1207 5720 1264 5765 tn
1283 5745 1301 5776 ,
1329 5704 1381 5762 5.

2036 5629 2461 5713 ταάρουίδράκῶν.
2481 5633 2683 5713 Arnob.
2703 5629 2769 5713 'v.
2915 5629 3188 5713 dumcto'rent
3211 5638 3395 5707 aliquis
3417 5629 3625 5700 deside?-

2038 5698 2171 5769 ,σαθέι
2216 5698 2320 5778 rei,
2379 5719 2482 5763 tum
2508 5706 2655 5761 illum
2682 5698 2949 5758 citabimus
2982 5698 3312 5764 Tarcntt'nun't
3359 5698 3631 5788 notumque
