4024 6192
297 383 439 443 1011

1241 389 1332 446 DE
1370 389 1655 450 ERRORE
1694 391 2171 457 PROFANARUM
2210 399 2659 461 RELIGIONUM.

3460 412 3600 469 1042

293 500 369 600 de
390 499 760 600 _segminibus
789 512 815 541 δ
861 502 1063 558 factum
1097 504 1298 560 idolum
1349 506 1582 563 Osiridis
1612 510 1896 580 sepelitur.
1927 513 1983 574 Α
2006 515 2240 573 Abrahre
2269 518 2620 575 immolaturo
2650 519 2818 577 filium
2846 522 3000 594 jussu
3048 524 3142 579 Dei
3170 525 3314 582 aries
3344 529 3612 600 supponi-

298 594 359 650 In
390 595 736 666 Proserpina:
779 599 953 653 sacris
992 613 1131 655 caesa
1161 602 1323 657 arbor
1374 602 1427 657 in
1469 602 1704 674 efﬁgiem
1742 606 1907 677 virgi-

292 688 389 744 nis
411 687 754 760 formamque
780 692 1126 762 componitur
1155 692 1207 758 ιι,
1238 705 1291 749 et
1318 708 1441 749 cum
1466 694 1607 751 intra
1624 697 1903 753 civitatem

293 780 466 836 fuerit
497 780 640 836 illata
663 824 676 848 ,
712 782 1069 855 quadraginta
1127 785 1379 841 noctibus
1412 787 1687 858 plangitur
1709 828 1723 852 ,
1770 803 1905 859 qua-

290 871 603 944 dragesima
657 889 791 930 vero
816 886 977 932 nocte
1023 877 1383 933 comburitur.
1436 878 1544 935 Sed
1593 889 1649 937 et
1680 881 1768 936 illa
1798 881 1903 936 alia

292 971 465 1043 ligna,
524 990 644 1045 qua:
690 972 836 1040 dixi,
892 976 1088 1031 similis
1153 976 1366 1031 llatmna
1420 978 1727 1045 consumit;
1778 994 1901 1035 nam

288 1065 462 1121 etiam
495 1074 615 1133 post
642 1081 845 1121 annum
868 1068 1108 1137 ipsorum
1138 1069 1408 1138 lignorum
1440 1084 1630 1141 rogum
1682 1069 1899 1126 ﬂamma

290 1158 605 1229 depascitur
636 1170 680 1211 ι’.
717 1159 923 1214 Errasti
944 1159 1146 1224 miser,
1194 1172 1249 1215 et
1276 1161 1627 1216 vehementer
1680 1164 1899 1229 errasti,

293 1248 434 1305 nihil
485 1249 584 1305 tibi
636 1251 839 1322 poterit
870 1251 1005 1321 ignis
1063 1252 1163 1308 iste
1211 1252 1487 1321 prodesse,
1554 1252 1753 1307 frustra
1807 1254 1899 1308 tibi

288 1359 358 1400 ex
414 1345 515 1401 ista
562 1344 778 1400 ﬂamma
838 1343 1138 1408 blandiris.
1192 1345 1336 1401 hunc
1389 1346 1565 1417 ignem
1622 1360 1901 1402 commen-

288 1438 361 1492 tis
403 1436 510 1491 tuis
561 1451 781 1507 semper
827 1450 1123 1493 renovans.
1200 1437 1381 1508 Ignis,
1433 1439 1523 1509 qui
1574 1438 1643 1493 de
1704 1437 1902 1493 facino-

287 1528 444 1585 ribus
514 1530 622 1586 tuis
697 1528 873 1601 exigit
954 1545 1187 1601 poenas,
1268 1542 1525 1601 perpetua
1596 1539 1901 1586 tormento-

286 1637 410 1678 rum
448 1622 861 1678 continuatione
890 1632 1188 1693 grassatur.
1256 1622 1436 1678 Divini
1506 1638 1570 1679 ac
1618 1623 1899 1679 liberantis

284 1713 420 1785 ligni
447 1714 695 1771 ordinem
725 1715 876 1771 disce
895 1758 909 1782 ,
941 1724 998 1770 ut
1022 1716 1167 1771 scias
1190 1715 1337 1771 nulla
1370 1715 1464 1771 tibi
1493 1730 1655 1787 posse
1680 1714 1895 1772 ratione

285 1809 556 1864 succurri.
590 1808 667 1864 De
688 1809 1022 1880 cataclysmo
1050 1808 1345 1864 humanum
1370 1823 1541 1881 genus
1566 1824 1692 1864 arca
1719 1810 1894 1879 lignea

2010 616 2119 677 tur,
2166 619 2221 666 et
2262 612 2314 667 in
2368 612 2564 668 vicina:
2592 614 2805 670 arboris
2856 616 3130 672 radicibus
3174 618 3425 690 alligatur
3452 619 3609 693 (Gen.

2008 715 2172 770 nix,
2206 703 2317 774 15).
2349 703 2704 763 Liberaturus
2737 707 2879 763 Deus
2919 724 3162 764 summus
3210 726 3277 766 ex
3319 710 3611 784 Ailgyptio-

2009 810 2129 850 rum
2173 797 2458 868 tyrannide
2490 798 2702 869 plebem
2754 815 2931 868 suam,
2983 802 3210 858 arietem
3260 813 3418 859 nocte
3445 805 3611 873 jussit

2008 888 2219 957 occidi,
2251 898 2306 945 et
2330 894 2594 961 sanguine
2620 892 2740 963 ejus
2764 903 2949 963 postes
2980 894 3125 949 liniri
3154 898 3433 967 prtecepit.
3470 907 3495 945 8
3526 898 3611 969 lp-

2008 995 2126 1036 sum
2154 997 2184 1035 a
2211 992 2368 1038 certo
2408 999 2639 1040 numero
2666 985 2945 1042 hominum
2978 1004 3073 1057 per
3096 999 3390 1045 nocturnas
3420 991 3610 1061 epulas

2006 1076 2201 1129 confici
2227 1076 2412 1144 jubet,
2447 1085 2502 1133 et
2521 1078 2791 1134 sacrificio
2820 1082 2921 1151 ipsi
2955 1080 3176 1137 Paschae
3205 1099 3403 1139 nomen
3434 1085 3611 1156 impo-

2007 1165 2106 1220 nit.
2158 1165 2265 1221 Sed
2323 1168 2425 1222 hoc
2484 1168 2548 1223 ad
2590 1169 2883 1240 imaginem
2915 1171 3220 1228 futurorum
3264 1174 3604 1243 providentia

2005 1258 2207 1315 divinze
2262 1262 2565 1332 majestatis
2607 1265 2847 1330 invenit,
2902 1276 2962 1321 ut
3010 1282 3109 1338 per
3158 1269 3367 1339 signum
3414 1285 3599 1326 verum

2006 1351 2212 1407 Pascha
2249 1355 2404 1409 nobis
2427 1355 2763 1413 ostenderet.
2799 1357 2926 1414 ldeo
2952 1374 3073 1414 cum
3117 1360 3185 1415 de
3217 1361 3467 1430 passione
3497 1363 3601 1417 Do-

2005 1444 2137 1498 mini
2167 1447 2335 1500 nostri
2374 1446 2558 1503 divino
2589 1448 2794 1519 Spiritu
2830 1450 3058 1520 jubente
3097 1452 3364 1523 Propheta
3396 1470 3603 1525 prtcca-

2004 1546 2193 1607 neret,
2230 1540 2307 1593 ait
2338 1558 2350 1593 :
2382 1539 2529 1595 Sicut
2559 1542 2667 1597 ovis
2710 1544 2781 1597 ad
2820 1544 3075 1599 victimam
3103 1545 3287 1600 ductus
3309 1557 3383 1600 est
3406 1590 3419 1611 ,
3470 1551 3602 1601 sicut

2003 1647 2167 1701 agnus
2196 1648 2371 1686 coram
2396 1634 2639 1688 tondente
2663 1653 2739 1699 se,
2768 1638 2845 1690 sic
2874 1654 2973 1691 non
3003 1640 3204 1706 aperuit
3238 1656 3293 1693 os
3322 1657 3495 1693 suum.
3536 1641 3599 1694 In

2003 1725 2295 1780 humilitate
2314 1727 2573 1796 judicium
2615 1728 2662 1783 ei
2689 1728 2945 1783 sublatum
2992 1739 3083 1784 est.
3118 1729 3454 1787 Nativitatem
3491 1735 3601 1801 eius

2002 1818 2116 1884 quis
2145 1820 2446 1873 enarravit?
2464 1820 2709 1887 quoniam
2750 1822 3016 1889 auferetur
3045 1839 3075 1875 α
3104 1830 3239 1876 terra
3269 1824 3373 1877 vita
3403 1828 3514 1895 ejus
3550 1824 3593 1877 ¹’.

287 1903 542 1960 liberavit
596 1904 751 1973 (Gen.
812 1920 910 1969 vlt,
961 1904 1101 1977 vin).
1159 1904 1365 1960 Deinde
1419 1903 1693 1959 Abraham
1751 1904 1893 1974 ligna
1926 1914 1972 1974 Β
2006 1908 2177 1981 (Esai.
2203 1926 2328 1978 LIII,
2371 1912 2423 1975 7,
2459 1911 2538 1981 8).
2568 1912 2725 1969 Alius
2754 1915 2919 1969 etiam
2964 1915 3227 1985 propheta
3262 1917 3377 1971 haec
3404 1918 3595 1973 eadem

285 1998 433 2054 unici
466 1998 558 2053 filii
592 1997 837 2054 humeris
868 1998 1099 2069 imponit
1120 1997 1277 2068 (Gen.
1312 2014 1426 2053 xm
1452 1998 1528 2071 6).
1564 1998 1639 2053 De
1661 1996 1895 2069 Aigypto

284 2092 634 2148 recedentem
670 2092 929 2163 populum
964 2092 1057 2147 Dei
1104 2093 1317 2163 plebem
1350 2092 1526 2163 lignea
1573 2092 1725 2163 virga
1764 2108 1889 2162 pro-

287 2188 422 2243 texit
449 2184 651 2258 (Exod,
681 2202 795 2254 XIV,
845 2186 941 2251 21,
969 2186 1086 2258 26).
1118 2186 1347 2256 Lignum
1380 2186 1593 2242 dulcem
1639 2202 1892 2257 saporem

284 2295 490 2336 amara:
536 2282 773 2354 myrrha:
810 2280 1055 2336 fontibus
1103 2280 1339 2335 reddidit
1379 2279 1577 2352 (Exod.
1631 2297 1721 2349 xv,
1773 2280 1890 2353 25).

283 2370 491 2443 Lignea
522 2371 672 2443 virga
701 2387 767 2427 ex
816 2370 1083 2442 Spirituali
1114 2381 1265 2441 petra
1295 2370 1555 2426 salutaris
1583 2371 1728 2427 unda
1762 2386 1890 2442 pro-

285 2466 457 2521 fertur
488 2464 690 2537 (Exod.
725 2481 863 2533 xvn,
893 2464 955 2530 6;
983 2463 1004 2519 1
1044 2464 1165 2520 Cor.
1190 2481 1245 2533 x,
1277 2464 1355 2537 4).
1390 2464 1493 2533 Ει,
1529 2475 1587 2520 ut
1632 2466 1890 2521 Amalech

286 2559 620 2625 vinceretur,
656 2558 800 2614 circa
828 2558 1035 2629 virgam
1082 2556 1293 2629 Moyses
1334 2558 1588 2627 expansis
1638 2558 1891 2614 manibus

285 2650 603 2708 extenditur
658 2647 685 2688 ἀ
723 2648 924 2720 (Exod.
972 2666 1122 2717 xvtt,
1176 2649 1414 2721 11,12).
1468 2650 1644 2706 Scala:
1698 2652 1890 2723 ligneae

288 2743 598 2815 patriarcha
649 2744 1056 2800 incumbentem
1085 2743 1337 2813 angelum
1390 2744 1665 2809 somniat,
1710 2754 1765 2799 et
1796 2760 1891 2814 per

286 2841 532 2899 eamdem
567 2840 707 2897 alios
754 2840 1087 2907 ascendere,
1119 2840 1259 2894 alios
1288 2839 1463 2893 cernit
1494 2838 1830 2894 descendere
1865 2850 1887 2876 θ

289 2934 795 3005 Gen.xxvm,12).
838 2934 901 2989 Ει
930 2933 1015 2988 lex
1067 2932 1161 2988 Dei
1204 2946 1346 2987 areae
1396 2931 1591 3003 lignea:
1647 2932 1889 2987 creditur

287 3028 487 3099 (Exod.
520 3044 609 3095 ιι,
638 3027 756 3097 20).
790 3036 847 3083 ut
890 3027 974 3083 his
1004 3026 1277 3091 omnibus,
1331 3026 1486 3097 quasi
1545 3042 1640 3095 per
1691 3026 1888 3097 gradus

286 3122 577 3195 quosdam,
606 3120 672 3177 ad
693 3121 897 3193 lignum
926 3117 1105 3175 crucis
1135 3119 1284 3174 salus
1324 3117 1603 3174 hominum
1639 3121 1889 3191 pervcni-

288 3225 391 3271 ret.
424 3214 769 3287 Quapropter
793 3213 997 3285 lignum
1022 3212 1202 3269 crucis
1246 3212 1371 3268 coeli
1398 3214 1633 3269 sustinet
1681 3214 1887 3270 machi-

1998 2001 2163 2056 simili
2191 2002 2474 2072 respondit
2503 2004 2724 2057 oraculo
2757 2022 2768 2057 :
2820 2003 3065 2071 Domine,
3089 2008 3327 2078 signiﬁca
3352 2009 3482 2061 mihi
3506 2050 3521 2075 ,
3552 2022 3599 2063 et

1997 2109 2299 2167 cegnoscam
2325 2114 2341 2157 ;
2371 2106 2492 2149 tunc
2537 2097 2641 2149 vidi
2685 2098 3038 2152 meditationes
3082 2116 3279 2156 eorum.
3328 2099 3441 2173 Ego
3466 2101 3601 2155 sicut

1993 2204 2158 2257 agnus
2184 2188 2295 2241 sine
2324 2189 2525 2242 malitia
2556 2190 2833 2259 perductus
2860 2207 2973 2243 sum
3005 2193 3071 2245 ad
3100 2193 3376 2248 victimam.
3407 2191 3473 2246 In
3516 2210 3596 2247 me

1994 2280 2345 2352 cegitaverunt
2384 2283 2665 2351 cogitatum
2710 2282 2933 2336 dicentes
2990 2300 3001 2337 :
3075 2282 3251 2338 Venite
3285 2301 3304 2339 :
3335 2285 3597 2339 mittamus

1993 2372 2188 2444 lignum
2206 2373 2258 2427 in
2288 2390 2476 2442 panem
2498 2378 2630 2445 ejus,
2654 2385 2703 2428 et
2730 2376 3006 2430 eradamus
3035 2395 3066 2429 α
3087 2386 3224 2431 terra
3251 2378 3408 2431 vitam
3438 2381 3549 2448 ejus
3573 2381 3585 2415 ί

1995 2465 2239 2537 (Jerem.
2294 2483 2462 2534 xvut,
2517 2468 2623 2535 18,
2674 2468 2797 2541 19).
2850 2471 3060 2539 Agnum
3098 2480 3278 2525 autem
3329 2471 3594 2541 appellari

1994 2559 2283 2616 Dominum
2311 2569 2593 2627 nostrum,
2625 2572 2811 2618 sancta
2864 2562 3023 2618 nobis
3052 2564 3385 2619 revelatione
3414 2579 3596 2618 mons-

1994 2662 2187 2707 tratur.
2224 2651 2280 2707 ln
2312 2652 2641 2724 Apocalypsi
2682 2654 2830 2708 enim
2858 2654 2931 2709 ita
2964 2654 3275 2711 invenimus
3310 2671 3431 2710 esse
3468 2672 3593 2727 pcr-

1992 2744 2253 2815 scriptum
2275 2762 2291 2800 :
2316 2743 2381 2798 Et
2402 2747 2508 2799 vidi
2528 2746 2579 2799 in
2596 2746 2767 2800 medio
2794 2745 2963 2800 throni
2978 2756 3024 2800 et
3043 2757 3265 2817 quatuor
3287 2749 3592 2803 animalium

1990 2847 2037 2891 et
2068 2838 2122 2891 in
2152 2838 2319 2891 medio
2370 2840 2632 2893 seniorum
2658 2856 2851 2911 agnum
2876 2850 3116 2907 stantem,
3162 2844 3311 2912 quasi
3341 2844 3590 2907 occisum,

1991 2931 2257 2985 habentem
2298 2948 2495 2986 cornua
2526 2942 2743 3002 septem,
2774 2943 2823 2987 et
2868 2934 3047 2988 oculos
3073 2944 3265 3006 septem
3287 2977 3302 3001 ,
3352 2939 3441 3007 qui
3470 2948 3589 2990 sunt

1989 3035 2182 3098 septem
2202 3028 2418 3097 spiritus
2444 3027 2542 3082 Dei
2587 3028 2733 3082 missi
2774 3043 2865 3099 per
2890 3028 3059 3083 orbem
3093 3038 3263 3084 terrte.
3292 3029 3359 3083 Et
3384 3031 3518 3085 venit
3546 3040 3593 3083 et

1992 3121 2185 3191 accepit
2215 3120 2409 3175 librant
2446 3122 2510 3176 de
2542 3122 2728 3175 dextra
2775 3120 3000 3176 sedentis
3030 3120 3083 3176 in
3124 3122 3330 3177 throno.
3378 3122 3445 3176 Et
3474 3139 3591 3176 cum

1988 3214 2271 3282 accepisset
2312 3214 2523 3280 librum,
2549 3224 2779 3281 quatuor
2805 3214 3057 3269 animalia
3081 3224 3130 3269 et
3158 3215 3341 3284 viginti
3370 3224 3590 3283 quatuor

288 3323 436 3377 nam,
461 3318 623 3365 terra
660 3306 1011 3363 fundamenta
1043 3304 1398 3369 corroborat,
1427 3304 1623 3359 aflixos
1658 3305 1760 3360 sibi
1790 3304 1884 3359 ho-
1914 3294 1957 3357 C
1991 3306 2217 3360 seniores
2244 3315 2634 3375 prostraverunt
2672 3323 2727 3361 se
2749 3316 2870 3361 ante
2892 3322 3104 3375 agnum,
3130 3305 3369 3360 habentes
3397 3306 3593 3375 singuli

289 3403 465 3459 mines
502 3402 654 3459 ducit
682 3401 749 3458 ad
776 3403 960 3457 vitam.
996 3399 1226 3471 Lignum
1257 3399 1457 3454 diaboli
1487 3400 1643 3456 ardet
1668 3414 1886 3470 semper

288 3505 345 3554 et
380 3495 633 3562 moritur,
656 3503 711 3550 et
735 3493 801 3549 ad
834 3494 938 3549 ima
968 3491 1151 3547 tartari
1180 3491 1465 3577 credentes
1493 3492 1741 3549 homines
1761 3508 1883 3548 cum

289 3586 485 3644 favillis
509 3587 621 3643 suis
647 3586 815 3642 ducit.
850 3585 986 3641 Illud
1014 3584 1177 3639 etiam
1202 3583 1363 3653 quale
1392 3585 1460 3637 sit
1487 3584 1699 3640 ratione
1745 3593 1886 3641 trac-

290 3689 454 3736 tetur.
503 3680 769 3735 Arborem
799 3693 955 3733 suam
1004 3675 1256 3732 diabolus
1297 3690 1651 3740 consecrans,
1687 3677 1884 3731 intem-

292 3782 441 3847 pesta
490 3782 646 3829 nocte
673 3772 902 3828 arietem
935 3772 986 3825 in
1017 3784 1175 3824 ca‘src
1207 3767 1424 3821 arboris
1456 3766 1584 3821 facit
1612 3767 1887 3823 radicibus

290 3866 562 3923 immolari
597 3865 639 3919 ί.
669 3865 802 3934 Quis
833 3864 929 3919 tibi
960 3862 1063 3918 hoc
1095 3862 1362 3917 scelerate
1407 3860 1711 3930 persuasit?
1744 3862 1886 3918 unde

291 3959 395 4016 hoc
417 3959 669 4030 pestifera
694 3958 995 4029 cupiditate
1027 3955 1313 4011 didicisti?
1343 3954 1647 4024 Semperne
1675 3963 1727 4009 te
1753 3969 1885 4009 cou-

293 4062 371 4110 tra
403 4054 688 4109 Dominum
720 4067 993 4116 summum
1022 4049 1223 4104 nefaria
1244 4048 1542 4117 cupiditate
1565 4049 1890 4117 componis?

292 4146 414 4202 ideo
448 4155 499 4200 te
524 4145 593 4201 de
618 4146 760 4201 coelo
780 4157 1032 4200 severum
1058 4141 1357 4195 divinitatis
1382 4140 1651 4209 judicium
1685 4143 1887 4196 caduca

294 4238 594 4294 humilitate
626 4237 961 4307 praecipitat,
988 4234 1111 4288 ideo
1144 4234 1236 4286 tibi
1272 4232 1362 4286 Dei
1391 4234 1659 4286 sententia
1696 4248 1889 4301 perpe—

292 4340 379 4387 tua
415 4347 569 4399 ιιωηθ
591 4329 928 4394 decernitur,
962 4325 1105 4397 quod
1138 4324 1466 4379 facinoribus
1500 4323 1605 4376 tuis
1646 4339 1742 4393 per
1773 4324 1890 4380 dics

292 4424 535 4493 singulos
576 4438 773 4477 novum
820 4435 1036 4489 semper
1068 4417 1288 4473 additur
1338 4415 1548 4470 facinus
1571 4458 1584 4480 ,
1617 4418 1759 4484 quod
1792 4417 1890 4471 ho-

295 4515 495 4570 minem
529 4514 624 4568 Dei
658 4513 1001 4567 fraudulenta
1030 4510 1249 4565 conaris
1293 4509 1647 4578 persuasione
1671 4508 1890 4578 decipe-

294 4623 369 4663 re.
434 4608 565 4663 Vide
620 4608 747 4679 quid
807 4607 908 4660 sibi
957 4605 1287 4660 ludibriosus
1357 4602 1529 4657 hostis
1598 4603 1889 4662 invenerit.

292 4724 486 4781 Nescio
531 4740 597 4778 an
649 4724 788 4777 alius
844 4721 1078 4789 scriptor
1144 4720 1305 4791 hujus
1356 4720 1493 4791 ritus
1550 4719 1964 4786 mentioneml)

294 4796 471 4853 faciat.
526 4796 660 4853 Vide
704 4805 882 4851 tamen
938 4790 1223 4847 Plutarch.
1264 4792 1331 4847 de
1374 4790 1518 4845 Iside
1564 4799 1621 4845 et
1664 4791 1886 4847 Osiride

294 4885 340 4925 c.
394 4868 488 4922 4'2.

365 4950 389 4977 ⁸
445 4940 613 4995 Recte
682 4937 992 4994 emendavit
1056 4934 1345 4989 Wowerus
1402 4933 1690 4987 lectionem
1751 4932 1885 4988 edit.

297 5012 552 5084 principis
583 5011 688 5066 illis
718 5011 781 5084 de
805 5008 1101 5064 seminibus.
1150 5004 1283 5060 Vide
1335 5002 1608 5059 Plutarch.
1649 5003 1717 5059 de
1749 5002 1887 5061 Iside

294 5082 348 5139 et
373 5082 586 5139 Osiride
609 5097 660 5136 c.
709 5082 801 5136 21.

365 5156 393 5193 ιι
441 5154 636 5209 Nescio
664 5168 731 5208 an
764 5153 903 5207 alius
954 5160 1141 5205 auctor
1179 5148 1339 5216 hujus
1379 5149 1514 5202 ritus
1554 5148 1882 5202 mentionem

297 5226 476 5282 faciat.
540 5226 709 5281 Video
762 5224 981 5292 quidem
1033 5217 1609 5292 Santa-Crucittm,t,_
1652 5232 1702 5287 p.
1760 5219 1890 5292 157,

295 5298 579 5354 Tatianum
608 5312 658 5351 c.
717 5287 793 5350 16'
832 5293 1086 5363 allegare,
1128 5293 1216 5361 qui
1249 5304 1381 5363 vero
1427 5289 1496 5363 de
1545 5287 1695 5363 Rhea
1746 5291 1892 5363 agit;

298 5378 459 5440 atque
496 5368 720 5440 Arnobii
744 5360 1054 5440 lucos‘mox
1085 5363 1277 5440 citatos
1325 5362 1394 5417 de
1426 5360 1594 5440 Matre
1622 5360 1795 5415 deum
1816 5361 1896 5415 lo-

297 5432 546 5513 quentes.
578 5439 694 5513 Qua
724 5438 791 5513 de
819 5452 876 5491 re
902 5436 1165 5513 Silvester
1192 5432 1398 5513 Sacytts
1426 5434 1656 5513 lectores
1682 5447 1896 5513 quoque

300 5502 886 5568 ddmonethaudare
936 5521 1067 5560 sane
1125 5502 1549 5559 SantaéCrucius
1615 5503 1893 5559 debuisset

298 5583 632 5647 Firmicum,
687 5581 942 5644 unicum,
993 5588 1049 5631 ut
1088 5578 1329 5641 videtur,
1360 5573 1898 5647 hujusﬂnarrationis

303 5658 529 5710 fontem.
575 5646 809 5709 Paucula
832 5650 984 5705 aﬂ‘ert
1006 5647 1331 5705 Creuzerus,
1363 5662 1435 5708 tv,
1463 5646 1589 5701 455.

378 5736 401 5763 ο
450 5724 636 5796 Itaque
679 5724 931 5796 absoluto
957 5734 1131 5785 anno,
1154 5734 1281 5796 cum
1312 5717 1433 5772 festi
1486 5715 1605 5796 dies
1629 5716 1898 5785 redirent,

308 5799 411 5855 tria
453 5788 571 5853 haec
602 5794 890 5851 simulacra
918 5808 949 5848 a
978 5789 1351 5848 sacerdotibus
1385 5788 1787 5843 cremabantur.

378 5866 405 5904 ά
439 5867 514 5923 D'e
542 5867 692 5934 virga
726 5866 799 5920 nil
830 5865 991 5920 habet
1019 5875 1176 5917 sacer
1203 5869 1383 5915 textus
1403 5895 1418 5925 ,
1454 5873 1630 5929 neque
1659 5859 1895 5930 interpp.

307 5936 502 5995 Latini.

1990 3417 2174 3455 aureas
2220 3401 2451 3455 citharas
2499 3402 2681 3471 plenas
2711 3401 3064 3455 odorameutis
3112 3402 3590 3472 supplicationum,

1988 3508 2104 3563 qua:
2132 3502 2279 3546 erant
2310 3494 2571 3548 orationes
2615 3502 2934 3557 sanctorum,
2966 3501 3013 3546 et
3040 3503 3373 3548 cantaverunt
3398 3510 3589 3548 novum

1989 3585 2252 3639 canticum
2280 3584 2503 3638 dicentes
2532 3600 2551 3638 :
2582 3582 2787 3655 Dignus
2810 3600 2861 3638 es
2891 3585 3125 3655 accipere
3155 3585 3365 3652 librum,
3395 3595 3440 3639 et
3466 3603 3590 3657 ape-

1989 3678 2093 3731 rire
2133 3677 2285 3748 signa
2328 3680 2462 3749 ejus,
2490 3676 2736 3746 quoniam
2765 3676 2963 3730 occisus
3006 3692 3089 3741 es,
3122 3686 3169 3731 et
3192 3676 3453 3731 redemisti
3498 3695 3591 3731 nos

1992 3766 2103 3822 Deo
2134 3767 2391 3837 sanguine
2426 3778 2513 3821 tuo
2545 3784 2609 3823 ex
2636 3768 2778 3822 omni
2805 3766 2942 3821 tribu
2971 3778 3018 3821 el
3046 3769 3225 3839 lingua
3246 3778 3292 3822 et
3322 3770 3514 3840 populo
3544 3778 3592 3825 et

1992 3864 2199 3917 natione
2219 3904 2233 3929 ,
2258 3872 2303 3916 et
2330 3878 2424 3917 nos
2445 3878 2656 3935 regnum
2688 3861 2798 3917 Deo
2828 3870 3003 3916 nostro
3031 3862 3419 3934 sacerdotesque
3440 3864 3595 3935 fecis-

1991 3956 2064 4021 ti,
2118 3965 2166 4008 et
2218 3954 2546 4026 regnabimus
2593 3970 2748 4026 super
2790 3963 2979 4008 terram
3010 3954 3056 4009 i.
3104 3954 3347 4010 Joannes
3376 3969 3590 4024 quoque

1992 4050 2185 4105 Filium
2214 4049 2308 4105 Dei
2341 4050 2465 4120 agni
2487 4051 2709 4105 nomine
2739 4050 3004 4120 appellat,
3038 4058 3096 4103 ut
3123 4058 3178 4104 et
3209 4049 3324 4119 ipse
3353 4050 3591 4119 prophe-

1994 4142 2115 4198 tica:
2150 4142 2533 4212 pollicitationi
2564 4143 2935 4213 respondeat;
2966 4142 3042 4197 ait
3069 4143 3213 4197 enim
3260 4142 3313 4197 in
3342 4142 3593 4213 Evange-

1994 4236 2069 4292 Iio
2094 4254 2108 4291 :
2136 4237 2312 4293 Altero
2342 4238 2426 4291 die
2465 4236 2605 4291 videt
2636 4234 2867 4291 Joannes
2913 4234 3097 4290 Iesum
3134 4236 3414 4289 venientem
3442 4237 3509 4289 ad
3538 4253 3590 4288 se.

1993 4340 2040 4386 et
2059 4332 2134 4386 ait
2160 4348 2179 4386 :
2210 4330 2345 4385 Ecce
2364 4347 2528 4401 agnus
2555 4330 2683 4394 Dei,
2717 4345 2830 4382 ecce
2850 4330 2939 4397 qui
2966 4330 3137 4398 aufert
3157 4336 3367 4397 peccata
3389 4328 3589 4379 mundi.

1994 4424 2178 4495 (1,35,
2207 4423 2347 4494 56)“
2379 4423 2483 4476 Pro
2508 4423 2683 4475 salute
2733 4419 3014 4473 hominum
3066 4422 3187 4488 agni
3232 4418 3387 4472 istius
3428 4434 3593 4473 vene-

1996 4519 2199 4575 randus
2220 4518 2439 4587 sanguis
2457 4515 2772 4578 effunditur,
2794 4523 2851 4567 ut
2874 4520 3095 4567 sanctos
3130 4526 3259 4566 suos
3291 4510 3460 4566 Filius
3498 4512 3597 4566 Dei

1999 4614 2316 4683 profusione
2347 4608 2569 4680 pretiosi
2595 4606 2875 4678 sanguinis
2904 4605 3172 4660 redimat:
3195 4605 3361 4676 utqui
3390 4603 3597 4662 Christi

2068 4738 2091 4764 θ
2126 4727 2200 4782 De
2221 4727 2391 4798 lignea
2414 4723 2557 4779 scala
2590 4724 2650 4798 iu,
2674 4722 3000 4798 somno_visa
3034 4737 3101 4798 ne
3125 4722 3351 4778 verbum
3374 4722 3594 4793 quidem

2000 4797 2162 4853 habet
2195 4792 2394 4861 aliises,
2430 4811 2608 4865 neque
2638 4794 2837 4865 interp.
2872 4792 3071 4848 Latini.

2076 4869 2093 4907 τ
2134 4871 2212 4925 De
2245 4869 2373 4940 pino
2427 4868 2568 4922 haud
2611 4866 2775 4940 dubie
2813 4869 3097 4940 loquitur;
3129 4866 3182 4918 in
3213 4866 3411 4940 quiluts
3460 4880 3595 4940 vero

1999 4936 2297 5011 mysteriis,
2353 4943 2566 4995 reticet.
2616 4938 2727 4993 Nec
2776 4939 2994 4992 aliunde
3045 4946 3203 4991 notus
3236 4936 3449 4991 videtur
3507 4936 3596 4991 hic

1997 5013 2152 5067 ritus.

2068 5093 2094 5154 8
2126 5086 2337 5154 Agnum
2382 5081 2921 5154 paschalem(Exodi
2949 5094 3051 5154 xu,
3088 5080 3121 5134 ὁ
3152 5077 3303 5154 seq_.).

2073 5153 2101 5191 δ
2124 5151 2322 5210 Parum
2346 5151 2531 5209 differt
2560 5170 2588 5208 a
2620 5151 2768 5209 textu
2799 5152 3174 5208 Sabateriano.
3208 5151 3363 5205 Vers.
3399 5151 3433 5205 8
3458 5165 3595 5205 con-

2004 5228 2151 5282 venit
2182 5226 2296 5281 ferc
2326 5242 2449 5279 cum
2478 5222 2642 5295 Cypr.
2691 5224 2839 5280 Test.
2876 5224 2970 5280 lib.
3006 5238 3063 5289 Il,
3108 5236 3281 5291 usque
3324 5220 3391 5276 ad
3430 5225 3599 5279 verba

2000 5313 2120 5368 qua:
2146 5298 2197 5351 in
2231 5296 2925 5368 Cyprianogdesiderantur.

2081 5368 2093 5405 ί
2133 5365 2297 5423 Plane
2317 5365 2605 5439 conspirat
2631 5382 2754 5421 cum
2785 5365 3042 5439 Cypriani
3066 5365 3302 5439 Testim;
3334 5365 3471 5439 libro
3502 5380 3557 5422 tl.

2078 5442 2090 5489 l
2136 5440 2339 5494 Eadem
2387 5434 2629 5509 pauculis
2657 5434 2902 5508 excepiis
2928 5437 3093 5509 habet
3115 5451 3233 5506 quae
3262 5434 3597 5509 Cyprianus,

2001 5510 2055 5565 in
2104 5525 2170 5565 eo
2217 5507 2434 5581 quoque
2483 5523 2604 5581 cum
2657 5525 2723 5563 eo
2768 5507 3121 5581 coitspiraus,
3180 5507 3323 5577 quod
3366 5521 3517 5581 vers.
3567 5507 3602 5563 8

2010 5582 2206 5647 habet,
2239 5579 2453 5636 aureas
2509 5580 2748 5635 citharas
2803 5584 2990 5645 plenas
3039 5579 3409 5633 odorameutis
3473 5592 3602 5647 sup-

2010 5654 2362 5723 plicationum
2382 5695 2396 5718 ,
2428 5652 2649 5707 omissis
2684 5652 2867 5709 verbis
2916 5649 3289 5715 intermediis,
3322 5658 3367 5702 et
3395 5648 3599 5720 phialas

2007 5742 2207 5779 aureas.

2082 5797 2105 5832 κ
2138 5796 2456 5852 Memoriter
2482 5793 2732 5849 citatum.
