4024 6192
429 397 572 455 1045

1661 382 1833 451 illm
1870 383 2129 453 ηκηκξι
2170 383 2482 453 MATERNI

3613 371 3767 443 ιω

424 499 2032 584 sanguineliberantur,majestatepriusimmortalisangui-
2055 509 2110 574 Α
2135 507 2374 581 Spiritus
2406 515 2650 565 sanctus.
2684 503 2996 565 invenimus
3018 509 3164 564 enim
3186 509 3239 563 in
3271 503 3488 577 psalmo
3521 511 3761 566 cassis,

428 607 516 662 nis
542 613 958 661 consecrantur.
974 597 1256 659 Neminem
1280 601 1423 674 apud
1446 601 1588 658 idola
1616 601 1878 674 profusus
1899 612 2029 658 san"-

429 697 553 770 guis
570 698 794 769 iuverit.
823 696 894 752 Et
919 709 990 752 ne
1019 709 1186 752 cruor
1214 695 1484 767 pecudum
1507 695 1744 752 misems
1774 688 2030 751 homines

431 800 528 848 aut
573 791 815 862 decipiat
844 801 939 847 aut
985 789 1178 862 perdat
1213 789 1456 861 :polluit
1495 790 1723 862 sanguis
1765 789 2028 856 iste,n0n

429 889 683 954 redimit,
708 894 764 944 et
790 901 887 958 pcr
913 886 1094 942 varios
1113 899 1277 942 casus
1306 869 1560 941 homines
1582 882 1777 955 premit
1807 884 1860 939 in
1884 897 2034 939 mor-

436 992 571 1037 tem.
598 981 780 1037 Miseri
806 990 965 1048 sunt,
990 979 1083 1051 qui
1113 978 1435 1050 profusione
1465 977 1720 1048 sacrilegi
1751 978 2034 1048 sanguinis

433 1083 807 1131 cruentantur.
857 1071 1235 1128 'l‘auribolium
1271 1072 1353 1126 vel
1383 1069 1717 1126 Criobolium
1763 1068 2034 1125 scelerata

437 1178 490 1224 te
522 1165 804 1238 sanguinis
837 1166 958 1221 labe
984 1163 1260 1237 perfundit
1291 1173 1336 1219 η.

997 1347 1230 1406 CAPUT
1263 1346 1430 1403 XXIX
1444 1387 1456 1400 .

436 1533 732 1590 Sententias
754 1532 950 1606 colligit
979 1545 1044 1588 ea:
1069 1547 1218 1588 sacro
1261 1531 1450 1588 Codice
1478 1539 1593 1602 quae
1616 1532 1893 1586 sanitatem
1922 1533 2038 1587 ido-

508 1633 676 1685 larunt
693 1637 946 1684 testantur
973 1673 987 1696 ,
1017 1629 1084 1683 de
1110 1642 1360 1700 prospero
1389 1637 1436 1682 et
1461 1627 1678 1697 ﬂorente
1710 1625 1777 1682 Β.
1809 1624 1876 1681 Ρ.
1903 1631 2038 1682 statu

509 1724 573 1776 iis
621 1720 957 1795 regnantibus
1008 1722 1169 1791 deque
1213 1721 1438 1777 maxime
1502 1719 1716 1774 instanti
1760 1717 2041 1791 impietatis

512 1816 751 1872 Ethnicte
776 1829 926 1886 paena
955 1823 1143 1870 monet.

508 2001 788 2054 Laventur
851 1997 1032 2067 itaque
1097 1994 1287 2052 sordes
1352 1994 1519 2062 istae,
1589 2005 1725 2066 quas
1800 1992 2036 2066 colligis.

435 2094 628 2162 Quaere
657 2090 840 2146 fontes
867 2091 1152 2161 ingenuos,
1185 2100 1370 2160 qtttcre
1400 2095 1568 2159 puros
1599 2087 1866 2158 liquores,
1891 2095 1951 2142 ut
1978 2086 2042 2142 tl-

431 2188 503 2242 lic
561 2195 614 2241 te
668 2191 791 2256 pust
855 2183 1054 2238 multas
1127 2182 1367 2237 maculas
1418 2193 1542 2236 cum
1595 2179 1798 2250 Spiritu
1854 2187 2042 2235 sancto

435 2278 637 2333 Christi
665 2277 888 2347 sanguis
917 2274 1229 2331 incandidet
1255 2270 1442 2345 (Apoc.
1479 2287 1571 2340 vn,
1607 2270 1718 2345 it).
1757 2271 1824 2330 Ut
1858 2275 2039 2328 autem

437 2371 671 2426 miseros
723 2370 972 2424 homines
1008 2367 1075 2423 ad
1116 2377 1306 2424 sanam
1338 2375 1574 2422 mentem
1609 2371 1834 2422 revocet
1881 2366 2041 2436 plena

436 2463 743 2536 persuasio,
788 2461 994 2532 majore
1025 2461 1350 2516 auctoritate
1375 2473 1513 2531 opus
1549 2465 1667 2524 est,
1701 2469 1799 2525 ut,
1839 2458 2043 2514 curatis

438 2572 502 2614 ac
537 2557 740 2613 sanatis
781 2555 1056 2611 mentibus
1085 2595 1100 2619 ,
1133 2555 1343 2612 nullum
1382 2551 1739 2624 praecedentis
1783 2551 2043 2623 pestilen-

437 2655 529 2709 tiae
557 2652 843 2724 vestigium
898 2650 1258 2722 relinquatur.
1291 2649 1427 2718 Quid
1475 2647 1658 2720 itaque
1708 2648 1819 2702 sint
1849 2646 1990 2702 idola
2023 2688 2037 2711 ,

436 2749 522 2805 vel
545 2761 705 2820 quam
729 2746 963 2802 habeant
995 2745 1350 2800 substantiam
1385 2785 1398 2808 ,
1439 2744 1822 2814 prophetarum
1849 2753 2042 2796 oracu-

435 2843 504 2897 lis
531 2857 593 2898 ac
629 2841 808 2898 divina
841 2855 976 2896 voce
1006 2845 1369 2895 monstratum
1401 2845 1485 2893 cet
1505 2879 1520 2904 ,
1550 2847 1672 2908 qua:
1701 2835 1880 2891 omnia
1913 2845 2039 2905 spe-

437 2934 654 2991 cialiter
675 2931 906 2990 dicenda
933 2941 1082 2998 sunt,
1113 2940 1171 2986 ut
1216 2929 1320 2987 hoc
1362 2945 1471 2985 non
1516 2935 1700 2983 nostra
1732 2926 2041 2983 temeritate

438 3029 736 3100 prolatum,
765 3026 859 3083 sed
893 3025 1078 3082 divino
1126 3023 1442 3096 magisterio
1478 3021 1634 3078 nobis
1660 3019 1912 3077 traditum
1941 3062 1954 3086 ,
1987 3026 2043 3075 et

438 3121 649 3180 C(BleSli
677 3129 1004 3191 agndscatur
1041 3131 1173 3172 voce
1202 3115 1493 3186 signatum.
1520 3114 1652 3182 Qua:
1698 3112 1769 3169 sit
1789 3111 2043 3168 substana

439 3217 513 3271 tia
543 3215 684 3286 ejus,
716 3212 997 3282 sapientia:
1031 3209 1338 3266 veneranda
1371 3223 1503 3264 voce
1549 3213 1919 3273 monstratur;
1965 3208 2042 3263 ait

2132 603 2206 658 ita
2231 611 2354 657 esse
2382 601 2781 674 perscriptum:
2816 596 2976 656 Idola
3005 600 3234 673 gentium
3283 603 3561 671 argentum
3585 593 3633 652 ei
3665 611 3764 650 alt-

2130 707 2248 753 rum
2274 739 2290 763 ,
2336 705 2464 769 opus
2506 707 2755 752 manuum
2801 695 3088 752 hominum.
3125 693 3196 751 Os
3223 693 3418 750 habent
3466 697 3519 749 et
3555 689 3761 747 noiib-

2131 799 2378 861 quuntur,
2409 789 2586 845 oculos
2617 790 2804 845 habent
2833 791 2882 844 et
2909 803 3013 844 non
3037 783 3212 844 vident
3243 832 3258 857 ,
3292 795 3445 842 aures
3473 784 3684 839 habent
3709 787 3761 838 et

2134 897 2235 938 non
2258 879 2497 937 audiunt.
2527 881 2708 952 Neque
2729 883 2868 938 enim
2895 889 2968 938 est
2995 881 3210 954 spiritus
3256 873 3311 935 in
3339 891 3431 935 ore
3455 877 3707 951 ipsorum
3737 921 3751 945 ,

2133 975 2330 1030 similes
2352 981 2468 1031 sant
2485 975 2592 1030 illis
2609 975 2696 1047 qui
2719 975 2919 1045 faciunt
2946 981 3005 1031 ea
3031 983 3055 1014 ο
3082 971 3259 1046 (Psal.
3277 979 3514 1037 enim,
3546 967 3760 1038 15-").

2135 1068 2194 1125 Si
2216 1067 2432 1137 artifex,
2464 1068 2555 1140 qui
2585 1068 2652 1124 ad
2680 1068 3103 1124 ostentationem
3137 1065 3337 1139 ingenii
3392 1063 3760 1120 simulacrum

2135 1167 2230 1216 aut
2250 1158 2496 1231 sculpsit,
2526 1165 2618 1216 aut
2650 1158 2809 1227 fudit,
2839 1159 3030 1217 divina
3084 1153 3362 1216 maledicti
3394 1153 3762 1212 animadvu"

2135 1253 2290 1311 sione
2318 1255 2619 1325 percutitur
2649 1297 2664 1323 ,
2715 1253 2844 1325 quid
2876 1261 3104 1324 Sperate
3152 1249 3352 1308 debeat
3387 1247 3760 1306 consideran-

2137 1349 2264 1405 dum
2285 1352 2390 1414 est,
2420 1347 2682 1420 quiquod
2713 1346 2852 1404 alter
2881 1342 3146 1414 vendidit,
3185 1333 3352 1400 Deum
3372 1339 3528 1398 dicit.
3569 1332 3764 1398 [liere—

2138 1443 2275 1498 mlas
2303 1443 2492 1508 etiam,
2525 1451 2650 1499 cum
2679 1450 2950 1514 praecepta
2978 1439 3090 1496 Deo
3118 1433 3344 1511 iubenle
3371 1433 3522 1509 plebi
3555 1431 3718 1490 daret
3740 1477 3756 1500 ,

2137 1535 2240 1591 bac
2287 1527 2545 1606 pbpuium
2619 1535 2866 1591 oratione
2907 1533 3199 1590 convenit:
3271 1523 3446 1584 Dicite
3487 1534 3668 1583 autem
3707 1527 3762 1580 il

2138 1629 2293 1686 corde
2314 1623 2505 1700 vestro,
2524 1630 2615 1685 tibi
2641 1640 2840 1699 oportet
2866 1623 3110 1695 adorare,
3133 1619 3372 1681 Domine.
3393 1618 3632 1697 Angelus
3657 1628 3755 1674 an-

2141 1731 2240 1778 tem
2269 1737 2409 1779 meus
2438 1723 2700 1779 uobiscum
2728 1729 2823 1790 est,
2855 1722 3018 1792 legem
3056 1728 3229 1774 autem
3258 1715 3531 1788 exquiram
3558 1714 3625 1768 ab
3644 1714 3763 1767 atii-

2140 1815 2324 1872 mabus
2351 1818 2552 1872 vestris.
2584 1807 2792 1889 Lingua
2835 1823 3014 1870 eorum
3045 1811 3206 1883 polita
3246 1807 3416 1884 fabro,
3447 1808 3570 1878 ipsa
3601 1805 3763 1860 etiam

2069 1899 2116 1964 B
2144 1910 2388 1965 inaurata
2415 1917 2463 1965 et
2498 1909 2824 1981 iuargentata
2867 1907 3003 1981 falsa
3031 1913 3171 1970 sunt,
3203 1913 3251 1958 et
3274 1911 3377 1957 nan
3431 1903 3656 1973 possunt
3686 1897 3760 1953 lo-

2143 2003 2234 2074 qui
2259 2021 2277 2060 :
2302 2009 2349 2059 et
2376 2004 2509 2059 sicut
2539 2001 2726 2076 virgini
2756 2003 2962 2057 hortatu
3001 1998 3226 2053 amantis
3255 1997 3468 2065 accepto
3496 2001 3635 2047 auro
3675 1994 3764 2062 [αι

2145 2097 2325 2154 bricati
2351 2107 2471 2152 sunt
2494 2105 2713 2151 coronas
2739 2107 2900 2165 supra
2921 2093 3091 2166 capita
3113 2088 3362 2163 .Deorum
3391 2093 3631 2142 suorum.
3665 2083 3762 2139 Est

2145 2199 2314 2248 autem
2335 2187 2543 2263 quando
2581 2188 2880 2246 Subtrahent
2907 2183 3198 2242 sacerdotes
3227 2200 3260 2236 a
3292 2180 3408 2236 Diis
3431 2180 3543 2235 sitis
3568 2185 3762 2232 annm

2143 2294 2192 2342 et
2216 2285 2514 2358 argentum,
2543 2293 2590 2339 et
2613 2281 2899 2357 erogabant
2931 2277 3064 2335 illud
3101 2279 3156 2332 in
3185 2275 3507 2346 semetipsos.
3541 2271 3761 2327 Dabunt

2143 2383 2297 2439 etiam
2325 2397 2387 2438 ea:
2405 2382 2519 2452 ipso
2541 2383 2587 2435 el
2609 2373 2895 2451 prostitutis
2945 2369 3295 2430 meretricibus
3322 2412 3337 2436 ,
3381 2365 3762 2436 ornabnnlqae

2142 2475 2262 2532 illos
2287 2480 2343 2529 ut
2371 2471 2600 2529 homines
2637 2463 2948 2528 vestimentis
2980 2510 2994 2534 ,
3027 2461 3152 2522 deos
3190 2467 3462 2536 argenteos
3491 2470 3538 2516 ct
3573 2464 3760 2514 aureos

2145 2575 2194 2625 et
2223 2569 2415 2641 ligneos
2447 2559 2700 2640 (Boruclt.
2728 2570 2830 2633 VL,
2862 2555 3044 2634 5-10).

2215 2659 2382 2719 Addit
2403 2663 2568 2718 etiam
2596 2661 2648 2717 in
2676 2658 3051 2730 sequentibus,
3087 2665 3147 2713 ut
3181 2661 3399 2712 omnem
3455 2645 3756 2707 dubitatio-

2146 2773 2268 2816 nem
2300 2753 2676 2829 trepidationis
2706 2751 2978 2811 excutiat:
3026 2751 3200 2825 Supra
3228 2759 3413 2822 corpus
3435 2748 3552 2819 ejus
3583 2747 3634 2800 et
3659 2754 3752 2799 ca-

2146 2865 2236 2928 put
2280 2851 2494 2911 volitant
2545 2864 2735 2908 noctua
2763 2859 2814 2907 et
2871 2845 3176 2904 hirundines
3217 2853 3264 2901 et
3314 2854 3432 2898 aues
3479 2837 3744 2926 similiter.

2149 2919 2298 3005 Unde
2322 2948 2492 3004 scietis
2518 2945 2638 3016 quia
2678 2958 2780 2999 non
2811 2941 2934 2998 sunt
2988 2937 3086 2994 dii.
3120 2935 3242 2992 Nan
3302 2951 3423 3006 ergo
3476 2919 3754 2988 “munitis

2145 3062 2250 3100 eos.
2278 3041 2477 3099 Aurum
2507 3051 2603 3108 est,
2629 3040 2769 3110 quod
2799 3037 2937 3092 circa
2969 3047 3023 3090 se
3049 3029 3235 3087 habent
3261 3027 3332 3084 ad
3354 3029 3576 3101 speciem
3603 3043 3621 3092 ,-
3652 3025 3754 3079 nisi

2143 3132 2333 3209 aliquis
2378 3133 2639 3192 exterserit
2671 3133 2974 3204 wruginem,
3009 3141 3110 3182 non
3138 3117 3374 3198 fulgebit.
3413 3117 3597 3193 qune
3615 3121 3749 3173 enim

2144 3246 2258 3284 cum
2281 3227 2645 3299 con/labuntur
2674 3225 2913 3287 sentient,
2949 3222 3116 3286 pretio
3157 3210 3317 3290 ampli
3338 3215 3458 3272 sttttl
3486 3215 3537 3270 iit
3567 3215 3751 3282 quibus

439 3308 584 3366 enim
617 3307 668 3364 in
699 3305 853 3363 libris
883 3303 1227 3364 Salomonis:
1260 3301 1450 3358 Omnia
1476 3302 1623 3358 idola
1653 3301 1921 3359 nationum
1941 3313 2032 3360 tes-

2145 3296 2508 3388 Spiritus'non
2536 3319 2609 3372 est
2637 3358 2654 3384 ,
2702 3317 2811 3371 sine
2842 3307 3058 3384 pedibus
3099 3309 3154 3365 in
3201 3308 3427 3364 humeris
3478 3311 3754 3377 portantur

436 3408 747 3460 timarerant
771 3401 914 3467 deos,
966 3401 1150 3472 quibus
1189 3413 1350 3469 neque
1398 3399 1666 3454 oculorum
1705 3399 1842 3454 visus
1872 3409 1947 3454 est
1971 3397 2042 3454 ad

437 3497 750 3560 uidendum,
804 3510 965 3565 neque
1015 3509 1167 3549 nares
1212 3491 1282 3547 ad
1327 3491 1713 3564 percipientium
1776 3492 2035 3566 spiritum,

438 3606 602 3662 neque
653 3606 803 3644 aures
856 3589 924 3644 ad
967 3585 1324 3655 audiendum,
1374 3599 1534 3656 neque
1598 3585 1750 3659 digiti
1792 3597 2038 3644 manuum

439 3685 508 3737 ad
551 3681 897 3737 tractandum.
949 3681 1055 3737 Sed
1079 3691 1129 3736 et
1159 3681 1312 3753 pedes
1360 3693 1532 3735 eorum
1565 3679 1701 3753 pigri
1754 3680 1821 3736 ad
1861 3679 2038 3737 ambu-

440 3774 676 3830 landum.
723 3771 896 3830 Homo
922 3773 1056 3828 enint
1088 3773 1208 3844 fecit
1231 3771 1350 3828 illos
1379 3813 1394 3840 ,
1443 3779 1490 3827 et
1518 3773 1609 3843 qui
1656 3771 1899 3844 spiritum
1930 3787 2042 3828 mu-

437 3877 615 3923 tuatus
662 3875 739 3924 est
787 3867 940 3938 ﬁnxit
977 3867 1116 3923 illos.
1169 3865 1338 3923 Nemo
1408 3875 1578 3922 autem
1626 3867 1724 3922 sibi
1777 3868 2042 3924 hominum

438 3967 624 4028 poterit
655 3958 822 4014 Deum
852 3963 1116 4030 formare:
1147 3975 1264 4013 cum
1307 3958 1372 4014 sit
1409 3961 1544 4015 enim
1596 3955 1829 4014 mortalis
1859 4001 1873 4027 ,
1903 3974 2042 4014 mor-

438 4065 583 4106 tuum
609 4051 758 4124 ﬁngit
778 4052 1015 4107 manibus
1041 4051 1251 4123 iniquis.
1283 4049 1475 4108 Melior
1497 4061 1572 4108 est
1607 4061 1779 4107 autem
1803 4051 1886 4107 Itis
1911 4065 2040 4123 quos

437 4144 578 4210 colit,
601 4143 846 4216 quoniam
866 4141 1072 4216 quidem
1096 4145 1208 4215 ipse
1229 4144 1379 4210 vixit,
1408 4143 1489 4199 illi
1516 4158 1792 4210 numquam
1815 4143 1840 4182 δ
1873 4143 2030 4218 (Sap.

435 4254 533 4307 xv,
561 4238 652 4305 15,
678 4237 798 4310 16);
823 4235 963 4306 Quid
995 4238 1230 4310 amplius
1270 4237 1600 4311 quaerimus?
1628 4237 1894 4309 sapientia
1935 4251 2036 4295 nos

435 4333 616 4389 divina
644 4347 776 4390 voce
802 4332 1060 4392 convenit
1087 4377 1101 4404 ,
1125 4343 1178 4391 et
1209 4331 1471 4408 quidquid
1514 4334 1566 4391 in
1598 4332 1812 4390 arcanis
1835 4334 1931 4392 Dei
1958 4335 2040 4391 vi-

434 4426 589 4483 derat
611 4427 816 4496 docnit,
849 4437 905 4484 et
934 4425 1078 4500 quod
1127 4437 1245 4485 erat
1275 4427 1514 4496 salubre,
1540 4429 1864 4486 monstravit
1896 4471 1910 4497 ,
1967 4441 2039 4486 ne

431 4517 642 4592 fragilis
685 4528 741 4577 et
769 4521 974 4577 caduca
1009 4517 1317 4578 mortalitas
1369 4523 1422 4578 in
1451 4521 1677 4579 exitium
1707 4530 1864 4579 suttm
1891 4535 2033 4579 mor-

435 4619 655 4684 temque
683 4621 1022 4686 properaret.
1051 4613 1167 4671 Hoc
1189 4613 1333 4671 idem
1376 4615 1429 4671 in
1462 4609 1692 4673 Psalmis
1735 4623 2034 4690 prmmonet

2143 3411 2306 3488 (Ibid.
2331 3405 2548 3484 et-el).
2582 3410 2748 3466 Addit
2777 3409 2941 3464 etiam
2987 3407 3042 3461 ut
3091 3403 3414 3461 conﬁrmata
3448 3405 3604 3458 ωσιις
3635 3399 3744 3454 rer-

2145 3509 2252 3566 tius
2290 3505 2612 3565 roboretur:
2649 3506 2882 3563 Scientes
2925 3503 3096 3574 itaque
3124 3515 3187 3555 ea:
3213 3497 3294 3554 Itis
3315 3498 3435 3568 quia
3482 3503 3584 3551 non
3631 3497 3753 3550 sunt

2144 3596 2242 3670 dii,
2270 3619 2332 3658 ne
2367 3600 2640 3657 timueritis
2681 3615 2764 3653 eos
2795 3591 2960 3669 (Ibid.
2991 3635 3005 3660 ,
3050 3591 3168 3664 28).
3214 3589 3280 3647 Et
3320 3585 3746 3646 ulsacErdtttttrll

2140 3715 2328 3756 eorum
2354 3697 2611 3754 miserum
2639 3691 2877 3750 dedecus
2918 3695 3222 3753 monstret,
3251 3675 3434 3743 addit:
3467 3675 3536 3737 in
3582 3678 3750 3736 dami-

2141 3792 2237 3848 bus
2267 3809 2445 3848 eorum
2482 3788 2774 3846 sacerdotes
2801 3781 2999 3848 sedent,
3041 3775 3281 3836 habentes
3319 3777 3520 3833 tunicas
3559 3777 3748 3831 scissas

2142 3895 2189 3943 et
2222 3886 2393 3959 capita
2423 3895 2469 3940 et
2495 3882 2677 3938 barbas
2705 3898 2851 3936 rasas
2872 3921 2886 3945 ,
2931 3893 3150 3951 quorum
3196 3871 3369 3947 capilli
3413 3867 3560 3928 nuda
3595 3871 3739 3926 sum.

2143 3977 2376 4050 Ruqiunt
2398 3985 2570 4030 autent
2604 3973 2885 4030 clamantes
2931 3981 3110 4028 contra
3153 3968 3275 4024 deos
3298 3975 3421 4022 suos
3453 4007 3469 4032 ,
3525 3959 3661 4021 sicut
3690 3965 3745 4018 in

2142 4069 2377 4142 geltenua
2408 4067 2597 4122 mortui
2635 4063 2828 4136 (Ibid.,
2855 4062 2924 4120 50
2957 4106 2971 4131 ,
2996 4058 3110 4134 5i).
3142 4057 3299 4130 Quod
3338 4059 3522 4114 autem
3553 4063 3608 4112 et
3661 4069 3746 4111 rea

2144 4177 2240 4232 ges
2266 4170 2324 4217 et
2354 4169 2546 4232 gentes
2586 4157 2705 4214 haec
2734 4157 2804 4214 de
2847 4155 2980 4228 ipsis
3026 4151 3429 4227 pronuntiaturi
3472 4155 3601 4207 sunt
3626 4192 3642 4213 ,
3696 4145 3742 4205 is

2143 4254 2284 4310 idem
2336 4251 2596 4325 propheta
2644 4266 2885 4323 prtesaga
2939 4261 3077 4304 voce
3118 4245 3419 4317 signillcat;
3454 4243 3530 4298 ait
3558 4243 3740 4300 enim:

2142 4345 2349 4404 Scietur
2372 4354 2570 4418 postea,
2593 4345 2716 4417 quia
2741 4341 2874 4415 falsa
2913 4350 3031 4396 sunt
3063 4381 3077 4407 ,
3121 4330 3358 4411 gentibus
3399 4335 3655 4392 universis
3695 4347 3744 4390 et

2139 4438 2379 4510 regibus,-
2410 4439 2533 4507 quia
2578 4436 2910 4507 manifestum
2953 4442 3023 4487 est
3051 4475 3064 4499 ,
3094 4431 3232 4502 quod
3279 4447 3378 4484 non
3419 4439 3539 4485 sunt
3568 4427 3663 4496 dii,
3693 4437 3741 4483 et

2138 4529 2340 4587 nullum
2367 4529 2461 4586 Dei
2489 4546 2618 4601 opus
2651 4529 2715 4582 sit
2737 4529 2883 4599 ipsis.
2939 4523 3128 4597 Regem
3160 4524 3360 4596 regioni
3391 4541 3492 4578 non
3514 4523 3735 4576 suscita-

2138 4625 2286 4691 buut,
2313 4637 2474 4693 neque
2500 4619 2731 4693 pluviam
2758 4617 3050 4674 hominibus
3075 4613 3288 4670 dabunt.
3317 4614 3591 4669 Iudicium
3609 4629 3737 4683 quo-

509 4829 542 4897 ξι-
565 4817 937 4897 Taurobglium
970 4813 1048 4897 uel
1089 4811 1428 4897 Cri‘obollum.
1461 4813 1836 4888 Tarobolium,
1867 4819 2022 4897 ς]τὶοο
2051 4836 2104 4897 D
2128 4837 2198 4880 ET
2235 4841 2424 4881 ATTIDI
2452 4838 2731 4880 SEXTILIVS
2774 4837 3066 4880 ALESILAVS
3093 4835 3336 4878 AEDISIVS
3375 4837 3428 4873 v.
3464 4835 3514 4875 c.
3539 4837 3734 4878 cusa-

433 4890 641 4950 bolium
669 4900 724 4945 et
746 4883 1137 4950 AZmobolium,
1171 4883 1525 4962 lustrationes
1575 4905 1671 4958 per
1697 4883 2016 4962 sanguinem

433 4964 780 5018 victimarum
803 4975 914 5030 quo
941 4965 1112 5028 mysta
1139 4953 1590 5030 perfundebatur,
1615 4975 1735 5029 qua:
1762 4953 1828 5016 ἱιῖ
1861 4963 2021 5020 Occi-

432 5036 656 5092 dentem
705 5027 1014 5086 Romanum
1083 5027 1344 5083 Antonini
1398 5027 1480 5082 Pii
1540 5038 1596 5084 et
1636 5027 2018 5088 successorum

431 5116 596 5163 aetate
621 5099 944 5174 introductae
963 5109 1123 5166 sunt,
1158 5098 1766 5174 proprie‘pertinebant
1784 5102 1853 5159 ad
1879 5121 2022 5174 mys-

430 5178 570 5235 teria
602 5174 787 5230 Matris
802 5171 968 5246 deum
991 5213 1008 5235 ,
1036 5180 1091 5246 et
1112 5166 1585 5246 componebantur
1609 5188 1730 5229 cum
1756 5166 2022 5246 baptismo

429 5248 767 5309 Christiano,
800 5241 873 5296 ita
903 5251 961 5296 ut
987 5241 1080 5311 qui
1110 5240 1178 5296 iis
1206 5242 1470 5298 lustratus
1495 5255 1673 5312 esset,
1695 5240 1906 5302 renatus
1937 5247 2018 5303 di-

429 5329 667 5382 ceretur,
701 5315 1036 5383 verbumque
1055 5315 1337 5438 (perqipere
1390 5315 1538 5383 apud
1573 5314 1911 5374 Christianos
1951 5319 2020 5376 de

429 5391 702 5438 hantismo
720 5393 1038 5438 usurpatum
1092 5398 1123 5438 e
1146 5387 1296 5438 lusce
1307 5383 2016 5438 lustrationibusadhibere-

428 5379 702 5461 baptism‘o
720 5379 1038 5461 usurpatum
1055 5379 1123 5438 de
1146 5387 1180 5461 lt_
1186 5379 1296 5441 isce
1307 5379 1721 5461 lustrationibus
1733 5391 2016 5447 adhibere-

428 5454 539 5518 tur.
569 5458 674 5532 Sed
708 5474 821 5513 non
848 5454 1052 5532 semel,
1086 5455 1184 5510 sed
1223 5457 1422 5532 sumius
1448 5457 1616 5532 hocce
1647 5461 2014 5532 regeneratio-

428 5534 517 5590 nis
566 5531 828 5586 balneum
880 5524 1202 5583 iterabatnr.
1233 5521 1405 5584 Totus
1459 5528 1600 5584 ritus
1642 5521 2019 5588 describitura

429 5601 734 5672 Prudentia
762 5597 962 5668 Hymn.
995 5597 1064 5653 de
1093 5595 1342 5654 Romano
1373 5595 1629 5672 Martyre.
1667 5599 1745 5656 Ex
1777 5603 2013 5672 inscrip-

432 5671 672 5741 tionibus
704 5685 840 5741 qua;
868 5684 992 5722 eum
1023 5679 1458 5741 commemorant
1497 5671 1552 5725 et
1581 5687 1715 5741 quas
1755 5671 2017 5741 collectas

433 5739 681 5814 invenies
703 5739 756 5790 in
785 5737 1137 5814 Fleetvvgpdii
1161 5737 1378 5814 Sylloge
1399 5737 1818 5814 Insctiptimtum
1845 5760 1897 5814 p.-
1921 5737 2015 5799 12-

433 5806 506 5861 18
529 5842 544 5865 ,
578 5804 741 5881 illam,
770 5821 930 5881 quam
971 5803 1258 5881 Wowert'ts
1281 5803 1391 5875 jam
1422 5808 1491 5862 ad
1541 5803 2017 5870 F'irtnicum'illus-

459 5869 688 5928 randum
721 5871 1082 5936 adhibuerat,
1115 5869 1299 5943 seligo'
1315 5894 1328 5932 :
1360 5892 1440 5931 nts
1465 5893 1657 5934 ιιωκιε
1687 5898 1849 5938 IlA'l‘ltl
1875 5869 2014 5941 navit

576 6029 664 6091 Ἄ

2129 4912 2237 4952 BVI
2271 4913 2372 4954 NON
2403 4911 2661 4954 ιθκσωιιε
2687 4909 2931 4952 ΑἙΜΟΑΝΙ
2953 4908 3269 4949 τκιινκιιιε
3287 4907 3503 4948 οιιΑτοιι
3525 4909 3733 4948 τινιιο-

2127 4983 2288 5024 Βοιισ
2321 4983 2706 5034 catomnmvz
2737 4983 2787 5022 ιη
2818 4980 3103 5022 serenant
3135 4965 3210 5035 (in
3237 4965 3456 5033 longum
3490 4965 3728 5036 tempus)

2128 5054 2374 5095 RENATVS
2397 5057 2538 5095 ARAll
2567 5055 2820 5095 SACRAVI'I‘
2864 5054 2917 5093 ι).
2952 5055 3004 5093 ι).
3035 5053 3088 5091 Ν.
3114 5053 3168 5090 Ν.
3203 5051 3444 5106 VALENTI:
3476 5051 3508 5089 ν
3539 5052 3605 5091 E'I'
3636 5052 3730 5092 νΔο

2128 5125 2452 5167 ιεητικιλκο
2478 5128 2602 5167 'rvn.
2637 5125 2792 5168 nec.
2846 5123 3026 5164 conss.
3076 5108 3452 5163 ASmoboliunt
3507 5109 3560 5162 in
3618 5125 3721 5163 una

2131 5182 2510 5238 tantummodo
2557 5181 2910 5252 inscriptione
2971 5181 3166 5256 legitur
3216 5196 3230 5232 :
3279 5193 3604 5234 catomum
3654 5196 3720 5234 ετ

2126 5266 2469 5308 Αειοηοωνκ
2488 5269 2652 5309 κονιτ
2680 5270 2748 5308 BE
2771 5267 2870 5306 SVO
2892 5265 3184 5306 PETRONIVS
3205 5265 3518 5306 NARCELLUS
3533 5266 3700 5306 SACSI
3715 5281 3726 5288 ·

2125 5338 2222 5378 nos
2275 5341 2458 5380 rinam
2509 5339 2632 5381 nec.
2693 5341 2804 5378 vus.
2853 5337 3016 5378 emno
3054 5339 3120 5377 ετ
3166 5337 3320 5376 πετο
3356 5322 3468 5392 (ap.
3523 5313 3724 5392 Lucam

2123 5393 2409 5450 Damst-am
2435 5395 2505 5450 de
2532 5397 2696 5450 Teate
2717 5397 2976 5465 antiquo;
3011 5394 3198 5465 linum,
3217 5393 3346 5465 l(i_b‘t
3364 5383 3481 5465 “get
3509 5395 3564 5447 in
3587 5383 3728 5465 Zor-

2125 5465 2196 5520 n-ii
2229 5466 2368 5521 nam.
2406 5468 2589 5536 Antiq.
2646 5450 2870 5533 tanget“.
2917 5450 2973 5537 νζ
3031 5450 3216 5537 ιοδο).
3266 5463 3346 5537 pe
3381 5450 3723 5537 Tam-agona

2122 5538 2378 5592 universe
2425 5523 2567 5592 vide.
2599 5523 2866 5593 eruditam
2918 5523 3210 5591 'dissertai.
3266 5525 3512 5591 Natltan.
3561 5523 3718 5594 reid.

2118 5606 2384 5663 Kautsclt.
2419 5608 2490 5662 de
2517 5607 2878 5672 Tauroltolio;
2929 5608 3076 5676 Lips.
3110 5606 3290 5676 i138;
3338 5609 3670 5676 Crepuerunt
3696 5650 3712 5673 ,

2119 5695 2155 5735 ιι
2177 5707 2192 5745 ,
2218 5679 2313 5745 se.
2343 5695 2422 5745 ιν,
2451 5678 2556 5735 an
2578 5697 2591 5744 ;
2615 5687 2674 5734 et.
2696 5665 2914 5750 ngain
2943 5665 3242 5750 summit,
3273 5665 3328 5748 ῤ.
3360 5669 3487 5734 ut.

2189 5751 2217 5790 ι’
2246 5750 2558 5821 ςξοηουτὰθι
2576 5751 2894 5821 pleran
2916 5749 3354 5821 enmCypriano.

2195 5833 2218 5861 ο
2245 5819 2318 5877 Ut
2357 5837 2445 5892 ap.
2476 5819 2848 5892 Cyprianum;
2879 5820 3086 5892 omittit.
3114 5819 3254 5874 vero
3288 5819 3716 5892 additamentum

2125 5893 2178 5949 in
2205 5879 2471 5951 Psalte'rio
2495 5879 2761 5963 Romano,
2793 5879 2845 5949 ei
2871 5890 3116 5960 sequitur
3137 5897 3340 5946 textum
3367 5879 3715 5946 Bebraicum.
