4024 6192
458 258 599 317 ton
686 332 689 335 λ

968 255 1143 314 JULII
1183 250 1439 311 FIRMICI
1478 250 1790 309 MATERNI
1830 251 1923 309 DE
1962 250 2243 309 ERRORE
2280 250 2759 309 PROFANARUM
2793 250 3288 311 RELIGIONUM.

3618 255 3719 313 lOi8

450 377 738 433 firmaret:
782 388 925 429 nunc
953 373 1121 430 etiam
1172 370 1331 442 stirpi
1372 370 1610 426 minatur
1648 378 1697 426 et
1747 367 1961 436 soboli,
2002 377 2057 424 et
2086 384 2137 448 Α
2162 369 2230 426 ad
2276 368 2408 425 illud
2436 383 2637 440 anceps
2662 411 2679 435 ,
2717 370 2805 425 ubi
2856 385 2990 442 spes
3023 413 3039 437 ,
3076 369 3177 425 ubi
3224 380 3359 424 vota
3404 368 3644 425 deficiant.
3674 374 3725 429 Et

454 470 562 525 hoc
591 468 736 541 agit,
766 482 837 524 ne
885 482 990 540 qua
1020 481 1148 538 pars
1175 465 1492 537 nequissimi
1522 464 1746 520 seminis
1786 465 2060 537 relinqua-

451 572 581 633 tur,
629 578 701 620 ne
750 562 899 637 quod
952 561 1162 634 profani
1217 562 1435 633 generis
1477 559 1765 631 vestigium
1821 567 2058 615 maneat.

452 658 774 729 Sacriﬁcans
798 699 814 726 ,
870 657 1081 728 inquit,
1127 656 1227 711 diis
1261 654 1609 710 eradicabitur
1652 652 1835 729 (Deut.
1868 669 2016 709 xxxu
2044 696 2059 721 ,

454 752 571 824 i7).
603 750 906 808 Considera
937 749 1066 821 quid
1105 763 1235 820 agas
1262 791 1276 815 ,
1309 749 1507 805 misera
1550 762 1614 803 ac
1651 747 1895 803 luctuosa
1933 762 2059 816 per.

454 848 661 901 suasio.
687 842 920 898 Facinus
942 850 1093 896 tuum
1122 839 1386 912 plurimos
1412 838 1622 910 perdit,
1646 847 1700 894 et
1728 853 1823 907 per
1844 851 2059 892 omnem

452 938 815 995 substantiam
844 936 1063 1008 generis
1095 935 1173 991 tui
1202 933 1428 991 fecunda
1458 948 1616 1005 poena
1645 931 1925 988 dividitur.
1952 930 2061 987 Cur

453 1040 638 1087 autem
669 1040 859 1085 contra
893 1027 1271 1083 sacriﬁcantes
1301 1027 1381 1081 sic
1410 1027 1598 1080 smviat
1623 1066 1638 1089 ,
1673 1024 1941 1079 ordinata:
1988 1024 2062 1080 le-

450 1125 535 1195 gis
573 1122 912 1179 auctoritatis
943 1122 995 1176 in
1021 1119 1451 1176 Deuteronomio
1479 1118 1765 1174 manifesta
1794 1116 2063 1187 significa-

450 1218 600 1273 tione
626 1225 967 1272 monstratur
993 1233 1004 1267 :
1040 1215 1112 1270 ita
1137 1213 1286 1271 enim
1313 1213 1621 1270 invenimus
1641 1226 1764 1268 esse
1793 1211 2063 1283 perscrip-

455 1321 571 1365 tum
599 1326 613 1364 :
649 1307 1094 1376 Sacri/icaverunt
1139 1306 1409 1361 dwmoniis
1433 1349 1447 1371 ,
1481 1314 1529 1361 et
1570 1322 1672 1360 non
1702 1303 1812 1359 Deo
1841 1301 2060 1373 (Ibid.).

452 1402 536 1458 Ad
564 1403 969 1458 contaminatos
1000 1416 1063 1457 ac
1105 1400 1341 1471 pollutos
1368 1408 1423 1455 te
1462 1398 1685 1470 spiritus
1714 1412 1780 1453 ne
1827 1396 2061 1452 transfe-

455 1510 586 1562 ras,
628 1496 697 1551 ab
734 1494 1095 1551 inferioribus
1134 1510 1202 1551 ne
1248 1509 1438 1565 speres
1490 1493 1754 1548 auxilium
1800 1511 1811 1545 :
1859 1506 1930 1548 ne
1978 1490 2063 1546 his

453 1589 735 1663 supplices
759 1633 773 1655 ,
809 1590 1005 1660 quibus
1038 1590 1132 1644 Dei
1178 1591 1352 1660 gratia
1377 1630 1390 1653 ,
1418 1588 1529 1658 jam
1563 1587 1832 1657 imperare
1871 1584 2057 1641 debes.

459 1684 606 1741 Ecce
649 1685 861 1741 daemon
914 1694 997 1740 est
1043 1699 1202 1755 quem
1244 1684 1421 1747 colis;
1464 1697 1586 1738 cum
1622 1682 1714 1736 Dei
1766 1689 1820 1735 et
1856 1679 2061 1735 Christi

452 1780 573 1848 ejus
604 1793 803 1835 nomen
820 1776 1058 1833 audierit
1077 1819 1092 1843 ,
1111 1776 1491 1832 contremiscit
1510 1817 1525 1841 ,
1544 1781 1601 1829 et
1628 1784 1687 1829 ut
1717 1773 2063 1843 interrogan-

453 1870 600 1927 tibus
651 1870 809 1926 nobis
860 1868 1194 1941 reSpondeat
1242 1866 1570 1937 trepidantia
1614 1865 1821 1932 verba,
1872 1864 1960 1919 vix
2004 1878 2064 1920 se

455 1962 667 2034 colligit
695 1972 720 1999 ει
752 1981 765 2016 :
796 1961 1087 2017 adhaerens
1134 1959 1337 2015 homini
1369 1958 1677 2024 laceratur,
1727 1956 1936 2021 uritur,
1964 1971 2063 2011 va-

454 2055 608 2126 pulat
629 2095 645 2120 ,
675 2065 730 2110 et
756 2054 939 2111 statim
971 2054 1040 2109 de
1070 2054 1378 2110 commissis
1418 2051 1719 2108 sceleribus
1754 2050 2061 2107 confitetur.

458 2145 539 2205 Ne
583 2147 727 2203 hunc
766 2148 951 2215 colas,
997 2162 1065 2203 ne
1114 2144 1240 2202 huic
1288 2144 1600 2218 supplices,
1648 2160 1717 2201 ne
1762 2153 2067 2217 prostratus

461 2240 587 2295 huic
626 2239 819 2297 flectas
860 2255 1069 2311 genua,
1103 2239 1398 2297 interdicto
1431 2237 1758 2294 veneranda:
1806 2237 1943 2309 legis
1982 2237 2069 2307 ju—

461 2334 630 2390 beris.
670 2332 809 2388 l-linc
839 2332 1150 2389 severitatis
1191 2346 1350 2403 pmna
1371 2374 1387 2399 ,
1418 2330 1547 2387 hinc
1576 2329 2069 2386 animadversionis

460 2434 611 2482 metu
651 2424 941 2481 metuenda
1005 2425 1300 2481 sententia.
1353 2422 1532 2493 Quid,
1586 2423 1681 2479 Dei
1736 2422 2067 2494 indulgentia

459 2515 712 2574 libertate
740 2532 1001 2574 concessa
1022 2562 1035 2586 ,
1064 2517 1252 2590 jugum
1293 2519 1475 2588 potius
1504 2517 1664 2589 eligis
1694 2516 1974 2572 servitutis
2000 2513 2070 2569 b?

784 2609 901 2665 Non
930 2610 1134 2666 desinit
1162 2609 1310 2666 Deus
1338 2622 1582 2665 summus
1608 2608 1815 2664 crimen
1851 2608 1956 2663 hoc
1984 2620 2071 2661 sa-

461 2702 629 2759 lutari
660 2716 796 2759 voce
829 2703 1078 2774 pulsare,
1108 2702 1204 2758 sed
1253 2702 1626 2759 misericordia
1658 2702 1775 2771 ejus
1821 2707 2070 2757 errantes

463 2795 721 2854 homines
750 2798 1029 2869 corrigere
1069 2796 1340 2867 frequenti
1368 2796 1795 2853 comminatione
1827 2794 2066 2851 festinat.

464 2887 606 2945 Audi
639 2904 736 2959 per
766 2888 984 2943 Esaiam
1018 2891 1334 2959 prophetam
1366 2904 1468 2944 vox
1506 2890 1688 2944 divina
1721 2886 1850 2956 quid
1881 2887 2067 2943 dicat:

464 2977 825 3034 Adoraverunt
862 2979 986 3033 deos
1004 3020 1018 3044 ,
1048 2996 1178 3051 quos
1204 2978 1434 3048 fecerunt
1462 2980 1612 3051 digiti
1636 2994 1813 3033 eorum
1836 3019 1852 3047 ,
1882 2988 1931 3033 et
1956 2994 2073 3032 cur-

462 3084 613 3127 vatus
653 3082 726 3126 est
768 3073 954 3137 homo,
984 3081 1033 3125 et
1065 3071 1373 3126 humiliatus
1401 3081 1479 3126 est
1508 3072 1616 3137 vir,
1647 3082 1694 3125 et
1740 3086 1843 3124 non
1887 3068 2072 3124 (amabo

2164 472 2222 520 ut
2247 461 2591 520 manifestius
2629 463 2918 518 instruaris
2943 503 2963 530 ,
3010 461 3520 518 animadversionis
3556 464 3725 521 exitium

2164 555 2333 611 disce.
2385 553 2562 626 Super
2593 553 2695 609 hac
2738 570 2799 610 re
2840 556 2891 609 in
2935 555 3297 626 Apocalypsi
3344 562 3488 609 totus
3513 556 3628 609 ordo
3650 572 3729 610 tes-

2165 648 2323 719 ponsi
2362 654 2481 713 est;
2518 647 2589 702 ita
2623 647 2769 703 enim
2816 646 3095 720 scriptum
3152 654 3247 702 est
3280 664 3296 700 :
3342 645 3405 702 Si
3450 648 3557 715 quis
3596 648 3730 702 adorat

2165 742 2371 797 bestiam
2397 751 2447 796 et
2473 742 2750 814 imaginem
2777 743 2919 812 ejus,
2951 752 3004 797 et
3034 742 3241 813 accipit
3272 752 3395 795 vota
3421 743 3471 795 in
3498 745 3644 812 fronte
3667 760 3733 798 sas

2164 846 2212 890 et
2246 837 2298 890 in
2342 852 2498 889 manu
2521 880 2534 904 ,
2570 836 2705 890 bibet
2744 847 2791 891 et
2836 837 2946 903 ipse
2979 837 3051 890 de
3094 836 3227 889 vino
3256 836 3354 889 ira:
3384 832 3509 900 Dei,
3538 836 3668 889 mixto
3699 839 3732 890 in

2164 931 2349 1002 poculo
2376 931 2469 985 ira:
2506 933 2640 1003 ejus.
2674 929 2743 984 Et
2775 930 2952 1001 puniet
2984 932 3119 1003 igne
3149 939 3200 983 et
3230 929 3485 997 sulphure
3511 930 3594 982 sub
3620 930 3736 983 oculis

2163 1025 2285 1097 agni
2309 1066 2326 1090 ,
2358 1034 2407 1079 et
2436 1027 2609 1095 fumus
2639 1025 2701 1079 de
2738 1025 3009 1079 tormentis
3045 1040 3243 1079 eorum
3276 1023 3333 1077 in
3360 1022 3548 1077 stecula
3574 1024 3737 1077 saculo-

2162 1132 2279 1171 rum
2314 1116 2579 1171 ascendet.
2613 1113 2726 1169 Nec
2775 1115 3039 1169 habebunt
3100 1115 3345 1185 requiem
3385 1115 3469 1168 die
3508 1130 3564 1167 ac
3598 1125 3737 1178 nocte,

2163 1211 2471 1281 quicumque
2494 1209 2713 1265 adorant
2742 1209 2960 1266 bestiam
2989 1220 3045 1264 et
3089 1209 3391 1281 imaginem
3416 1210 3524 1281 ejus
3552 1204 3567 1245 ί
3597 1207 3737 1278 (Apoc.

2166 1318 2291 1370 ω’
2326 1302 2393 1371 9’
2427 1304 2542 1374 ¹⁰)’
2735 1374 2966 1432 CAPUT
3004 1373 3200 1430 xxx.

2166 1465 2399 1538 Denique
2419 1467 2653 1522 diuinum
2682 1466 2747 1523 de
2769 1467 3076 1523 idololatris
3105 1467 3473 1540 exstirpandis
3496 1465 3741 1520 mandatum

2227 1560 2409 1632 (Deut.
2440 1560 2556 1632 xm)
2593 1560 2993 1632 imperatoribus
3073 1560 3327 1632 inculpat
3348 1601 3364 1625 ,
3393 1560 3475 1613 cui
3526 1559 3567 1611 si
3597 1572 3741 1610 morem

2235 1662 2452 1724 gerant,
2486 1664 2532 1710 et
2570 1670 2874 1724 prosperum
2932 1653 2995 1709 iis
3038 1662 3292 1708 eventum
3322 1662 3370 1706 et
3420 1650 3543 1723 felix
3577 1647 3741 1721 posthac

2093 1779 2139 1839 Β
2236 1744 2533 1814 imperium:

2240 1860 2347 1917 Sed
2396 1871 2452 1917 et
2479 1861 2631 1917 vobis
2655 1904 2668 1927 ,
2696 1862 3061 1918 sacratissimi
3096 1862 3501 1933 Imperatores,
3528 1857 3589 1914 ad
3612 1856 3743 1911 vindi-

2169 1952 2399 2008 candum
2446 1964 2500 2008 et
2544 1954 2874 2023 puniendum
2904 1953 3009 2011 hoc
3039 1955 3262 2010 malum
3300 1950 3589 2009 necessitas
3614 1947 3741 2017 impe-

2171 2054 2357 2111 ratur,
2399 2055 2453 2101 et
2494 2046 2598 2102 hoc
2639 2047 2792 2103 vobis
2828 2048 2921 2104 Dei
2963 2048 3178 2104 summi
3220 2047 3346 2119 lege
3375 2044 3675 2117 praecipitur,
3702 2050 3743 2092 ιιι

2170 2139 2432 2195 severitas
2460 2148 2641 2196 vestra
2673 2139 2996 2197 idololatria:
3036 2141 3266 2197 facinus
3296 2136 3621 2195 omnifariam
3650 2146 3741 2204 per-

2172 2240 2452 2303 sequatur.
2505 2232 2703 2289 Audite
2746 2243 2802 2290 et
2844 2232 3245 2289 commendata
3293 2230 3502 2288 sanctis
3542 2223 3739 2283 sensibus

2174 2324 2374 2380 vestris
2409 2323 2541 2395 quid
2570 2323 2637 2381 de
2661 2326 2767 2382 isto
2800 2326 3047 2383 facinore
3079 2327 3236 2381 Deus
3270 2324 3481 2396 jubeat.
3511 2320 3562 2376 In
3591 2319 3739 2374 Dente-

2173 2419 2423 2476 ronomio
2458 2420 2548 2475 lex
2582 2419 2685 2475 ista
2719 2422 3037 2491 praescripta
3088 2430 3217 2477 est:
3264 2420 3343 2474 ait
3370 2416 3513 2473 enim
3541 2432 3552 2467 :
3578 2410 3688 2484 quod
3707 2409 3736 2461 ti

2171 2513 2427 2585 rogaverit
2469 2521 2516 2568 te
2556 2514 2720 2585 frater
2741 2523 2883 2583 tuus,
2923 2524 3013 2568 aut
3055 2514 3210 2577 ﬁlius
3234 2523 3380 2576 tuus,
3411 2518 3497 2563 aut
3522 2512 3733 2563 Mortua,

2172 2623 2290 2680 qua:
2322 2616 2396 2662 est
2430 2608 2483 2661 in
2523 2608 2641 2662 sinu
2674 2617 2786 2675 tuo,
2817 2617 2908 2662 aut
2942 2608 3150 2663 amicus
3188 2617 3337 2672 tuus,
3364 2604 3452 2676 qui
3479 2610 3547 2655 est
3570 2594 3734 2666 aqualis

2171 2701 2360 2755 anima:
2388 2708 2511 2766 tuae,
2541 2701 2759 2755 latenter
2781 2700 2958 2755 dicens
2988 2716 3006 2755 :
3037 2699 3251 2756 Eamus
3292 2708 3338 2752 et
3369 2694 3627 2751 serviamus
3649 2686 3735 2740 aliis

2172 2795 2275 2850 diis
2302 2795 2553 2869 gentium,
2595 2812 2699 2850 non
2732 2796 3021 2851 consenties
3050 2796 3126 2863 ei,
3159 2804 3211 2850 et
3241 2809 3347 2849 non
3378 2786 3602 2845 exaudics
3626 2796 3729 2845 eum,

2172 2896 2221 2942 et
2264 2903 2370 2942 non
2406 2896 2588 2954 parcat
2624 2888 2806 2943 oculus
2852 2896 2972 2943 tuus
3002 2903 3168 2959 super
3195 2902 3342 2953 eum,
3370 2891 3418 2939 et
3454 2895 3549 2935 non
3566 2871 3729 2933 celabis,

2172 2984 2487 3040 annuntians
2531 2984 2866 3040 annuntiabis
2906 2984 2971 3039 de
3010 2984 3130 3040 illo.
3171 2983 3371 3039 Manus
3398 2988 3484 3033 tua
3509 2973 3593 3029 erit
3612 2980 3729 3037 super

2173 3091 2287 3131 eum
2334 3077 2589 3149 imprimis
2621 3078 2911 3148 interﬁcere
2939 3094 3077 3147 eum,
3114 3088 3167 3133 et
3206 3090 3396 3132 manus
3424 3068 3577 3126 omnis
3593 3058 3730 3135 pm“

463 3163 576 3219 illis
609 3169 633 3199 ε
664 3162 851 3236 (Esai.
882 3178 953 3228 ll,
988 3164 1021 3220 8
1042 3204 1058 3232 ,
1093 3164 1183 3235 9).
1218 3168 1286 3219 Et
1326 3166 1437 3234 jam
1486 3178 1669 3229 vos,o
1703 3162 1911 3234 profani
1962 3162 2061 3218 ho-
2090 3161 2137 3225 C
2170 3168 2432 3241 deinceps.
2476 3169 2813 3241 Lapidabum
2834 3188 2951 3226 eum
2991 3181 3039 3227 ει
3067 3171 3347 3234 morietur,
3380 3162 3603 3237 quoniam
3619 3166 3725 3227 qutt-

463 3257 643 3313 mines
671 3298 685 3323 ,
737 3257 931 3312 iratum
971 3272 1171 3311 numen
1202 3256 1526 3328 alloquitur,
1557 3265 1611 3312 et
1633 3255 1813 3312 adhuc
1851 3270 2070 3313 errores

460 3362 676 3407 ve5tros
705 3364 859 3406 sacra
888 3352 1152 3407 convenit
1195 3364 1363 3418 voce;
1397 3352 1473 3407 ait
1516 3351 1659 3405 enim
1699 3351 1752 3405 in
1793 3350 2070 3421 sequenti-

460 3441 566 3499 bus
604 3459 699 3513 per
726 3443 977 3501 eumdem
1009 3443 1330 3515 prophetam
1358 3461 1370 3497 :
1402 3441 1523 3499 Illis
1554 3444 1765 3514 fudistis
1793 3443 2070 3511 libamina,

464 3546 515 3593 et
538 3538 651 3593 illis
694 3539 1017 3611 imposuistis
1046 3540 1329 3610 sacriﬁcia.
1362 3539 1537 3609 Super
1565 3539 1673 3593 lucc
1702 3554 1805 3593 non
1830 3539 2074 3610 indigna-

466 3631 591 3700 bor,
623 3632 748 3687 dicit
794 3634 1050 3688 Dominus
1078 3633 1107 3669 ά
1135 3633 1323 3708 (Esai.
1360 3649 1499 3702 Lvn,
1532 3632 1639 3706 6)?
1667 3632 1855 3688 Adhuc
1901 3634 2075 3704 indig-

466 3726 750 3782 nationem
790 3741 943 3782 suam
975 3726 1232 3783 salutaris
1263 3726 1408 3783 Deus
1446 3727 1677 3795 dilatat,
1725 3728 2071 3783 severitatem

466 3817 790 3887 suSpendit,
822 3819 870 3873 si
903 3833 1000 3874 vos
1026 3818 1253 3875 forsitan
1285 3834 1518 3890 peccare
1548 3820 1804 3889 paeniteat
1828 3861 1843 3886 ,
1877 3827 1936 3873 ut
1988 3833 2075 3873 sa»

465 3910 685 3982 crilega:
714 3910 1017 3966 voluntatis
1036 3911 1262 3967 exitium
1304 3912 1491 3983 aliquo
1507 3927 1708 3983 genere
1730 3912 2071 3983 relinquatis.

470 4000 618 4059 Ecce
646 4002 701 4058 in
733 4002 853 4073 ipso
884 4001 1273 4073 indignationis
1317 4005 1518 4074 impetu
1568 4004 1843 4060 moderata
1887 4020 2075 4060 rursus

467 4108 603 4150 voce
632 4093 964 4164 persuadet,
1003 4103 1057 4150 et
1097 4094 1300 4149 irarum
1349 4109 1570 4150 suarum
1621 4098 1936 4165 comprimit
1977 4097 2074 4152 sti-

464 4187 675 4254 mulos;
715 4188 790 4243 ait
818 4188 963 4242 enim
992 4202 1092 4259 per
1122 4187 1450 4243 Hieremiam
1498 4188 1820 4259 prophetam
1851 4206 1864 4242 :
1898 4188 2076 4245 Nolite

465 4278 735 4334 ambulare
782 4289 899 4351 post
942 4280 1066 4335 deos
1094 4280 1343 4350 :alienos,
1375 4291 1432 4335 ut
1476 4281 1715 4336 servietis
1762 4282 1874 4348 eis,
1922 4293 1970 4337 et
2013 4298 2077 4337 ne

464 4371 807 4427 adoraveritis
833 4416 849 4441 ,
892 4390 957 4428 ne
1000 4374 1230 4428 incitatis
1279 4391 1359 4429 me
1405 4374 1649 4446 aperibus
1688 4390 1933 4429 manuum
1964 4391 2073 4430 ues-

463 4473 664 4521 trarum
692 4468 763 4521 ad
801 4468 1174 4539 disperdendos
1203 4484 1291 4524 vos
1315 4478 1338 4505 ε
1370 4467 1599 4540 (Jerem.
1641 4484 1787 4538 xxv,
1816 4468 1894 4541 6).
1926 4469 2068 4538 Quid

2171 3262 2291 3318 sivit
2326 3271 2549 3319 avertere
2581 3273 2629 3319 te
2671 3281 2703 3318 a
2752 3263 2973 3320 Domino
3003 3275 3095 3321 tuo
3134 3276 3161 3314 8
3221 3262 3404 3336 (Deut.
3443 3270 3556 3321 χιιι,
3590 3243 3723 3312 6-10)-

2174 3353 2285 3411 Nec
2314 3355 2424 3411 filio
2454 3355 2607 3426 jubet
2629 3357 2801 3427 parci,
2829 3372 2929 3414 nec
2955 3357 3137 3427 fratri,
3172 3366 3230 3414 et
3260 3371 3360 3429 per
3388 3357 3599 3406 amatam
3623 3352 3719 3395 con-

2169 3447 2352 3519 jugem
2388 3448 2626 3519 gladium
2651 3450 2923 3508 vindicem
2962 3452 3133 3509 ducit.
3170 3450 3425 3508 Amicum
3450 3449 3636 3512 quoque
3656 3444 3722 3485 δυ’

2173 3540 2328 3598 blimi
2375 3544 2675 3600 severitate
2706 3546 3049 3616 persequitur
3072 3588 3086 3612 ,
3134 3554 3194 3601 et
3224 3543 3293 3599 ad
3324 3529 3641 3623 discerpenda
3656 3536 3717 3623 εξ-

2175 3633 2501 3705 erilegorum
2525 3649 2752 3707 corpora
2778 3638 2960 3693 omnis
2990 3638 3231 3708 populus
3259 3640 3515 3690 armatur.
3543 3622 3719 3688 Integris

2174 3726 2337 3782 etiam
2368 3728 2699 3801 civitatibus,
2732 3729 2777 3785 si
2822 3731 2874 3784 in
2922 3730 3029 3785 isto
3054 3729 3267 3786 fuerint
3310 3724 3543 3781 facinore
3567 3712 3713 3807 dell"?

2177 3817 2382 3889 ltensae,
2428 3820 2793 3876 decernuntur
2826 3822 3035 3878 excidia
3070 3840 3083 3877 :
3110 3832 3188 3889 et,
3218 3830 3277 3878 ut
3308 3820 3409 3874 hoc
3433 3804 3711 3884 providentia

2174 3921 2356 3967 veSIra
2409 3913 2752 3969 manifestius
2798 3913 2997 3983 discat,
3039 3915 3355 3971 constituta:
3396 3905 3517 3976 legis
3542 3903 3710 3954 semen.

2175 4006 2304 4060 tiam
2332 4007 2624 4075 proferam.
2658 4006 2716 4062 ln
2750 4008 2943 4064 eodem
2969 4008 3106 4064 libro
3138 4009 3192 4063 in
3227 4000 3446 4074 integris
3464 3983 3710 4050 civitatibus

2175 4114 2390 4170 poenam
2419 4098 2684 4156 Dominus
2729 4103 2829 4157 hac
2860 4117 2992 4157 voce
3015 4100 3332 4161 constituit;
3362 4094 3433 4150 ait
3457 4086 3578 4144 enim
3601 4074 3708 4170 {tm

2174 4192 2219 4245 si
2266 4191 2494 4247 audieris
2538 4192 2590 4246 in
2628 4209 2733 4247 una
2758 4208 2822 4248 ex
2861 4193 3180 4258 civitatibus,
3210 4205 3341 4260 quas
3365 4179 3586 4238 Dominus
3603 4166 3707 4220 Dm

2174 4293 2293 4339 tuus
2340 4286 2430 4340 dat
2458 4286 2571 4354 tibi,
2606 4287 2897 4342 inhabitare
2920 4288 3050 4353 illic,
3081 4287 3313 4341 dicentes
3331 4297 3351 4336 :
3373 4278 3549 4332 Eamus
3568 4270 3702 4355 el

2172 4378 2371 4433 viamus
2394 4379 2495 4433 diis
2520 4379 2661 4447 aliis,
2703 4396 2833 4452 quos
2863 4397 2967 4434 non
2987 4379 3153 4433 nostis
3182 4395 3201 4433 :
3234 4369 3527 4443 interﬁciens
3548 4350 3701 4452 πέεαθξί

2174 4488 2368 4540 omnes,
2397 4474 2484 4542 qui
2509 4484 2630 4527 sunt
2657 4450 2953 4528 incivitate
2977 4474 3117 4528 ccede
3144 4471 3335 4545 gladii,
3356 4474 3404 4521 et
3426 4450 3696 4545 ἱηεεκάξξ

463 4555 556 4612 hic
580 4555 651 4612 ad
687 4534 1035 4628 sacrilegium
1068 4574 1273 4629 pronus
1302 4534 1460 4616 aures
1490 4569 1609 4616 tuas
1638 4534 1914 4616 obstruis?
1940 4534 2065 4633 quid
2095 4554 2149 4615 D
2173 4534 2379 4617 vitalem
2409 4534 2548 4633 igni,
2577 4572 2627 4617 et
2657 4565 2753 4618 erit
2789 4566 2900 4619 sine
2924 4534 3237 4619 habitatore.
3268 4534 3385 4617 Non
3421 4534 3693 4633 α’άίῙίιῨδίΜΪ

464 4647 558 4703 hic
587 4648 846 4704 obstinati
894 4650 1093 4706 furoris
1128 4650 1325 4707 ardore
1368 4651 1422 4707 in
1464 4653 1688 4708 exitium
1729 4662 2065 4724 mortemque

463 4739 735 4797 festinas?
774 4742 1028 4798 Liberum
1070 4753 1124 4799 te
1154 4743 1296 4800 Deus
1322 4744 1452 4800 fecit
1474 4786 1491 4811 ,
1520 4746 1573 4801 in
1621 4756 1711 4801 tua
1744 4763 1909 4803 manu
1937 4760 2021 4804 est
2045 4791 2061 4815 ,

466 4845 527 4891 ut
557 4847 649 4892 aut
679 4838 827 4893 vivas
855 4848 950 4893 aut
988 4853 1195 4909 pereas.
1225 4837 1366 4907 Quid
1411 4849 1461 4894 te
1489 4855 1585 4909 per
1620 4841 1845 4912 abrupta
1879 4846 2064 4912 praeci-

464 4927 643 4997 pitas?
668 4930 722 4985 in
752 4931 958 4987 lubrico
986 4931 1183 4988 itinere
1208 4931 1538 4987 constitutus
1557 4973 1573 4999 ,
1604 4934 1734 4987 etin
1764 4935 1882 5003 ipso
1910 4936 2060 5005 lapsu

462 5020 715 5090 positus,
773 5022 1058 5078 titubantia
1115 5022 1407 5093 aliquando
1458 5025 1734 5093 suspende
1788 5027 2062 5097 vestigia?

464 5113 610 5170 Ecce
648 5115 921 5170 sententia
949 5116 1321 5186 depromitur,
1349 5132 1479 5172 ecce
1524 5132 1679 5188 paena
1711 5116 2021 5176 decernitur
2047 5142 2060 5178 :

459 5207 556 5265 diu
581 5208 906 5265 criminibus
934 5211 1039 5264 tuis
1086 5212 1330 5280 pepercit
1366 5210 1552 5268 divina
1597 5212 1936 5268 moderatio:
1972 5214 2061 5269 diu

460 5299 674 5358 facinus
704 5312 856 5358 tuum
883 5316 1007 5358 cum
1036 5303 1469 5360 dissimulatione
1500 5307 1740 5378 respexit
1765 5325 1777 5363 :
1813 5311 2063 5379 pervenis

533 5465 561 5528 ξι
588 5451 673 5528 gr.
701 5469 863 5527 supra
883 5455 951 5511 ad
972 5471 1022 5512 c.
1054 5458 1153 5523 M,
1180 5472 1305 5528 pag.
1331 5457 1398 5512 57
1416 5500 1433 5525 ,
1457 5470 1573 5516 not.
1605 5479 1657 5516 α.

528 5524 557 5563 δ
586 5522 1415 5599 lianciocemexcipit'lacuna.

528 5593 832 5675 θ’.Ρίιωίεο
878 5593 1206 5675 suffragatur
1240 5597 1546 5671 Cyprianus
1576 5618 1665 5675 ep.
1702 5603 1789 5660 64.
1824 5604 2041 5662 exhort.

457 5662 776 5739 adiat-art”.
809 5667 953 5739 etde
980 5662 1171 5739 lapsis.

520 5730 545 5764 ά
572 5730 639 5784 Ut
660 5730 823 5801 Cypr.
845 5730 1061 5795 exbort'.
1095 5741 1161 5794 ad
1194 5738 1413 5812 Martyr.

592 6012 643 6045 '\

2172 4655 2226 4710 in
2250 4631 2493 4711 (sternunt
2520 4654 2545 4691 ιι
2578 4653 2774 4726 (Ibid.,
2800 4656 2890 4721 12,
2932 4659 3021 4724 15,
3054 4657 3169 4730 15).
3200 4657 3269 4711 Et
3303 4653 3535 4735 evertetur

2172 4766 2269 4805 nus
2315 4749 2379 4804 ab
2425 4750 2779 4823 indignatione
2813 4751 2907 4806 ira:
2948 4766 3084 4817 sum,
3110 4761 3157 4805 et
3198 4747 3335 4804 dabit
3356 4742 3439 4797 tibi
3460 4730 3690 4823 adstricti"

2174 4846 2334 4911 diam,
2353 4854 2403 4899 et
2431 4812 2749 4900 miserebitur
2774 4845 2871 4911 tui,
2901 4854 2947 4900 et
2971 4842 3329 4917 multiplicabit
3355 4847 3418 4897 te,
3445 4831 3484 4885 εἰ

2172 4937 2244 4992 ris
2265 4953 2438 4991 vocem
2465 4935 2676 4992 Domini
2697 4935 2794 4991 Dei
2820 4940 2916 5004 tui,
2931 4947 2977 4991 et
3006 4934 3347 4993 observaveris
3371 4921 3585 5015 Ρτωανξα

2174 5031 2362 5105 (lbid.,
2397 5032 2486 5098 l7,
2512 5030 2624 5104 18).
2650 5031 3041 5086 Misericordiae
3069 5047 3181 5085 suae
3204 5027 3372 5089 vobis,
3393 5004 3686 5105 sacratissilttI

2172 5126 2567 5196 imperatores,
2619 5125 2765 5181 Deus
2810 5140 3053 5181 summus
3099 5124 3315 5197 praemia
3345 5092 3681 5197 pollicelghf!

2172 5219 2613 5291 amplificationis
2652 5221 2904 5275 maxima:
2946 5188 3231 5292 augmenta
3260 5204 3504 5272 decernil-

2170 5288 2350 5386 itaque
2384 5315 2527 5386 quod
2561 5315 2737 5386 jubet,
2779 5288 3055 5386 complete
3094 5315 3235 5386 quod
3263 5297 3500 5385 pracipit.
3529 5288 3677 5345 Λιιεῐὶιο

2234 5476 2257 5502 ρ
2388 5469 2399 5480 .

2232 5536 2251 5615 _'
2588 5541 2911 5613 plerumque
2936 5557 3059 5599 cum
3090 5545 3245 5615 Cypr.
3271 5533 3469 5596 Testim.
3493 5521 3522 5575 Ι.
3543 5525 3602 5571 tu,

2152 5607 2465 5684 exltort._ad
2496 5607 2717 5684 Martyr.

2674 5657 3006 5759 έδπτθὲθὲυτ
3022 5686 3187 5759 θῖντ.
3206 5686 3401 5743 exhort.
3414 5666 3470 5728 ad
3489 5657 3652 5720 “3"!”

2219 5749 2243 5783 ’ν
2273 5750 2520 5809 Concinit
2558 5749 2876 5826 plerumque
2900 5749 3150 5827 εγω-ξι.
3184 5759 3234 5810 1.

3625 5506 3665 5556 et
