4024 6192
293 311 440 370 1049

942 307 1258 368 SANC'I‘US
1294 307 1774 370 PHILASTRIUS.
1814 310 2154 370 EPISTOLA
2196 311 2664 372 DEDICATOBIA
2707 315 2942 375 PRIMA.

3453 324 3476 379 ‘l
3490 323 3597 380 050

320 429 376 484 ia
418 437 599 484 vestra
645 427 942 498 majoribus
989 427 1262 483 cumulata
1309 436 1438 481 sunt
1482 427 1682 493 donis,
1738 428 1893 483 initio
1920 441 1972 504 Α
1998 430 2150 487 vobis
2185 430 2330 488 Deus
2372 447 2652 499 summus,
2680 435 3036 492 sacratissimi
3087 437 3468 509 imperatores,
3498 455 3597 510 pro

289 520 416 579 lidei
445 523 640 594 posita:
665 522 834 578 divini
859 521 1059 577 favoris
1079 523 1414 578 incrementa
1437 522 1705 578 sensistis.
1721 522 1889 578 Num-

287 629 451 686 quam
489 627 586 670 vos
611 629 806 670 manus
836 614 928 670 Dei
961 615 1267 672 veneranda
1298 615 1563 682 deseruit,
1593 632 1889 689 numquam

290 708 445 766 vobis
481 708 861 765 laborantibus
903 708 1195 778 denegavit
1244 711 1528 765 auxilium.
1570 711 1736 767 Strati
1765 723 1894 768 sunt

287 801 694 858 adversantium
719 803 902 868 cunei,
936 812 991 858 ct
1019 804 1343 860 rebellantia
1373 815 1502 861 ante
1533 817 1888 875 conspectum

285 905 529 954 vestrum
560 909 778 968 semper
806 912 956 953 arma
980 897 1318 954 ceciderunt.
1347 899 1494 954 Missi
1520 908 1646 954 sunt
1669 901 1889 967 superbi

286 990 389 1047 sub
411 990 597 1062 iugum
629 990 857 1062 populi,
900 1000 955 1048 et
983 992 1201 1049 Persica
1235 1001 1366 1048 vota
1402 993 1640 1065 collapsa
1686 1005 1813 1049 sunt
1835 1004 1885 1050 α.

285 1084 398 1142 Nec
446 1094 594 1142 stare
637 1085 730 1141 diu
771 1095 960 1141 contra
999 1102 1099 1143 vos
1139 1087 1342 1158 poterit
1368 1087 1525 1143 malis
1546 1088 1657 1143 suis
1682 1097 1889 1144 armata

283 1177 601 1234 crudelitas.
658 1178 752 1234 Dei
796 1179 1052 1236 virtutem
1109 1180 1326 1251 utrique
1365 1179 1586 1236 diverso
1639 1182 1890 1236 sensistis

281 1278 508 1326 eventu.
559 1268 728 1326 Vobis
763 1271 1003 1328 caelestis
1044 1271 1286 1329 victoria:
1329 1285 1536 1328 corona
1586 1273 1806 1337 collata,
1835 1281 1892 1328 et

281 1361 545 1422 felicitate
586 1373 766 1422 vestra
807 1375 992 1422 nostra
1023 1366 1334 1422 relevantur
1363 1365 1729 1423 incommoda.
1764 1365 1888 1423 lla'c

355 1533 383 1562 τι
408 1527 567 1582 Anno
605 1525 736 1594 544,
767 1527 1118 1584 Constantius
1149 1544 1238 1584 res
1264 1543 1389 1584 cum
1424 1527 1604 1584 Persis
1634 1529 1774 1583 haud
1803 1528 1885 1583 in-

283 1595 513 1653 feliciter
534 1599 742 1665 gessise
768 1599 1003 1658 videtur.
1029 1599 1171 1655 unde
1206 1599 1426 1664 factum,
1461 1608 1520 1654 ut
1548 1598 1884 1668 Theophane

281 1676 422 1792 :este
465 1669 804 1794 s‘Chronogr.
862 1688 916 1740 p.
969 1673 1058 1728 50.
1113 1671 1291 1754 Scrip.
1342 1670 1545 1770 Rerum
1595 1670 1881 1754 Byzantin.

305 1754 418 1794 om.
518 1739 560 1794 l.
609 1742 943 1794 triumphum
975 1741 1044 1794 de
1082 1742 1264 1794 Pers:s
1293 1751 1498 1794 eaertt.
1540 1757 1629 1794 aut
1661 1741 1880 1794 uutdem

283 1747 442 1812 fama
465 1739 560 1812 X),
609 1739 944 1812 triumphum
975 1741 1044 1798 de
1082 1739 1264 1798 Persis
1293 1743 1498 1809 egerit;
1540 1739 1880 1812 qui'quidem

278 1809 524 1866 Firmico'
553 1809 898 1869 occasionem
939 1813 1182 1882 praebere
1222 1813 1397 1883 potuit
1446 1813 1526 1883 de
1555 1809 1693 1866 uotis
1751 1811 1881 1867 Per-

277 1897 457 1936 sarum
505 1883 753 1954 collapsis
783 1881 1080 1939 scribendi.
1115 1881 1386 1940 Caeterum
1432 1881 1783 1939 Constantius
1826 1884 1878 1940 in

276 1962 507 2025 cruento
540 1953 652 2009 hoc
683 1954 828 2011 bello
853 1969 884 2008 a
914 1954 1122 2025 Sapore
1150 1956 1341 2010 novies
1368 1955 1468 2009 fuit
1490 1954 1672 2012 fusus.
1694 1956 1880 2025 impri-

278 2023 384 2079 mis
423 2024 492 2080 ad
532 2025 814 2096 Singaram
845 2023 1001 2081 anno
1023 2025 1159 2091 348;
1189 2041 1292 2082 nec
1325 2027 1429 2081 nisi
1458 2023 1874 2096 Massagetarum

278 2096 488 2151 invasio
509 2097 769 2152 victorem
797 2097 866 2154 ab
891 2097 1174 2154 obsidione
1213 2097 1419 2153 Nisibis
1462 2097 1730 2152 avocavit.
1776 2097 1878 2151 Zo-

278 2181 472 2231 naras,
496 2166 592 2222 lib.
636 2183 734 2223 xm
774 2183 824 2224 c.
857 2167 931 2224 5:
972 2171 1216 2231 Βασιλεὺς
1264 2172 1646 2234 Κωνστὰντιος,
1689 2169 1876 2224 πολλὰ-

273 2258 353 2300 ut;
373 2245 480 2301 τοῖς
505 2241 725 2317 Πέρσαις
756 2241 1060 2314 συμβαλὼν,
1084 2247 1175 2301 τήν
1196 2244 1386 2300 ἥττονα
1414 2250 1596 2318 μοῖραν
1628 2237 1741 2311 εἶχε
1758 2282 1773 2307 ,
1795 2245 1879 2296 καὶ
1910 2233 1956 2292 Β

1998 521 2107 580 ﬁde
2153 534 2332 580 vestra
2373 523 2401 563 ι)
2435 525 2671 582 reddidit
2712 529 2954 598 przemia.
2987 528 3085 584 His
3125 545 3222 586 vos
3251 531 3468 587 interim
3512 548 3597 588 re-

1999 626 2313 674 muneratos
2343 618 2648 690 insignibus
2669 619 2737 675 ad
2751 635 2952 677 arcana
2967 623 3292 680 veneranda:
3310 625 3446 696 legis
3461 626 3598 682 invi—

2000 719 2092 765 tat.
2112 709 2250 769 Pura
2275 720 2478 779 mente,
2499 712 2692 769 devota
2710 713 3062 784 conscientia,
3080 716 3398 789 incorrupto
3414 719 3598 774 animo

1996 802 2285 859 clementia
2314 815 2495 861 vestra
2527 807 2723 863 malum
2747 824 2963 880 semper
2987 810 3283 881 aspiciat,a
3315 810 3429 866 Deo
3455 826 3598 867 sem-

1999 911 2093 966 per
2113 907 2395 968 exspectet
2432 899 2694 954 auxilium
2718 941 2732 966 ,
2767 901 2968 959 Christi
2994 904 3363 959 venerandum
3397 920 3594 960 numen

1954 1026 1960 1032 -
1995 991 2266 1061 imploret,
2297 1000 2349 1046 ct
2379 1007 2475 1062 pro
2505 993 2681 1049 salute
2708 995 2858 1050 orbis
2892 1005 3158 1051 terrarum
3195 1009 3259 1050 ac
3301 1005 3480 1051 vestra
3511 1013 3595 1051 sa-

1993 1083 2152 1140 lutari
2177 1085 2290 1140 Deo
2316 1086 2629 1156 spirituates
2656 1085 2853 1143 oll‘erat
2881 1087 3153 1144 victimas.
3179 1089 3272 1145 Sic
3294 1089 3446 1145 vobis
3475 1089 3594 1146 feli—

1989 1180 2127 1235 citer
2171 1191 2364 1235 cuncta
2408 1181 2766 1250 provenient,
2814 1181 3075 1248 victoriae,
3129 1183 3428 1252 opulentia,
3471 1199 3593 1253 pax.

1989 1273 2179 1344 copia,
2205 1273 2411 1328 sanitas
2444 1284 2498 1329 et
2523 1274 2778 1345 triumphi
2801 1317 2817 1342 ,
2849 1285 2906 1330 ut
2934 1276 3116 1331 divina
3153 1279 3436 1345 majestate
3465 1293 3592 1348 pro-

1991 1367 2144 1434 tecti,
2175 1365 2362 1422 orbem
2395 1376 2551 1423 terrae
2583 1367 2720 1424 felici
2747 1368 3063 1440 gubernetis
3090 1371 3339 1441 imperio.

1990 1531 2332 1604 πολλοὺςτῶγ
2351 1531 2546 1604 cinctam
2567 1533 2812 1604 ἀπέβαλε.
2843 1531 3154 1601 EutrOpius,
3170 1548 3228 1597 x,
3255 1531 3309 1586 6.
3330 1531 3593 1588 Constan-

1991 1600 2097 1655 tius
2127 1617 2156 1674 a
2187 1601 2370 1674 Persis
2398 1603 2562 1657 multa
2595 1612 2650 1657 et
2670 1600 2875 1674 'gravia
2907 1600 3222 1674 perpessus,
3247 1618 3392 1672 saepe
3418 1604 3592 1672 captis

1987 1673 2222 1742 Oppidis,
2247 1672 2489 1728 obsessis
2512 1672 2759 1740 urbibus,
2788 1672 2947 1731 caesis
2967 1672 3332 1740 exercitibus;
3353 1675 3589 1729 nullum-

1986 1759 2092 1812 que
2117 1745 2167 1816 ei
2196 1755 2387 1816 contra
2414 1746 2674 1816 Saporem
2711 1760 3030 1814 [ll‘OrpCl'lllll
3058 1745 3307 1816 przelium
3337 1745 3462 1809 luit,
3486 1745 3590 1799 nisi

1986 1815 2129 1886 quod
2159 1814 2300 1884 apud
2337 1815 2620 1886 Singaram
2650 1815 2788 1870 haud
2817 1818 3037 1872 dubiam
3060 1814 3357 1871 victoriam
3389 1816 3588 1871 ferocia

1985 1885 2218 1958 militum
2254 1885 2458 1951 amisit,
2485 1887 2576 1955 qui
2612 1902 2842 1958 pugnam
2873 1888 3136 1943 seditiose
3165 1896 3215 1944 et
3240 1887 3435 1942 stolide
3460 1902 3590 1942 con-

1986 1967 2067 2030 tra_
2090 1957 2357 2030 rationem
2390 1958 2517 2012 belli
2547 1959 2634 2013 die
2649 1957 2760 2028 jam
2795 1959 3076 2028 prtecipite
3099 1967 3482 2030 pOposcerant.

2056 2027 2084 2066 ἲ)
2137 2029 2210 2084 De
2255 2027 2552 2085 Constante
2603 2027 2976 2086 tantummodo
3021 2027 3203 2087 dic—ere
3254 2031 3431 2100 potuit
3473 2028 3589 2084 Fir-

1986 2099 2181 2169 micus,
2214 2101 2599 2173 quiiNicmnam
2625 2101 2785 2157 fidem
2808 2103 3118 2173 amplexus,
3139 2099 3269 2156 eam,
3288 2103 3341 2156 in
3369 2101 3590 2156 Oriente

1988 2172 2649 2246 protexit.;C0ttstantius
2706 2183 2894 2230 contra
2944 2173 3162 2228 Arianis
3199 2182 3388 2244 aperte
3435 2173 3583 2227 favit.

273 2383 3580 2444 Ἢ

465 2570 1541 2740 SANCTUS
1675 2574 3389 2764 PHILASTRIUS,

1321 2858 1766 2943 BRIXIIE
1821 2858 2494 2948 EPISCOPUS.

931 3055 1472 3129 EPISTOLA
1555 3057 2324 3134 DEDICATORIA
2396 3060 2770 3135 PRIMA
2807 3047 2925 3137 (α).

1631 3207 2143 3241 οὐ

268 3361 606 3420 Sauctissimo
673 3365 885 3420 domino
958 3376 1133 3421 nostro
1195 3367 1442 3422 Clementi
1511 3384 1662 3438 papte
1715 3367 1813 3423 Xll
1852 3410 1867 3435 ,
1898 3375 1943 3438 ρ
1974 3370 2162 3440 priscis
2190 3370 2545 3428 Ecclesiarum
2570 3371 2919 3427 monumentis
2941 3373 3033 3426 luat
3059 3375 3231 3445 major
3257 3371 3489 3437 accedat,
3519 3387 3580 3426 ac

337 3461 590 3514 Annuus
631 3457 808 3515 Manut
845 3460 983 3514 tituli
1016 3463 1182 3516 sancti
1211 3461 1382 3517 Marci
1410 3463 1674 3535 presbyter
1700 3464 1876 3519 cardi-

341 3549 480 3603 nalis
499 3547 764 3618 Qumlrtus
803 3551 1120 3621 Apostolicat
1160 3553 1314 3609 Sedis
1346 3554 1794 3622 bibliothecarius,
1828 3565 1876 3610 et

341 3641 613 3714 episcopus
636 3642 941 3701 Brixiensis.

341 3821 474 3890 Quae
512 3838 593 3878 me
641 3823 854 3896 impulit
907 3841 1098 3892 causa,
1152 3827 1456 3884 Beatissime
1504 3829 1684 3896 Pater,
1739 3840 1796 3885 ut
1843 3849 1877 3886 a

269 3912 560 3969 Sanctitate
598 3913 782 3970 Vestra
831 3915 1098 3972 Vaticana:
1146 3918 1468 3976 bibliotheca:
1525 3924 1874 3994 prwpositus,

266 4007 339 4063 ad
368 4009 736 4078 proferendam
765 4027 829 4064 ea:
877 4011 1134 4066 litterario
1176 4013 1268 4067 illo
1299 4014 1708 4080 locupletissimo
1738 4033 1878 4088 penu

268 4115 455 4155 nouam
483 4100 545 4154 S.
577 4100 824 4174 Ephrtem
855 4103 979 4174 Syri
999 4105 1274 4161 editionem
1299 4110 1531 4164 animum
1557 4112 1875 4180 appulerim,

267 4192 389 4262 ipsa
415 4193 568 4247 modo
593 4193 767 4264 efﬁcit,
800 4205 855 4250 ut
880 4195 950 4250 ad
981 4195 1244 4252 Brixiana:
1266 4198 1537 4264 Ecclesite,
1571 4204 1656 4256 cui
1682 4207 1879 4273 pariter

271 4301 520 4353 praesum,
549 4297 598 4341 et
624 4303 808 4344 nomen
831 4299 880 4344 et
903 4290 1060 4346 decus
1083 4295 1400 4363 augendum,
1425 4307 1618 4350 veteres
1647 4309 1878 4368 quatuor

270 4377 507 4446 ejusdem
530 4379 792 4434 antistites
813 4381 970 4436 simul
999 4393 1149 4453 atque
1177 4386 1455 4456 scriptores
1483 4405 1620 4442 nunc
1652 4391 1877 4458 primum

270 4469 328 4524 in
351 4486 510 4525 unum
550 4473 786 4528 volumen
820 4476 1060 4530 redactos
1086 4488 1473 4547 repraesentem.
1506 4479 1585 4535 Ea
1632 4483 1878 4539 nimirum

273 4572 350 4618 est
365 4580 643 4620 sacrarum
661 4566 950 4622 litterarum
967 4584 1132 4628 amor.
1147 4571 1237 4640 qui
1247 4589 1444 4626 summo
1462 4571 1557 4627 Dei
1570 4576 1878 4632 immortalis

274 4657 523 4727 beneﬁcio
550 4675 583 4712 a
613 4661 800 4714 teneris
855 4662 982 4715 mihi
1009 4647 1206 4716 inditus
1247 4665 1400 4719 annis
1422 4707 1438 4732 ,
1469 4684 1665 4722 mecum
1697 4681 1875 4739 postea

1974 3464 2254 3521 veneratio.

2047 3555 2326 3627 Equidem,
2355 3555 2660 3614 Rectissime
2694 3559 2852 3614 Pater
2873 3599 2888 3625 ,
2914 3574 3032 3613 cum
3075 3560 3227 3627 plura
3267 3560 3582 3631 ejuscemodi

1975 3658 2305 3703 monumenta
2335 3665 2438 3704 non
2465 3649 2655 3714 desint,
2687 3650 2873 3720 quibus
2911 3648 3167 3704 Brixiana
3212 3649 3444 3704 Ecclesia
3483 3652 3581 3704 mi-

1976 3756 2092 3795 rum
2132 3740 2185 3794 in
2228 3741 2442 3794 ntodum
2468 3740 2760 3805 decoratur,
2793 3740 3248 3808 prteclarissimum
3297 3739 3432 3795 illud
3482 3752 3578 3805 est,

1976 3831 2115 3900 quod
2155 3832 2210 3886 in
2249 3835 2364 3905 ejus
2416 3834 2662 3888 cathedra
2713 3834 2964 3904 pra-sules
3025 3843 3248 3906 quatuor
3304 3835 3576 3902 sederunt,

1978 3929 2252 3984 sanctitate
2269 3943 2410 3996 teque
2435 3929 2586 3982 editis
2621 3929 2844 3998 Scriptis
2886 3928 3137 3996 illustres,
3184 3945 3407 4000 quorum
3452 3929 3581 3996 duo,

1981 4020 2165 4077 Sancti
2190 4022 2410 4089 scilicet,
2443 4021 2781 4088 Philastrius,
2808 4032 2855 4076 et
2881 4020 3224 4088 Gaudentius,
3250 4021 3356 4076 diui
3377 4022 3580 4094 Augus-

1980 4117 2076 4170 tini
2106 4115 2462 4188 Hipponensis
2516 4117 2744 4188 episcOpi
2789 4126 2990 4171 aetatem
3031 4117 3337 4188 attigerunt,
3396 4115 3582 4170 Beatus

1980 4225 2095 4264 vero
2144 4209 2459 4281 Rampertus
2511 4228 2542 4264 a
2597 4211 2924 4280 nonagentis,
2956 4227 3017 4264 ac
3048 4210 3352 4264 venerabilis
3418 4209 3577 4262 Adel-

1981 4318 2200 4357 manuus
2229 4319 2260 4355 a
2297 4304 2630 4373 septingentis
2655 4304 2858 4355 circiter
2878 4304 3028 4354 annis
3057 4303 3372 4371 ﬂoruerunt.
3407 4299 3577 4353 Porro

1982 4391 2299 4449 Philastrius
2319 4410 2512 4465 supper
2537 4394 2666 4448 adeo
2687 4395 2785 4464 fuit
2810 4393 3118 4463 Augustino,
3146 4402 3200 4445 ut
3233 4390 3316 4445 hic
3337 4408 3368 4444 a
3418 4389 3580 4457 Quot.

1981 4489 2184 4542 vultdeo
2203 4489 2423 4541 diacono
2445 4487 2814 4559 perepistolam
2831 4497 3047 4555 rogatus
3074 4493 3349 4538 tractatum
3365 4484 3429 4537 de
3457 4482 3578 4536 "(1’-

1980 4578 2176 4632 resibus
2203 4578 2548 4642 conscribere,
2591 4578 2938 4632 Philastrinm
2963 4578 3056 4631 sibi
3088 4587 3265 4631 notum
3295 4574 3584 4629 Mediolani

1981 4675 2123 4743 apud
2153 4672 2497 4735 Ambrosium,
2531 4673 2586 4725 id
2614 4672 2780 4741 ipsum
2804 4671 3010 4724 abunde
3034 4669 3336 4743 prrvstitisse
3366 4683 3579 4736 respon—

270 4747 516 4814 adoleuit,
541 4751 766 4818 mihique
786 4768 879 4821 per
892 4768 1093 4806 omnem
1108 4763 1307 4810 aetatem
1327 4756 1513 4826 ubique
1542 4760 1774 4814 locorum
1796 4761 1868 4814 ita
1895 4773 1947 4831 ι)
1972 4763 2128 4817 derit.
2164 4763 2486 4818 Gaudentius
2509 4773 2678 4819 autem
2706 4781 2763 4817 eo
2785 4765 2898 4834 ipso
2926 4762 3395 4818 Mediolnnensium
3420 4777 3571 4813 sanc-

271 4840 412 4909 ﬁdus
439 4858 608 4899 comes
632 4843 884 4912 adlitesit,
915 4855 972 4899 ut
998 4862 1102 4900 non
1133 4856 1334 4902 tantum
1359 4851 1714 4921 peregrinari,
1750 4868 1870 4921 per-

271 4943 497 4988 noctare
528 4944 585 4990 et
611 4935 896 5003 rusticari,
925 4953 1044 5008 qua:
1082 4939 1256 4994 omnia
1295 4941 1559 4995 nobiscum
1595 4945 1763 5015 facere
1812 4961 1875 5000 ea:

272 5022 524 5081 Tulliano
548 5026 689 5082 dicto
720 5027 906 5084 litterae
935 5030 1186 5098 assolent,
1217 5031 1308 5085 sed
1361 5042 1409 5086 et
1444 5049 1664 5101 mecum,
1705 5035 1750 5088 si
1801 5037 1872 5090 ita

270 5117 376 5186 fari
399 5117 570 5184 liceat,
594 5119 881 5192 episcopari
921 5123 1290 5190 comperiatur.
1319 5123 1436 5192 Quo
1467 5136 1724 5195 postremo
1754 5145 1870 5182 mu-

268 5223 390 5263 nere
417 5208 561 5264 haud
584 5213 816 5280 profecto
857 5212 1170 5268 laudabilius
1205 5213 1422 5288 defungi
1451 5232 1604 5286 posse
1644 5219 1864 5286 videtur,

266 5316 424 5368 quam
470 5304 515 5358 si
563 5315 779 5361 conatus
816 5307 896 5361 sui
941 5316 1092 5377 atque
1129 5307 1329 5363 labores
1365 5326 1426 5365 eo
1477 5311 1763 5381 colliment,
1811 5327 1865 5370 ut

339 5487 418 5558 (ιι)
450 5486 508 5542 lu
540 5487 643 5543 hac
669 5500 725 5544 et
752 5487 1004 5559 sequenti
1032 5487 1262 5556 epistola
1292 5488 1450 5546 facile
1469 5492 1868 5550 animadvertet

266 5558 459 5624 lector,
493 5559 561 5612 de
607 5558 935 5626 Philastrio,
987 5559 1234 5628 quamvis
1263 5563 1597 5628 Specialiter.
1627 5580 1734 5621 non
1788 5577 1865 5621 ta-

266 5643 393 5685 men
414 5629 572 5685 unicc
593 5645 901 5686 sermonem
922 5630 1130 5685 haberi.
1155 5629 1308 5698 Quod
1332 5647 1400 5687 ne
1422 5634 1649 5690 miretur
1671 5637 1861 5700 lector.
1913 5659 1919 5666 ο

268 5699 410 5756 sciat
437 5714 662 5758 necesse
691 5712 798 5775 est,
830 5702 1210 5775 collectionem
1234 5717 1299 5775 ex
1342 5720 1446 5775 qua
1478 5706 1664 5763 Sancti
1693 5699 1860 5764 nostri

1979 4857 2178 4912 tissimo
2208 4855 2440 4912 Prwsule
2473 4867 2760 4931 satagente,
2811 4857 2931 4912 dum
2975 4859 3028 4911 iu
3075 4855 3284 4910 Oriente
3317 4855 3386 4908 ad
3429 4870 3579 4907 sacra

1977 4947 2117 5004 Loca
2168 4951 2587 5024 peregrinaretur
2613 4995 2624 5012 .
2684 4950 2990 5006 Brixianam
3049 4948 3334 5004 Ecclesium
3376 4949 3580 5018 ﬂorenti

1973 5040 2142 5096 adhuc
2203 5051 2355 5098 relate
2415 5045 2515 5098 sibi
2571 5045 2798 5110 delatam
2848 5042 3062 5114 accepit.
3125 5039 3462 5109 Rampertum
3510 5042 3581 5094 ad

1971 5135 2206 5190 eamdem
2226 5136 2396 5192 sedent
2428 5138 2723 5191 subvectum
2755 5145 2802 5189 et
2831 5135 3103 5189 translatio
3127 5133 3188 5188 S.
3221 5131 3492 5186 Philastrii
3522 5133 3574 5185 in

1969 5231 2220 5300 majorem
2269 5227 2578 5292 Ecclesium,
2603 5238 2649 5282 et
2677 5227 2919 5291 cmuobii,
2949 5228 3035 5281 ubi
3057 5237 3356 5282 sanctorum
3404 5222 3574 5277 Faus-

1967 5318 2086 5387 tini,
2125 5329 2172 5376 et
2213 5318 2400 5375 Jovita:
2446 5337 2669 5391 corpora
2731 5321 3076 5392 requiescunt,
3137 5319 3471 5380 constructio,
3515 5333 3574 5369 ac

1969 5509 2018 5553 et
2049 5498 2327 5555 Gaudentii
2353 5519 2536 5568 opera,
2565 5520 2764 5559 necnon
2791 5503 2855 5558 Β.
2888 5503 3157 5572 Ramperti
3179 5511 3227 5554 et
3250 5499 3382 5554 Ven.
3419 5498 3571 5551 Adel-

1969 5572 2146 5644 manni
2176 5574 2453 5642 apuscula.
2503 5575 2613 5631 lllis
2645 5586 2825 5631 autem
2858 5576 3140 5644 epistolis,
3171 5581 3225 5627 ut
3269 5587 3390 5644 quae
3433 5584 3568 5622 non-

1969 5642 2103 5698 nihil
2133 5644 2350 5722 luminis
2381 5647 2570 5722 tamin
2598 5642 2944 5722 Philastriniu
2979 5662 3165 5722 qu.un_
3188 5645 3239 5697 in
3273 5643 3410 5722 ejus.
3436 5655 3567 5722 ope:

1966 5729 2091 5788 r_um_
2109 5714 2400 5773 editionem
2436 5717 2663 5788 iniiciat,
2709 5718 2968 5773 lectorem
3001 5714 3265 5772 ’l‘raudare
3313 5714 3563 5782 religioni

267 5773 882 5856 aperitexcerpsimus,‘
915 5772 990 5856 ita
1017 5773 1273 5854 componi
1314 5772 1375 5830 ut
1420 5776 1514 5856 tali
1557 5778 1719 5856 titulo
1746 5796 1863 5856 res:
1962 5783 2238 5842 duximus.

268 5839 507 5913 pondth
536 5861 550 5900 :
581 5839 819 5901 Vitemm
839 5843 1032 5900 Brixia?
1049 5839 1441 5916 episcoporum,
1472 5845 1536 5902 S.
1595 5847 1862 5906 Philastrll
