4024 6192
375 304 517 365 1055
1597 304 1911 365 SANC'I‘US
1951 302 2426 365 PHILASTRIUS.
3533 302 3682 365 1056

374 424 430 481 in
463 424 616 493 Fide,
642 438 805 496 quam
835 423 1164 491 institutum,
1194 431 1287 479 aut
1312 431 1517 480 sectam
1543 422 1783 495 aliquam
1826 421 1974 477 desi—
1999 422 2056 483 A
2078 435 2197 478 sum
2227 422 2296 480 de
2326 422 2699 495 Scriptoribus
2744 421 3152 480 Ecclesiasticis
3197 435 3250 477 c.
3301 422 3361 491 3,
3412 419 3685 478 Joannem

377 535 583 592 gnare;
614 534 721 592 qua
771 519 999 576 notione
1048 520 1217 575 utitur
1243 518 1579 591 Augustinus
1630 518 1862 588 loquens
1907 514 1979 572 de
2079 514 2439 571 Trithemium
2466 531 2517 570 c.
2550 514 2642 581 84,
2678 514 2923 584 aliosque
2950 512 3285 584 complures,
3314 512 3515 584 quibus
3554 509 3675 564 Phi-

378 615 551 674 sectis
577 614 748 671 variis
795 613 1249 684 Philosophorum
1284 612 1393 685 (a);
1422 612 1589 669 immo
1619 610 1857 668 occurrit
1879 624 1981 665 δίει
2082 609 2323 664 lostrium
2352 609 2531 680 potius
2569 622 2732 679 quam
2766 606 3086 663 Philastrunt
3116 606 3405 663 nominare
3459 605 3688 676 placuit.

383 710 505 781 pius
532 707 725 765 eodem
758 721 923 763 sensu
954 705 1122 763 etiam
1155 707 1207 761 in
1236 705 1388 762 Actis
1415 703 1800 775 Apostolorum
1833 717 1980 768 xxiv,
2084 702 2366 758 Filastrius
2385 718 2624 775 quoque,
2656 702 2908 773 quamvis
2935 701 3092 757 initio
3140 701 3380 756 nominis
3400 709 3557 755 sexta
3601 698 3695 753 lit-

386 802 442 873 5,
470 802 833 876 προτοστὰτην
848 810 941 862 τῆς·
960 808 1061 857 τῶν
1085 802 1386 878 Ναζαραίων
1410 799 1680 875 αἱρεσεως,
1695 805 1981 860 auctorem,

2117 814 2202 854 era
2235 799 2353 853 loco
2377 822 2409 871 φ
2440 797 2704 864 adhibita,
2738 797 2977 853 occurrit
3002 797 3053 850 in
3086 795 3287 866 duplici
3310 794 3703 865 inscriptione,

385 902 435 948 et
465 892 739 963 praesidem
763 901 913 947 secta
944 891 1220 964 (haeresis)
1253 889 1637 944 Nazarworum
1662 903 1677 952 ;
1703 887 1858 953 ibid.,
1892 887 1982 954 14,
2086 907 2208 962 qua:
2231 891 2546 947 eorumdem
2576 890 2957 945 Brixianorum
2989 902 3119 943 mss.
3146 903 3251 958 ope
3281 894 3521 950 servata,
3546 900 3578 939 a
3604 898 3707 939 no-

391 988 523 1042 κατά
533 990 623 1045 τήν
634 983 749 1041 ὁδὸν
768 987 828 1044 ἦν
848 986 1087 1058 λέγουσιν
1108 985 1308 1060 αἳρεσιν
1329 981 1611 1037 secundum
1628 989 1819 1034 sectam
1831 995 1987 1050 quam

2117 985 2173 1040 iis
2202 983 2475 1053 profertur
2504 983 2556 1038 in
2589 982 2744 1038 Notis
2791 983 2859 1038 ad
2888 981 3213 1038 Sermonem
3244 977 3529 1048 Ramperti
3578 976 3655 1045 (k)
3686 990 3703 1029 :

389 1078 568 1133 dicunt
594 1078 863 1143 hmresim;
889 1087 1108 1142 etxxvt,
1137 1074 1192 1141 5,
1234 1073 1313 1132 ὅτι
1339 1075 1468 1130 κατὰ
1492 1096 1582 1133 την
1608 1073 1988 1150 ἀκριϐεστάτην
2093 1076 2480 1133 ASSUMPTIO
2521 1073 2903 1131 BEATISSIMI
2944 1073 3049 1128 PP.
3094 1069 3475 1133 FILASTRII;
3508 1077 3571 1125 et
3612 1066 3707 1123 Fl-

386 1173 585 1249 αἶρεσιν
611 1193 707 1233 της
731 1172 987 1249 ἡμετέρας
1031 1169 1301 1242 θρησκείας
1329 1166 1491 1232 ἔζησα
1518 1175 1814 1245 φαρισαῖος,
1847 1165 1988 1238 quod

2117 1170 2433 1227 .ASTRIUS
2492 1167 2930 1224 BEATISSIMZE
2990 1164 3329 1222 MEMORIAE
3387 1162 3503 1219 HIC
3557 1160 3708 1217 RE-

388 1264 670 1319 secundum
687 1262 1137 1332 exquisitissimam
1153 1270 1343 1316 sectam
1367 1256 1670 1331 (lueresim)
1692 1265 1884 1313 nostra:
1904 1273 1989 1311 re-
2094 1265 2414 1334 QUIESCIT
2454 1264 2521 1319 IN
2562 1262 2736 1318 PACE
2763 1280 2778 1329 ;
2807 1277 2914 1333 quo
2938 1260 3143 1330 pariter
3173 1257 3335 1314 modo
3369 1257 3573 1328 legitur
3602 1255 3708 1309 hoc

391 1355 597 1427 ligionis
613 1354 826 1410 vixerint
854 1352 1179 1408 Pharisaaus.
1208 1352 1376 1407 Recte
1407 1349 1571 1423 igitur
1602 1347 1865 1405 Melchior
1889 1348 1987 1403 Ca-

2118 1377 2294 1417 iomen
2342 1361 2395 1415 in
2428 1358 2665 1429 rltytmo,
2709 1372 2808 1411 seu
2838 1355 3083 1410 carmine
3121 1350 3436 1409 acrosticho
3466 1351 3535 1405 de
3578 1347 3713 1404 Phi-

390 1464 494 1505 nus
524 1447 595 1504 de
623 1446 755 1504 locis
778 1447 1123 1517 Theologicis
1156 1446 1248 1502 lib.
1299 1444 1389 1512 l2,
1417 1458 1467 1499 c.
1503 1444 1555 1511 8,
1582 1441 1991 1509 animadvertit,

2122 1454 2294 1510 astrio
2324 1451 2391 1507 ad
2423 1451 2630 1507 calcem
2677 1450 3006 1505 Sermonum
3039 1445 3327 1503 Gaudentii
3355 1444 3444 1517 (ι),
3479 1443 3571 1498 ubi
3605 1457 3714 1498 no-

393 1555 592 1599 nomen
627 1540 903 1596 haereseos
928 1540 1073 1611 apud
1117 1538 1342 1595 Graecos
1394 1544 1630 1603 veteres.
1663 1546 1719 1593 et
1769 1534 1995 1591 Latinos
2100 1562 2225 1603 men
2254 1545 2359 1601 hoc
2411 1545 2480 1599 ita
2530 1536 3238 1599 eﬂerturzFlLASTRlUS
3277 1533 3712 1593 BRICSIENSIS

393 1643 652 1689 auctores
678 1633 938 1703 generale
983 1646 1139 1697 esse,
1172 1642 1228 1687 et
1279 1618 1742 1701 unamqriamlibet
1792 1638 1994 1684 sectam

2117 1639 2222 1711 isic)
2249 1634 2563 1701 PRAESUL;
2598 1634 2737 1690 sicut
2762 1644 2816 1690 et
2843 1633 2898 1689 in
2928 1632 3053 1688 cod.
3073 1646 3177 1686 ms.
3204 1628 3560 1686 bibliothecae
3585 1626 3716 1682 Sai-

394 1728 710 1797 designare,
741 1735 800 1781 ut
827 1726 1182 1794 Platonicam,
1240 1726 1499 1791 Stoicam,
1553 1725 1994 1795 Peripateticam;

2103 1731 2283 1787 bantis
2311 1728 2541 1784 Veronae
2568 1744 2625 1782 n.
2655 1726 2786 1794 ΞΜ,
2818 1726 2911 1797 qui
2943 1740 2972 1779 a
3000 1725 3158 1780 nobis
3180 1722 3432 1779 laudatur
3460 1722 3517 1777 in
3549 1720 3716 1776 Notis

397 1818 526 1874 licet
550 1817 852 1875 Christiani
882 1818 1082 1874 deinde
1108 1817 1405 1889 scriptores
1424 1825 1704 1872 contracto
1735 1815 1997 1872 vocabulo
2026 1814 2076 1876 B
2104 1821 2169 1877 ad
2201 1819 2564 1875 Gaudentium
2592 1818 2725 1893 (nt);
2762 1819 2815 1873 in
2847 1832 2915 1872 eo
2943 1816 3089 1873 enim
3142 1816 3259 1870 hrce
3288 1814 3559 1870 habentur
3596 1833 3610 1867 :
3648 1811 3715 1867 In

398 1911 647 1967 hteresim
681 1926 871 1967 vocem
923 1920 1151 1977 sectam,
1184 1919 1238 1966 et
1264 1909 1612 1973 divisionem,
1663 1924 1771 1979 qua
1815 1908 1938 1979 quis
1967 1924 1995 1963 a

397 2003 674 2060 communi
701 2017 760 2059 se
786 2001 1046 2069 Ecclesia:
1086 2002 1218 2058 Fide
1262 2002 1518 2073 seiungit.
1551 1999 1710 2071 Apud
1742 1999 1997 2071 Angusti-

399 2113 527 2155 num
557 2112 595 2152 ιι
623 2106 815 2153 contra
845 2094 1205 2152 Cresconium
1228 2110 1349 2167 cap.
1382 2096 1439 2161 4,
1469 2095 1679 2149 Itwresis
1703 2104 1776 2148 est
1799 2094 1999 2148 diversa

397 2191 714 2262 sequentium
739 2199 907 2257 secta;
937 2201 991 2247 et
1022 2190 1074 2245 in
1106 2190 1249 2246 libro
1274 2189 1345 2246 de
1369 2187 1757 2260 Singularitate
1772 2186 1999 2243 clerico-

400 2301 545 2352 rum,
595 2296 789 2342 auctor
819 2287 940 2355 ejus
986 2285 1207 2357 Operis,
1239 2283 1484 2356 quisquis
1518 2282 1736 2339 tandem
1784 2280 1878 2338 ille
1905 2281 1998 2347 sit,

399 2380 657 2450 antiquus
675 2389 844 2445 certe,
864 2388 918 2435 et
935 2379 1125 2434 saltem
1142 2378 1385 2450 Origeni,
1410 2385 1505 2433 aut
1531 2376 1803 2448 Cypriano
1821 2388 2001 2445 (equa-

400 2471 490 2539 lis,
521 2472 773 2529 haeresim
800 2480 958 2529 vocat
976 2486 1098 2528 eam
1124 2471 1222 2544 (ὁ),
1251 2486 1374 2543 qua:
1402 2479 1517 2526 tum
1549 2470 1786 2526 maxime
1816 2468 2001 2524 Eccle—

400 2566 497 2621 sia:
525 2580 709 2621 mores
739 2566 1013 2621 invaserat
1040 2565 1407 2636 Agapetarum
1437 2562 1770 2634 corruptela.

471 2658 528 2712 ‘2.
569 2660 688 2725 Quo
721 2668 878 2730 pacto
910 2658 1188 2715 Pliilastrii
1215 2672 1414 2714 nomen
1462 2657 1667 2724 scribi,
1724 2664 1891 2727 atque
1917 2654 2001 2709 ef-

403 2751 532 2808 ferri
563 2752 786 2819 debeat,
812 2767 920 2807 non
954 2751 1088 2807 satis
1132 2761 1387 2806 constare
1426 2750 1687 2815 videtur;
1739 2747 2004 2802 Phi/aster

402 2845 570 2915 enim,
599 2862 662 2903 ac
693 2845 1015 2901 Philastritts
1066 2845 1378 2917 promiscue
1421 2845 1564 2916 apud
1594 2844 1846 2913 antiquos
1906 2856 2003 2896 no-

403 2952 530 2993 men
582 2938 685 2993 ltoc
738 2938 989 3009 usurpari
1016 2937 1197 2993 video.
1228 2938 1567 3008 Augustinus
1594 2937 1647 2991 in
1680 2934 1908 3003 epistola
1936 2933 2000 2987 ad

404 3027 880 3097 Quodvultdeum,
937 3039 1225 3099 postquam
1280 3043 1387 3083 non
1432 3027 1603 3083 semel
1659 3025 2003 3080 Philastrium

405 3120 745 3195 dixerat,(c)
778 3137 995 3179 rursum
1028 3124 1081 3177 in
1132 3120 1393 3193 Catalogo
1446 3136 1495 3177 c.
1540 3122 1605 3177 M
1656 3122 1734 3177 sic
1790 3120 2000 3176 habet:

2102 1911 2285 1966 Brixia
2313 1910 2515 1966 civitate
2545 1909 2798 1980 depositio
2826 1907 3241 1975 Filastriiipsius
3264 1906 3485 1960 civttatis
3511 1905 3720 1976 episco—

2104 2008 2177 2077 pi.
2216 2006 2290 2061 De
2322 2002 2556 2059 nominis
2580 2003 2791 2073 origine
2823 2017 2931 2057 non
2962 2000 3124 2056 valde
3157 1999 3315 2055 nobis
3345 1997 3709 2055 laborandum

2104 2111 2253 2172 puto.
2282 2098 2458 2154 Pauca
2479 2097 2728 2169 quadam
2759 2095 2967 2152 notavit
2986 2094 3060 2151 cl.
3086 2096 3169 2149 vir
3197 2094 3436 2150 Joannes
3453 2092 3717 2150 Albertus

2105 2190 2470 2248 Fabriciusin
2502 2189 2656 2261 praef.
2708 2188 2967 2245 editionis
3016 2185 3314 2257 Hamburg.
3363 2186 3493 2241 anni
3544 2184 3711 2249 1721,

2103 2286 2197 2343 sed
2233 2302 2294 2342 ea
2328 2285 2462 2340 tanti
2496 2298 2604 2341 non
2633 2290 2784 2349 sunt,
2818 2290 2877 2337 ut
2897 2292 3113 2337 certum
3143 2279 3271 2335 inde
3320 2278 3558 2334 nominis
3591 2278 3716 2334 ἕψε

2103 2403 2197 2454 μον
2240 2390 2428 2452 petere
2472 2379 2789 2435 debeamus.
2822 2378 2963 2434 Sunt
2987 2377 3079 2449 qui
3128 2375 3320 2444 velint,
3351 2384 3413 2431 ut
3440 2374 3559 2446 ipse
3604 2374 3707 2439 ait,

2105 2470 2417 2529 Filastrium
2436 2472 2627 2528 Latine
2650 2487 2680 2527 a
2711 2472 2931 2542 ﬁliastro
2952 2470 3280 2533 derivatum,
3304 2465 3451 2541 quod
3473 2465 3707 2522 verbum

2106 2581 2205 2649 pro
2250 2567 2486 2637 privigno
2517 2565 2913 2636 posterioribus
2948 2563 3166 2619 saeculis
3210 2570 3530 2633 usurpatum
3581 2570 3707 2626 est;
3808 2616 3815 2621 .

2105 2676 2271 2732 parva
2301 2660 2518 2731 quidem
2548 2660 2951 2727 immutatione,
2980 2673 3171 2715 verum
3188 2656 3441 2714 Fabricio
3473 2656 3577 2729 ipsi
3600 2658 3713 2711 ori-

2103 2769 2171 2826 go
2201 2754 2318 2811 ha:c
2343 2770 2450 2810 non
2480 2759 2615 2811 satis
2663 2754 2957 2825 probatur;
3011 2753 3143 2825 quin
3194 2751 3378 2820 potius
3428 2750 3707 2806 veriorem

2104 2861 2224 2902 eam
2258 2856 2431 2917 putat,
2461 2862 2562 2918 qua
2593 2847 2782 2904 Graece
2814 2845 3138 2901 Philastrius
3166 2852 3425 2900 amantem
3472 2844 3704 2898 siderum

2105 2949 2288 2993 sonat.
2308 2938 2561 2993 Profecto
2593 2935 2842 2992 Filiaster
2880 2946 3110 2993 vocatur
3152 2935 3243 2991 hic
3273 2943 3459 2991 noster
3485 2935 3647 2990 etiam
3674 2949 3703 2987 a

2106 3028 2269 3087 Petro
2315 3029 2384 3086 de
2436 3030 2722 3087 Natalibus
2779 3029 3032 3101 Equilino
3083 3029 3343 3101 episcopo
3372 3028 3416 3084 l.
3448 3044 3499 3083 vt
3530 3028 3702 3083 Catal.

2106 3123 2229 3191 SS.,
2260 3138 2313 3178 c.
2339 3125 2459 3192 115,
2484 3124 2552 3180 de
2582 3124 2828 3180 finitione
2854 3133 3036 3180 autem
3062 3122 3214 3179 vocis
3246 3123 3362 3178 haec
3408 3120 3572 3177 habet
3599 3120 3705 3176 Pe-

411 3212 675 3271 Philaster
713 3213 997 3270 Brixianus
1022 3216 1337 3286 episc0pus;
1376 3213 1503 3270 dein
1532 3229 1584 3270 c.
1616 3214 1709 3277 ΑΒ.
1740 3212 2005 3269 Philaster
2031 3197 2079 3263 C
2112 3223 2288 3272 rortns
2336 3215 2647 3289 Cornucop.
2678 3231 2731 3288 p.
2762 3232 2853 3273 crx
2888 3235 2902 3272 :
2944 3214 3183 3271 Catullus
3226 3230 3409 3269 nomen
3440 3214 3707 3285 proprium

408 3309 553 3378 ponit
578 3308 759 3364 ambos
799 3308 894 3364 sub
924 3309 1165 3382 singulis,
1213 3318 1261 3363 et
1290 3309 1515 3381 prapriis
1542 3309 1800 3376 numeris;
1830 3322 1880 3363 c.
1912 3310 2004 3375 55,

408 3399 676 3457 Philaster
705 3419 822 3457 vero
848 3411 897 3457 et
936 3403 1072 3457 hanc
1099 3404 1172 3457 eis
1198 3402 1379 3457 tribuit
1414 3402 1803 3468 abstinentiam;
1854 3409 1908 3457 et
1928 3401 2009 3458 sic

410 3508 629 3564 seraper
655 3494 984 3567 ubicumque
1014 3496 1066 3550 in
1094 3510 1160 3553 eo
1179 3495 1438 3566 Catalogo
1460 3495 1808 3551 Philastrium
1836 3495 2010 3550 nomi—

410 3594 526 3640 nat.
583 3583 851 3640 Philaster
878 3586 1010 3642 item
1042 3585 1243 3657 legitur
1270 3585 1322 3641 in
1352 3583 1506 3640 Actis
1563 3583 1783 3640 concilii
1838 3583 2007 3654 Aqui-

410 3675 638 3733 leiensis
667 3677 823 3733 initio
853 3678 958 3748 (ά),
990 3678 1220 3748 etpaulo
1244 3687 1364 3747 post
1393 3694 1406 3730 :
1433 3693 1548 3732 cum
1569 3676 1821 3747 episwpis
1848 3675 2009 3745 Aqui-

409 3770 523 3823 leia:
552 3771 606 3824 in
628 3768 869 3825 Ecclesia
897 3771 1284 3825 considentibus
1315 3771 1462 3840 (post
1486 3771 1701 3825 Justum
1729 3769 2011 3826 Gallorum

412 3859 672 3931 legatum)
707 3860 974 3917 Philastro
1005 3865 1245 3935 episcopo
1272 3861 1525 3918 Brixiano
1554 3863 1662 3934 (e);
1701 3862 1902 3918 deinde
1932 3865 2013 3917 in-

414 3952 494 4007 fra
520 3970 534 4008 :
568 3951 833 4009 PItilaster
862 3957 1134 4026 episcOpus
1158 3956 1443 4013 Brixianus
1473 3958 1605 4013 dixit
1628 3958 1731 4032 (f).
1750 3956 2013 4013 Philaster

414 4058 636 4115 quoque
656 4044 860 4123 dicitur
885 4044 1149 4117 Gregorio
1174 4048 1371 4118 Magno
1390 4048 1484 4102 lib.
1514 4064 1588 4116 vt,
1620 4065 1710 4120 ep.
1746 4048 1813 4103 15
1843 4068 1855 4102 :
1884 4048 2016 4103 ΡΙιί-

417 4139 577 4194 laster
599 4139 654 4194 in
684 4138 813 4195 libro
843 4156 994 4211 quem
1036 4140 1100 4194 de
1126 4139 1420 4196 eresibus
1450 4143 1657 4210 scripsit
1681 4159 1699 4209 ;
1722 4153 1776 4198 et
1804 4145 2013 4197 auctori

417 4230 798 4288 Prmdestinati
841 4248 890 4289 c.
926 4232 1038 4290 52:
1074 4231 1339 4287 Philaster
1392 4232 1594 4299 scribit,
1647 4232 2016 4288 Macedonians

418 4324 682 4395 Spiritum
736 4336 975 4382 sanctum
1028 4327 1271 4381 deitatem
1317 4324 1514 4393 Patris,
1561 4336 1609 4381 et
1656 4324 1789 4382 Filii
1826 4326 2014 4382 dicere.

419 4419 624 4474 Contra
645 4434 777 4475 vero
802 4418 1121 4476 Philastrius
1146 4429 1465 4476 constanter
1488 4420 1790 4491 appellatur
1817 4435 1846 4474 a
1877 4418 2021 4475 Gan-

2109 3318 2206 3377 est,
2238 3327 2269 3363 a
2298 3325 2400 3381 quo
2427 3310 2486 3380 ﬁt
2517 3308 2830 3378 Catulaster,
2858 3310 2993 3366 sicut
3018 3309 3080 3364 ab
3108 3309 3332 3363 Antonio
3359 3306 3707 3361 Antoniaster.

2113 3401 2249 3458 Sunt
2296 3412 2467 3457 autem
2510 3403 2814 3477 ltujusmodi
2862 3402 3076 3458 nomina
3117 3403 3174 3457 in
3210 3410 3371 3466 aster,
3403 3411 3449 3455 et
3476 3407 3709 3464 astra,et

2110 3505 2310 3551 astrum
2339 3495 2647 3562 desinentia,
2683 3511 2789 3550 non
2819 3495 3152 3558 diminutiva,
3207 3504 3261 3547 ut
3292 3492 3454 3562 aliqui
3481 3499 3665 3563 putant
3697 3530 3711 3549 ,

2111 3588 2202 3644 sed
2227 3589 2401 3661 potius
2439 3589 2712 3643 imitativa.
2756 3589 2827 3643 Et
2872 3587 3037 3657 paulo
3082 3595 3206 3657 post
3238 3604 3251 3638 :
3280 3584 3577 3649 Filiastcr,
3614 3597 3715 3651 quo

2066 3742 2079 3753 κ
2111 3682 2325 3754 quidam
2356 3697 2450 3752 pro
2480 3682 2715 3754 privigno
2764 3691 2976 3734 utuntur
2997 3721 3013 3747 ,
3048 3696 3149 3733 non
3176 3694 3367 3749 parvus
3396 3677 3572 3747 ﬁlius,
3626 3675 3716 3729 sed

2113 3776 2202 3846 qui
2223 3775 2455 3829 imitatur
2477 3773 2687 3843 lilium;
2719 3784 2765 3828 et
2787 3772 3162 3839 Parasitaster,
3186 3788 3289 3825 non
3332 3786 3525 3840 parvus
3566 3786 3720 3839 parn-

2114 3868 2262 3931 situs,
2295 3882 2455 3935 neque
2481 3867 2615 3919 enim
2641 3866 2896 3919 diceretur
2921 3882 2953 3918 a
2978 3862 3188 3919 Comico
3216 3861 3571 3917 Parasitaster
3599 3878 3721 3931 par-

2115 3960 2282 4021 vulus,
2314 3960 2403 4013 sed
2430 3960 2516 4029 qui
2540 3961 2774 4013 imitatur
2805 3958 3112 4027 parasitum.

2189 4058 2242 4112 5.
2286 4053 2561 4109 Philastrii
2613 4068 2783 4123 genus
2810 4068 2965 4123 teque
3006 4067 3069 4104 ac
3118 4049 3348 4119 patriam
3384 4049 3719 4120 ignoramus.

2116 4146 2458 4200 Catulentius
2488 4161 2612 4199 eum
2644 4145 2959 4200 Abrahamo
2994 4156 3343 4211 comparans,
3390 4141 3620 4212 ejusque
3664 4142 3725 4192 ti-

2120 4240 2275 4306 lium,
2301 4239 2455 4295 Fidei
2484 4249 2645 4310 atque
2667 4253 2891 4308 operum
2922 4236 3189 4307 exemplis
3218 4236 3430 4304 dicens,
3486 4236 3604 4290 haec
3630 4235 3727 4289 ha-

2120 4332 2212 4388 bet
2232 4332 2312 4404 (η)
2339 4350 2353 4387 :
2377 4331 2602 4386 Credens
2626 4329 2736 4385 Deo
2766 4328 2902 4383 Fide
2927 4329 3249 4399 plenissima,
3281 4329 3407 4384 exiit
3430 4338 3479 4383 et
3512 4328 3623 4398 ipse
3663 4327 3725 4381 de

2120 4435 2257 4480 terra
2277 4442 2370 4479 sua
2389 4467 2403 4489 ,
2427 4434 2473 4477 et
2499 4424 2564 4479 de
2591 4424 2895 4493 cognatione
2925 4439 3043 4488 sua,
3068 4432 3115 4477 et
3137 4422 3201 4475 de
3230 4423 3382 4476 domo
3406 4422 3572 4491 patris
3611 4422 3726 4487 sui,

419 4511 607 4567 dentio
644 4528 813 4570 serm.
863 4514 955 4578 21,
984 4515 1075 4585 qui
1107 4522 1191 4569 est
1234 4514 1300 4569 de
1348 4514 1449 4569 vita
1474 4524 1521 4569 et
1562 4513 1705 4569 obitu
1746 4513 2020 4569 Philastrii
2123 4528 2169 4574 et
2190 4518 2499 4590 sequebatur
2526 4518 2740 4572 verbum
2765 4516 2885 4582 Dei,
2915 4516 2979 4570 ab
3010 4516 3246 4570 ontrtibus
3293 4516 3472 4571 seaculi
3509 4514 3729 4583 impedio

419 4604 650 4676 episcopi
699 4607 1090 4675 prtedecessoris
1110 4607 1191 4661 sui
1215 4605 1292 4679 (g)
1317 4623 1336 4673 ;
1368 4607 1441 4661 liti
1472 4606 1637 4662 etiam
1665 4605 1719 4662 in
1752 4606 1917 4678 Praef.
1951 4608 2018 4659 ad
2047 4591 2101 4652 Ῑ)
2127 4612 2314 4667 mentis
2337 4620 2539 4665 exutus.
2568 4608 2639 4664 Et
2678 4608 2840 4679 paulo
2883 4619 3008 4679 post
3040 4626 3059 4664 :
3085 4609 3394 4664 circumiens
3434 4609 3733 4662 universum

424 4694 735 4752 Benivolum
761 4698 852 4770 (It)
893 4699 1185 4753 :imbutum
1242 4709 1289 4752 te
1335 4698 1728 4754 admirabilibus
1772 4700 2019 4755 doctrinis

426 4789 708 4860 Apostolici
752 4808 843 4862 per
890 4793 1065 4846 omnia
1092 4793 1190 4845 viri
1224 4794 1387 4864 patris
1418 4795 1580 4849 nostri
1611 4792 1929 4860 Philastrii;
1967 4806 2022 4850 et

424 4881 604 4937 Serm.
652 4882 742 4947 16,
788 4883 853 4938 de
899 4883 1242 4939 Ordinatione
1270 4886 1352 4938 sui
1382 4884 1446 4955 (ἰ)
1476 4903 1493 4939 ;
1525 4895 1639 4953 post
1680 4888 1827 4941 illam
1873 4903 2023 4942 vene-

428 4976 605 5029 randa:
658 4977 917 5032 memoria:
970 4978 1133 5049 patris
1160 4978 1260 5032 mei
1308 4976 1579 5033 Philastrii
1623 4981 2025 5036 eruditissimum

430 5084 621 5123 vocem.
651 5068 969 5126 Plrilastrius
1001 5072 1126 5127 item
1173 5082 1400 5127 vocatur
1427 5088 1457 5126 a
1486 5071 1781 5142 Ramperto
1810 5074 1862 5129 in
1894 5076 2024 5131 Ser-

425 5176 587 5217 mone
611 5162 680 5216 de
702 5162 1082 5221 Translatione
1113 5166 1255 5221 beati
1287 5166 1563 5222 Pliilastrii
1590 5167 1694 5239 (j),
1728 5177 1788 5223 ut
1813 5168 2029 5227 Recen-

429 5257 597 5313 tiores
626 5258 1009 5327 transmittam,
1039 5268 1319 5319 auctorem
1348 5263 1679 5335 Appendicis
1702 5265 1768 5319 ad
1792 5265 2028 5323 Ildefon-

504 5375 589 5520 ἕο)
626 5376 783 5432 Tom.
813 5377 881 5434 Vl
912 5380 1049 5449 Opp.
1075 5380 1179 5434 col.
1214 5381 1301 5435 10.

529 5449 581 5520 b)
621 5447 965 5520 Inter30pera
1001 5448 1257 5520 Cypriani
1286 5469 1301 5509 ε

434 5447 973 5576 coflildnterwpera‘
1001 5447 1257 5523 Cypriani
1286 5453 1419 5510 edit.
1456 5455 1755 5514 Amstelod.
1800 5472 1855 5529 p.
1897 5459 2026 5525 HS,

533 5593 583 5659 c)
627 5591 756 5647 Loc.
789 5591 882 5648 cit.
915 5594 1020 5649 col.
1056 5595 1108 5650 6.

537 5665 596 5747 ά)
626 5664 1101 5747 Αρειάδιιεψρςιιηι
1132 5682 1263 5727 tom.
1299 5669 1363 5740 ll,
1397 5672 1502 5729 col.
1548 5671 1673 5728 978.

540 5734 589 5805 ε)
626 5734 923 5805 ιβξειη-οοι.
948 5735 1074 5805 979.

519 5799 594 5878 (Ω
630 5799 791 5878 Ψίάοὲ
804 5805 921 5878 99!.
942 5802 1069 5861 990‘.

522 5868 605 5944 (ᾖ)
643 5868 782 5939 Pag.
804 5868 930 5928 370‘.

2130 4719 2260 4776 pene
2308 4702 2555 4755 ambitum
2604 4699 2832 4755 Romani
2871 4700 3033 4765 orbis,
3067 4697 3403 4753 Dominicum
3428 4698 3729 4768 prmdiravit

2128 4800 2357 4865 verbum,
2395 4796 2549 4851 Pauli
2571 4796 2793 4868 apostoli
2822 4794 3038 4849 idoneus
3067 4795 3293 4847 imitator
3311 4793 3584 4846 exsistens.
3624 4791 3732 4846 Ma-

2129 4908 2230 4962 gna
2256 4906 2385 4947 sane
2418 4889 2690 4945 Philastrii
2723 4887 2861 4952 laus,
2891 4902 2995 4957 qua
3021 4902 3143 4942 eum
3190 4885 3529 4941 Gaudentius
3559 4885 3731 4941 Abra-

2135 4984 2319 5049 hamo,
2360 4991 2416 5037 et
2450 4981 2618 5036 Paulo
2646 4978 3051 5051 quodammodo
3083 4992 3299 5048 aequare
3355 4976 3609 5039 videtur;
3638 4976 3729 5031 sed

2135 5078 2380 5149 quamvis
2410 5076 2578 5139 dicat,
2605 5074 2728 5129 exiit
2755 5074 2819 5127 de
2841 5083 2976 5127 terra
3004 5089 3117 5138 sua,
3141 5083 3187 5126 et
3214 5074 3279 5127 de
3308 5072 3616 5142 cognatione
3642 5088 3733 5124 sua

2136 5182 2185 5225 et
2211 5173 2275 5226 de
2296 5171 2452 5225 domo
2482 5170 2647 5243 patris
2669 5168 2771 5234 sui,
2796 5167 2885 5222 ubi
2934 5181 3048 5221 rem
3082 5166 3254 5237 ipsam
3302 5166 3524 5235 propius
3573 5166 3735 5219 attin—

2136 5278 2267 5334 gere
2294 5263 2561 5327 cernitur,
2594 5259 2730 5317 nihil
2762 5273 2927 5329 porro
2950 5256 3123 5319 addit,
3147 5272 3253 5326 quo
3286 5257 3515 5327 patriam
3562 5256 3734 5319 nobis,

2226 5383 2282 5455 lt)
2311 5382 2452 5455 _Pag.
2473 5374 2611 5455 _2_t_s.

2230 5446 2275 5525 εγ
2311 5446 2443 5525 rae.

2242 5521 2279 5591 ἶ)
2318 5522 2447 5591 Pas-
2474 5521 2601 5591 581-

2226 5547 2285 5667 16
2320 5547 2455 5667 iiii
2474 5547 2618 5667 ἓξὲξ.

2235 5660 2290 5738 ι]
2333 5660 2459 5738 l_’ag.

2228 5730 2677 5807 ni)Pag.3?4._
2862 5766 2915 5807 ,χ
3000 5801 3013 5807 _
3128 5730 3346 5807 ,μμ-

2211 5784 2301 5883 ὶῖἱί
2341 5784 2725 5862 'sé‘iin'dé'vn.
2747 5808 2805 5857 et
2825 5800 2975 5857 obitu
3000 5799 3142 5862 beati
3161 5784 3439 5858 Pliilastrii
3470 5813 3593 5873 pag.
3613 5788 3737 5858 τηε
