4024 6192
1566 164 1626 221 Ρ.
1666 164 2021 227 GALEARDI
2058 167 2452 235 PREFATIU.

3506 207 3644 269 1058

333 283 429 328 aut
468 272 741 329 Philastrii
763 286 937 344 genus
966 272 1238 331 ostendat.
1270 273 1417 332 Nihil
1446 276 1514 333 de
1544 278 1649 336 hoc
1674 281 1939 353 Ramper-
1969 289 2019 347 Λ
2044 289 2351 358 gnandam;
2386 291 2488 349 hoc
2534 295 2678 351 enim
2735 302 2994 373 temporis
3024 303 3370 370 intervallum
3403 333 3510 377 non
3547 326 3646 379 ob-

333 372 424 419 tus
452 364 532 436 (a)
552 406 567 431 ,
595 365 729 421 nihil
768 366 912 422 alius
940 367 1244 439 quispiam;
1275 369 1403 440 quin
1435 372 1614 441 potius
1636 374 1689 429 in
1712 389 1779 431 eo
1808 376 1938 449 rhy-

329 456 485 513 thmo
533 475 627 514 seu
677 460 918 516 carmine
948 460 1019 515 de
1052 460 1347 518 Pliilastrio
1385 465 1530 536 quod
1583 467 1747 535 paulo
1773 483 1936 539 supra

329 551 689 620 laudavimus,
737 552 990 625 quodque
1019 556 1296 625 antiquius
1318 573 1442 614 esse
1471 570 1688 615 constat
1736 562 1937 619 saeculo

328 661 502 712 nono,
543 655 735 717 aperte
756 646 975 713 dicitur,
1004 647 1117 718 jam
1141 657 1253 704 tum
1276 650 1427 721 cujas
1444 660 1592 709 esset
1616 652 1938 712 Philastrius

327 736 557 794 omnino
587 737 848 808 ignorari.
886 738 1020 809 Ejus
1044 740 1248 811 rythmi
1280 740 1399 797 haec
1425 752 1553 799 sunt
1581 744 1748 802 verba
1780 745 1856 820 (b)
1882 765 1897 804 :

580 830 821 895 Turribus
838 845 1045 894 quorum
1070 837 1271 895 genitus
1294 835 1375 885 hic
1396 835 1506 895 fuit,

580 893 760 960 lﬁullus
782 893 1014 960 ex’nobis
1037 893 1290 960 meminit,
1305 900 1432 960 sapit
1450 893 1576 949 nec:

579 956 773 1007 Scimus
794 957 886 1008 hoc
902 957 990 1008 sed
1016 971 1122 1019 nos,
1148 956 1395 1009 Abraham
1421 962 1620 1013 beatum

987 1019 1111 1071 Esse
1134 1031 1376 1073 secutum.

326 1123 445 1192 Qua
496 1121 658 1193 igitur
706 1123 921 1179 ratione
966 1122 1190 1192 ductus,
1240 1124 1563 1195 Hispanum,
1606 1144 1728 1185 eum
1775 1142 1935 1190 vocet

327 1216 592 1288 Ughellus
614 1216 710 1289 (ε),
742 1228 890 1288 gente
916 1221 1093 1289 forsan
1124 1217 1318 1273 Italum
1339 1221 1552 1278 Caveas
1579 1221 1684 1294 (ά),
1707 1225 1932 1284 minime

323 1308 642 1379 perspicio;
677 1325 783 1366 non
817 1311 960 1365 enim
1005 1310 1330 1367 crediderim
1361 1312 1594 1385 Ughello
1633 1328 1725 1373 aut
1751 1318 1930 1376 Caveo

322 1400 633 1456 innotuisse
663 1399 807 1471 quod
838 1400 990 1457 siluit
1018 1401 1362 1459 Gaudentius
1384 1447 1399 1472 ,
1428 1406 1684 1478 quodque
1708 1420 1926 1479 octavo,

324 1501 421 1548 aut
454 1509 597 1549 nono
621 1495 823 1551 saeculo
847 1496 1078 1552 minime
1104 1508 1445 1570 compertum
1476 1501 1595 1557 fuit.
1612 1503 1781 1561 Porro
1802 1505 1929 1562 Phi-

321 1581 500 1640 lastrii
532 1601 619 1641 res
641 1595 821 1657 gestas
850 1598 1102 1645 recenset
1128 1589 1391 1648 Baronius
1416 1593 1481 1649 ad
1510 1594 1575 1650 A.
1604 1594 1667 1651 C.
1692 1597 1830 1665 569,
1863 1616 1921 1656 n.

318 1674 415 1744 27,
450 1693 559 1750 quo
610 1680 665 1735 in
698 1680 818 1735 loco
841 1681 1133 1739 Gaudentii
1166 1685 1478 1741 testimonio
1502 1703 1664 1759 usus,
1688 1691 1743 1746 in
1774 1707 1924 1750 sum-

320 1784 411 1826 ma
445 1772 564 1839 ejus
595 1772 754 1828 laude
784 1774 952 1844 ponit,
984 1775 1129 1847 quod
1152 1777 1444 1835 Mediolani
1471 1783 1743 1840 Auxentio
1763 1786 1920 1841 Aria-

319 1879 405 1920 na:
445 1864 725 1922 haereseos
774 1870 1163 1940 propugnatori
1186 1913 1200 1939 ,
1234 1872 1438 1929 invicta
1462 1878 1772 1933 constantia
1807 1896 1923 1936 res-

322 1958 532 2025 titerit;
576 1969 739 2030 atque
782 1976 845 2016 ea
890 1961 959 2017 de
1008 1978 1172 2019 causa
1232 1965 1418 2037 ﬂagris
1461 1983 1667 2039 caesus,
1696 1981 1921 2031 strenue

320 2066 420 2125 pro
447 2052 580 2109 Fide
616 2053 897 2110 Catholica
943 2057 1145 2113 tuenda
1175 2062 1490 2118 certaverit.
1523 2063 1920 2124 Testimonium

320 2143 613 2201 Gaudentii
642 2154 728 2202 est
748 2145 1061 2217 hujusmodi
1091 2165 1106 2205 :
1133 2152 1325 2206 Sancto
1348 2155 1482 2209 enim
1505 2156 1707 2227 Spiritu
1736 2160 1922 2231 plenus

319 2233 342 2307 (
364 2235 431 2292 de
468 2237 762 2293 Philastrio
806 2239 1089 2313 loquitur)
1146 2260 1248 2298 non
1288 2247 1457 2300 solum
1484 2258 1664 2304 contra
1697 2251 1923 2310 Gentiles

318 2336 369 2386 et
396 2328 634 2400 Juda'os,
663 2348 837 2387 verum
868 2335 1017 2389 etiam
1048 2347 1227 2392 contra
1257 2338 1473 2395 Iiwreses
1501 2358 1696 2412 omnes,
1730 2357 1775 2400 et
1806 2363 1920 2400 ma—

316 2422 455 2478 xime
480 2434 663 2479 contra
689 2426 943 2495 furentem
970 2444 1027 2482 eo
1056 2438 1281 2499 tempore
1319 2432 1568 2487 Arianam
1613 2438 1922 2507 perfidiam;

319 2525 464 2571 tanta
490 2514 646 2572 Fidei
692 2519 864 2590 vigore
900 2522 1169 2592 pugnavit,
1200 2532 1253 2577 ut
1299 2524 1453 2579 etiam
1476 2527 1763 2586 verberibus
1801 2534 1923 2587 sub-

212 2644 225 2657 .
318 2607 527 2663 deretur
546 2652 560 2677 ,
603 2621 649 2663 et
674 2611 729 2665 in
755 2628 970 2682 corpore
985 2630 1080 2668 suo
1101 2614 1343 2686 stigmata
1366 2615 1576 2674 Domini
1603 2625 1764 2677 nostri
1792 2624 1922 2681 Jesu

319 2702 509 2759 Christi
533 2715 778 2775 portaret.
802 2706 940 2761 Nam
961 2716 1009 2762 et
1037 2708 1094 2762 in
1126 2707 1509 2767 Mediolanensi
1557 2715 1680 2771 urbe
1709 2718 1923 2777 idoneus

318 2796 443 2851 olim
465 2809 638 2852 custos
660 2796 917 2853 Dominici
936 2800 1104 2872 gregis
1121 2802 1243 2873 fuit,
1274 2803 1471 2858 Ariano
1499 2822 1794 2879 repugnans
1816 2814 1922 2867 Au-

318 2890 513 2960 xentio,
541 2890 843 2961 priusquam
864 2890 1038 2947 beatus
1066 2892 1342 2965 eligeretur
1363 2897 1660 2954 Ambrosius
1680 2900 1773 2974 (ε).
1798 2904 1923 2963 llaec

319 2980 656 3038 Gaudentius
700 2983 770 3039 de
799 2982 1115 3053 Philastrio,
1157 2989 1570 3056 quatuordecim
1612 3010 1816 3063 annos,
1866 3008 1923 3054 ut

320 3072 439 3144 ipse
464 3076 574 3140 ait,
609 3082 731 3145 post
757 3076 877 3145 ejus
904 3076 1136 3142 obitum,
1165 3077 1423 3136 Brixiano
1450 3086 1653 3155 populo
1676 3103 1918 3146 comme-

320 3164 594 3229 morabat;
619 3180 682 3221 ac
704 3166 933 3238 proinde
963 3168 1027 3222 A.
1059 3169 1120 3224 C.
1146 3169 1249 3225 401
1274 3172 1318 3227 si
1356 3172 1632 3233 Philastrii
1662 3183 1921 3252 κοίμησις,

320 3263 376 3313 et
442 3255 731 3312 Gaudentii
772 3260 1081 3324 successio,
1142 3276 1207 3317 ex
1256 3269 1532 3324 communi
1583 3269 1921 3344 Scriptorum

320 3348 531 3405 calculo
560 3349 877 3406 conferatur
898 3351 952 3406 in
985 3368 1186 3409 annum
1211 3356 1339 3425 587,
1366 3367 1421 3414 ut
1447 3360 1714 3434 plerique,
1748 3382 1815 3422 ne
1835 3367 1923 3423 di-

319 3456 435 3497 cam
459 3442 572 3499 fere
596 3459 807 3510 omnes,
834 3446 1066 3514 iaciant;
1095 3451 1349 3520 quamvis
1377 3452 1594 3511 Samuel
1623 3457 1925 3532 Basnagius

318 3535 858 3595 Fiotte-ilanuillaeus
874 3539 1147 3597 Pliilastrii
1164 3554 1394 3601 mortem
1411 3561 1555 3603 anno
1573 3550 1678 3606 386
1691 3552 1926 3609 collocet

317 3628 412 3703 (f),
432 3646 539 3700 quo
560 3632 611 3687 in
646 3632 767 3687 loco
789 3634 1110 3704 praeclarum
1134 3638 1296 3693 etiam
1326 3638 1612 3697 Gaudentii
1632 3643 1697 3700 de
1717 3644 1924 3703 Philas-

319 3725 427 3781 trio
447 3725 680 3799 elogium
701 3728 1002 3785 Annalibus
1023 3731 1135 3786 suis
1156 3735 1459 3805 consignat.
1485 3735 1625 3793 Ante
1650 3737 1926 3799 Ambrosii

318 3820 741 3890 assumptioncm
767 3822 832 3877 ad
854 3822 1314 3884 Mediolanensem
1361 3830 1711 3901 cathedram,
1746 3834 1927 3891 Phila-

320 3912 440 3969 slrii
478 3916 783 3970 certamina
829 3919 1119 3975 statuenda
1150 3935 1275 3977 esse
1301 3964 1315 3988 ,
1346 3923 1632 3981 Gaudentii
1682 3929 1929 3985 testimo-

320 4003 466 4062 nium
499 4022 632 4064 sane
678 4009 918 4078 evincit;
953 4028 1121 4084 quare
1163 4014 1429 4073 Baronius
1473 4034 1535 4075 ea
1568 4033 1814 4078 recenset
1859 4022 1925 4079 ad

318 4099 386 4155 Α.
419 4099 480 4156 C.
508 4100 613 4157 569
645 4104 742 4174 (g),
780 4105 998 4175 quando
1019 4122 1216 4177 nempe
1240 4109 1497 4167 Auxentii
1530 4112 1691 4183 dolis,
1723 4116 1928 4173 llilario

322 4189 644 4250 Pictaviensi
692 4196 952 4267 episcopo
982 4197 1288 4257 Mediolano
1332 4202 1618 4262 discedere
1643 4210 1929 4280 compulso

324 4284 490 4356 (quod
515 4300 663 4342 anno
688 4288 795 4344 565
819 4290 1115 4362 contigisse
1145 4303 1295 4350 recte
1319 4295 1707 4356 animadvertit
1733 4302 1930 4374 Pagius

322 4368 435 4448 (Ii),
471 4385 596 4447 post
620 4379 737 4451 ejus
763 4380 1061 4440 discessum
1089 4389 1417 4446 remansisse
1446 4368 1931 4455 Philastriumble—

326 4466 529 4525 diolani
552 4511 566 4535 ,
597 4480 656 4527 ut
697 4488 917 4545 quoquo
949 4477 1111 4533 modo
1145 4489 1353 4551 posset,
1387 4482 1728 4543 Catholicam
1764 4505 1933 4562 popu-

324 4562 432 4619 lum
482 4564 699 4623 iidelem
748 4567 802 4623 in
853 4570 1037 4627 ofﬁcio
1082 4575 1426 4646 contineret,
1477 4579 1617 4637 idem
1665 4582 1932 4642 Baronius

321 4654 550 4725 conjicit
576 4656 662 4729 (i).
694 4659 883 4732 Itaque
924 4678 1046 4718 cum
1086 4666 1362 4725 Ambrosii
1411 4670 1612 4729 electio
1644 4675 1698 4731 in
1730 4692 1932 4735 annum

328 4744 532 4803 incidat
559 4749 665 4805 574
693 4751 786 4825 (j),
818 4753 944 4811 hinc
972 4757 1017 4811 si
1047 4756 1267 4816 Baronii
1299 4764 1613 4833 conjectura
1646 4770 1928 4842 probetur,

324 4839 485 4909 plane
536 4847 911 4918 consequitur,
942 4848 1207 4909 Ecclesiae
1240 4839 1662 4918 Mediolanensis
1702 4839 1930 4924 tutelam

323 4946 389 4987 ac
417 4932 813 5007 defensionem,
844 4942 985 4999 intra
1028 4944 1081 5000 id
1126 4946 1472 5017 decennium,
1501 4955 1647 5023 quod
1683 4958 1752 5013 ab
1780 4975 1928 5017 anno

322 5023 451 5093 565,
484 5027 552 5081 ad
579 5043 780 5087 animm
809 5033 939 5103 574,
968 5036 1282 5109 intercedit,
1312 5040 1602 5103 Philastrio
1631 5063 1756 5107 esse
1784 5058 1923 5113 assi-

394 5142 473 5215 (a)
502 5146 680 5206 Serm.
710 5153 779 5209 de
808 5158 999 5215 transl.
1023 5160 1302 5220 Philastrii
1325 5164 1668 5236 quihabetur
1697 5189 1751 5244 p.
1780 5178 1909 5238 587.

405 5213 485 5287 (ὁ)
526 5219 805 5287 Pag.577.

569 5238 653 5293 ag.
677 5238 805 5280 an.

395 5290 471 5437 ἓξ)
504 5290 661 5350 Tom.
694 5297 783 5363 IV,
814 5298 931 5356 Ital.
969 5301 1091 5359 Sac.
1119 5305 1226 5361 col.
1256 5308 1361 5364 {>23
1390 5309 1523 5366 edit.
1558 5312 1799 5374 Venetae.

452 5362 481 5437 Δ)
510 5362 640 5437 Ρεε.
676 5369 799 5427 176.

462 5362 481 5433 )
510 5362 640 5435 Pag.
676 5362 799 5427 176.

398 5434 472 5508 (ε)
504 5434 678 5491 Serm.
715 5442 783 5496 de
814 5443 927 5500 vita
956 5454 1011 5501 et
1038 5446 1188 5503 obitu
1217 5448 1356 5507 beati
1390 5453 1686 5527 Philastrii,
1715 5478 1769 5532 p.
1801 5464 1929 5521 572.

400 5511 465 5544 (ﬂ
502 5506 635 5544 'l‘nm
694 5510 756 5544 In
835 5517 999 5544 Α-..-ι
1060 5534 1090 5544 ..
1149 5520 1248 5544 sne
1317 5539 1345 5544 __
1408 5526 1470 5544 ,η
1527 5528 1626 5544 υ..
1701 5534 1711 5544 .
1766 5535 1785 5544 η
1880 5539 1890 5544 -

323 5506 766 5641 Μὲῃρξὲἓηῆιιὲ
782 5558 795 5580 ,
827 5517 1024 5574 Annal.
1060 5534 1113 5590 p.
1148 5520 1284 5588 106,
1316 5506 1936 5594 limitis—Videnti).HK

346 5600 358 5635 1
605 5623 617 5636 .
695 5625 707 5638 .
777 5630 786 5639 .

346 5600 428 5637 iac
460 5600 617 5636 ΙἸἹΒΙ.
652 5600 707 5639 η.
732 5600 786 5639 Η.

421 5649 475 5721 g)
502 5650 663 5710 Num.
695 5657 786 5714 27.

421 5649 475 5721 g)
502 5650 663 5710 Num.
695 5657 786 5714 27.

397 5649 482 5801 ili)
506 5723 643 5785 Crit.
671 5731 740 5787 ad
760 5732 828 5789 A.
858 5733 985 5803 569,
1010 5753 1066 5793 n.
1094 5740 1144 5793 2.

2038 395 2198 437 scure
2226 384 2516 444 Gaudentii
2545 391 2705 446 verba
2736 393 2976 455 indicant
3006 419 3017 454 :
3044 401 3096 455 in
3120 403 3495 468 Mediolanensi
3525 420 3645 474 urbe

2036 472 2250 531 idoneus
2280 478 2403 533 olim
2428 492 2598 538 custos
2630 485 2893 544 Dominici
2919 495 3087 566 gregis
3114 499 3236 568 fuit,
3270 502 3465 561 Ariona
3491 526 3645 583 repu-

2034 585 2202 638 gnans
2233 571 2490 629 Auxentio
2513 616 2526 641 ,
2558 594 2855 645 PRIUSQUAI
2904 602 3112 645 nurus
3154 609 3496 656 ELIGEBETUR
3527 571 3643 661 Ant-

2034 677 2271 721 anosws.
2308 665 2364 721 In
2413 670 2605 726 eodem
2637 674 2894 747 rhythmo
2942 681 3010 738 de
3054 685 3382 761 Philastrio,
3414 712 3476 752 ea
3520 718 3643 772 qua:

2034 753 2330 814 Catholicae
2360 760 2513 820 Fidei
2543 768 2760 824 tuendae
2788 786 2952 829 causa
2976 776 3266 841 Mediolani
3298 753 3488 858 passus

2036 844 2121 904 his
2143 850 2394 907 versibus
2425 854 2780 928 designantur
2808 863 2882 935 (Ic)
2911 883 2925 919 :

2284 943 2448 1024 ﬁeg‘i‘sj
2461 952 2639 1024 aeterni
2660 955 2883 1024 amabilis
2906 960 3154 1024 minister,

2286 1006 2495 1087 Ifeftida;
2520 1021 2673 1087 sectaa
2696 1006 2907 1087 monita,
2922 1006 3190 1087 niiﬁé'ééd

2282 1059 2986 1135 Arianorumvfore—iaisa‘d'iﬁi

2533 1136 2746 1206 Semper
2767 1142 2954 1206 ubique

2282 1192 2460 1271 [Vatinio
2492 1210 2642 1271 sensu
2655 1192 2822 1253 'veluti
2845 1192 3145 1271 repugnans.
3313 1235 3318 1240 ·

2284 1257 2481 1331 Sedulii:
2504 1260 2672 1323 ﬂagris
2692 1277 2781 1315 sua
2804 1257 3255 1331 membr’a‘tlit-Jduut

2278 1317 2416 1370 Caesa
2437 1317 2722 1376 curre'utem
2744 1331 2875 1379 rosei
2900 1317 3077 1386 coloris

2527 1386 2673 1450 Saepe
2694 1402 2940 1444 cruorem.

2102 1462 2165 1517 Et
2199 1466 2357 1534 paulo
2395 1480 2517 1538 post
2549 1490 2563 1527 :

2282 1556 2397 1643 ἓξὲξ.
2507 1563 2805 1643 “inuenti,
2829 1574 2999 1643 miser,
3028 1579 3258 1643 imperite

2279 1601 2494 1673 nam
2507 1601 2807 1682 ξοῑρῑξέῖέῖᾱὲξ

1951 1672 2002 1734 Β
2096 1696 2150 1752 1.
2182 1701 2376 1759 Fuisse
2412 1672 3079 1785 pbiiiédfﬁfjigwidm
3126 1730 3423 1804 episcopali
3455 1740 3637 1814 digni-

2024 1797 2139 1848 tate
2166 1807 2455 1868 ornatum,
2487 1816 2611 1860 cum
2662 1822 2763 1877 pro
2795 1809 3046 1871 Ecclesia
3088 1797 3481 1888 Mediola-nensi
3511 1797 3636 1907 iet,

2026 1890 2300 1956 tantisque
2334 1904 2395 1946 se
2424 1892 2837 1958 discriminibus
2867 1905 3090 1978 objecit,
3118 1914 3205 1969 vel
3234 1932 3298 1972 ex
3340 1936 3409 1977 eo
3436 1890 3638 1998 conjici

2024 1988 2244 2085 potest,
2291 1986 2437 2055 quod
2479 2003 2670 2059 parum
2720 1998 2948 2056 omnino
2986 2005 3322 2079 profuisset,
3361 1986 3632 2085 privatum

2026 2068 2301 2130 hominem
2341 2077 2396 2133 in
2442 2096 2503 2137 re
2532 2085 2665 2140 tanti
2715 2094 3019 2161 momenti,
3064 2068 3399 2173 primipilum
3443 2123 3542 2181 se,
3570 2128 3636 2172 ac

2025 2169 2218 2226 ducem
2240 2169 2538 2232 Catholicis
2565 2181 2811 2247 partibus
2842 2186 3135 2260 exhibere;
3165 2169 3465 2267 praisertim

2024 2260 2394 2319 obsistendum
2442 2278 2593 2325 esset
2636 2274 2908 2333 Auxentio
2946 2260 3486 2364 Arianovepiscopo,

2026 2355 2286 2428 Dionysio
2333 2376 2363 2413 e
2410 2359 2805 2423 Mediolanensi
2835 2371 2965 2429 sede
3006 2355 3298 2438 exturbato
3323 2355 3408 2458 (1).,
3437 2355 3639 2448 vale";

2025 2445 2213 2503 tiniani
2264 2449 2608 2521 imperatoris
2673 2463 2999 2522 auctoritate
3064 2468 3236 2529 fretus
3278 2445 3442 2546 (eum
3484 2484 3632 2540 enim

2026 2542 2303 2601 fraudibus
2332 2548 2480 2613 suis,
2508 2550 2831 2626 technisque
2858 2557 3192 2637 deceperat)
3224 2542 3362 2627 nihil
3392 2589 3500 2632 non
3532 2591 3635 2635 au-

2026 2636 2210 2705 debat,
2247 2640 2386 2696 nihil
2418 2658 2527 2700 non
2568 2646 2891 2718 obtinebat;
2926 2653 3134 2715 Hilario
3184 2660 3326 2732 ipso,
3373 2682 3474 2724 ceu
3511 2677 3633 2728 tur-

2027 2730 2252 2801 barum,
2290 2742 2346 2790 et
2371 2735 2771 2797 discordiarum
2820 2756 3073 2819 auctore,
3126 2730 3431 2816 Mediolano
3480 2764 3635 2825 abire

2021 2823 2178 2893 jusso
2226 2828 2346 2896 (in).
2395 2831 2620 2887 Accedit
2666 2836 2811 2905 quod
2858 2842 3043 2896 caeteri
3076 2858 3295 2916 quoque
3340 2823 3635 2917 Catholica:

2027 2930 2206 2973 causa:
2242 2923 2478 2989 patroni,
2507 2924 2833 2995 quibuscum
2876 2930 3153 2992 Ausentio
3197 2943 3437 3003 maxime
3467 2963 3637 3020 nego—

2031 3012 2163 3068 tium
2213 3015 2346 3081 fuit,
2393 3018 2688 3090 episcopali
2730 3034 2889 3079 erant
2937 3043 3162 3088 munere
3207 3033 3477 3108 insignes;
3527 3012 3635 3101 ἑυ-

2028 3104 2212 3160 sebius
2255 3123 2452 3178 nempe
2501 3111 2863 3173 Vercellensis
2910 3121 3145 3191 praesul,
3178 3104 3412 3187 Hilarius
3458 3132 3637 3193 Picta-

2027 3198 2255 3264 viensis,
2288 3212 2341 3256 et
2372 3202 2639 3275 Evagrius
2670 3206 3046 3268 Antiochenus
3068 3256 3083 3280 ,
3111 3232 3272 3284 quem
3317 3223 3446 3281 licet
3485 3228 3634 3297 quis-

2028 3306 2153 3345 nam
2179 3302 2362 3360 esset,
2397 3296 2653 3367 ignorare
2694 3314 2754 3356 se
2800 3300 3038 3360 fateatur
3067 3307 3340 3370 Baronius
3367 3316 3451 3388 (η)
3479 3296 3638 3385 ,An-

2026 3382 2343 3439 tiochenum
2375 3394 2556 3444 tamen
2580 3391 2897 3463 episcopum
2932 3397 3124 3467 luisse,
3157 3382 3448 3474 perspicue
3472 3382 3637 3471 docet

2029 3472 2224 3544 Pagins
2275 3475 2373 3548 (ο).
2407 3477 2587 3534 Verba
2636 3483 2763 3537 item
2808 3472 3379 3565 Gaudentiipquibus
3426 3500 3637 3560 Philas-

2029 3566 2165 3621 trius
2215 3566 2414 3624 dicitur
2462 3571 2515 3625 in
2565 3571 2946 3634 Mediolanensi
2993 3583 3119 3639 urbe
3166 3602 3391 3649 moneas
3431 3611 3637 3657 cus'ros

2031 3673 2267 3715 Βοιωτιοι
2296 3678 2483 3719 GREGIS
2505 3708 2519 3732 ,
2558 3667 2875 3739 episcopum
2919 3686 3111 3744 aperte
3148 3684 3479 3755 ostendunt,
3510 3706 3635 3750 cum

2030 3752 2246 3808 nonnisi
2294 3755 2567 3827 episcopis
2606 3762 2793 3831 populi
2825 3768 3075 3823 custodia
3124 3752 3638 3855 mandeturpiique

2030 3841 2333 3911 dumtaxat,
2366 3847 2538 3903 idonei
2566 3848 2827 3908 Dominici
2850 3860 3019 3930 gregis
3045 3864 3281 3923 custodes
3311 3841 3494 3930 vocari
3518 3841 3639 3948 pos-

2032 3935 2161 3989 sint.
2194 3934 2384 4007 Neque
2416 3939 2465 3994 id
2509 3957 2732 4001 movere
2775 3962 2872 4003 nos
2916 3948 3118 4020 debet,
3162 3960 3307 4028 quod
3355 3934 3637 4040 indignum

2035 4024 2303 4098 Ερίερορο
2372 4031 2655 4102 videatur,
2718 4038 2952 4111 ﬂagellis
2991 4060 3053 4100 ac
3101 4024 3394 4110 verberibus
3440 4024 3637 4131 εἰθάῦ

2033 4134 2156 4174 nam
2184 4121 2378 4178 eodem
2409 4126 2571 4183 modo
2599 4128 2917 4191 mulctatum
2946 4138 3241 4198 Eusebium
3266 4162 3479 4220 quoque
3504 4121 3640 4211 Ver:

2035 4215 2326 4273 cellensem
2351 4220 2669 4294 episcopum
2707 4227 2812 4283 sub
2841 4228 3169 4291 Constantio
3197 4215 3531 4309 imperatore
3567 4247 3639 4304 ab

2034 4308 2254 4367 Arianis
2282 4314 2509 4385 legimus
2557 4316 2611 4373 in
2641 4333 2808 4375 causa
2850 4321 3175 4394 Athanasii;
3219 4308 3382 4403 idque
3411 4351 3512 4394 nos
3540 4340 3641 4397 do-

1963 4434 2016 4495 Ι)
2041 4414 2164 4460 cent
2198 4405 2324 4461 Acta
2350 4407 2628 4477 passionis,
2657 4426 2748 4465 seu
2781 4410 2915 4469 Vita:
2934 4416 2998 4471 S.
3025 4415 3235 4475 Eusebii
3260 4426 3484 4501 episwpi
3514 4430 3643 4488 Ver-

2042 4496 2274 4551 cettensis
2299 4539 2313 4565 ,
2348 4514 2468 4569 qum
2511 4515 2578 4555 ex
2633 4504 3008 4563 vetustissimo
3039 4510 3163 4567 cod.
3197 4530 3301 4571 ms.
3327 4496 3644 4583 Monasterii

2036 4588 2398 4646 Nonantulani
2443 4595 2669 4663 protulit
2696 4596 2960 4669 Ughellus
3000 4602 3055 4661 in
3098 4608 3373 4683 episcopis
3420 4613 3642 4677 Vercel-

2035 4681 2273 4739 leusibus
2305 4683 2410 4755 (p),
2445 4685 2496 4741 in
2526 4688 2725 4759 quibus
2747 4689 2866 4749 haec
2898 4692 3174 4755 habentur
3215 4681 3333 4776 (q)':
3366 4705 3642 4769 Curi-entes

2036 4785 2204 4830 autem
2233 4776 2416 4833 Ariani
2447 4781 2809 4841 abstraxerunt
2836 4804 2970 4857 eum,
3007 4795 3260 4865 rapiendo
3292 4799 3494 4859 beatum
3527 4806 3643 4861 Eu-

2035 4871 2137 4927 sebi
2147 4890 2231 4926 unt
2258 4872 2320 4928 de
2356 4876 2615 4933 consortio
2637 4882 3022 4953 episcoporum,
3052 4889 3354 4965 fortiterque
3378 4914 3496 4953 eunt
3525 4916 3640 4957 ver-

2035 4966 2239 5021 beribus
2283 4967 2635 5041 ﬂagellantes,
2664 4974 2961 5030 semivivum
2987 4978 3348 5053 reliquerunt;
3387 4999 3443 5048 et
3478 4995 3644 5064 paulo

2030 5071 2155 5134 post
2188 5083 2200 5115 :
2236 5060 2370 5118 [teni
2418 5065 2709 5123 verberibus
2749 5083 2938 5126 erasum
2982 5072 3405 5153 interrogabant,
3444 5060 3494 5141 si
3531 5088 3644 5157 iam

2117 5182 2185 5255 (ε)
2214 5183 2282 5239 A.
2314 5184 2443 5249 369,
2476 5202 2531 5241 η.
2565 5186 2657 5243 27.

2214 5254 2338 5328 βπ.
2372 5258 2438 5311 Α.
2463 5258 2600 5328 7571»,
2631 5275 2687 5316 n.
2719 5261 2754 5320 9
2777 5270 2835 5321 et
2858 5266 2945 5325 10.

2130 5325 2183 5395 k)
2214 5326 2341 5395 Pag.
2375 5327 2502 5385 578.

2133 5398 2172 5467 ι)
2192 5398 2319 5479 βίης.
2352 5399 2667 5479 A._35‘5‘,‘n.
2699 5406 2787 5471 17,
2817 5410 2909 5479 19,
2940 5411 3030 5470 50.

2138 5468 2209 5538 m)
2240 5468 2386 5526 Idem
2408 5471 2475 5529 A.
2502 5474 2629 5533 569.
2660 5494 2719 5534 n.
2754 5468 2844 5538 19.

2138 5466 2209 5538 m)
2240 5468 2386 5526 Idem
2408 5471 2475 5529 A.
2502 5466 2585 5532 561

2111 5466 2188 5679 ἐκ)
2219 5539 2379 5625 Ibid,
2409 5560 2464 5599 n.
2494 5545 2585 5631 28.

2142 5612 2191 5679 0)
2222 5611 2355 5668 Crit.
2389 5616 2453 5669 ad
2488 5618 2551 5673 Λ.
2584 5658 2585 5663 η

2176 5612 2191 5695 j
2222 5611 2355 5695 Erit.
2582 5620 2711 5695 389.
2748 5641 2798 5677 n.
2831 5627 2863 5681 9
2894 5636 2947 5680 et
2978 5627 3064 5685 10.
3498 5654 3547 5695 χ’

2142 5631 2191 5679 ο)
2222 5631 2355 5668 ιιι-ιι.
2389 5631 2453 5669 au
2488 5631 2551 5673 Λ.
2584 5631 2711 5683 ὃδυ.
2748 5641 2798 5677 n.
2831 5631 2863 5681 9
2894 5636 2947 5680 et
2978 5631 3064 5685 10.

2142 5686 2197 5778 ρ)
2406 5687 2766 5778 ΙΑΥΙΙαὲίτηδίιε.
2796 5700 2903 5756 col.
2936 5703 3058 5772 749,
3088 5702 3220 5761 edit.
3252 5704 3389 5767 Ven.

2137 5755 2190 5830 q)
2218 5756 2378 5831 lbid.,
2409 5761 2513 5817 col.
2543 5763 2667 5821 756.
