  <div class='ocr_page' id='page_1' title='image "/cluster/home/n/w/nwhite01/storage/ocr_20150623/12/hvd.32044096580410/535.png"; bbox 0 0 4024 6192; ppageno 0'>
   <div class='ocr_carea' id='block_1_1' title="bbox 525 151 664 210">
    <p class='ocr_par' dir='ltr' id='par_1_1' title="bbox 525 151 664 210">
     <span class='ocr_line' id='line_1_1' title="bbox 525 151 664 210; baseline -0.007 -2"><span class='ocrx_word' id='word_1_1' title='bbox 525 151 664 210; x_wconf 81' lang='grc'><strong><em>1059</em></strong></span> 
     </span>
    </p>
   </div>
   <div class='ocr_carea' id='block_1_2' title="bbox 1738 145 2569 213">
    <p class='ocr_par' dir='ltr' id='par_1_2' title="bbox 1738 145 2569 213">
     <span class='ocr_line' id='line_1_2' title="bbox 1738 145 2569 213; baseline 0.002 -4"><span class='ocrx_word' id='word_1_2' title='bbox 1738 146 2054 213; x_wconf 82' lang='lat' dir='ltr'><strong><em>SANCTUS</em></strong></span> <span class='ocrx_word' id='word_1_3' title='bbox 2094 145 2569 211; x_wconf 71' lang='lat' dir='ltr'><strong><em>PIIMSTRIUS.</em></strong></span> 
     </span>
    </p>
   </div>
   <div class='ocr_carea' id='block_1_3' title="bbox 3649 158 3750 223">
    <p class='ocr_par' dir='ltr' id='par_1_3' title="bbox 3649 158 3750 223">
     <span class='ocr_line' id='line_1_3' title="bbox 3649 158 3750 223; baseline -0.02 -2"><span class='ocrx_word' id='word_1_4' title='bbox 3649 158 3750 223; x_wconf 68' lang='grc' dir='ltr'>ιιθιι</span> 
     </span>
    </p>
   </div>
   <div class='ocr_carea' id='block_1_4' title="bbox 517 259 3754 339">
    <p class='ocr_par' dir='ltr' id='par_1_4' title="bbox 517 259 3754 339">
     <span class='ocr_line' id='line_1_4' title="bbox 517 259 3754 339; baseline 0 -16"><span class='ocrx_word' id='word_1_5' title='bbox 517 268 836 325; x_wconf 66' lang='lat' dir='ltr'><strong><em>consentiens</em></strong></span> <span class='ocrx_word' id='word_1_6' title='bbox 879 267 1231 337; x_wconf 81' lang='lat' dir='ltr'><strong><em>conﬁteretur.</em></strong></span> <span class='ocrx_word' id='word_1_7' title='bbox 1276 260 1608 319; x_wconf 88' lang='lat' dir='ltr'><strong><em>Consuetum</em></strong></span> <span class='ocrx_word' id='word_1_8' title='bbox 1656 259 1872 317; x_wconf 88' lang='lat' dir='ltr'><strong><em>Arianis</em></strong></span> <span class='ocrx_word' id='word_1_9' title='bbox 1914 261 2126 318; x_wconf 81' lang='lat' dir='ltr'><strong><em>facinus</em></strong></span> <span class='ocrx_word' id='word_1_10' title='bbox 2155 274 2205 339; x_wconf 71' lang='grc' dir='ltr'><strong>Δ</strong></span> <span class='ocrx_word' id='word_1_11' title='bbox 2231 261 2461 320; x_wconf 88' lang='lat' dir='ltr'><strong><em>menium</em></strong></span> <span class='ocrx_word' id='word_1_12' title='bbox 2498 274 2631 321; x_wconf 89' lang='lat' dir='ltr'><strong><em>vero</em></strong></span> <span class='ocrx_word' id='word_1_13' title='bbox 2674 268 2731 319; x_wconf 90' lang='lat' dir='ltr'><strong><em>et</em></strong></span> <span class='ocrx_word' id='word_1_14' title='bbox 2779 261 3052 321; x_wconf 64' lang='lat' dir='ltr'><strong><em>Anartium</em></strong></span> <span class='ocrx_word' id='word_1_15' title='bbox 3097 260 3262 334; x_wconf 88' lang='lat' dir='ltr'><strong><em>longe</em></strong></span> <span class='ocrx_word' id='word_1_16' title='bbox 3311 271 3431 335; x_wconf 78' lang='lat' dir='ltr'><strong><em>p05t</em></strong></span> <span class='ocrx_word' id='word_1_17' title='bbox 3474 280 3644 323; x_wconf 86' lang='lat' dir='ltr'><strong><em>annum</em></strong></span> <span class='ocrx_word' id='word_1_18' title='bbox 3679 269 3754 325; x_wconf 76' lang='lat'><strong><em>365</em></strong></span> 
     </span>
    </p>
   </div>
   <div class='ocr_carea' id='block_1_5' title="bbox 516 353 2130 431">
    <p class='ocr_par' dir='ltr' id='par_1_5' title="bbox 516 353 2130 431">
     <span class='ocr_line' id='line_1_5' title="bbox 516 353 2130 431; baseline -0.006 -13"><span class='ocrx_word' id='word_1_19' title='bbox 516 361 757 418; x_wconf 74' lang='lat' dir='ltr'><strong><em>ostendit</em></strong></span> <span class='ocrx_word' id='word_1_20' title='bbox 782 360 1116 416; x_wconf 70' lang='lat' dir='ltr'><strong><em>Athanasius</em></strong></span> <span class='ocrx_word' id='word_1_21' title='bbox 1145 359 1196 413; x_wconf 90' lang='lat' dir='ltr'><strong><em>in</em></strong></span> <span class='ocrx_word' id='word_1_22' title='bbox 1220 358 1382 429; x_wconf 80' lang='lat' dir='ltr'><strong><em>epist.</em></strong></span> <span class='ocrx_word' id='word_1_23' title='bbox 1418 356 1483 413; x_wconf 92' lang='lat' dir='ltr'><strong><em>ad</em></strong></span> <span class='ocrx_word' id='word_1_24' title='bbox 1507 356 1785 414; x_wconf 86' lang='lat' dir='ltr'><strong><em>solitarius</em></strong></span> <span class='ocrx_word' id='word_1_25' title='bbox 1819 373 1832 410; x_wconf 93' lang='lat'>:</span> <span class='ocrx_word' id='word_1_26' title='bbox 1864 353 2005 411; x_wconf 89' lang='lat' dir='ltr'><strong><em>Dant</em></strong></span> <span class='ocrx_word' id='word_1_27' title='bbox 2031 355 2130 431; x_wconf 77' lang='lat' dir='ltr'><strong><em>igi-</em></strong></span> 
     </span>
    </p>
   </div>
   <div class='ocr_carea' id='block_1_6' title="bbox 514 446 2127 527">
    <p class='ocr_par' dir='ltr' id='par_1_6' title="bbox 514 446 2127 527">
     <span class='ocr_line' id='line_1_6' title="bbox 514 446 2127 527; baseline -0.007 -15"><span class='ocrx_word' id='word_1_28' title='bbox 514 467 601 512; x_wconf 90' lang='lat' dir='ltr'><strong><em>tur</em></strong></span> <span class='ocrx_word' id='word_1_29' title='bbox 630 456 829 511; x_wconf 73' lang='lat' dir='ltr'><strong><em>litteras</em></strong></span> <span class='ocrx_word' id='word_1_30' title='bbox 880 452 1212 527; x_wconf 75' lang='lat' dir='ltr'><strong><em>(Euseltiani</em></strong></span> <span class='ocrx_word' id='word_1_31' title='bbox 1243 465 1469 522; x_wconf 88' lang='lat' dir='ltr'><strong><em>nempe,</em></strong></span> <span class='ocrx_word' id='word_1_32' title='bbox 1518 449 1623 505; x_wconf 91' lang='lat' dir='ltr'><strong><em>hoc</em></strong></span> <span class='ocrx_word' id='word_1_33' title='bbox 1668 456 1753 505; x_wconf 88' lang='lat' dir='ltr'><strong><em>est</em></strong></span> <span class='ocrx_word' id='word_1_34' title='bbox 1800 446 2026 518; x_wconf 88' lang='lat' dir='ltr'><strong><em>Ariani)</em></strong></span> <span class='ocrx_word' id='word_1_35' title='bbox 2058 447 2127 502; x_wconf 89' lang='lat' dir='ltr'><strong><em>ad</em></strong></span> 
     </span>
    </p>
   </div>
   <div class='ocr_carea' id='block_1_7' title="bbox 519 542 2125 621">
    <p class='ocr_par' dir='ltr' id='par_1_7' title="bbox 519 542 2125 621">
     <span class='ocr_line' id='line_1_7' title="bbox 519 542 2125 621; baseline -0.006 -16"><span class='ocrx_word' id='word_1_36' title='bbox 519 550 862 621; x_wconf 87' lang='lat' dir='ltr'><strong><em>Philagrium,</em></strong></span> <span class='ocrx_word' id='word_1_37' title='bbox 911 557 1243 617; x_wconf 78' lang='lat' dir='ltr'><strong><em>auctoresque</em></strong></span> <span class='ocrx_word' id='word_1_38' title='bbox 1287 553 1406 601; x_wconf 83' lang='lat' dir='ltr'><strong><em>sunt</em></strong></span> <span class='ocrx_word' id='word_1_39' title='bbox 1442 586 1456 611; x_wconf 94' lang='lat'><strong><em>,</em></strong></span> <span class='ocrx_word' id='word_1_40' title='bbox 1498 554 1554 599; x_wconf 86' lang='lat' dir='ltr'><strong><em>ut</em></strong></span> <span class='ocrx_word' id='word_1_41' title='bbox 1595 543 1686 599; x_wconf 87' lang='lat' dir='ltr'><strong><em>ille</em></strong></span> <span class='ocrx_word' id='word_1_42' title='bbox 1750 542 2125 615; x_wconf 78' lang='lat' dir='ltr'><strong><em>quamprimum</em></strong></span> 
     </span>
    </p>
   </div>
   <div class='ocr_carea' id='block_1_8' title="bbox 515 637 2128 714">
    <p class='ocr_par' dir='ltr' id='par_1_8' title="bbox 515 637 2128 714">
     <span class='ocr_line' id='line_1_8' title="bbox 515 637 2128 714; baseline -0.006 -15"><span class='ocrx_word' id='word_1_43' title='bbox 515 662 630 699; x_wconf 87' lang='lat' dir='ltr'><strong><em>cum</em></strong></span> <span class='ocrx_word' id='word_1_44' title='bbox 656 642 907 714; x_wconf 81' lang='lat' dir='ltr'><strong><em>Gregorio</em></strong></span> <span class='ocrx_word' id='word_1_45' title='bbox 933 641 989 696; x_wconf 89' lang='lat' dir='ltr'><strong><em>in</em></strong></span> <span class='ocrx_word' id='word_1_46' title='bbox 1021 639 1313 714; x_wconf 66' lang='lat' dir='ltr'><strong><em>.Egyptum</em></strong></span> <span class='ocrx_word' id='word_1_47' title='bbox 1351 640 1535 706; x_wconf 87' lang='lat' dir='ltr'><strong><em>abeat;</em></strong></span> <span class='ocrx_word' id='word_1_48' title='bbox 1566 656 1626 693; x_wconf 90' lang='lat' dir='ltr'><strong><em>ac</em></strong></span> <span class='ocrx_word' id='word_1_49' title='bbox 1656 637 1829 693; x_wconf 87' lang='lat' dir='ltr'><strong><em>statim</em></strong></span> <span class='ocrx_word' id='word_1_50' title='bbox 1850 640 1966 711; x_wconf 86' lang='lat' dir='ltr'><strong><em>jam</em></strong></span> <span class='ocrx_word' id='word_1_51' title='bbox 2005 637 2128 691; x_wconf 87' lang='lat' dir='ltr'><strong><em>inde</em></strong></span> 
     </span>
    </p>
   </div>
   <div class='ocr_carea' id='block_1_9' title="bbox 513 732 2122 811">
    <p class='ocr_par' dir='ltr' id='par_1_9' title="bbox 513 732 2122 811">
     <span class='ocr_line' id='line_1_9' title="bbox 513 732 2122 811; baseline -0.006 -17"><span class='ocrx_word' id='word_1_52' title='bbox 513 740 740 811; x_wconf 81' lang='lat' dir='ltr'><strong><em>episcOpi</em></strong></span> <span class='ocrx_word' id='word_1_53' title='bbox 768 736 1196 809; x_wconf 76' lang='lat' dir='ltr'><strong><em>ﬂagellabantur,</em></strong></span> <span class='ocrx_word' id='word_1_54' title='bbox 1233 745 1279 789; x_wconf 91' lang='lat' dir='ltr'><strong><em>et</em></strong></span> <span class='ocrx_word' id='word_1_55' title='bbox 1318 735 1517 789; x_wconf 75' lang='lat' dir='ltr'><strong><em>acerbis</em></strong></span> <span class='ocrx_word' id='word_1_56' title='bbox 1543 733 1758 790; x_wconf 83' lang='lat' dir='ltr'><strong><em>vinculis</em></strong></span> <span class='ocrx_word' id='word_1_57' title='bbox 1800 732 2122 809; x_wconf 86' lang='lat' dir='ltr'><strong><em>constringe-</em></strong></span> 
     </span>
    </p>
   </div>
   <div class='ocr_carea' id='block_1_10' title="bbox 516 825 2126 896">
    <p class='ocr_par' dir='ltr' id='par_1_10' title="bbox 516 825 2126 896">
     <span class='ocr_line' id='line_1_10' title="bbox 516 825 2126 896; baseline -0.006 -9"><span class='ocrx_word' id='word_1_58' title='bbox 516 834 721 888; x_wconf 81' lang='lat' dir='ltr'><strong><em>bantur.</em></strong></span> <span class='ocrx_word' id='word_1_59' title='bbox 754 827 964 887; x_wconf 83' lang='lat' dir='ltr'><strong><em>Deinde</em></strong></span> <span class='ocrx_word' id='word_1_60' title='bbox 988 845 1114 885; x_wconf 84' lang='lat' dir='ltr'><strong><em>mox</em></strong></span> <span class='ocrx_word' id='word_1_61' title='bbox 1146 829 1216 883; x_wconf 92' lang='lat' dir='ltr'><strong><em>ibi</em></strong></span> <span class='ocrx_word' id='word_1_62' title='bbox 1252 848 1264 881; x_wconf 79' lang='lat' dir='ltr'><strong>z</strong></span> <span class='ocrx_word' id='word_1_63' title='bbox 1302 825 1419 887; x_wconf 80' lang='lat' dir='ltr'><strong><em>Heu</em></strong></span> <span class='ocrx_word' id='word_1_64' title='bbox 1466 826 1593 881; x_wconf 84' lang='lat' dir='ltr'><strong><em>mihi</em></strong></span> <span class='ocrx_word' id='word_1_65' title='bbox 1621 836 1745 896; x_wconf 90' lang='lat' dir='ltr'><strong><em>quot</em></strong></span> <span class='ocrx_word' id='word_1_66' title='bbox 1793 825 1862 879; x_wconf 89' lang='lat' dir='ltr'><strong><em>ibi</em></strong></span> <span class='ocrx_word' id='word_1_67' title='bbox 1900 825 2126 895; x_wconf 83' lang='lat' dir='ltr'><strong><em>episcopi</em></strong></span> 
     </span>
    </p>
   </div>
   <div class='ocr_carea' id='block_1_11' title="bbox 517 918 2122 996">
    <p class='ocr_par' dir='ltr' id='par_1_11' title="bbox 517 918 2122 996">
     <span class='ocr_line' id='line_1_11' title="bbox 517 918 2122 996; baseline -0.005 -15"><span class='ocrx_word' id='word_1_68' title='bbox 517 921 672 996; x_wconf 85' lang='lat' dir='ltr'><strong><em>virgis</em></strong></span> <span class='ocrx_word' id='word_1_69' title='bbox 692 924 883 979; x_wconf 85' lang='lat' dir='ltr'><strong><em>concisi</em></strong></span> <span class='ocrx_word' id='word_1_70' title='bbox 906 924 1060 978; x_wconf 84' lang='lat' dir='ltr'><strong><em>sunt!</em></strong></span> <span class='ocrx_word' id='word_1_71' title='bbox 1083 923 1150 979; x_wconf 88' lang='lat' dir='ltr'><strong><em>Et</em></strong></span> <span class='ocrx_word' id='word_1_72' title='bbox 1170 921 1313 981; x_wconf 78' lang='lat' dir='ltr'><strong><em>infra</em></strong></span> <span class='ocrx_word' id='word_1_73' title='bbox 1329 921 1397 979; x_wconf 86' lang='lat' dir='ltr'><strong><em>de</em></strong></span> <span class='ocrx_word' id='word_1_74' title='bbox 1417 920 1611 975; x_wconf 91' lang='lat' dir='ltr'><strong><em>iisdem</em></strong></span> <span class='ocrx_word' id='word_1_75' title='bbox 1634 919 1851 977; x_wconf 86' lang='lat' dir='ltr'><strong><em>Arianis</em></strong></span> <span class='ocrx_word' id='word_1_76' title='bbox 1871 918 2122 990; x_wconf 86' lang='lat' dir='ltr'><strong><em>loquens:</em></strong></span> 
     </span>
    </p>
   </div>
   <div class='ocr_carea' id='block_1_12' title="bbox 522 1007 2124 1088">
    <p class='ocr_par' dir='ltr' id='par_1_12' title="bbox 522 1007 2124 1088">
     <span class='ocr_line' id='line_1_12' title="bbox 522 1007 2124 1088; baseline -0.005 -16"><span class='ocrx_word' id='word_1_77' title='bbox 522 1016 698 1073; x_wconf 79' lang='lat' dir='ltr'><strong><em>Missis</em></strong></span> <span class='ocrx_word' id='word_1_78' title='bbox 724 1035 757 1071; x_wconf 93' lang='lat' dir='ltr'><strong><em>a</em></strong></span> <span class='ocrx_word' id='word_1_79' title='bbox 783 1015 989 1073; x_wconf 86' lang='lat' dir='ltr'><strong><em>Liberio</em></strong></span> <span class='ocrx_word' id='word_1_80' title='bbox 1016 1013 1206 1088; x_wconf 80' lang='lat' dir='ltr'><strong><em>(papa)</em></strong></span> <span class='ocrx_word' id='word_1_81' title='bbox 1235 1013 1308 1069; x_wconf 88' lang='lat' dir='ltr'><strong><em>ad</em></strong></span> <span class='ocrx_word' id='word_1_82' title='bbox 1342 1011 1600 1071; x_wconf 58' lang='lat' dir='ltr'><strong><em>Cunarum</em></strong></span> <span class='ocrx_word' id='word_1_83' title='bbox 1625 1007 1884 1083; x_wconf 67' lang='lat' dir='ltr'><strong><em>Eutr-cpio</em></strong></span> <span class='ocrx_word' id='word_1_84' title='bbox 1914 1010 2124 1082; x_wconf 81' lang='lat' dir='ltr'><strong><em>presby-</em></strong></span> 
     </span>
    </p>
   </div>
   <div class='ocr_carea' id='block_1_13' title="bbox 514 1110 2125 1180">
    <p class='ocr_par' dir='ltr' id='par_1_13' title="bbox 514 1110 2125 1180">
     <span class='ocr_line' id='line_1_13' title="bbox 514 1110 2125 1180; baseline -0.002 -13"><span class='ocrx_word' id='word_1_85' title='bbox 514 1124 651 1180; x_wconf 84' lang='lat' dir='ltr'><strong><em>tero,</em></strong></span> <span class='ocrx_word' id='word_1_86' title='bbox 686 1122 732 1167; x_wconf 90' lang='lat' dir='ltr'><strong><em>et</em></strong></span> <span class='ocrx_word' id='word_1_87' title='bbox 763 1111 973 1165; x_wconf 83' lang='lat' dir='ltr'><strong><em>Hilario</em></strong></span> <span class='ocrx_word' id='word_1_88' title='bbox 1004 1110 1255 1179; x_wconf 78' lang='lat' dir='ltr'><strong><em>diacono,</em></strong></span> <span class='ocrx_word' id='word_1_89' title='bbox 1288 1110 1508 1166; x_wconf 65' lang='lat' dir='ltr'><strong><em>onerum</em></strong></span> <span class='ocrx_word' id='word_1_90' title='bbox 1534 1122 1741 1173; x_wconf 78' lang='lat' dir='ltr'><strong><em>eorum,</em></strong></span> <span class='ocrx_word' id='word_1_91' title='bbox 1774 1122 1954 1179; x_wconf 87' lang='lat' dir='ltr'><strong><em>nempe</em></strong></span> <span class='ocrx_word' id='word_1_92' title='bbox 1982 1124 2125 1177; x_wconf 88' lang='lat' dir='ltr'><strong><em>pres-</em></strong></span> 
     </span>
    </p>
   </div>
   <div class='ocr_carea' id='block_1_14' title="bbox 515 1200 2121 1276">
    <p class='ocr_par' dir='ltr' id='par_1_14' title="bbox 515 1200 2121 1276">
     <span class='ocr_line' id='line_1_14' title="bbox 515 1200 2121 1276; baseline -0.003 -17"><span class='ocrx_word' id='word_1_93' title='bbox 515 1206 773 1276; x_wconf 83' lang='lat' dir='ltr'><strong><em>byterum,</em></strong></span> <span class='ocrx_word' id='word_1_94' title='bbox 804 1205 858 1257; x_wconf 85' lang='lat' dir='ltr'><strong><em>in</em></strong></span> <span class='ocrx_word' id='word_1_95' title='bbox 888 1203 1130 1262; x_wconf 78' lang='lat' dir='ltr'><strong><em>exsiliunt</em></strong></span> <span class='ocrx_word' id='word_1_96' title='bbox 1157 1202 1388 1259; x_wconf 79' lang='lat' dir='ltr'><strong><em>misere:</em></strong></span> <span class='ocrx_word' id='word_1_97' title='bbox 1416 1201 1637 1259; x_wconf 69' lang='lat' dir='ltr'><strong><em>alterius</em></strong></span> <span class='ocrx_word' id='word_1_98' title='bbox 1662 1214 1782 1259; x_wconf 77' lang='lat' dir='ltr'><strong><em>vero</em></strong></span> <span class='ocrx_word' id='word_1_99' title='bbox 1815 1208 1993 1271; x_wconf 81' lang='lat' dir='ltr'><strong><em>terga,</em></strong></span> <span class='ocrx_word' id='word_1_100' title='bbox 2029 1200 2121 1254; x_wconf 84' lang='lat' dir='ltr'><strong><em>de-</em></strong></span> 
     </span>
    </p>
   </div>
   <div class='ocr_carea' id='block_1_15' title="bbox 514 1294 2127 1370">
    <p class='ocr_par' dir='ltr' id='par_1_15' title="bbox 514 1294 2127 1370">
     <span class='ocr_line' id='line_1_15' title="bbox 514 1294 2127 1370; baseline -0.002 -17"><span class='ocrx_word' id='word_1_101' title='bbox 514 1300 689 1353; x_wconf 85' lang='lat' dir='ltr'><strong><em>tractis</em></strong></span> <span class='ocrx_word' id='word_1_102' title='bbox 717 1298 973 1364; x_wconf 81' lang='lat' dir='ltr'><strong><em>vestibus,</em></strong></span> <span class='ocrx_word' id='word_1_103' title='bbox 1027 1297 1253 1370; x_wconf 71' lang='lat' dir='ltr'><strong><em>ﬂagellis</em></strong></span> <span class='ocrx_word' id='word_1_104' title='bbox 1297 1296 1665 1363; x_wconf 86' lang='lat' dir='ltr'><strong><em>conciderunt,</em></strong></span> <span class='ocrx_word' id='word_1_105' title='bbox 1708 1294 2127 1369; x_wconf 71' lang='lat' dir='ltr'><strong><em>ﬂagellatumque</em></strong></span> 
     </span>
    </p>
   </div>
   <div class='ocr_carea' id='block_1_16' title="bbox 510 1386 2121 1461">
    <p class='ocr_par' dir='ltr' id='par_1_16' title="bbox 510 1386 2121 1461">
     <span class='ocr_line' id='line_1_16' title="bbox 510 1386 2121 1461; baseline -0.004 -15"><span class='ocrx_word' id='word_1_106' title='bbox 510 1400 764 1446; x_wconf 73' lang='lat' dir='ltr'><strong><em>extorrem</em></strong></span> <span class='ocrx_word' id='word_1_107' title='bbox 810 1390 997 1461; x_wconf 83' lang='lat' dir='ltr'><strong><em>fecere.</em></strong></span> <span class='ocrx_word' id='word_1_108' title='bbox 1030 1389 1321 1449; x_wconf 69' lang='lat' dir='ltr'><strong><em>Martinam</em></strong></span> <span class='ocrx_word' id='word_1_109' title='bbox 1366 1387 1777 1451; x_wconf 79' lang='lat' dir='ltr'><strong><em>Turonensem,</em></strong></span> <span class='ocrx_word' id='word_1_110' title='bbox 1812 1402 1929 1439; x_wconf 89' lang='lat' dir='ltr'><strong><em>cum</em></strong></span> <span class='ocrx_word' id='word_1_111' title='bbox 1959 1386 2121 1440; x_wconf 71' lang='lat' dir='ltr'><strong><em>luere-</em></strong></span> 
     </span>
    </p>
   </div>
   <div class='ocr_carea' id='block_1_17' title="bbox 509 1476 2123 1552">
    <p class='ocr_par' dir='ltr' id='par_1_17' title="bbox 509 1476 2123 1552">
     <span class='ocr_line' id='line_1_17' title="bbox 509 1476 2123 1552; baseline -0.003 -16"><span class='ocrx_word' id='word_1_112' title='bbox 509 1484 580 1536; x_wconf 85' lang='lat' dir='ltr'><strong><em>sis</em></strong></span> <span class='ocrx_word' id='word_1_113' title='bbox 608 1482 804 1538; x_wconf 85' lang='lat' dir='ltr'><strong><em>Ariana</em></strong></span> <span class='ocrx_word' id='word_1_114' title='bbox 831 1499 920 1552; x_wconf 88' lang='lat' dir='ltr'><strong><em>per</em></strong></span> <span class='ocrx_word' id='word_1_115' title='bbox 948 1491 1110 1537; x_wconf 86' lang='lat' dir='ltr'><strong><em>totum</em></strong></span> <span class='ocrx_word' id='word_1_116' title='bbox 1134 1482 1331 1546; x_wconf 90' lang='lat' dir='ltr'><strong><em>orbem,</em></strong></span> <span class='ocrx_word' id='word_1_117' title='bbox 1359 1492 1407 1535; x_wconf 87' lang='lat' dir='ltr'><strong><em>et</em></strong></span> <span class='ocrx_word' id='word_1_118' title='bbox 1441 1480 1662 1535; x_wconf 71' lang='lat' dir='ltr'><strong><em>maxime</em></strong></span> <span class='ocrx_word' id='word_1_119' title='bbox 1689 1479 1828 1534; x_wconf 82' lang='lat' dir='ltr'><strong><em>intra</em></strong></span> <span class='ocrx_word' id='word_1_120' title='bbox 1849 1476 2123 1549; x_wconf 68' lang='lat' dir='ltr'><strong><em>Illyricum</em></strong></span> 
     </span>
    </p>
   </div>
   <div class='ocr_carea' id='block_1_18' title="bbox 514 1571 2122 1646">
    <p class='ocr_par' dir='ltr' id='par_1_18' title="bbox 514 1571 2122 1646">
     <span class='ocr_line' id='line_1_18' title="bbox 514 1571 2122 1646; baseline -0.002 -15"><span class='ocrx_word' id='word_1_121' title='bbox 514 1576 856 1646; x_wconf 83' lang='lat' dir='ltr'><strong><em>pullulasset,</em></strong></span> <span class='ocrx_word' id='word_1_122' title='bbox 909 1575 1125 1646; x_wconf 86' lang='lat' dir='ltr'><strong><em>publice</em></strong></span> <span class='ocrx_word' id='word_1_123' title='bbox 1169 1575 1333 1645; x_wconf 80' lang='lat' dir='ltr'><strong><em>virgis</em></strong></span> <span class='ocrx_word' id='word_1_124' title='bbox 1382 1588 1585 1630; x_wconf 62' lang='lat' dir='ltr'><strong><em>cursum</em></strong></span> <span class='ocrx_word' id='word_1_125' title='bbox 1624 1580 1810 1631; x_wconf 77' lang='lat' dir='ltr'><strong><em>narrat</em></strong></span> <span class='ocrx_word' id='word_1_126' title='bbox 1850 1571 2122 1643; x_wconf 83' lang='lat' dir='ltr'><strong><em>Sulpicius</em></strong></span> 
     </span>
    </p>
   </div>
   <div class='ocr_carea' id='block_1_19' title="bbox 2231 354 3755 432">
    <p class='ocr_par' dir='ltr' id='par_1_19' title="bbox 2231 354 3755 432">
     <span class='ocr_line' id='line_1_19' title="bbox 2231 354 3755 432; baseline 0.006 -21"><span class='ocrx_word' id='word_1_127' title='bbox 2231 356 2524 430; x_wconf 85' lang='lat' dir='ltr'><strong><em>episcopos</em></strong></span> <span class='ocrx_word' id='word_1_128' title='bbox 2570 354 2738 415; x_wconf 82' lang='lat' dir='ltr'><strong><em>fuisse</em></strong></span> <span class='ocrx_word' id='word_1_129' title='bbox 2788 354 2962 415; x_wconf 78' lang='lat' dir='ltr'><strong><em>laetos</em></strong></span> <span class='ocrx_word' id='word_1_130' title='bbox 2988 398 3004 425; x_wconf 93' lang='lat'><strong><em>,</em></strong></span> <span class='ocrx_word' id='word_1_131' title='bbox 3031 355 3163 417; x_wconf 83' lang='lat' dir='ltr'><strong><em>illud</em></strong></span> <span class='ocrx_word' id='word_1_132' title='bbox 3194 357 3455 427; x_wconf 86' lang='lat' dir='ltr'><strong><em>ostendit,</em></strong></span> <span class='ocrx_word' id='word_1_133' title='bbox 3480 362 3604 432; x_wconf 86' lang='lat' dir='ltr'><strong><em>quod</em></strong></span> <span class='ocrx_word' id='word_1_134' title='bbox 3626 360 3755 420; x_wconf 83' lang='lat' dir='ltr'><strong><em>Linte-</em></strong></span> 
     </span>
    </p>
   </div>
   <div class='ocr_carea' id='block_1_20' title="bbox 2232 447 3758 523">
    <p class='ocr_par' dir='ltr' id='par_1_20' title="bbox 2232 447 3758 523">
     <span class='ocr_line' id='line_1_20' title="bbox 2232 447 3758 523; baseline 0.009 -21"><span class='ocrx_word' id='word_1_135' title='bbox 2232 449 2347 504; x_wconf 86' lang='lat' dir='ltr'><strong><em>nius</em></strong></span> <span class='ocrx_word' id='word_1_136' title='bbox 2393 447 2759 509; x_wconf 83' lang='lat' dir='ltr'><strong><em>Vcrcellensis</em></strong></span> <span class='ocrx_word' id='word_1_137' title='bbox 2789 448 3055 509; x_wconf 76' lang='lat' dir='ltr'><strong><em>Ecclesia:</em></strong></span> <span class='ocrx_word' id='word_1_138' title='bbox 3097 460 3223 523; x_wconf 89' lang='lat' dir='ltr'><strong><em>post</em></strong></span> <span class='ocrx_word' id='word_1_139' title='bbox 3256 451 3470 511; x_wconf 82' lang='lat' dir='ltr'><strong><em>Eusebii</em></strong></span> <span class='ocrx_word' id='word_1_140' title='bbox 3499 452 3670 512; x_wconf 83' lang='lat' dir='ltr'><strong><em>obitum</em></strong></span> <span class='ocrx_word' id='word_1_141' title='bbox 3689 472 3758 516; x_wconf 79' lang='lat' dir='ltr'><strong><em>att-</em></strong></span> 
     </span>
    </p>
   </div>
   <div class='ocr_carea' id='block_1_21' title="bbox 2231 542 3758 615">
    <p class='ocr_par' dir='ltr' id='par_1_21' title="bbox 2231 542 3758 615">
     <span class='ocr_line' id='line_1_21' title="bbox 2231 542 3758 615; baseline 0.008 -17"><span class='ocrx_word' id='word_1_142' title='bbox 2231 542 2385 601; x_wconf 86' lang='lat' dir='ltr'><strong><em>tistes</em></strong></span> <span class='ocrx_word' id='word_1_143' title='bbox 2411 554 2629 605; x_wconf 88' lang='lat' dir='ltr'><strong><em>creatus</em></strong></span> <span class='ocrx_word' id='word_1_144' title='bbox 2660 544 2842 615; x_wconf 88' lang='lat' dir='ltr'><strong><em>tuerit,</em></strong></span> <span class='ocrx_word' id='word_1_145' title='bbox 2878 543 3097 605; x_wconf 83' lang='lat' dir='ltr'><strong><em>Eusebii</em></strong></span> <span class='ocrx_word' id='word_1_146' title='bbox 3120 554 3302 603; x_wconf 88' lang='lat' dir='ltr'><strong><em>autem</em></strong></span> <span class='ocrx_word' id='word_1_147' title='bbox 3329 545 3503 606; x_wconf 90' lang='lat' dir='ltr'><strong><em>obitus</em></strong></span> <span class='ocrx_word' id='word_1_148' title='bbox 3529 563 3557 604; x_wconf 89' lang='lat' dir='ltr'><strong><em>a</em></strong></span> <span class='ocrx_word' id='word_1_149' title='bbox 3580 548 3758 611; x_wconf 82' lang='lat' dir='ltr'><strong><em>Baronio</em></strong></span> 
     </span>
    </p>
   </div>
   <div class='ocr_carea' id='block_1_22' title="bbox 2230 634 3761 713">
    <p class='ocr_par' dir='ltr' id='par_1_22' title="bbox 2230 634 3761 713">
     <span class='ocr_line' id='line_1_22' title="bbox 2230 634 3761 713; baseline 0.008 -24"><span class='ocrx_word' id='word_1_150' title='bbox 2230 635 2587 709; x_wconf 81' lang='lat' dir='ltr'><strong><em>consiguetur</em></strong></span> <span class='ocrx_word' id='word_1_151' title='bbox 2636 651 2783 691; x_wconf 89' lang='lat' dir='ltr'><strong><em>anno</em></strong></span> <span class='ocrx_word' id='word_1_152' title='bbox 2826 636 2926 694; x_wconf 79' lang='lat' dir='ltr'><strong><em>37l</em></strong></span> <span class='ocrx_word' id='word_1_153' title='bbox 2966 634 3079 712; x_wconf 79' lang='lat' dir='ltr'><strong><em>(f);</em></strong></span> <span class='ocrx_word' id='word_1_154' title='bbox 3109 636 3385 696; x_wconf 79' lang='lat' dir='ltr'><strong><em>Artemium</em></strong></span> <span class='ocrx_word' id='word_1_155' title='bbox 3412 654 3535 698; x_wconf 87' lang='lat' dir='ltr'><strong><em>vero</em></strong></span> <span class='ocrx_word' id='word_1_156' title='bbox 3567 652 3644 698; x_wconf 88' lang='lat' dir='ltr'><strong><em>aut</em></strong></span> <span class='ocrx_word' id='word_1_157' title='bbox 3678 643 3761 713; x_wconf 84' lang='lat' dir='ltr'><strong><em>ipso</em></strong></span> 
     </span>
    </p>
   </div>
   <div class='ocr_carea' id='block_1_23' title="bbox 2230 729 3761 805">
    <p class='ocr_par' dir='ltr' id='par_1_23' title="bbox 2230 729 3761 805">
     <span class='ocr_line' id='line_1_23' title="bbox 2230 729 3761 805; baseline 0.007 -22"><span class='ocrx_word' id='word_1_158' title='bbox 2230 744 2374 791; x_wconf 82' lang='lat' dir='ltr'><strong><em>anno</em></strong></span> <span class='ocrx_word' id='word_1_159' title='bbox 2402 730 2508 789; x_wconf 78' lang='lat'><strong><em>580</em></strong></span> <span class='ocrx_word' id='word_1_160' title='bbox 2533 729 2628 805; x_wconf 86' lang='lat' dir='ltr'><strong><em>qui</em></strong></span> <span class='ocrx_word' id='word_1_161' title='bbox 2670 731 2923 805; x_wconf 81' lang='lat' dir='ltr'><strong><em>proxime</em></strong></span> <span class='ocrx_word' id='word_1_162' title='bbox 2960 730 3313 805; x_wconf 84' lang='lat' dir='ltr'><strong><em>Aquileiense</em></strong></span> <span class='ocrx_word' id='word_1_163' title='bbox 3356 734 3622 793; x_wconf 83' lang='lat' dir='ltr'><strong><em>concilium</em></strong></span> <span class='ocrx_word' id='word_1_164' title='bbox 3658 751 3761 794; x_wconf 80' lang='lat' dir='ltr'><strong><em>anno</em></strong></span> 
     </span>
    </p>
   </div>
   <div class='ocr_carea' id='block_1_24' title="bbox 2228 824 3761 899">
    <p class='ocr_par' dir='ltr' id='par_1_24' title="bbox 2228 824 3761 899">
     <span class='ocr_line' id='line_1_24' title="bbox 2228 824 3761 899; baseline 0.003 -19"><span class='ocrx_word' id='word_1_165' title='bbox 2228 824 2327 880; x_wconf 77' lang='lat' dir='ltr'><strong><em>38l</em></strong></span> <span class='ocrx_word' id='word_1_166' title='bbox 2378 824 2713 885; x_wconf 87' lang='lat' dir='ltr'><strong><em>celebratum</em></strong></span> <span class='ocrx_word' id='word_1_167' title='bbox 2760 826 3087 898; x_wconf 65' lang='lat' dir='ltr'><strong><em>praecessit,</em></strong></span> <span class='ocrx_word' id='word_1_168' title='bbox 3148 826 3223 885; x_wconf 86' lang='lat' dir='ltr'><strong><em>ad</em></strong></span> <span class='ocrx_word' id='word_1_169' title='bbox 3272 828 3624 899; x_wconf 72' lang='lat' dir='ltr'><strong><em>episcopatum</em></strong></span> <span class='ocrx_word' id='word_1_170' title='bbox 3681 829 3761 885; x_wconf 82' lang='lat' dir='ltr'><strong><em>Sir-</em></strong></span> 
     </span>
    </p>
   </div>
   <div class='ocr_carea' id='block_1_25' title="bbox 2230 918 3760 993">
    <p class='ocr_par' dir='ltr' id='par_1_25' title="bbox 2230 918 3760 993">
     <span class='ocr_line' id='line_1_25' title="bbox 2230 918 3760 993; baseline 0.01 -22"><span class='ocrx_word' id='word_1_171' title='bbox 2230 918 2494 975; x_wconf 89' lang='lat' dir='ltr'><strong><em>miensem</em></strong></span> <span class='ocrx_word' id='word_1_172' title='bbox 2539 928 2859 990; x_wconf 76' lang='lat' dir='ltr'><strong><em>provectum</em></strong></span> <span class='ocrx_word' id='word_1_173' title='bbox 2911 920 3109 987; x_wconf 71' lang='lat' dir='ltr'><strong><em>fuisse,</em></strong></span> <span class='ocrx_word' id='word_1_174' title='bbox 3138 928 3203 976; x_wconf 81' lang='lat' dir='ltr'><strong><em>ut</em></strong></span> <span class='ocrx_word' id='word_1_175' title='bbox 3248 928 3403 991; x_wconf 78' lang='lat' dir='ltr'><strong><em>putat</em></strong></span> <span class='ocrx_word' id='word_1_176' title='bbox 3446 920 3760 993; x_wconf 70' lang='lat' dir='ltr'><strong><em>Beroniuslg).</em></strong></span> 
     </span>
    </p>
   </div>
   <div class='ocr_carea' id='block_1_26' title="bbox 2230 1012 3759 1083">
    <p class='ocr_par' dir='ltr' id='par_1_26' title="bbox 2230 1012 3759 1083">
     <span class='ocr_line' id='line_1_26' title="bbox 2230 1012 3759 1083; baseline 0.002 -16"><span class='ocrx_word' id='word_1_177' title='bbox 2230 1012 2315 1068; x_wconf 85' lang='lat' dir='ltr'><strong><em>vel</em></strong></span> <span class='ocrx_word' id='word_1_178' title='bbox 2344 1021 2493 1069; x_wconf 88' lang='lat' dir='ltr'><strong><em>certe</em></strong></span> <span class='ocrx_word' id='word_1_179' title='bbox 2521 1021 2643 1083; x_wconf 92' lang='lat' dir='ltr'><strong><em>post</em></strong></span> <span class='ocrx_word' id='word_1_180' title='bbox 2679 1027 2885 1072; x_wconf 90' lang='lat' dir='ltr'><strong><em>annum</em></strong></span> <span class='ocrx_word' id='word_1_181' title='bbox 2910 1013 3015 1073; x_wconf 74' lang='grc'><strong><em>574</em></strong></span> <span class='ocrx_word' id='word_1_182' title='bbox 3039 1056 3057 1082; x_wconf 82' lang='lat'><strong><em>,</em></strong></span> <span class='ocrx_word' id='word_1_183' title='bbox 3082 1013 3172 1073; x_wconf 83' lang='lat' dir='ltr'><strong><em>cui</em></strong></span> <span class='ocrx_word' id='word_1_184' title='bbox 3205 1014 3471 1071; x_wconf 81' lang='lat' dir='ltr'><strong><em>Ambrosii</em></strong></span> <span class='ocrx_word' id='word_1_185' title='bbox 3510 1012 3677 1071; x_wconf 84' lang='lat' dir='ltr'><strong><em>electio</em></strong></span> <span class='ocrx_word' id='word_1_186' title='bbox 3713 1016 3759 1070; x_wconf 81' lang='lat' dir='ltr'><strong><em>ad</em></strong></span> 
     </span>
    </p>
   </div>
   <div class='ocr_carea' id='block_1_27' title="bbox 2229 1105 3760 1181">
    <p class='ocr_par' dir='ltr' id='par_1_27' title="bbox 2229 1105 3760 1181">
     <span class='ocr_line' id='line_1_27' title="bbox 2229 1105 3760 1181; baseline 0.002 -20"><span class='ocrx_word' id='word_1_187' title='bbox 2229 1105 2693 1163; x_wconf 81' lang='lat' dir='ltr'><strong><em>Mediolanensem</em></strong></span> <span class='ocrx_word' id='word_1_188' title='bbox 2739 1108 3057 1166; x_wconf 80' lang='lat' dir='ltr'><strong><em>cathedram</em></strong></span> <span class='ocrx_word' id='word_1_189' title='bbox 3088 1109 3435 1181; x_wconf 85' lang='lat' dir='ltr'><strong><em>assignatur,</em></strong></span> <span class='ocrx_word' id='word_1_190' title='bbox 3478 1109 3760 1166; x_wconf 87' lang='lat' dir='ltr'><strong><em>statuendum</em></strong></span> 
     </span>
    </p>
   </div>
   <div class='ocr_carea' id='block_1_28' title="bbox 2228 1194 3763 1268">
    <p class='ocr_par' dir='ltr' id='par_1_28' title="bbox 2228 1194 3763 1268">
     <span class='ocr_line' id='line_1_28' title="bbox 2228 1194 3763 1268; baseline 0.002 -14"><span class='ocrx_word' id='word_1_191' title='bbox 2228 1199 2302 1254; x_wconf 87' lang='lat' dir='ltr'><strong><em>sit</em></strong></span> <span class='ocrx_word' id='word_1_192' title='bbox 2368 1215 2434 1256; x_wconf 81' lang='lat' dir='ltr'><strong><em>ex</em></strong></span> <span class='ocrx_word' id='word_1_193' title='bbox 2500 1194 2728 1256; x_wconf 86' lang='lat' dir='ltr'><strong><em>Paulino</em></strong></span> <span class='ocrx_word' id='word_1_194' title='bbox 2794 1200 2849 1258; x_wconf 90' lang='lat' dir='ltr'><strong><em>in</em></strong></span> <span class='ocrx_word' id='word_1_195' title='bbox 2908 1200 3034 1258; x_wconf 77' lang='lat' dir='ltr'><strong><em>Vita</em></strong></span> <span class='ocrx_word' id='word_1_196' title='bbox 3108 1200 3444 1268; x_wconf 84' lang='lat' dir='ltr'><strong><em>Ambrosii;</em></strong></span> <span class='ocrx_word' id='word_1_197' title='bbox 3507 1199 3763 1259; x_wconf 78' lang='lat' dir='ltr'><strong><em>Ambrosius</em></strong></span> 
     </span>
    </p>
   </div>
   <div class='ocr_carea' id='block_1_29' title="bbox 2228 1292 3765 1369">
    <p class='ocr_par' dir='ltr' id='par_1_29' title="bbox 2228 1292 3765 1369">
     <span class='ocr_line' id='line_1_29' title="bbox 2228 1292 3765 1369; baseline 0.001 -20"><span class='ocrx_word' id='word_1_198' title='bbox 2228 1293 2377 1351; x_wconf 89' lang='lat' dir='ltr'><strong><em>enim</em></strong></span> <span class='ocrx_word' id='word_1_199' title='bbox 2440 1292 2630 1349; x_wconf 89' lang='lat' dir='ltr'><strong><em>Sirmii</em></strong></span> <span class='ocrx_word' id='word_1_200' title='bbox 2675 1294 2892 1351; x_wconf 86' lang='lat' dir='ltr'><strong><em>Ancmii</em></strong></span> <span class='ocrx_word' id='word_1_201' title='bbox 2948 1293 3286 1352; x_wconf 86' lang='lat' dir='ltr'><strong><em>ordinationi</em></strong></span> <span class='ocrx_word' id='word_1_202' title='bbox 3324 1292 3593 1363; x_wconf 79' lang='lat' dir='ltr'><strong><em>interfuit,</em></strong></span> <span class='ocrx_word' id='word_1_203' title='bbox 3631 1294 3765 1369; x_wconf 84' lang='lat' dir='ltr'><strong><em>ibique</em></strong></span> 
     </span>
    </p>
   </div>
   <div class='ocr_carea' id='block_1_30' title="bbox 2228 1384 3765 1462">
    <p class='ocr_par' dir='ltr' id='par_1_30' title="bbox 2228 1384 3765 1462">
     <span class='ocr_line' id='line_1_30' title="bbox 2228 1384 3765 1462; baseline 0.003 -24"><span class='ocrx_word' id='word_1_204' title='bbox 2228 1384 2459 1441; x_wconf 88' lang='lat' dir='ltr'><strong><em>Arianos</em></strong></span> <span class='ocrx_word' id='word_1_205' title='bbox 2481 1386 2841 1458; x_wconf 87' lang='lat' dir='ltr'><strong><em>compescuit,</em></strong></span> <span class='ocrx_word' id='word_1_206' title='bbox 2865 1388 2955 1462; x_wconf 88' lang='lat' dir='ltr'><strong><em>qui</em></strong></span> <span class='ocrx_word' id='word_1_207' title='bbox 2980 1386 3213 1446; x_wconf 63' lang='lat' dir='ltr'><strong><em>Justinus</em></strong></span> <span class='ocrx_word' id='word_1_208' title='bbox 3235 1387 3474 1462; x_wconf 87' lang='lat' dir='ltr'><strong><em>potentia</em></strong></span> <span class='ocrx_word' id='word_1_209' title='bbox 3502 1386 3610 1442; x_wconf 81' lang='lat' dir='ltr'><strong><em>freti</em></strong></span> <span class='ocrx_word' id='word_1_210' title='bbox 3629 1386 3765 1443; x_wconf 77' lang='lat' dir='ltr'><strong><em>turbas</em></strong></span> 
     </span>
    </p>
   </div>
   <div class='ocr_carea' id='block_1_31' title="bbox 2226 1476 3763 1552">
    <p class='ocr_par' dir='ltr' id='par_1_31' title="bbox 2226 1476 3763 1552">
     <span class='ocr_line' id='line_1_31' title="bbox 2226 1476 3763 1552; baseline 0.001 -20"><span class='ocrx_word' id='word_1_211' title='bbox 2226 1476 2481 1544; x_wconf 88' lang='lat' dir='ltr'><strong><em>ciebant,</em></strong></span> <span class='ocrx_word' id='word_1_212' title='bbox 2515 1478 2805 1552; x_wconf 90' lang='lat' dir='ltr'><strong><em>ipsumque</em></strong></span> <span class='ocrx_word' id='word_1_213' title='bbox 2855 1477 3207 1536; x_wconf 88' lang='lat' dir='ltr'><strong><em>Ambrosium</em></strong></span> <span class='ocrx_word' id='word_1_214' title='bbox 3248 1478 3316 1536; x_wconf 89' lang='lat' dir='ltr'><strong><em>de</em></strong></span> <span class='ocrx_word' id='word_1_215' title='bbox 3348 1476 3577 1537; x_wconf 83' lang='lat' dir='ltr'><strong><em>Ecclesia</em></strong></span> <span class='ocrx_word' id='word_1_216' title='bbox 3615 1478 3763 1551; x_wconf 81' lang='lat' dir='ltr'><strong><em>pellere</em></strong></span> 
     </span>
    </p>
   </div>
   <div class='ocr_carea' id='block_1_32' title="bbox 2226 1569 3766 1644">
    <p class='ocr_par' dir='ltr' id='par_1_32' title="bbox 2226 1569 3766 1644">
     <span class='ocr_line' id='line_1_32' title="bbox 2226 1569 3766 1644; baseline -0.001 -18"><span class='ocrx_word' id='word_1_217' title='bbox 2226 1570 2589 1628; x_wconf 81' lang='lat' dir='ltr'><strong><em>conabantur.</em></strong></span> <span class='ocrx_word' id='word_1_218' title='bbox 2617 1569 2727 1629; x_wconf 90' lang='lat' dir='ltr'><strong><em>Sed</em></strong></span> <span class='ocrx_word' id='word_1_219' title='bbox 2776 1573 3027 1644; x_wconf 81' lang='lat' dir='ltr'><strong><em>quamvis</em></strong></span> <span class='ocrx_word' id='word_1_220' title='bbox 3072 1572 3192 1629; x_wconf 74' lang='lat' dir='ltr'><strong><em>inec</em></strong></span> <span class='ocrx_word' id='word_1_221' title='bbox 3220 1571 3293 1629; x_wconf 88' lang='lat' dir='ltr'><strong><em>ita</em></strong></span> <span class='ocrx_word' id='word_1_222' title='bbox 3316 1587 3376 1630; x_wconf 93' lang='lat' dir='ltr'><strong><em>se</em></strong></span> <span class='ocrx_word' id='word_1_223' title='bbox 3405 1570 3651 1639; x_wconf 84' lang='lat' dir='ltr'><strong><em>habeant,</em></strong></span> <span class='ocrx_word' id='word_1_224' title='bbox 3684 1584 3766 1625; x_wconf 83' lang='lat' dir='ltr'><strong><em>ma-</em></strong></span> 
     </span>
    </p>
   </div>
   <div class='ocr_carea' id='block_1_33' title="bbox 508 1662 3764 1743">
    <p class='ocr_par' dir='ltr' id='par_1_33' title="bbox 508 1662 3764 1743">
     <span class='ocr_line' id='line_1_33' title="bbox 508 1662 3764 1743; baseline 0 -23"><span class='ocrx_word' id='word_1_225' title='bbox 508 1668 609 1739; x_wconf 90' lang='lat' dir='ltr'><strong><em>(a).</em></strong></span> <span class='ocrx_word' id='word_1_226' title='bbox 644 1668 796 1724; x_wconf 80' lang='lat' dir='ltr'><strong><em>Felix</em></strong></span> <span class='ocrx_word' id='word_1_227' title='bbox 823 1669 1020 1735; x_wconf 85' lang='lat' dir='ltr'><strong><em>abbas,</em></strong></span> <span class='ocrx_word' id='word_1_228' title='bbox 1064 1683 1172 1724; x_wconf 87' lang='lat' dir='ltr'><strong><em>una</em></strong></span> <span class='ocrx_word' id='word_1_229' title='bbox 1215 1683 1341 1724; x_wconf 88' lang='lat' dir='ltr'><strong><em>cum</em></strong></span> <span class='ocrx_word' id='word_1_230' title='bbox 1369 1666 1657 1738; x_wconf 83' lang='lat' dir='ltr'><strong><em>Fulgentlo</em></strong></span> <span class='ocrx_word' id='word_1_231' title='bbox 1683 1665 1779 1743; x_wconf 87' lang='lat' dir='ltr'><strong><em>qui</em></strong></span> <span class='ocrx_word' id='word_1_232' title='bbox 1807 1674 1994 1736; x_wconf 88' lang='lat' dir='ltr'><strong><em>postea</em></strong></span> <span class='ocrx_word' id='word_1_233' title='bbox 2022 1664 2123 1721; x_wconf 87' lang='lat' dir='ltr'><strong><em>fuit</em></strong></span> <span class='ocrx_word' id='word_1_234' title='bbox 2152 1674 2202 1743; x_wconf 68' lang='grc' dir='ltr'>Β</span> <span class='ocrx_word' id='word_1_235' title='bbox 2221 1663 2344 1735; x_wconf 84' lang='lat' dir='ltr'><strong><em>jura</em></strong></span> <span class='ocrx_word' id='word_1_236' title='bbox 2378 1664 2735 1723; x_wconf 83' lang='lat' dir='ltr'><strong><em>nihilominus</em></strong></span> <span class='ocrx_word' id='word_1_237' title='bbox 2781 1666 3058 1723; x_wconf 85' lang='lat' dir='ltr'><strong><em>rationum</em></strong></span> <span class='ocrx_word' id='word_1_238' title='bbox 3108 1675 3387 1724; x_wconf 90' lang='lat' dir='ltr'><strong><em>momenta</em></strong></span> <span class='ocrx_word' id='word_1_239' title='bbox 3436 1672 3583 1732; x_wconf 89' lang='lat' dir='ltr'><strong><em>sunt,</em></strong></span> <span class='ocrx_word' id='word_1_240' title='bbox 3619 1662 3764 1736; x_wconf 78' lang='lat' dir='ltr'><strong><em>quibus</em></strong></span> 
     </span>
    </p>
   </div>
   <div class='ocr_carea' id='block_1_34' title="bbox 510 1759 2117 1835">
    <p class='ocr_par' dir='ltr' id='par_1_34' title="bbox 510 1759 2117 1835">
     <span class='ocr_line' id='line_1_34' title="bbox 510 1759 2117 1835; baseline -0.001 -18"><span class='ocrx_word' id='word_1_241' title='bbox 510 1762 807 1833; x_wconf 78' lang='lat' dir='ltr'><strong><em>Ruspensis</em></strong></span> <span class='ocrx_word' id='word_1_242' title='bbox 833 1763 1144 1835; x_wconf 85' lang='lat' dir='ltr'><strong><em>episcopus,</em></strong></span> <span class='ocrx_word' id='word_1_243' title='bbox 1180 1762 1409 1833; x_wconf 83' lang='lat' dir='ltr'><strong><em>ﬂagellis</em></strong></span> <span class='ocrx_word' id='word_1_244' title='bbox 1456 1762 1582 1817; x_wconf 67' lang='lat' dir='ltr'><strong><em>caesi</em></strong></span> <span class='ocrx_word' id='word_1_245' title='bbox 1607 1802 1620 1824; x_wconf 90' lang='lat'><strong><em>,</em></strong></span> <span class='ocrx_word' id='word_1_246' title='bbox 1650 1761 1807 1829; x_wconf 88' lang='lat' dir='ltr'><strong><em>jussu</em></strong></span> <span class='ocrx_word' id='word_1_247' title='bbox 1833 1759 2117 1831; x_wconf 85' lang='lat' dir='ltr'><strong><em>cujusdam</em></strong></span> 
     </span>
    </p>
   </div>
   <div class='ocr_carea' id='block_1_35' title="bbox 506 1851 2121 1927">
    <p class='ocr_par' dir='ltr' id='par_1_35' title="bbox 506 1851 2121 1927">
     <span class='ocr_line' id='line_1_35' title="bbox 506 1851 2121 1927; baseline -0.004 -16"><span class='ocrx_word' id='word_1_248' title='bbox 506 1856 692 1911; x_wconf 85' lang='lat' dir='ltr'><strong><em>Ariani</em></strong></span> <span class='ocrx_word' id='word_1_249' title='bbox 722 1856 1045 1927; x_wconf 79' lang='lat' dir='ltr'><strong><em>presbyteri,</em></strong></span> <span class='ocrx_word' id='word_1_250' title='bbox 1071 1864 1445 1911; x_wconf 86' lang='lat' dir='ltr'><strong><em>memorantur</em></strong></span> <span class='ocrx_word' id='word_1_251' title='bbox 1472 1854 1541 1909; x_wconf 90' lang='lat' dir='ltr'><strong><em>ab</em></strong></span> <span class='ocrx_word' id='word_1_252' title='bbox 1563 1861 1788 1910; x_wconf 88' lang='lat' dir='ltr'><strong><em>auctore</em></strong></span> <span class='ocrx_word' id='word_1_253' title='bbox 1811 1851 1950 1908; x_wconf 66' lang='lat' dir='ltr'><strong><em>Vitae</em></strong></span> <span class='ocrx_word' id='word_1_254' title='bbox 1976 1851 2121 1908; x_wconf 83' lang='lat' dir='ltr'><strong><em>beati</em></strong></span> 
     </span>
    </p>
   </div>
   <div class='ocr_carea' id='block_1_36' title="bbox 510 1948 1270 2021">
    <p class='ocr_par' dir='ltr' id='par_1_36' title="bbox 510 1948 1270 2021">
     <span class='ocr_line' id='line_1_36' title="bbox 510 1948 1270 2021; baseline -0.005 -16"><span class='ocrx_word' id='word_1_255' title='bbox 510 1948 781 2021; x_wconf 77' lang='lat' dir='ltr'><strong><em>Fulgentii</em></strong></span> <span class='ocrx_word' id='word_1_256' title='bbox 806 1964 856 2004; x_wconf 91' lang='lat' dir='ltr'><strong><em>c.</em></strong></span> <span class='ocrx_word' id='word_1_257' title='bbox 894 1949 964 2005; x_wconf 81' lang='lat' dir='ltr'><strong><em>i0</em></strong></span> <span class='ocrx_word' id='word_1_258' title='bbox 986 1955 1044 2005; x_wconf 85' lang='lat' dir='ltr'><strong><em>et</em></strong></span> <span class='ocrx_word' id='word_1_259' title='bbox 1075 1950 1133 2005; x_wconf 83' lang='grc'><strong><em>11</em></strong></span> <span class='ocrx_word' id='word_1_260' title='bbox 1173 1948 1270 2019; x_wconf 86' lang='lat' dir='ltr'><strong><em>(b).</em></strong></span> 
     </span>
    </p>
   </div>
   <div class='ocr_carea' id='block_1_37' title="bbox 578 2039 2124 2116">
    <p class='ocr_par' dir='ltr' id='par_1_37' title="bbox 578 2039 2124 2116">
     <span class='ocr_line' id='line_1_37' title="bbox 578 2039 2124 2116; baseline -0.002 -17"><span class='ocrx_word' id='word_1_261' title='bbox 578 2045 631 2101; x_wconf 85' lang='lat'><strong><em>5.</em></strong></span> <span class='ocrx_word' id='word_1_262' title='bbox 676 2046 753 2101; x_wconf 87' lang='lat' dir='ltr'><strong><em>De</em></strong></span> <span class='ocrx_word' id='word_1_263' title='bbox 782 2054 1029 2115; x_wconf 89' lang='lat' dir='ltr'><strong><em>tempore</em></strong></span> <span class='ocrx_word' id='word_1_264' title='bbox 1070 2059 1178 2116; x_wconf 90' lang='lat' dir='ltr'><strong><em>quo</em></strong></span> <span class='ocrx_word' id='word_1_265' title='bbox 1228 2042 1557 2098; x_wconf 86' lang='lat' dir='ltr'><strong><em>Philastrius</em></strong></span> <span class='ocrx_word' id='word_1_266' title='bbox 1588 2039 1783 2098; x_wconf 88' lang='lat' dir='ltr'><strong><em>sedere</em></strong></span> <span class='ocrx_word' id='word_1_267' title='bbox 1828 2040 1881 2095; x_wconf 90' lang='lat' dir='ltr'><strong><em>in</em></strong></span> <span class='ocrx_word' id='word_1_268' title='bbox 1910 2040 2124 2112; x_wconf 90' lang='lat' dir='ltr'><strong><em>episco-</em></strong></span> 
     </span>
    </p>
   </div>
   <div class='ocr_carea' id='block_1_38' title="bbox 507 2131 2121 2210">
    <p class='ocr_par' dir='ltr' id='par_1_38' title="bbox 507 2131 2121 2210">
     <span class='ocr_line' id='line_1_38' title="bbox 507 2131 2121 2210; baseline -0.004 -17"><span class='ocrx_word' id='word_1_269' title='bbox 507 2148 634 2210; x_wconf 84' lang='lat' dir='ltr'><strong><em>patu</em></strong></span> <span class='ocrx_word' id='word_1_270' title='bbox 685 2138 942 2193; x_wconf 82' lang='lat' dir='ltr'><strong><em>Brixiano</em></strong></span> <span class='ocrx_word' id='word_1_271' title='bbox 986 2136 1215 2209; x_wconf 65' lang='lat' dir='ltr'><strong><em>coeperit</em></strong></span> <span class='ocrx_word' id='word_1_272' title='bbox 1242 2178 1256 2200; x_wconf 92' lang='lat'><strong><em>,</em></strong></span> <span class='ocrx_word' id='word_1_273' title='bbox 1293 2150 1400 2189; x_wconf 92' lang='lat' dir='ltr'><strong><em>non</em></strong></span> <span class='ocrx_word' id='word_1_274' title='bbox 1454 2134 1648 2205; x_wconf 88' lang='lat' dir='ltr'><strong><em>liquet.</em></strong></span> <span class='ocrx_word' id='word_1_275' title='bbox 1694 2131 1831 2188; x_wconf 85' lang='lat' dir='ltr'><strong><em>Eum</em></strong></span> <span class='ocrx_word' id='word_1_276' title='bbox 1862 2140 1990 2189; x_wconf 89' lang='lat' dir='ltr'><strong><em>ante</em></strong></span> <span class='ocrx_word' id='word_1_277' title='bbox 2018 2147 2121 2188; x_wconf 85' lang='lat' dir='ltr'><strong><em>an-</em></strong></span> 
     </span>
    </p>
   </div>
   <div class='ocr_carea' id='block_1_39' title="bbox 506 2225 2119 2302">
    <p class='ocr_par' dir='ltr' id='par_1_39' title="bbox 506 2225 2119 2302">
     <span class='ocr_line' id='line_1_39' title="bbox 506 2225 2119 2302; baseline -0.004 -15"><span class='ocrx_word' id='word_1_278' title='bbox 506 2248 634 2287; x_wconf 89' lang='lat' dir='ltr'><strong><em>num</em></strong></span> <span class='ocrx_word' id='word_1_279' title='bbox 665 2232 791 2297; x_wconf 78' lang='lat'><strong><em>565,</em></strong></span> <span class='ocrx_word' id='word_1_280' title='bbox 823 2245 930 2302; x_wconf 90' lang='lat' dir='ltr'><strong><em>quo</em></strong></span> <span class='ocrx_word' id='word_1_281' title='bbox 962 2228 1201 2285; x_wconf 75' lang='lat' dir='ltr'><strong><em>Hilarius</em></strong></span> <span class='ocrx_word' id='word_1_282' title='bbox 1220 2227 1528 2284; x_wconf 83' lang='lat' dir='ltr'><strong><em>Mediolano</em></strong></span> <span class='ocrx_word' id='word_1_283' title='bbox 1554 2226 1707 2282; x_wconf 89' lang='lat' dir='ltr'><strong><em>abire</em></strong></span> <span class='ocrx_word' id='word_1_284' title='bbox 1731 2225 1936 2295; x_wconf 88' lang='lat' dir='ltr'><strong><em>jussus,</em></strong></span> <span class='ocrx_word' id='word_1_285' title='bbox 1971 2226 2119 2299; x_wconf 87' lang='lat' dir='ltr'><strong><em>epis-</em></strong></span> 
     </span>
    </p>
   </div>
   <div class='ocr_carea' id='block_1_40' title="bbox 506 2318 2120 2394">
    <p class='ocr_par' dir='ltr' id='par_1_40' title="bbox 506 2318 2120 2394">
     <span class='ocr_line' id='line_1_40' title="bbox 506 2318 2120 2394; baseline -0.006 -13"><span class='ocrx_word' id='word_1_286' title='bbox 506 2334 733 2394; x_wconf 77' lang='lat' dir='ltr'><strong><em>COpatus</em></strong></span> <span class='ocrx_word' id='word_1_287' title='bbox 759 2322 987 2394; x_wconf 88' lang='lat' dir='ltr'><strong><em>gradum</em></strong></span> <span class='ocrx_word' id='word_1_288' title='bbox 1035 2322 1315 2387; x_wconf 85' lang='lat' dir='ltr'><strong><em>tenuisse,</em></strong></span> <span class='ocrx_word' id='word_1_289' title='bbox 1344 2335 1411 2375; x_wconf 89' lang='lat' dir='ltr'><strong><em>ea</em></strong></span> <span class='ocrx_word' id='word_1_290' title='bbox 1451 2335 1573 2390; x_wconf 71' lang='lat' dir='ltr'><strong><em>qua:</em></strong></span> <span class='ocrx_word' id='word_1_291' title='bbox 1612 2334 1735 2375; x_wconf 81' lang='lat' dir='ltr'><strong><em>mox</em></strong></span> <span class='ocrx_word' id='word_1_292' title='bbox 1766 2318 1912 2375; x_wconf 89' lang='lat' dir='ltr'><strong><em>dicta</em></strong></span> <span class='ocrx_word' id='word_1_293' title='bbox 1956 2326 2120 2386; x_wconf 90' lang='lat' dir='ltr'><strong><em>sunt,</em></strong></span> 
     </span>
    </p>
   </div>
   <div class='ocr_carea' id='block_1_41' title="bbox 506 2410 2123 2486">
    <p class='ocr_par' dir='ltr' id='par_1_41' title="bbox 506 2410 2123 2486">
     <span class='ocr_line' id='line_1_41' title="bbox 506 2410 2123 2486; baseline -0.002 -15"><span class='ocrx_word' id='word_1_294' title='bbox 506 2415 833 2486; x_wconf 81' lang='lat' dir='ltr'><strong><em>persuadere</em></strong></span> <span class='ocrx_word' id='word_1_295' title='bbox 864 2423 1119 2485; x_wconf 86' lang='lat' dir='ltr'><strong><em>possunt;</em></strong></span> <span class='ocrx_word' id='word_1_296' title='bbox 1155 2428 1325 2484; x_wconf 89' lang='lat' dir='ltr'><strong><em>quare</em></strong></span> <span class='ocrx_word' id='word_1_297' title='bbox 1355 2412 1622 2468; x_wconf 86' lang='lat' dir='ltr'><strong><em>Baronius</em></strong></span> <span class='ocrx_word' id='word_1_298' title='bbox 1643 2411 1759 2485; x_wconf 88' lang='lat' dir='ltr'><strong><em>ipse</em></strong></span> <span class='ocrx_word' id='word_1_299' title='bbox 1784 2411 1877 2468; x_wconf 84' lang='lat' dir='ltr'><strong><em>ubi</em></strong></span> <span class='ocrx_word' id='word_1_300' title='bbox 1904 2410 1979 2468; x_wconf 83' lang='lat' dir='ltr'><strong><em>de</em></strong></span> <span class='ocrx_word' id='word_1_301' title='bbox 2002 2426 2123 2469; x_wconf 88' lang='lat' dir='ltr'><strong><em>cer-</em></strong></span> 
     </span>
    </p>
   </div>
   <div class='ocr_carea' id='block_1_42' title="bbox 508 2503 2124 2578">
    <p class='ocr_par' dir='ltr' id='par_1_42' title="bbox 508 2503 2124 2578">
     <span class='ocr_line' id='line_1_42' title="bbox 508 2503 2124 2578; baseline -0.001 -15"><span class='ocrx_word' id='word_1_302' title='bbox 508 2508 799 2563; x_wconf 86' lang='lat' dir='ltr'><strong><em>taminibus</em></strong></span> <span class='ocrx_word' id='word_1_303' title='bbox 826 2507 897 2563; x_wconf 91' lang='lat' dir='ltr'><strong><em>ab</em></strong></span> <span class='ocrx_word' id='word_1_304' title='bbox 934 2507 1211 2578; x_wconf 88' lang='lat' dir='ltr'><strong><em>episcopis</em></strong></span> <span class='ocrx_word' id='word_1_305' title='bbox 1244 2520 1371 2563; x_wconf 88' lang='lat' dir='ltr'><strong><em>cum</em></strong></span> <span class='ocrx_word' id='word_1_306' title='bbox 1402 2506 1677 2563; x_wconf 79' lang='lat' dir='ltr'><strong><em>Auxentio</em></strong></span> <span class='ocrx_word' id='word_1_307' title='bbox 1704 2503 1997 2562; x_wconf 82' lang='lat' dir='ltr'><strong><em>Mediolani</em></strong></span> <span class='ocrx_word' id='word_1_308' title='bbox 2026 2504 2124 2562; x_wconf 85' lang='lat' dir='ltr'><strong><em>ba-</em></strong></span> 
     </span>
    </p>
   </div>
   <div class='ocr_carea' id='block_1_43' title="bbox 503 2597 2117 2669">
    <p class='ocr_par' dir='ltr' id='par_1_43' title="bbox 503 2597 2117 2669">
     <span class='ocr_line' id='line_1_43' title="bbox 503 2597 2117 2669; baseline -0.004 -11"><span class='ocrx_word' id='word_1_309' title='bbox 503 2602 633 2658; x_wconf 88' lang='lat' dir='ltr'><strong><em>bitis</em></strong></span> <span class='ocrx_word' id='word_1_310' title='bbox 662 2601 905 2669; x_wconf 83' lang='lat' dir='ltr'><strong><em>disserit,</em></strong></span> <span class='ocrx_word' id='word_1_311' title='bbox 934 2600 1291 2656; x_wconf 83' lang='lat' dir='ltr'><strong><em>Philastrium</em></strong></span> <span class='ocrx_word' id='word_1_312' title='bbox 1318 2614 1443 2656; x_wconf 90' lang='lat' dir='ltr'><strong><em>cum</em></strong></span> <span class='ocrx_word' id='word_1_313' title='bbox 1476 2598 1721 2655; x_wconf 80' lang='lat' dir='ltr'><strong><em>Eusebio</em></strong></span> <span class='ocrx_word' id='word_1_314' title='bbox 1746 2597 2086 2655; x_wconf 75' lang='lat' dir='ltr'><strong><em>Vercellensi</em></strong></span> <span class='ocrx_word' id='word_1_315' title='bbox 2104 2640 2117 2666; x_wconf 90' lang='lat'><strong><em>,</em></strong></span> 
     </span>
    </p>
   </div>
   <div class='ocr_carea' id='block_1_44' title="bbox 500 2690 2117 2768">
    <p class='ocr_par' dir='ltr' id='par_1_44' title="bbox 500 2690 2117 2768">
     <span class='ocr_line' id='line_1_44' title="bbox 500 2690 2117 2768; baseline -0.004 -16"><span class='ocrx_word' id='word_1_316' title='bbox 500 2705 557 2753; x_wconf 88' lang='lat' dir='ltr'><strong><em>et</em></strong></span> <span class='ocrx_word' id='word_1_317' title='bbox 606 2696 836 2768; x_wconf 75' lang='lat' dir='ltr'><strong><em>Evagrio</em></strong></span> <span class='ocrx_word' id='word_1_318' title='bbox 882 2694 1225 2752; x_wconf 83' lang='lat' dir='ltr'><strong><em>Antiocheno</em></strong></span> <span class='ocrx_word' id='word_1_319' title='bbox 1273 2692 1558 2765; x_wconf 87' lang='lat' dir='ltr'><strong><em>conjungit</em></strong></span> <span class='ocrx_word' id='word_1_320' title='bbox 1611 2690 1718 2765; x_wconf 86' lang='lat' dir='ltr'><strong><em>(c);</em></strong></span> <span class='ocrx_word' id='word_1_321' title='bbox 1774 2691 1902 2764; x_wconf 90' lang='lat' dir='ltr'><strong><em>quin</em></strong></span> <span class='ocrx_word' id='word_1_322' title='bbox 1955 2692 2117 2747; x_wconf 90' lang='lat' dir='ltr'><strong><em>etiam</em></strong></span> 
     </span>
    </p>
   </div>
   <div class='ocr_carea' id='block_1_45' title="bbox 500 2783 2115 2860">
    <p class='ocr_par' dir='ltr' id='par_1_45' title="bbox 500 2783 2115 2860">
     <span class='ocr_line' id='line_1_45' title="bbox 500 2783 2115 2860; baseline -0.003 -15"><span class='ocrx_word' id='word_1_323' title='bbox 500 2790 664 2860; x_wconf 86' lang='lat' dir='ltr'><strong><em>paulo</em></strong></span> <span class='ocrx_word' id='word_1_324' title='bbox 687 2798 807 2860; x_wconf 83' lang='lat' dir='ltr'><strong><em>post</em></strong></span> <span class='ocrx_word' id='word_1_325' title='bbox 840 2802 1136 2845; x_wconf 87' lang='lat' dir='ltr'><strong><em>recensens</em></strong></span> <span class='ocrx_word' id='word_1_326' title='bbox 1168 2785 1422 2842; x_wconf 81' lang='lat' dir='ltr'><strong><em>Auxentii</em></strong></span> <span class='ocrx_word' id='word_1_327' title='bbox 1467 2784 1671 2856; x_wconf 82' lang='lat' dir='ltr'><strong><em>ﬂagitia</em></strong></span> <span class='ocrx_word' id='word_1_328' title='bbox 1695 2828 1708 2849; x_wconf 92' lang='lat'><strong><em>,</em></strong></span> <span class='ocrx_word' id='word_1_329' title='bbox 1740 2783 1935 2855; x_wconf 89' lang='lat' dir='ltr'><strong><em>quibus</em></strong></span> <span class='ocrx_word' id='word_1_330' title='bbox 1968 2785 2115 2856; x_wconf 86' lang='lat' dir='ltr'><strong><em>epis-</em></strong></span> 
     </span>
    </p>
   </div>
   <div class='ocr_carea' id='block_1_46' title="bbox 501 2878 2119 2951">
    <p class='ocr_par' dir='ltr' id='par_1_46' title="bbox 501 2878 2119 2951">
     <span class='ocr_line' id='line_1_46' title="bbox 501 2878 2119 2951; baseline -0.002 -14"><span class='ocrx_word' id='word_1_331' title='bbox 501 2897 671 2951; x_wconf 84' lang='lat' dir='ltr'><strong><em>copos</em></strong></span> <span class='ocrx_word' id='word_1_332' title='bbox 714 2881 1010 2937; x_wconf 64' lang='lat' dir='ltr'><strong><em>Catholicae</em></strong></span> <span class='ocrx_word' id='word_1_333' title='bbox 1040 2880 1300 2937; x_wconf 65' lang='lat' dir='ltr'><strong><em>Ecclesiae</em></strong></span> <span class='ocrx_word' id='word_1_334' title='bbox 1331 2879 1594 2944; x_wconf 80' lang='lat' dir='ltr'><strong><em>vexabat,</em></strong></span> <span class='ocrx_word' id='word_1_335' title='bbox 1631 2878 1980 2934; x_wconf 87' lang='lat' dir='ltr'><strong><em>Philastrium</em></strong></span> <span class='ocrx_word' id='word_1_336' title='bbox 2021 2894 2119 2935; x_wconf 82' lang='lat' dir='ltr'><strong><em>ex-</em></strong></span> 
     </span>
    </p>
   </div>
   <div class='ocr_carea' id='block_1_47' title="bbox 502 2969 2118 3045">
    <p class='ocr_par' dir='ltr' id='par_1_47' title="bbox 502 2969 2118 3045">
     <span class='ocr_line' id='line_1_47' title="bbox 502 2969 2118 3045; baseline -0.002 -17"><span class='ocrx_word' id='word_1_337' title='bbox 502 2988 693 3044; x_wconf 76' lang='lat' dir='ltr'><strong><em>presse</em></strong></span> <span class='ocrx_word' id='word_1_338' title='bbox 736 2974 1052 3043; x_wconf 86' lang='lat' dir='ltr'><strong><em>episcopum</em></strong></span> <span class='ocrx_word' id='word_1_339' title='bbox 1096 2981 1253 3027; x_wconf 87' lang='lat' dir='ltr'><strong><em>vocat</em></strong></span> <span class='ocrx_word' id='word_1_340' title='bbox 1302 2969 1419 3045; x_wconf 76' lang='grc' dir='ltr'><strong><em>(ά).</em></strong></span> <span class='ocrx_word' id='word_1_341' title='bbox 1453 2969 1608 3040; x_wconf 86' lang='lat' dir='ltr'><strong><em>Quod</em></strong></span> <span class='ocrx_word' id='word_1_342' title='bbox 1649 2971 1941 3026; x_wconf 63' lang='lat' dir='ltr'><strong><em>sententias</em></strong></span> <span class='ocrx_word' id='word_1_343' title='bbox 1990 2970 2118 3025; x_wconf 86' lang='lat' dir='ltr'><strong><em>huic</em></strong></span> 
     </span>
    </p>
   </div>
   <div class='ocr_carea' id='block_1_48' title="bbox 2224 1754 3764 1833">
    <p class='ocr_par' dir='ltr' id='par_1_48' title="bbox 2224 1754 3764 1833">
     <span class='ocr_line' id='line_1_48' title="bbox 2224 1754 3764 1833; baseline -0.002 -22"><span class='ocrx_word' id='word_1_344' title='bbox 2224 1754 2293 1811; x_wconf 88' lang='lat' dir='ltr'><strong><em>ad</em></strong></span> <span class='ocrx_word' id='word_1_345' title='bbox 2334 1755 2671 1817; x_wconf 89' lang='lat' dir='ltr'><strong><em>credendum</em></strong></span> <span class='ocrx_word' id='word_1_346' title='bbox 2701 1756 3054 1833; x_wconf 55' lang='lat' dir='ltr'><strong><em>adducimur;</em></strong></span> <span class='ocrx_word' id='word_1_347' title='bbox 3098 1757 3448 1814; x_wconf 85' lang='lat' dir='ltr'><strong><em>Philastrium</em></strong></span> <span class='ocrx_word' id='word_1_348' title='bbox 3496 1754 3648 1813; x_wconf 87' lang='lat' dir='ltr'><strong><em>multo</em></strong></span> <span class='ocrx_word' id='word_1_349' title='bbox 3675 1762 3764 1808; x_wconf 79' lang='lat' dir='ltr'><strong><em>ante</em></strong></span> 
     </span>
    </p>
   </div>
   <div class='ocr_carea' id='block_1_49' title="bbox 2226 1847 3760 1924">
    <p class='ocr_par' dir='ltr' id='par_1_49' title="bbox 2226 1847 3760 1924">
     <span class='ocr_line' id='line_1_49' title="bbox 2226 1847 3760 1924; baseline -0.004 -19"><span class='ocrx_word' id='word_1_350' title='bbox 2226 1848 2535 1905; x_wconf 86' lang='lat' dir='ltr'><strong><em>Limenium</em></strong></span> <span class='ocrx_word' id='word_1_351' title='bbox 2566 1892 2581 1918; x_wconf 91' lang='lat'><strong><em>,</em></strong></span> <span class='ocrx_word' id='word_1_352' title='bbox 2612 1859 2667 1907; x_wconf 92' lang='lat' dir='ltr'><strong><em>et</em></strong></span> <span class='ocrx_word' id='word_1_353' title='bbox 2714 1851 3042 1921; x_wconf 86' lang='lat' dir='ltr'><strong><em>Anemium,</em></strong></span> <span class='ocrx_word' id='word_1_354' title='bbox 3078 1852 3398 1924; x_wconf 85' lang='lat' dir='ltr'><strong><em>episcopum</em></strong></span> <span class='ocrx_word' id='word_1_355' title='bbox 3446 1863 3556 1906; x_wconf 86' lang='lat' dir='ltr'><strong><em>esse</em></strong></span> <span class='ocrx_word' id='word_1_356' title='bbox 3593 1847 3760 1903; x_wconf 84' lang='lat' dir='ltr'><strong><em>factum.</em></strong></span> 
     </span>
    </p>
   </div>
   <div class='ocr_carea' id='block_1_50' title="bbox 2224 1941 3760 2019">
    <p class='ocr_par' dir='ltr' id='par_1_50' title="bbox 2224 1941 3760 2019">
     <span class='ocr_line' id='line_1_50' title="bbox 2224 1941 3760 2019; baseline -0.001 -20"><span class='ocrx_word' id='word_1_357' title='bbox 2224 1941 2381 2000; x_wconf 87' lang='lat' dir='ltr'><strong><em>Patet</em></strong></span> <span class='ocrx_word' id='word_1_358' title='bbox 2420 1946 2570 2003; x_wconf 91' lang='lat' dir='ltr'><strong><em>enim</em></strong></span> <span class='ocrx_word' id='word_1_359' title='bbox 2601 1944 2899 2005; x_wconf 84' lang='lat' dir='ltr'><strong><em>Gaudentii</em></strong></span> <span class='ocrx_word' id='word_1_360' title='bbox 2923 1945 3226 2003; x_wconf 86' lang='lat' dir='ltr'><strong><em>auctoritas</em></strong></span> <span class='ocrx_word' id='word_1_361' title='bbox 3252 1988 3266 2013; x_wconf 90' lang='lat'><strong><em>,</em></strong></span> <span class='ocrx_word' id='word_1_362' title='bbox 3295 1944 3445 2019; x_wconf 82' lang='lat' dir='ltr'><strong><em>cujus</em></strong></span> <span class='ocrx_word' id='word_1_363' title='bbox 3477 1943 3622 2001; x_wconf 84' lang='lat' dir='ltr'><strong><em>verba</em></strong></span> <span class='ocrx_word' id='word_1_364' title='bbox 3643 1955 3760 2012; x_wconf 84' lang='lat' dir='ltr'><strong><em>supe-</em></strong></span> 
     </span>
    </p>
   </div>
   <div class='ocr_carea' id='block_1_51' title="bbox 2226 2036 3755 2113">
    <p class='ocr_par' dir='ltr' id='par_1_51' title="bbox 2226 2036 3755 2113">
     <span class='ocr_line' id='line_1_51' title="bbox 2226 2036 3755 2113; baseline 0.005 -22"><span class='ocrx_word' id='word_1_365' title='bbox 2226 2036 2341 2094; x_wconf 85' lang='lat' dir='ltr'><strong><em>rius</em></strong></span> <span class='ocrx_word' id='word_1_366' title='bbox 2382 2037 2552 2094; x_wconf 89' lang='lat' dir='ltr'><strong><em>relata</em></strong></span> <span class='ocrx_word' id='word_1_367' title='bbox 2586 2038 2802 2095; x_wconf 88' lang='lat' dir='ltr'><strong><em>nonnisi</em></strong></span> <span class='ocrx_word' id='word_1_368' title='bbox 2830 2038 3091 2113; x_wconf 89' lang='lat' dir='ltr'><strong><em>episcopo</em></strong></span> <span class='ocrx_word' id='word_1_369' title='bbox 3143 2040 3319 2113; x_wconf 90' lang='lat' dir='ltr'><strong><em>aptari</em></strong></span> <span class='ocrx_word' id='word_1_370' title='bbox 3352 2048 3573 2111; x_wconf 86' lang='lat' dir='ltr'><strong><em>queunt;</em></strong></span> <span class='ocrx_word' id='word_1_371' title='bbox 3604 2047 3755 2105; x_wconf 72' lang='lat' dir='ltr'><strong><em>neque.</em></strong></span> 
     </span>
    </p>
   </div>
   <div class='ocr_carea' id='block_1_52' title="bbox 2223 2127 3760 2205">
    <p class='ocr_par' dir='ltr' id='par_1_52' title="bbox 2223 2127 3760 2205">
     <span class='ocr_line' id='line_1_52' title="bbox 2223 2127 3760 2205; baseline -0.001 -18"><span class='ocrx_word' id='word_1_372' title='bbox 2223 2140 2282 2187; x_wconf 92' lang='lat' dir='ltr'><strong><em>ut</em></strong></span> <span class='ocrx_word' id='word_1_373' title='bbox 2304 2131 2414 2205; x_wconf 90' lang='lat' dir='ltr'><strong><em>jam</em></strong></span> <span class='ocrx_word' id='word_1_374' title='bbox 2439 2130 2696 2201; x_wconf 76' lang='lat' dir='ltr'><strong><em>diximus,</em></strong></span> <span class='ocrx_word' id='word_1_375' title='bbox 2729 2133 2996 2190; x_wconf 80' lang='lat' dir='ltr'><strong><em>Ecclesiae</em></strong></span> <span class='ocrx_word' id='word_1_376' title='bbox 3017 2129 3321 2191; x_wconf 76' lang='lat' dir='ltr'><strong><em>Catholica:</em></strong></span> <span class='ocrx_word' id='word_1_377' title='bbox 3341 2147 3495 2189; x_wconf 86' lang='lat' dir='ltr'><strong><em>causa</em></strong></span> <span class='ocrx_word' id='word_1_378' title='bbox 3518 2130 3579 2186; x_wconf 84' lang='lat' dir='ltr'><strong><em>ab</em></strong></span> <span class='ocrx_word' id='word_1_379' title='bbox 3595 2127 3760 2195; x_wconf 79' lang='lat' dir='ltr'><strong><em>homine</em></strong></span> 
     </span>
    </p>
   </div>
   <div class='ocr_carea' id='block_1_53' title="bbox 2222 2217 3756 2298">
    <p class='ocr_par' dir='ltr' id='par_1_53' title="bbox 2222 2217 3756 2298">
     <span class='ocr_line' id='line_1_53' title="bbox 2222 2217 3756 2298; baseline -0.003 -18"><span class='ocrx_word' id='word_1_380' title='bbox 2222 2225 2475 2297; x_wconf 88' lang='lat' dir='ltr'><strong><em>privato,</em></strong></span> <span class='ocrx_word' id='word_1_381' title='bbox 2512 2225 2654 2282; x_wconf 89' lang='lat' dir='ltr'><strong><em>inter</em></strong></span> <span class='ocrx_word' id='word_1_382' title='bbox 2703 2235 2782 2281; x_wconf 88' lang='lat' dir='ltr'><strong><em>tot</em></strong></span> <span class='ocrx_word' id='word_1_383' title='bbox 2830 2226 3134 2298; x_wconf 88' lang='lat' dir='ltr'><strong><em>procellas,</em></strong></span> <span class='ocrx_word' id='word_1_384' title='bbox 3191 2241 3292 2298; x_wconf 87' lang='lat' dir='ltr'><strong><em>pro</em></strong></span> <span class='ocrx_word' id='word_1_385' title='bbox 3334 2226 3409 2282; x_wconf 87' lang='lat' dir='ltr'><strong><em>rei</em></strong></span> <span class='ocrx_word' id='word_1_386' title='bbox 3459 2217 3756 2295; x_wconf 73' lang='lat' dir='ltr'><strong><em>magnitudine</em></strong></span> 
     </span>
    </p>
   </div>
   <div class='ocr_carea' id='block_1_54' title="bbox 2222 2314 3755 2392">
    <p class='ocr_par' dir='ltr' id='par_1_54' title="bbox 2222 2314 3755 2392">
     <span class='ocr_line' id='line_1_54' title="bbox 2222 2314 3755 2392; baseline -0.006 -20"><span class='ocrx_word' id='word_1_387' title='bbox 2222 2315 2355 2373; x_wconf 88' lang='lat' dir='ltr'><strong><em>satis</em></strong></span> <span class='ocrx_word' id='word_1_388' title='bbox 2404 2326 2715 2391; x_wconf 86' lang='lat' dir='ltr'><strong><em>opportune</em></strong></span> <span class='ocrx_word' id='word_1_389' title='bbox 2746 2318 2948 2390; x_wconf 90' lang='lat' dir='ltr'><strong><em>suscipi</em></strong></span> <span class='ocrx_word' id='word_1_390' title='bbox 2981 2326 3220 2391; x_wconf 86' lang='lat' dir='ltr'><strong><em>poterat,</em></strong></span> <span class='ocrx_word' id='word_1_391' title='bbox 3240 2332 3413 2392; x_wconf 86' lang='lat' dir='ltr'><strong><em>neque</em></strong></span> <span class='ocrx_word' id='word_1_392' title='bbox 3439 2316 3503 2371; x_wconf 90' lang='lat' dir='ltr'><strong><em>ab</em></strong></span> <span class='ocrx_word' id='word_1_393' title='bbox 3526 2314 3620 2369; x_wconf 85' lang='lat' dir='ltr'><strong><em>alio</em></strong></span> <span class='ocrx_word' id='word_1_394' title='bbox 3639 2324 3755 2384; x_wconf 79' lang='lat' dir='ltr'><strong><em>quam</em></strong></span> 
     </span>
    </p>
   </div>
   <div class='ocr_carea' id='block_1_55' title="bbox 2220 2403 3753 2486">
    <p class='ocr_par' dir='ltr' id='par_1_55' title="bbox 2220 2403 3753 2486">
     <span class='ocr_line' id='line_1_55' title="bbox 2220 2403 3753 2486; baseline -0.007 -20"><span class='ocrx_word' id='word_1_395' title='bbox 2220 2411 2291 2467; x_wconf 89' lang='lat' dir='ltr'><strong><em>ab</em></strong></span> <span class='ocrx_word' id='word_1_396' title='bbox 2322 2411 2576 2484; x_wconf 88' lang='lat' dir='ltr'><strong><em>episcopo</em></strong></span> <span class='ocrx_word' id='word_1_397' title='bbox 2607 2412 2741 2468; x_wconf 89' lang='lat' dir='ltr'><strong><em>satis</em></strong></span> <span class='ocrx_word' id='word_1_398' title='bbox 2773 2427 2875 2483; x_wconf 89' lang='lat' dir='ltr'><strong><em>pro</em></strong></span> <span class='ocrx_word' id='word_1_399' title='bbox 2904 2412 3173 2486; x_wconf 76' lang='lat' dir='ltr'><strong><em>dignitate</em></strong></span> <span class='ocrx_word' id='word_1_400' title='bbox 3214 2410 3451 2470; x_wconf 78' lang='lat' dir='ltr'><strong><em>defendi.</em></strong></span> <span class='ocrx_word' id='word_1_401' title='bbox 3479 2405 3596 2462; x_wconf 85' lang='lat' dir='ltr'><strong><em>illud</em></strong></span> <span class='ocrx_word' id='word_1_402' title='bbox 3634 2403 3753 2460; x_wconf 77' lang='lat' dir='ltr'><strong><em>etiam</em></strong></span> 
     </span>
    </p>
   </div>
   <div class='ocr_carea' id='block_1_56' title="bbox 2220 2491 3753 2579">
    <p class='ocr_par' dir='ltr' id='par_1_56' title="bbox 2220 2491 3753 2579">
     <span class='ocr_line' id='line_1_56' title="bbox 2220 2491 3753 2579; baseline -0.008 -20"><span class='ocrx_word' id='word_1_403' title='bbox 2220 2505 2379 2561; x_wconf 83' lang='lat' dir='ltr'><strong><em>valde</em></strong></span> <span class='ocrx_word' id='word_1_404' title='bbox 2408 2514 2492 2563; x_wconf 89' lang='lat' dir='ltr'><strong><em>est</em></strong></span> <span class='ocrx_word' id='word_1_405' title='bbox 2517 2504 2999 2572; x_wconf 86' lang='lat' dir='ltr'><strong><em>considerandum.</em></strong></span> <span class='ocrx_word' id='word_1_406' title='bbox 3029 2522 3162 2562; x_wconf 89' lang='lat' dir='ltr'><strong><em>num</em></strong></span> <span class='ocrx_word' id='word_1_407' title='bbox 3202 2514 3281 2561; x_wconf 90' lang='lat' dir='ltr'><strong><em>tot</em></strong></span> <span class='ocrx_word' id='word_1_408' title='bbox 3306 2500 3532 2579; x_wconf 87' lang='lat' dir='ltr'><strong><em>episcopi</em></strong></span> <span class='ocrx_word' id='word_1_409' title='bbox 3573 2503 3669 2568; x_wconf 84' lang='lat' dir='ltr'><strong><em>post</em></strong></span> <span class='ocrx_word' id='word_1_410' title='bbox 3689 2491 3753 2548; x_wconf 83' lang='lat' dir='ltr'><strong><em>Li-</em></strong></span> 
     </span>
    </p>
   </div>
   <div class='ocr_carea' id='block_1_57' title="bbox 2223 2584 3753 2672">
    <p class='ocr_par' dir='ltr' id='par_1_57' title="bbox 2223 2584 3753 2672">
     <span class='ocr_line' id='line_1_57' title="bbox 2223 2584 3753 2672; baseline -0.008 -17"><span class='ocrx_word' id='word_1_411' title='bbox 2223 2600 2459 2657; x_wconf 86' lang='lat' dir='ltr'><strong><em>menium</em></strong></span> <span class='ocrx_word' id='word_1_412' title='bbox 2480 2641 2495 2665; x_wconf 92' lang='lat'><strong><em>,</em></strong></span> <span class='ocrx_word' id='word_1_413' title='bbox 2520 2610 2575 2655; x_wconf 90' lang='lat' dir='ltr'><strong><em>et</em></strong></span> <span class='ocrx_word' id='word_1_414' title='bbox 2596 2599 2882 2656; x_wconf 85' lang='lat' dir='ltr'><strong><em>Anemium</em></strong></span> <span class='ocrx_word' id='word_1_415' title='bbox 2906 2598 3251 2672; x_wconf 86' lang='lat' dir='ltr'><strong><em>Aquileiensi</em></strong></span> <span class='ocrx_word' id='word_1_416' title='bbox 3280 2594 3502 2656; x_wconf 88' lang='lat' dir='ltr'><strong><em>concilio</em></strong></span> <span class='ocrx_word' id='word_1_417' title='bbox 3525 2584 3753 2660; x_wconf 84' lang='lat' dir='ltr'><strong><em>subscripti</em></strong></span> 
     </span>
    </p>
   </div>
   <div class='ocr_carea' id='block_1_58' title="bbox 2222 2688 3752 2769">
    <p class='ocr_par' dir='ltr' id='par_1_58' title="bbox 2222 2688 3752 2769">
     <span class='ocr_line' id='line_1_58' title="bbox 2222 2688 3752 2769; baseline -0.008 -20"><span class='ocrx_word' id='word_1_418' title='bbox 2222 2692 2369 2767; x_wconf 91' lang='lat' dir='ltr'><strong><em>(sunt</em></strong></span> <span class='ocrx_word' id='word_1_419' title='bbox 2401 2692 2546 2750; x_wconf 89' lang='lat' dir='ltr'><strong><em>enim</em></strong></span> <span class='ocrx_word' id='word_1_420' title='bbox 2573 2691 2743 2751; x_wconf 80' lang='lat' dir='ltr'><strong><em>ferme</em></strong></span> <span class='ocrx_word' id='word_1_421' title='bbox 2767 2702 2893 2750; x_wconf 89' lang='lat' dir='ltr'><strong><em>octo</em></strong></span> <span class='ocrx_word' id='word_1_422' title='bbox 2918 2698 2977 2751; x_wconf 90' lang='lat' dir='ltr'><strong><em>et</em></strong></span> <span class='ocrx_word' id='word_1_423' title='bbox 3000 2692 3216 2769; x_wconf 84' lang='lat' dir='ltr'><strong><em>viginti)</em></strong></span> <span class='ocrx_word' id='word_1_424' title='bbox 3246 2703 3351 2750; x_wconf 86' lang='lat' dir='ltr'><strong><em>tam</em></strong></span> <span class='ocrx_word' id='word_1_425' title='bbox 3378 2688 3571 2747; x_wconf 87' lang='lat' dir='ltr'><strong><em>modico</em></strong></span> <span class='ocrx_word' id='word_1_426' title='bbox 3596 2695 3752 2754; x_wconf 84' lang='lat' dir='ltr'><strong><em>tempo-</em></strong></span> 
     </span>
    </p>
   </div>
   <div class='ocr_carea' id='block_1_59' title="bbox 2219 2775 3748 2859">
    <p class='ocr_par' dir='ltr' id='par_1_59' title="bbox 2219 2775 3748 2859">
     <span class='ocr_line' id='line_1_59' title="bbox 2219 2775 3748 2859; baseline -0.003 -16"><span class='ocrx_word' id='word_1_427' title='bbox 2219 2788 2296 2843; x_wconf 88' lang='lat' dir='ltr'><strong><em>ris</em></strong></span> <span class='ocrx_word' id='word_1_428' title='bbox 2314 2788 2491 2859; x_wconf 90' lang='lat' dir='ltr'><strong><em>spatio</em></strong></span> <span class='ocrx_word' id='word_1_429' title='bbox 2510 2786 2701 2855; x_wconf 88' lang='lat' dir='ltr'><strong><em>creati,</em></strong></span> <span class='ocrx_word' id='word_1_430' title='bbox 2720 2796 2774 2843; x_wconf 90' lang='lat' dir='ltr'><strong><em>et</em></strong></span> <span class='ocrx_word' id='word_1_431' title='bbox 2795 2786 3019 2847; x_wconf 79' lang='lat' dir='ltr'><strong><em>sedibus</em></strong></span> <span class='ocrx_word' id='word_1_432' title='bbox 3040 2788 3157 2844; x_wconf 87' lang='lat' dir='ltr'><strong><em>suis</em></strong></span> <span class='ocrx_word' id='word_1_433' title='bbox 3170 2785 3410 2859; x_wconf 88' lang='lat' dir='ltr'><strong><em>impositi</em></strong></span> <span class='ocrx_word' id='word_1_434' title='bbox 3427 2780 3558 2841; x_wconf 87' lang='lat' dir='ltr'><strong><em>credi</em></strong></span> <span class='ocrx_word' id='word_1_435' title='bbox 3574 2775 3748 2851; x_wconf 60' lang='lat' dir='ltr'><strong><em>possint.</em></strong></span> 
     </span>
    </p>
   </div>
   <div class='ocr_carea' id='block_1_60' title="bbox 2219 2874 3748 2953">
    <p class='ocr_par' dir='ltr' id='par_1_60' title="bbox 2219 2874 3748 2953">
     <span class='ocr_line' id='line_1_60' title="bbox 2219 2874 3748 2953; baseline 0 -18"><span class='ocrx_word' id='word_1_436' title='bbox 2219 2891 2276 2935; x_wconf 89' lang='lat' dir='ltr'><strong><em>ut</em></strong></span> <span class='ocrx_word' id='word_1_437' title='bbox 2316 2881 2418 2937; x_wconf 87' lang='lat' dir='ltr'><strong><em>rite</em></strong></span> <span class='ocrx_word' id='word_1_438' title='bbox 2444 2895 2538 2937; x_wconf 87' lang='lat' dir='ltr'><strong><em>eos</em></strong></span> <span class='ocrx_word' id='word_1_439' title='bbox 2568 2888 2689 2953; x_wconf 89' lang='lat' dir='ltr'><strong><em>post</em></strong></span> <span class='ocrx_word' id='word_1_440' title='bbox 2720 2878 3061 2947; x_wconf 82' lang='lat' dir='ltr'><strong><em>Limenium,</em></strong></span> <span class='ocrx_word' id='word_1_441' title='bbox 3093 2891 3150 2941; x_wconf 88' lang='lat' dir='ltr'><strong><em>et</em></strong></span> <span class='ocrx_word' id='word_1_442' title='bbox 3178 2880 3480 2946; x_wconf 80' lang='lat' dir='ltr'><strong><em>Anemium,</em></strong></span> <span class='ocrx_word' id='word_1_443' title='bbox 3509 2874 3586 2946; x_wconf 82' lang='lat' dir='ltr'><strong><em>qui</em></strong></span> <span class='ocrx_word' id='word_1_444' title='bbox 3611 2876 3748 2928; x_wconf 61' lang='lat' dir='ltr'><strong><em>essent</em></strong></span> 
     </span>
    </p>
   </div>
   <div class='ocr_carea' id='block_1_61' title="bbox 2218 2963 3745 3051">
    <p class='ocr_par' dir='ltr' id='par_1_61' title="bbox 2218 2963 3745 3051">
     <span class='ocr_line' id='line_1_61' title="bbox 2218 2963 3745 3051; baseline -0.005 -18"><span class='ocrx_word' id='word_1_445' title='bbox 2218 2974 2541 3046; x_wconf 81' lang='lat' dir='ltr'><strong><em>episcOpatu</em></strong></span> <span class='ocrx_word' id='word_1_446' title='bbox 2568 2974 2907 3049; x_wconf 85' lang='lat' dir='ltr'><strong><em>antiquiores</em></strong></span> <span class='ocrx_word' id='word_1_447' title='bbox 2930 3017 2947 3040; x_wconf 80' lang='lat'><strong><em>,</em></strong></span> <span class='ocrx_word' id='word_1_448' title='bbox 2970 2974 3364 3051; x_wconf 77' lang='lat' dir='ltr'><strong><em>subscripsisse</em></strong></span> <span class='ocrx_word' id='word_1_449' title='bbox 3394 2963 3745 3043; x_wconf 75' lang='lat' dir='ltr'><strong><em>putaudum&#39;sil;</em></strong></span> 
     </span>
    </p>
   </div>
   <div class='ocr_carea' id='block_1_62' title="bbox 504 3053 3745 3137">
    <p class='ocr_par' dir='ltr' id='par_1_62' title="bbox 504 3053 3745 3137">
     <span class='ocr_line' id='line_1_62' title="bbox 504 3053 3745 3137; baseline -0.005 -14"><span class='ocrx_word' id='word_1_450' title='bbox 504 3065 767 3137; x_wconf 72' lang='lat' dir='ltr'><strong><em>refragari</em></strong></span> <span class='ocrx_word' id='word_1_451' title='bbox 814 3065 1091 3129; x_wconf 88' lang='lat' dir='ltr'><strong><em>videatur,</em></strong></span> <span class='ocrx_word' id='word_1_452' title='bbox 1128 3063 1259 3119; x_wconf 90' lang='lat' dir='ltr'><strong><em>illud</em></strong></span> <span class='ocrx_word' id='word_1_453' title='bbox 1303 3077 1466 3133; x_wconf 90' lang='lat' dir='ltr'><strong><em>porro</em></strong></span> <span class='ocrx_word' id='word_1_454' title='bbox 1513 3070 1597 3116; x_wconf 88' lang='lat' dir='ltr'><strong><em>est</em></strong></span> <span class='ocrx_word' id='word_1_455' title='bbox 1625 3061 2109 3134; x_wconf 85' lang='lat' dir='ltr'><strong><em>perpendendum;</em></strong></span> <span class='ocrx_word' id='word_1_456' title='bbox 2142 3059 2191 3124; x_wconf 86' lang='lat' dir='ltr'><strong>C</strong></span> <span class='ocrx_word' id='word_1_457' title='bbox 2220 3066 2524 3136; x_wconf 68' lang='lat' dir='ltr'><strong><em>praesertim</em></strong></span> <span class='ocrx_word' id='word_1_458' title='bbox 2563 3065 2653 3123; x_wconf 90' lang='lat' dir='ltr'><strong><em>ubi</em></strong></span> <span class='ocrx_word' id='word_1_459' title='bbox 2705 3066 2973 3125; x_wconf 78' lang='lat' dir='ltr'><strong><em>Artemius</em></strong></span> <span class='ocrx_word' id='word_1_460' title='bbox 3044 3083 3193 3125; x_wconf 89' lang='lat' dir='ltr'><strong><em>anno</em></strong></span> <span class='ocrx_word' id='word_1_461' title='bbox 3231 3068 3335 3126; x_wconf 74' lang='lat'><strong><em>580</em></strong></span> <span class='ocrx_word' id='word_1_462' title='bbox 3360 3108 3377 3135; x_wconf 87' lang='lat'><strong><em>,</em></strong></span> <span class='ocrx_word' id='word_1_463' title='bbox 3422 3076 3593 3131; x_wconf 84' lang='lat' dir='ltr'><strong><em>nempe</em></strong></span> <span class='ocrx_word' id='word_1_464' title='bbox 3630 3053 3745 3111; x_wconf 85' lang='lat' dir='ltr'><strong><em>unico</em></strong></span> 
     </span>
    </p>
   </div>
   <div class='ocr_carea' id='block_1_63' title="bbox 502 3154 2105 3231">
    <p class='ocr_par' dir='ltr' id='par_1_63' title="bbox 502 3154 2105 3231">
     <span class='ocr_line' id='line_1_63' title="bbox 502 3154 2105 3231; baseline -0.003 -16"><span class='ocrx_word' id='word_1_465' title='bbox 502 3173 700 3231; x_wconf 84' lang='lat' dir='ltr'><strong><em>nempe</em></strong></span> <span class='ocrx_word' id='word_1_466' title='bbox 726 3172 851 3215; x_wconf 87' lang='lat' dir='ltr'><strong><em>cum</em></strong></span> <span class='ocrx_word' id='word_1_467' title='bbox 903 3159 956 3213; x_wconf 88' lang='lat' dir='ltr'><strong><em>in</em></strong></span> <span class='ocrx_word' id='word_1_468' title='bbox 986 3155 1220 3214; x_wconf 90' lang='lat' dir='ltr'><strong><em>concilio</em></strong></span> <span class='ocrx_word' id='word_1_469' title='bbox 1244 3154 1604 3227; x_wconf 89' lang='lat' dir='ltr'><strong><em>Aquileiensi,</em></strong></span> <span class='ocrx_word' id='word_1_470' title='bbox 1639 3154 1784 3225; x_wconf 89' lang='lat' dir='ltr'><strong><em>quod</em></strong></span> <span class='ocrx_word' id='word_1_471' title='bbox 1818 3170 1964 3211; x_wconf 88' lang='lat' dir='ltr'><strong><em>anno</em></strong></span> <span class='ocrx_word' id='word_1_472' title='bbox 2004 3156 2105 3213; x_wconf 82' lang='grc'><strong><em>581</em></strong></span> 
     </span>
    </p>
   </div>
   <div class='ocr_carea' id='block_1_64' title="bbox 504 3247 2112 3322">
    <p class='ocr_par' dir='ltr' id='par_1_64' title="bbox 504 3247 2112 3322">
     <span class='ocr_line' id='line_1_64' title="bbox 504 3247 2112 3322; baseline -0.004 -11"><span class='ocrx_word' id='word_1_473' title='bbox 504 3254 838 3311; x_wconf 86' lang='lat' dir='ltr'><strong><em>celebratum</em></strong></span> <span class='ocrx_word' id='word_1_474' title='bbox 868 3258 973 3319; x_wconf 87' lang='lat' dir='ltr'><strong><em>est,</em></strong></span> <span class='ocrx_word' id='word_1_475' title='bbox 1006 3252 1152 3307; x_wconf 88' lang='lat' dir='ltr'><strong><em>inter</em></strong></span> <span class='ocrx_word' id='word_1_476' title='bbox 1185 3250 1476 3322; x_wconf 88' lang='lat' dir='ltr'><strong><em>episcopos</em></strong></span> <span class='ocrx_word' id='word_1_477' title='bbox 1498 3247 1763 3318; x_wconf 90' lang='lat' dir='ltr'><strong><em>descripti</em></strong></span> <span class='ocrx_word' id='word_1_478' title='bbox 1789 3262 2112 3305; x_wconf 88' lang='lat' dir='ltr'><strong><em>recensean-</em></strong></span> 
     </span>
    </p>
   </div>
   <div class='ocr_carea' id='block_1_65' title="bbox 502 3340 2112 3419">
    <p class='ocr_par' dir='ltr' id='par_1_65' title="bbox 502 3340 2112 3419">
     <span class='ocr_line' id='line_1_65' title="bbox 502 3340 2112 3419; baseline -0.004 -14"><span class='ocrx_word' id='word_1_479' title='bbox 502 3358 622 3415; x_wconf 87' lang='lat' dir='ltr'><strong><em>tur,</em></strong></span> <span class='ocrx_word' id='word_1_480' title='bbox 675 3355 899 3419; x_wconf 83' lang='lat' dir='ltr'><strong><em>quartus</em></strong></span> <span class='ocrx_word' id='word_1_481' title='bbox 946 3345 1140 3401; x_wconf 87' lang='lat' dir='ltr'><strong><em>ordine</em></strong></span> <span class='ocrx_word' id='word_1_482' title='bbox 1181 3342 1445 3398; x_wconf 87' lang='lat' dir='ltr'><strong><em>Limenius</em></strong></span> <span class='ocrx_word' id='word_1_483' title='bbox 1481 3340 1843 3410; x_wconf 84' lang='lat' dir='ltr'><strong><em>Vercellensis,</em></strong></span> <span class='ocrx_word' id='word_1_484' title='bbox 1890 3345 2112 3415; x_wconf 87' lang='lat' dir='ltr'><strong><em>quintus</em></strong></span> 
     </span>
    </p>
   </div>
   <div class='ocr_carea' id='block_1_66' title="bbox 503 3436 2113 3509">
    <p class='ocr_par' dir='ltr' id='par_1_66' title="bbox 503 3436 2113 3509">
     <span class='ocr_line' id='line_1_66' title="bbox 503 3436 2113 3509; baseline -0.003 -10"><span class='ocrx_word' id='word_1_485' title='bbox 503 3458 633 3499; x_wconf 83' lang='lat' dir='ltr'><strong><em>vero</em></strong></span> <span class='ocrx_word' id='word_1_486' title='bbox 660 3441 905 3498; x_wconf 84' lang='lat' dir='ltr'><strong><em>Anemius</em></strong></span> <span class='ocrx_word' id='word_1_487' title='bbox 946 3439 1276 3505; x_wconf 83' lang='lat' dir='ltr'><strong><em>Sirmiensis,</em></strong></span> <span class='ocrx_word' id='word_1_488' title='bbox 1311 3438 1524 3508; x_wconf 90' lang='lat' dir='ltr'><strong><em>hosque</em></strong></span> <span class='ocrx_word' id='word_1_489' title='bbox 1551 3442 1766 3492; x_wconf 87' lang='lat' dir='ltr'><strong><em>constet</em></strong></span> <span class='ocrx_word' id='word_1_490' title='bbox 1794 3436 1954 3509; x_wconf 87' lang='lat' dir='ltr'><strong><em>longe</em></strong></span> <span class='ocrx_word' id='word_1_491' title='bbox 1992 3446 2113 3509; x_wconf 89' lang='lat' dir='ltr'><strong><em>post</em></strong></span> 
     </span>
    </p>
   </div>
   <div class='ocr_carea' id='block_1_67' title="bbox 503 3530 2112 3603">
    <p class='ocr_par' dir='ltr' id='par_1_67' title="bbox 503 3530 2112 3603">
     <span class='ocr_line' id='line_1_67' title="bbox 503 3530 2112 3603; baseline -0.006 -7"><span class='ocrx_word' id='word_1_492' title='bbox 503 3556 704 3596; x_wconf 90' lang='lat' dir='ltr'><strong><em>annum</em></strong></span> <span class='ocrx_word' id='word_1_493' title='bbox 752 3536 858 3593; x_wconf 81' lang='grc'><strong><em>565</em></strong></span> <span class='ocrx_word' id='word_1_494' title='bbox 897 3534 1072 3591; x_wconf 81' lang='lat' dir='ltr'><strong><em>factos</em></strong></span> <span class='ocrx_word' id='word_1_495' title='bbox 1123 3549 1248 3590; x_wconf 87' lang='lat' dir='ltr'><strong><em>esse</em></strong></span> <span class='ocrx_word' id='word_1_496' title='bbox 1288 3533 1607 3603; x_wconf 88' lang='lat' dir='ltr'><strong><em>episcopos;</em></strong></span> <span class='ocrx_word' id='word_1_497' title='bbox 1664 3530 1889 3587; x_wconf 87' lang='lat' dir='ltr'><strong><em>minime</em></strong></span> <span class='ocrx_word' id='word_1_498' title='bbox 1936 3532 2112 3602; x_wconf 88' lang='lat' dir='ltr'><strong><em>putari</em></strong></span> 
     </span>
    </p>
   </div>
   <div class='ocr_carea' id='block_1_68' title="bbox 506 3624 2113 3706">
    <p class='ocr_par' dir='ltr' id='par_1_68' title="bbox 506 3624 2113 3706">
     <span class='ocr_line' id='line_1_68' title="bbox 506 3624 2113 3706; baseline -0.007 -14"><span class='ocrx_word' id='word_1_499' title='bbox 506 3649 667 3706; x_wconf 83' lang='lat' dir='ltr'><strong><em>posse</em></strong></span> <span class='ocrx_word' id='word_1_500' title='bbox 711 3630 1064 3687; x_wconf 84' lang='lat' dir='ltr'><strong><em>Philastrium</em></strong></span> <span class='ocrx_word' id='word_1_501' title='bbox 1094 3628 1330 3683; x_wconf 89' lang='lat' dir='ltr'><strong><em>Limenio</em></strong></span> <span class='ocrx_word' id='word_1_502' title='bbox 1385 3635 1440 3682; x_wconf 91' lang='lat' dir='ltr'><strong><em>et</em></strong></span> <span class='ocrx_word' id='word_1_503' title='bbox 1471 3624 1686 3680; x_wconf 76' lang='lat' dir='ltr'><strong><em>Anemio</em></strong></span> <span class='ocrx_word' id='word_1_504' title='bbox 1727 3640 1853 3682; x_wconf 91' lang='lat' dir='ltr'><strong><em>esse</em></strong></span> <span class='ocrx_word' id='word_1_505' title='bbox 1901 3627 2113 3699; x_wconf 83' lang='lat' dir='ltr'><strong><em>episco-</em></strong></span> 
     </span>
    </p>
   </div>
   <div class='ocr_carea' id='block_1_69' title="bbox 506 3719 2113 3800">
    <p class='ocr_par' dir='ltr' id='par_1_69' title="bbox 506 3719 2113 3800">
     <span class='ocr_line' id='line_1_69' title="bbox 506 3719 2113 3800; baseline -0.004 -18"><span class='ocrx_word' id='word_1_506' title='bbox 506 3740 631 3800; x_wconf 84' lang='lat' dir='ltr'><strong><em>palu</em></strong></span> <span class='ocrx_word' id='word_1_507' title='bbox 672 3725 1063 3797; x_wconf 87' lang='lat' dir='ltr'><strong><em>antiquiorem,</em></strong></span> <span class='ocrx_word' id='word_1_508' title='bbox 1097 3737 1164 3778; x_wconf 89' lang='lat' dir='ltr'><strong><em>eo</em></strong></span> <span class='ocrx_word' id='word_1_509' title='bbox 1200 3720 1422 3793; x_wconf 86' lang='lat' dir='ltr'><strong><em>quodin</em></strong></span> <span class='ocrx_word' id='word_1_510' title='bbox 1465 3720 1659 3776; x_wconf 89' lang='lat' dir='ltr'><strong><em>eodem</em></strong></span> <span class='ocrx_word' id='word_1_511' title='bbox 1709 3720 1947 3777; x_wconf 88' lang='lat' dir='ltr'><strong><em>concilio</em></strong></span> <span class='ocrx_word' id='word_1_512' title='bbox 1988 3719 2113 3777; x_wconf 91' lang='lat' dir='ltr'><strong><em>des-</em></strong></span> 
     </span>
    </p>
   </div>
   <div class='ocr_carea' id='block_1_70' title="bbox 503 3813 2113 3885">
    <p class='ocr_par' dir='ltr' id='par_1_70' title="bbox 503 3813 2113 3885">
     <span class='ocr_line' id='line_1_70' title="bbox 503 3813 2113 3885; baseline -0.003 -9"><span class='ocrx_word' id='word_1_513' title='bbox 503 3821 746 3877; x_wconf 83' lang='lat' dir='ltr'><strong><em>cribatur</em></strong></span> <span class='ocrx_word' id='word_1_514' title='bbox 774 3826 1021 3874; x_wconf 88' lang='lat' dir='ltr'><strong><em>octavus.</em></strong></span> <span class='ocrx_word' id='word_1_515' title='bbox 1052 3815 1289 3871; x_wconf 86' lang='lat' dir='ltr'><strong><em>Ferebat</em></strong></span> <span class='ocrx_word' id='word_1_516' title='bbox 1339 3814 1485 3870; x_wconf 88' lang='lat' dir='ltr'><strong><em>enim</em></strong></span> <span class='ocrx_word' id='word_1_517' title='bbox 1514 3813 1804 3885; x_wconf 90' lang='lat' dir='ltr'><strong><em>disciplina</em></strong></span> <span class='ocrx_word' id='word_1_518' title='bbox 1826 3855 1841 3881; x_wconf 90' lang='lat'><strong><em>,</em></strong></span> <span class='ocrx_word' id='word_1_519' title='bbox 1872 3822 1932 3869; x_wconf 92' lang='lat' dir='ltr'><strong><em>ut</em></strong></span> <span class='ocrx_word' id='word_1_520' title='bbox 1979 3829 2113 3871; x_wconf 90' lang='lat' dir='ltr'><strong><em>con-</em></strong></span> 
     </span>
    </p>
   </div>
   <div class='ocr_carea' id='block_1_71' title="bbox 503 3905 2111 3982">
    <p class='ocr_par' dir='ltr' id='par_1_71' title="bbox 503 3905 2111 3982">
     <span class='ocr_line' id='line_1_71' title="bbox 503 3905 2111 3982; baseline -0.004 -13"><span class='ocrx_word' id='word_1_521' title='bbox 503 3914 643 3969; x_wconf 89' lang='lat' dir='ltr'><strong><em>ciliis</em></strong></span> <span class='ocrx_word' id='word_1_522' title='bbox 669 3910 932 3982; x_wconf 89' lang='lat' dir='ltr'><strong><em>episcopi,</em></strong></span> <span class='ocrx_word' id='word_1_523' title='bbox 965 3919 1071 3964; x_wconf 90' lang='lat' dir='ltr'><strong><em>tam</em></strong></span> <span class='ocrx_word' id='word_1_524' title='bbox 1100 3908 1154 3964; x_wconf 91' lang='lat' dir='ltr'><strong><em>in</em></strong></span> <span class='ocrx_word' id='word_1_525' title='bbox 1172 3907 1413 3964; x_wconf 82' lang='lat' dir='ltr'><strong><em>sedendo</em></strong></span> <span class='ocrx_word' id='word_1_526' title='bbox 1443 3922 1605 3979; x_wconf 88' lang='lat' dir='ltr'><strong><em>quam</em></strong></span> <span class='ocrx_word' id='word_1_527' title='bbox 1634 3905 1689 3961; x_wconf 92' lang='lat' dir='ltr'><strong><em>in</em></strong></span> <span class='ocrx_word' id='word_1_528' title='bbox 1718 3905 2111 3962; x_wconf 89' lang='lat' dir='ltr'><strong><em>subscribendo</em></strong></span> 
     </span>
    </p>
   </div>
   <div class='ocr_carea' id='block_1_72' title="bbox 501 3999 2107 4071">
    <p class='ocr_par' dir='ltr' id='par_1_72' title="bbox 501 3999 2107 4071">
     <span class='ocr_line' id='line_1_72' title="bbox 501 3999 2107 4071; baseline -0.006 -6"><span class='ocrx_word' id='word_1_529' title='bbox 501 4008 749 4065; x_wconf 87' lang='lat' dir='ltr'><strong><em>ordinem</em></strong></span> <span class='ocrx_word' id='word_1_530' title='bbox 816 4011 1137 4069; x_wconf 85' lang='lat' dir='ltr'><strong><em>servarent,</em></strong></span> <span class='ocrx_word' id='word_1_531' title='bbox 1185 4018 1292 4071; x_wconf 88' lang='lat' dir='ltr'><strong><em>quo</em></strong></span> <span class='ocrx_word' id='word_1_532' title='bbox 1339 4001 1557 4057; x_wconf 81' lang='lat' dir='ltr'><strong><em>inerant</em></strong></span> <span class='ocrx_word' id='word_1_533' title='bbox 1616 3999 1683 4054; x_wconf 90' lang='lat' dir='ltr'><strong><em>ad</em></strong></span> <span class='ocrx_word' id='word_1_534' title='bbox 1739 4000 2107 4071; x_wconf 88' lang='lat' dir='ltr'><strong><em>episcopatum</em></strong></span> 
     </span>
    </p>
   </div>
   <div class='ocr_carea' id='block_1_73' title="bbox 501 4092 2109 4169">
    <p class='ocr_par' dir='ltr' id='par_1_73' title="bbox 501 4092 2109 4169">
     <span class='ocr_line' id='line_1_73' title="bbox 501 4092 2109 4169; baseline -0.006 -10"><span class='ocrx_word' id='word_1_535' title='bbox 501 4101 712 4167; x_wconf 86' lang='lat' dir='ltr'><strong><em>evecti;</em></strong></span> <span class='ocrx_word' id='word_1_536' title='bbox 755 4108 812 4155; x_wconf 92' lang='lat' dir='ltr'><strong><em>ut</em></strong></span> <span class='ocrx_word' id='word_1_537' title='bbox 846 4095 1028 4169; x_wconf 86' lang='lat' dir='ltr'><strong><em>prodit</em></strong></span> <span class='ocrx_word' id='word_1_538' title='bbox 1079 4104 1268 4166; x_wconf 89' lang='lat' dir='ltr'><strong><em>aperte</em></strong></span> <span class='ocrx_word' id='word_1_539' title='bbox 1314 4092 1612 4166; x_wconf 86' lang='lat' dir='ltr'><strong><em>Gregorius</em></strong></span> <span class='ocrx_word' id='word_1_540' title='bbox 1656 4092 1694 4146; x_wconf 91' lang='lat' dir='ltr'><strong><em>l.</em></strong></span> <span class='ocrx_word' id='word_1_541' title='bbox 1748 4108 1841 4159; x_wconf 73' lang='grc' dir='ltr'><strong><em>ιι,</em></strong></span> <span class='ocrx_word' id='word_1_542' title='bbox 1883 4107 1971 4165; x_wconf 91' lang='lat' dir='ltr'><strong><em>ep.</em></strong></span> <span class='ocrx_word' id='word_1_543' title='bbox 2011 4092 2109 4150; x_wconf 90' lang='lat' dir='ltr'><strong><em>l08</em></strong></span> 
     </span>
    </p>
   </div>
   <div class='ocr_carea' id='block_1_74' title="bbox 503 4183 2111 4264">
    <p class='ocr_par' dir='ltr' id='par_1_74' title="bbox 503 4183 2111 4264">
     <span class='ocr_line' id='line_1_74' title="bbox 503 4183 2111 4264; baseline -0.009 -10"><span class='ocrx_word' id='word_1_544' title='bbox 503 4196 634 4254; x_wconf 88' lang='lat' dir='ltr'><strong><em>edit.</em></strong></span> <span class='ocrx_word' id='word_1_545' title='bbox 685 4193 820 4251; x_wconf 87' lang='lat' dir='ltr'><strong><em>Ben.</em></strong></span> <span class='ocrx_word' id='word_1_546' title='bbox 869 4188 1178 4264; x_wconf 77' lang='lat' dir='ltr'><strong><em>(al.ii5).</em></strong></span> <span class='ocrx_word' id='word_1_547' title='bbox 1224 4186 1278 4243; x_wconf 91' lang='lat' dir='ltr'><strong><em>in</em></strong></span> <span class='ocrx_word' id='word_1_548' title='bbox 1330 4200 1434 4259; x_wconf 88' lang='lat' dir='ltr'><strong><em>qua</em></strong></span> <span class='ocrx_word' id='word_1_549' title='bbox 1487 4183 1864 4255; x_wconf 72' lang='lat' dir='ltr'><strong><em>Metropolitae,</em></strong></span> <span class='ocrx_word' id='word_1_550' title='bbox 1910 4183 2022 4242; x_wconf 91' lang='lat' dir='ltr'><strong><em>loco</em></strong></span> <span class='ocrx_word' id='word_1_551' title='bbox 2062 4193 2111 4240; x_wconf 90' lang='lat' dir='ltr'><strong><em>et</em></strong></span> 
     </span>
    </p>
   </div>
   <div class='ocr_carea' id='block_1_75' title="bbox 501 4277 2112 4351">
    <p class='ocr_par' dir='ltr' id='par_1_75' title="bbox 501 4277 2112 4351">
     <span class='ocr_line' id='line_1_75' title="bbox 501 4277 2112 4351; baseline -0.008 -6"><span class='ocrx_word' id='word_1_552' title='bbox 501 4291 693 4345; x_wconf 83' lang='lat' dir='ltr'><strong><em>honore</em></strong></span> <span class='ocrx_word' id='word_1_553' title='bbox 718 4294 941 4351; x_wconf 84' lang='lat' dir='ltr'><strong><em>servato,</em></strong></span> <span class='ocrx_word' id='word_1_554' title='bbox 966 4282 1150 4341; x_wconf 84' lang='lat' dir='ltr'><strong><em>subdit</em></strong></span> <span class='ocrx_word' id='word_1_555' title='bbox 1183 4299 1196 4337; x_wconf 90' lang='lat'><strong>:</strong></span> <span class='ocrx_word' id='word_1_556' title='bbox 1230 4277 1456 4335; x_wconf 70' lang='lat' dir='ltr'><strong><em>Crateros</em></strong></span> <span class='ocrx_word' id='word_1_557' title='bbox 1479 4293 1598 4333; x_wconf 87' lang='lat' dir='ltr'><strong><em>uero</em></strong></span> <span class='ocrx_word' id='word_1_558' title='bbox 1629 4278 1899 4349; x_wconf 82' lang='lat' dir='ltr'><strong><em>episcopos</em></strong></span> <span class='ocrx_word' id='word_1_559' title='bbox 1926 4294 2112 4333; x_wconf 84' lang='lat' dir='ltr'><strong><em>secun-</em></strong></span> 
     </span>
    </p>
   </div>
   <div class='ocr_carea' id='block_1_76' title="bbox 503 4371 2108 4450">
    <p class='ocr_par' dir='ltr' id='par_1_76' title="bbox 503 4371 2108 4450">
     <span class='ocr_line' id='line_1_76' title="bbox 503 4371 2108 4450; baseline -0.007 -10"><span class='ocrx_word' id='word_1_560' title='bbox 503 4385 630 4440; x_wconf 87' lang='lat' dir='ltr'><strong><em>dum</em></strong></span> <span class='ocrx_word' id='word_1_561' title='bbox 659 4383 999 4441; x_wconf 85' lang='lat' dir='ltr'><strong><em>ordinationis</em></strong></span> <span class='ocrx_word' id='word_1_562' title='bbox 1027 4394 1137 4437; x_wconf 76' lang='lat' dir='ltr'><strong><em>sure</em></strong></span> <span class='ocrx_word' id='word_1_563' title='bbox 1168 4389 1391 4450; x_wconf 83' lang='lat' dir='ltr'><strong><em>tempus,</em></strong></span> <span class='ocrx_word' id='word_1_564' title='bbox 1420 4376 1526 4431; x_wconf 83' lang='lat' dir='ltr'><strong><em>sive</em></strong></span> <span class='ocrx_word' id='word_1_565' title='bbox 1552 4371 1621 4428; x_wconf 88' lang='lat' dir='ltr'><strong><em>ad</em></strong></span> <span class='ocrx_word' id='word_1_566' title='bbox 1648 4371 2029 4428; x_wconf 78' lang='lat' dir='ltr'><strong><em>comedendum</em></strong></span> <span class='ocrx_word' id='word_1_567' title='bbox 2053 4372 2108 4428; x_wconf 86' lang='lat' dir='ltr'><strong><em>in</em></strong></span> 
     </span>
    </p>
   </div>
   <div class='ocr_carea' id='block_1_77' title="bbox 2217 3145 3743 3233">
    <p class='ocr_par' dir='ltr' id='par_1_77' title="bbox 2217 3145 3743 3233">
     <span class='ocr_line' id='line_1_77' title="bbox 2217 3145 3743 3233; baseline -0.005 -18"><span class='ocrx_word' id='word_1_568' title='bbox 2217 3169 2425 3215; x_wconf 88' lang='lat' dir='ltr'><strong><em>tantum</em></strong></span> <span class='ocrx_word' id='word_1_569' title='bbox 2455 3175 2600 3217; x_wconf 88' lang='lat' dir='ltr'><strong><em>anno</em></strong></span> <span class='ocrx_word' id='word_1_570' title='bbox 2632 3170 2757 3217; x_wconf 89' lang='lat' dir='ltr'><strong><em>ante</em></strong></span> <span class='ocrx_word' id='word_1_571' title='bbox 2779 3161 3069 3221; x_wconf 81' lang='lat' dir='ltr'><strong><em>concilium</em></strong></span> <span class='ocrx_word' id='word_1_572' title='bbox 3099 3159 3473 3233; x_wconf 68' lang='lat' dir='ltr'><strong><em>Aquileienscf,</em></strong></span> <span class='ocrx_word' id='word_1_573' title='bbox 3500 3145 3743 3213; x_wconf 78' lang='lat' dir='ltr'><strong><em>Sirmicnsis</em></strong></span> 
     </span>
    </p>
   </div>
   <div class='ocr_carea' id='block_1_78' title="bbox 2215 3242 3741 3326">
    <p class='ocr_par' dir='ltr' id='par_1_78' title="bbox 2215 3242 3741 3326">
     <span class='ocr_line' id='line_1_78' title="bbox 2215 3242 3741 3326; baseline -0.005 -18"><span class='ocrx_word' id='word_1_574' title='bbox 2215 3253 2505 3325; x_wconf 83' lang='lat' dir='ltr'><strong><em>episcOpus</em></strong></span> <span class='ocrx_word' id='word_1_575' title='bbox 2537 3252 2709 3310; x_wconf 80' lang='lat' dir='ltr'><strong><em>lactus</em></strong></span> <span class='ocrx_word' id='word_1_576' title='bbox 2740 3253 2927 3322; x_wconf 83' lang='lat' dir='ltr'><strong><em>fuerit,</em></strong></span> <span class='ocrx_word' id='word_1_577' title='bbox 2956 3254 3035 3311; x_wconf 91' lang='lat' dir='ltr'><strong><em>uti</em></strong></span> <span class='ocrx_word' id='word_1_578' title='bbox 3064 3254 3301 3315; x_wconf 88' lang='lat' dir='ltr'><strong><em>Baronio</em></strong></span> <span class='ocrx_word' id='word_1_579' title='bbox 3348 3242 3741 3326; x_wconf 78' lang='lat' dir='ltr'><strong><em>placuerath-</em></strong></span> 
     </span>
    </p>
   </div>
   <div class='ocr_carea' id='block_1_79' title="bbox 2214 3338 3741 3423">
    <p class='ocr_par' dir='ltr' id='par_1_79' title="bbox 2214 3338 3741 3423">
     <span class='ocr_line' id='line_1_79' title="bbox 2214 3338 3741 3423; baseline 0.002 -23"><span class='ocrx_word' id='word_1_580' title='bbox 2214 3345 2326 3402; x_wconf 89' lang='lat' dir='ltr'><strong><em>miu</em></strong></span> <span class='ocrx_word' id='word_1_581' title='bbox 2352 3354 2500 3402; x_wconf 90' lang='lat' dir='ltr'><strong><em>certe</em></strong></span> <span class='ocrx_word' id='word_1_582' title='bbox 2525 3345 2881 3405; x_wconf 79' lang='lat' dir='ltr'><strong><em>Philastrium</em></strong></span> <span class='ocrx_word' id='word_1_583' title='bbox 2910 3346 3235 3423; x_wconf 84' lang='lat' dir='ltr'><strong><em>episcopatu</em></strong></span> <span class='ocrx_word' id='word_1_584' title='bbox 3270 3347 3437 3407; x_wconf 79' lang='lat' dir='ltr'><strong><em>fuisse</em></strong></span> <span class='ocrx_word' id='word_1_585' title='bbox 3453 3338 3741 3412; x_wconf 67' lang='grc' dir='ltr'><strong><em>ωιίίιιιίοηω</em></strong></span> 
     </span>
    </p>
   </div>
   <div class='ocr_carea' id='block_1_80' title="bbox 2214 3432 3739 3513">
    <p class='ocr_par' dir='ltr' id='par_1_80' title="bbox 2214 3432 3739 3513">
     <span class='ocr_line' id='line_1_80' title="bbox 2214 3432 3739 3513; baseline -0.005 -17"><span class='ocrx_word' id='word_1_586' title='bbox 2214 3454 2282 3496; x_wconf 79' lang='lat' dir='ltr'><strong><em>ex</em></strong></span> <span class='ocrx_word' id='word_1_587' title='bbox 2317 3453 2383 3495; x_wconf 91' lang='lat' dir='ltr'><strong><em>eo</em></strong></span> <span class='ocrx_word' id='word_1_588' title='bbox 2409 3438 2542 3495; x_wconf 86' lang='lat' dir='ltr'><strong><em>satis</em></strong></span> <span class='ocrx_word' id='word_1_589' title='bbox 2565 3446 2782 3497; x_wconf 85' lang='lat' dir='ltr'><strong><em>constat</em></strong></span> <span class='ocrx_word' id='word_1_590' title='bbox 2800 3481 2819 3507; x_wconf 82' lang='lat'><strong><em>,</em></strong></span> <span class='ocrx_word' id='word_1_591' title='bbox 2840 3439 2986 3513; x_wconf 89' lang='lat' dir='ltr'><strong><em>quod</em></strong></span> <span class='ocrx_word' id='word_1_592' title='bbox 3027 3443 3292 3501; x_wconf 79' lang='lat' dir='ltr'><strong><em>Anemius</em></strong></span> <span class='ocrx_word' id='word_1_593' title='bbox 3319 3437 3493 3498; x_wconf 87' lang='lat' dir='ltr'><strong><em>Sirmii</em></strong></span> <span class='ocrx_word' id='word_1_594' title='bbox 3519 3432 3739 3505; x_wconf 65' lang='lat' dir='ltr'><strong><em>episcopus</em></strong></span> 
     </span>
    </p>
   </div>
   <div class='ocr_carea' id='block_1_81' title="bbox 2216 3520 3739 3605">
    <p class='ocr_par' dir='ltr' id='par_1_81' title="bbox 2216 3520 3739 3605">
     <span class='ocr_line' id='line_1_81' title="bbox 2216 3520 3739 3605; baseline -0.001 -16"><span class='ocrx_word' id='word_1_595' title='bbox 2216 3533 2510 3592; x_wconf 81' lang='lat' dir='ltr'><strong><em>Ambrosio</em></strong></span> <span class='ocrx_word' id='word_1_596' title='bbox 2560 3544 2830 3605; x_wconf 60' lang='lat' dir='ltr'><strong><em>praesente</em></strong></span> <span class='ocrx_word' id='word_1_597' title='bbox 2899 3535 3190 3595; x_wconf 80' lang='lat' dir='ltr'><strong><em>ordinatus</em></strong></span> <span class='ocrx_word' id='word_1_598' title='bbox 3250 3535 3442 3599; x_wconf 75' lang='lat' dir='ltr'><strong><em>fuerit,</em></strong></span> <span class='ocrx_word' id='word_1_599' title='bbox 3491 3520 3739 3585; x_wconf 60' lang='lat' dir='ltr'><strong><em>Philositi“</em></strong></span> 
     </span>
    </p>
   </div>
   <div class='ocr_carea' id='block_1_82' title="bbox 2215 3612 3737 3706">
    <p class='ocr_par' dir='ltr' id='par_1_82' title="bbox 2215 3612 3737 3706">
     <span class='ocr_line' id='line_1_82' title="bbox 2215 3612 3737 3706; baseline -0.003 -25"><span class='ocrx_word' id='word_1_600' title='bbox 2215 3643 2346 3684; x_wconf 88' lang='lat' dir='ltr'><strong><em>vero</em></strong></span> <span class='ocrx_word' id='word_1_601' title='bbox 2418 3628 2717 3701; x_wconf 83' lang='lat' dir='ltr'><strong><em>priusquam</em></strong></span> <span class='ocrx_word' id='word_1_602' title='bbox 2787 3629 2966 3685; x_wconf 84' lang='lat' dir='ltr'><strong><em>beatus</em></strong></span> <span class='ocrx_word' id='word_1_603' title='bbox 3031 3630 3309 3706; x_wconf 84' lang='lat' dir='ltr'><strong><em>eligeretur</em></strong></span> <span class='ocrx_word' id='word_1_604' title='bbox 3383 3622 3662 3685; x_wconf 70' lang='lat' dir='ltr'><strong><em>Ambrosius,</em></strong></span> <span class='ocrx_word' id='word_1_605' title='bbox 3698 3612 3737 3666; x_wconf 73' lang='grc' dir='ltr'>ίίι</span> 
     </span>
    </p>
   </div>
   <div class='ocr_carea' id='block_1_83' title="bbox 2216 3714 3738 3802">
    <p class='ocr_par' dir='ltr' id='par_1_83' title="bbox 2216 3714 3738 3802">
     <span class='ocr_line' id='line_1_83' title="bbox 2216 3714 3738 3802; baseline 0.001 -29"><span class='ocrx_word' id='word_1_606' title='bbox 2216 3719 2597 3778; x_wconf 80' lang='lat' dir='ltr'><strong><em>Mediolanensi</em></strong></span> <span class='ocrx_word' id='word_1_607' title='bbox 2642 3721 2767 3777; x_wconf 87' lang='lat' dir='ltr'><strong><em>urbe</em></strong></span> <span class='ocrx_word' id='word_1_608' title='bbox 2812 3724 3008 3780; x_wconf 85' lang='lat' dir='ltr'><strong><em>Ariano</em></strong></span> <span class='ocrx_word' id='word_1_609' title='bbox 3049 3740 3349 3802; x_wconf 74' lang='lat' dir='ltr'><strong><em>repugnans</em></strong></span> <span class='ocrx_word' id='word_1_610' title='bbox 3393 3714 3738 3802; x_wconf 48' lang='lat' dir='ltr'><strong><em>ducenties!”</em></strong></span> 
     </span>
    </p>
   </div>
   <div class='ocr_carea' id='block_1_84' title="bbox 2212 3800 3735 3879">
    <p class='ocr_par' dir='ltr' id='par_1_84' title="bbox 2212 3800 3735 3879">
     <span class='ocr_line' id='line_1_84' title="bbox 2212 3800 3735 3879; baseline -0.002 -11"><span class='ocrx_word' id='word_1_611' title='bbox 2212 3828 2351 3871; x_wconf 69' lang='lat' dir='ltr'><strong><em>unus</em></strong></span> <span class='ocrx_word' id='word_1_612' title='bbox 2374 3828 2570 3870; x_wconf 79' lang='lat' dir='ltr'><strong><em>cusros</em></strong></span> <span class='ocrx_word' id='word_1_613' title='bbox 2613 3828 2849 3872; x_wconf 72' lang='lat' dir='ltr'><strong><em>ocularet</em></strong></span> <span class='ocrx_word' id='word_1_614' title='bbox 2894 3832 3085 3876; x_wconf 75' lang='lat' dir='ltr'><strong><em>GRBGIS</em></strong></span> <span class='ocrx_word' id='word_1_615' title='bbox 3120 3834 3149 3873; x_wconf 93' lang='lat' dir='ltr'><strong><em>a</em></strong></span> <span class='ocrx_word' id='word_1_616' title='bbox 3177 3800 3474 3879; x_wconf 68' lang='lat' dir='ltr'><strong><em>Gaudentio</em></strong></span> <span class='ocrx_word' id='word_1_617' title='bbox 3500 3800 3735 3879; x_wconf 62' lang='lat' dir='ltr'><strong><em>appellem</em></strong></span> 
     </span>
    </p>
   </div>
   <div class='ocr_carea' id='block_1_85' title="bbox 2214 3888 3736 3983">
    <p class='ocr_par' dir='ltr' id='par_1_85' title="bbox 2214 3888 3736 3983">
     <span class='ocr_line' id='line_1_85' title="bbox 2214 3888 3736 3983; baseline -0.012 -5"><span class='ocrx_word' id='word_1_618' title='bbox 2214 3905 2313 3977; x_wconf 56' lang='lat' dir='ltr'><strong><em>(&quot;)o</em></strong></span> <span class='ocrx_word' id='word_1_619' title='bbox 2349 3905 2693 3981; x_wconf 74' lang='lat' dir='ltr'><strong><em>Relinquitur</em></strong></span> <span class='ocrx_word' id='word_1_620' title='bbox 2739 3909 2921 3979; x_wconf 88' lang='lat' dir='ltr'><strong><em>itaque</em></strong></span> <span class='ocrx_word' id='word_1_621' title='bbox 2973 3917 3032 3966; x_wconf 88' lang='lat' dir='ltr'><strong><em>ut</em></strong></span> <span class='ocrx_word' id='word_1_622' title='bbox 3063 3910 3116 3967; x_wconf 90' lang='lat' dir='ltr'><strong><em>in</em></strong></span> <span class='ocrx_word' id='word_1_623' title='bbox 3143 3910 3267 3983; x_wconf 84' lang='lat' dir='ltr'><strong><em>ejus</em></strong></span> <span class='ocrx_word' id='word_1_624' title='bbox 3292 3902 3498 3967; x_wconf 88' lang='lat' dir='ltr'><strong><em>concilii</em></strong></span> <span class='ocrx_word' id='word_1_625' title='bbox 3524 3888 3736 3959; x_wconf 55' lang='lat' dir='ltr'><strong><em>subseri?</em></strong></span> 
     </span>
    </p>
   </div>
   <div class='ocr_carea' id='block_1_86' title="bbox 2212 3992 3731 4066">
    <p class='ocr_par' dir='ltr' id='par_1_86' title="bbox 2212 3992 3731 4066">
     <span class='ocr_line' id='line_1_86' title="bbox 2212 3992 3731 4066; baseline -0.005 -11"><span class='ocrx_word' id='word_1_626' title='bbox 2212 4000 2483 4066; x_wconf 89' lang='lat' dir='ltr'><strong><em>tionibus,</em></strong></span> <span class='ocrx_word' id='word_1_627' title='bbox 2538 4016 2644 4057; x_wconf 89' lang='lat' dir='ltr'><strong><em>non</em></strong></span> <span class='ocrx_word' id='word_1_628' title='bbox 2704 4000 2751 4055; x_wconf 91' lang='lat' dir='ltr'><strong><em>is</em></strong></span> <span class='ocrx_word' id='word_1_629' title='bbox 2795 4000 2967 4059; x_wconf 79' lang='lat' dir='ltr'><strong><em>fuerit</em></strong></span> <span class='ocrx_word' id='word_1_630' title='bbox 3009 4002 3341 4065; x_wconf 81' lang='lat' dir='ltr'><strong><em>examussim</em></strong></span> <span class='ocrx_word' id='word_1_631' title='bbox 3366 3996 3490 4057; x_wconf 87' lang='lat' dir='ltr'><strong><em>ordo</em></strong></span> <span class='ocrx_word' id='word_1_632' title='bbox 3514 3992 3731 4049; x_wconf 62' lang='lat' dir='ltr'><strong><em>seruuli:</em></strong></span> 
     </span>
    </p>
   </div>
   <div class='ocr_carea' id='block_1_87' title="bbox 2212 4073 3731 4171">
    <p class='ocr_par' dir='ltr' id='par_1_87' title="bbox 2212 4073 3731 4171">
     <span class='ocr_line' id='line_1_87' title="bbox 2212 4073 3731 4171; baseline -0.005 -23"><span class='ocrx_word' id='word_1_633' title='bbox 2212 4093 2303 4164; x_wconf 89' lang='lat' dir='ltr'><strong><em>qui</em></strong></span> <span class='ocrx_word' id='word_1_634' title='bbox 2330 4092 2399 4150; x_wconf 89' lang='lat' dir='ltr'><strong><em>ab</em></strong></span> <span class='ocrx_word' id='word_1_635' title='bbox 2446 4091 2821 4151; x_wconf 87' lang='lat' dir='ltr'><strong><em>ecclesiastica</em></strong></span> <span class='ocrx_word' id='word_1_636' title='bbox 2872 4094 3063 4170; x_wconf 89' lang='lat' dir='ltr'><strong><em>regula</em></strong></span> <span class='ocrx_word' id='word_1_637' title='bbox 3102 4096 3446 4171; x_wconf 68' lang='lat' dir='ltr'><strong><em>prmscriptus</em></strong></span> <span class='ocrx_word' id='word_1_638' title='bbox 3468 4073 3731 4171; x_wconf 55' lang='grc' dir='ltr'><strong><em>εηιςοιρὶξιί</em></strong></span> 
     </span>
    </p>
   </div>
   <div class='ocr_carea' id='block_1_88' title="bbox 2210 4166 3729 4267">
    <p class='ocr_par' dir='ltr' id='par_1_88' title="bbox 2210 4166 3729 4267">
     <span class='ocr_line' id='line_1_88' title="bbox 2210 4166 3729 4267; baseline 0.009 -30"><span class='ocrx_word' id='word_1_639' title='bbox 2210 4184 2429 4258; x_wconf 86' lang='lat' dir='ltr'><strong><em>quidem</em></strong></span> <span class='ocrx_word' id='word_1_640' title='bbox 2459 4186 2537 4242; x_wconf 90' lang='lat' dir='ltr'><strong><em>rei</em></strong></span> <span class='ocrx_word' id='word_1_641' title='bbox 2566 4186 2654 4242; x_wconf 85' lang='lat' dir='ltr'><strong><em>vel</em></strong></span> <span class='ocrx_word' id='word_1_642' title='bbox 2686 4185 2815 4243; x_wconf 88' lang='lat' dir='ltr'><strong><em>illud</em></strong></span> <span class='ocrx_word' id='word_1_643' title='bbox 2842 4166 3165 4261; x_wconf 72' lang='lat' dir='ltr'><strong><em>argumento</em></strong></span> <span class='ocrx_word' id='word_1_644' title='bbox 3192 4204 3314 4248; x_wconf 89' lang='lat' dir='ltr'><strong><em>esse</em></strong></span> <span class='ocrx_word' id='word_1_645' title='bbox 3334 4166 3529 4258; x_wconf 66' lang='lat' dir='ltr'><strong><em>poteSi.</em></strong></span> <span class='ocrx_word' id='word_1_646' title='bbox 3550 4166 3729 4267; x_wconf 42' lang='lat' dir='ltr'><strong><em>GMP,&quot;</em></strong></span> 
     </span>
    </p>
   </div>
   <div class='ocr_carea' id='block_1_89' title="bbox 2210 4259 3729 4352">
    <p class='ocr_par' dir='ltr' id='par_1_89' title="bbox 2210 4259 3729 4352">
     <span class='ocr_line' id='line_1_89' title="bbox 2210 4259 3729 4352; baseline -0.007 -18"><span class='ocrx_word' id='word_1_647' title='bbox 2210 4279 2473 4336; x_wconf 89' lang='lat' dir='ltr'><strong><em>laterculo</em></strong></span> <span class='ocrx_word' id='word_1_648' title='bbox 2502 4259 3109 4352; x_wconf 29' lang='lat' dir='ltr'><strong><em>Episc0porum&#39;eidem</em></strong></span> <span class='ocrx_word' id='word_1_649' title='bbox 3137 4282 3373 4345; x_wconf 88' lang='lat' dir='ltr'><strong><em>concilio</em></strong></span> <span class='ocrx_word' id='word_1_650' title='bbox 3400 4272 3618 4351; x_wconf 64' lang='lat' dir='ltr'><strong><em>prenso.</em></strong></span> <span class='ocrx_word' id='word_1_651' title='bbox 3636 4259 3729 4318; x_wconf 65' lang='lat' dir='ltr'><strong><em>Plii-</em></strong></span> 
     </span>
    </p>
   </div>
   <div class='ocr_carea' id='block_1_90' title="bbox 2210 4364 3728 4455">
    <p class='ocr_par' dir='ltr' id='par_1_90' title="bbox 2210 4364 3728 4455">
     <span class='ocr_line' id='line_1_90' title="bbox 2210 4364 3728 4455; baseline -0.009 -25"><span class='ocrx_word' id='word_1_652' title='bbox 2210 4373 2430 4432; x_wconf 80' lang='lat' dir='ltr'><strong><em>lastrius</em></strong></span> <span class='ocrx_word' id='word_1_653' title='bbox 2455 4383 2687 4432; x_wconf 88' lang='lat' dir='ltr'><strong><em>octavus</em></strong></span> <span class='ocrx_word' id='word_1_654' title='bbox 2713 4384 3052 4447; x_wconf 87' lang='lat' dir='ltr'><strong><em>numeretur,</em></strong></span> <span class='ocrx_word' id='word_1_655' title='bbox 3084 4377 3239 4437; x_wconf 84' lang='lat' dir='ltr'><strong><em>initio</em></strong></span> <span class='ocrx_word' id='word_1_656' title='bbox 3267 4388 3393 4434; x_wconf 84' lang='lat' dir='ltr'><strong><em>vero</em></strong></span> <span class='ocrx_word' id='word_1_657' title='bbox 3414 4372 3633 4429; x_wconf 80' lang='lat' dir='ltr'><strong><em>Actorum</em></strong></span> <span class='ocrx_word' id='word_1_658' title='bbox 3663 4364 3728 4455; x_wconf 43' lang='grc' dir='ltr'><strong><em>φ·</em></strong></span> 
     </span>
    </p>
   </div>
   <div class='ocr_carea' id='block_1_91' title="bbox 500 4456 3728 4547">
    <p class='ocr_par' dir='ltr' id='par_1_91' title="bbox 500 4456 3728 4547">
     <span class='ocr_line' id='line_1_91' title="bbox 500 4456 3728 4547; baseline -0.006 -12"><span class='ocrx_word' id='word_1_659' title='bbox 500 4481 717 4537; x_wconf 87' lang='lat' dir='ltr'><strong><em>concilio</em></strong></span> <span class='ocrx_word' id='word_1_660' title='bbox 739 4523 753 4547; x_wconf 93' lang='lat'><strong><em>,</em></strong></span> <span class='ocrx_word' id='word_1_661' title='bbox 780 4480 884 4537; x_wconf 84' lang='lat' dir='ltr'><strong><em>sive</em></strong></span> <span class='ocrx_word' id='word_1_662' title='bbox 925 4476 994 4532; x_wconf 90' lang='lat' dir='ltr'><strong><em>ad</em></strong></span> <span class='ocrx_word' id='word_1_663' title='bbox 1030 4472 1484 4537; x_wconf 84' lang='lat' dir='ltr'><strong><em>subscribendum,</em></strong></span> <span class='ocrx_word' id='word_1_664' title='bbox 1527 4470 1606 4525; x_wconf 84' lang='lat' dir='ltr'><strong><em>vel</em></strong></span> <span class='ocrx_word' id='word_1_665' title='bbox 1634 4470 1688 4524; x_wconf 87' lang='lat' dir='ltr'><strong><em>in</em></strong></span> <span class='ocrx_word' id='word_1_666' title='bbox 1731 4468 1957 4541; x_wconf 87' lang='lat' dir='ltr'><strong><em>qualibet</em></strong></span> <span class='ocrx_word' id='word_1_667' title='bbox 1998 4469 2106 4524; x_wconf 88' lang='lat' dir='ltr'><strong><em>alia</em></strong></span> <span class='ocrx_word' id='word_1_668' title='bbox 2133 4458 2185 4520; x_wconf 74' lang='grc' dir='ltr'><strong>Β</strong></span> <span class='ocrx_word' id='word_1_669' title='bbox 2209 4477 2396 4525; x_wconf 89' lang='lat' dir='ltr'><strong><em>currat</em></strong></span> <span class='ocrx_word' id='word_1_670' title='bbox 2444 4467 2806 4535; x_wconf 87' lang='lat' dir='ltr'><strong><em>undecimus;</em></strong></span> <span class='ocrx_word' id='word_1_671' title='bbox 2839 4484 2902 4527; x_wconf 88' lang='lat' dir='ltr'><strong><em>ac</em></strong></span> <span class='ocrx_word' id='word_1_672' title='bbox 2946 4469 3231 4531; x_wconf 77' lang='lat' dir='ltr'><strong><em>Gallorum</em></strong></span> <span class='ocrx_word' id='word_1_673' title='bbox 3260 4466 3415 4542; x_wconf 82' lang='lat' dir='ltr'><strong><em>legati</em></strong></span> <span class='ocrx_word' id='word_1_674' title='bbox 3466 4456 3728 4547; x_wconf 40' lang='lat' dir='ltr'><strong><em>Caedat.&quot;</em></strong></span> 
     </span>
    </p>
   </div>
   <div class='ocr_carea' id='block_1_92' title="bbox 498 4560 2103 4643">
    <p class='ocr_par' dir='ltr' id='par_1_92' title="bbox 498 4560 2103 4643">
     <span class='ocr_line' id='line_1_92' title="bbox 498 4560 2103 4643; baseline -0.008 -14"><span class='ocrx_word' id='word_1_675' title='bbox 498 4590 577 4643; x_wconf 85' lang='lat' dir='ltr'><strong><em>re,</em></strong></span> <span class='ocrx_word' id='word_1_676' title='bbox 607 4591 701 4629; x_wconf 89' lang='lat' dir='ltr'><strong><em>sua</em></strong></span> <span class='ocrx_word' id='word_1_677' title='bbox 728 4573 990 4627; x_wconf 83' lang='lat' dir='ltr'><strong><em>attendere</em></strong></span> <span class='ocrx_word' id='word_1_678' title='bbox 1029 4570 1143 4624; x_wconf 89' lang='lat' dir='ltr'><strong><em>loca</em></strong></span> <span class='ocrx_word' id='word_1_679' title='bbox 1192 4567 1538 4623; x_wconf 83' lang='lat' dir='ltr'><strong><em>decernimus.</em></strong></span> <span class='ocrx_word' id='word_1_680' title='bbox 1572 4560 1877 4619; x_wconf 84' lang='lat' dir='ltr'><strong><em>Concilium</em></strong></span> <span class='ocrx_word' id='word_1_681' title='bbox 1906 4561 2103 4618; x_wconf 85' lang='lat' dir='ltr'><strong><em>Braca-</em></strong></span> 
     </span>
    </p>
   </div>
   <div class='ocr_carea' id='block_1_93' title="bbox 499 4656 2105 4733">
    <p class='ocr_par' dir='ltr' id='par_1_93' title="bbox 499 4656 2105 4733">
     <span class='ocr_line' id='line_1_93' title="bbox 499 4656 2105 4733; baseline -0.009 -7"><span class='ocrx_word' id='word_1_682' title='bbox 499 4684 661 4726; x_wconf 87' lang='lat' dir='ltr'><strong><em>rense</em></strong></span> <span class='ocrx_word' id='word_1_683' title='bbox 690 4682 746 4733; x_wconf 88' lang='grc' dir='ltr'>ι,</span> <span class='ocrx_word' id='word_1_684' title='bbox 780 4679 903 4720; x_wconf 86' lang='lat' dir='ltr'><strong><em>can.</em></strong></span> <span class='ocrx_word' id='word_1_685' title='bbox 931 4661 1001 4717; x_wconf 63' lang='lat'><strong><em>24</em></strong></span> <span class='ocrx_word' id='word_1_686' title='bbox 1031 4679 1046 4716; x_wconf 89' lang='lat'><strong>:</strong></span> <span class='ocrx_word' id='word_1_687' title='bbox 1080 4660 1396 4717; x_wconf 78' lang='lat' dir='ltr'><strong><em>Conservam</em></strong></span> <span class='ocrx_word' id='word_1_688' title='bbox 1441 4656 1833 4729; x_wconf 76' lang='lat' dir='ltr'><strong><em>Metropolitum</em></strong></span> <span class='ocrx_word' id='word_1_689' title='bbox 1880 4657 2105 4729; x_wconf 86' lang='lat' dir='ltr'><strong><em>episcopi</em></strong></span> 
     </span>
    </p>
   </div>
   <div class='ocr_carea' id='block_1_94' title="bbox 500 4748 2103 4835">
    <p class='ocr_par' dir='ltr' id='par_1_94' title="bbox 500 4748 2103 4835">
     <span class='ocr_line' id='line_1_94' title="bbox 500 4748 2103 4835; baseline -0.01 -17"><span class='ocrx_word' id='word_1_690' title='bbox 500 4763 748 4835; x_wconf 87' lang='lat' dir='ltr'><strong><em>primatu,</em></strong></span> <span class='ocrx_word' id='word_1_691' title='bbox 779 4755 952 4814; x_wconf 71' lang='grc' dir='ltr'><strong><em>σωτετὶ</em></strong></span> <span class='ocrx_word' id='word_1_692' title='bbox 979 4755 1335 4827; x_wconf 86' lang='lat' dir='ltr'><strong><em>episcoporum</em></strong></span> <span class='ocrx_word' id='word_1_693' title='bbox 1363 4751 1650 4807; x_wconf 85' lang='lat' dir='ltr'><strong><em>secundum</em></strong></span> <span class='ocrx_word' id='word_1_694' title='bbox 1677 4766 1787 4805; x_wconf 78' lang='lat' dir='ltr'><strong><em>sure</em></strong></span> <span class='ocrx_word' id='word_1_695' title='bbox 1811 4748 2103 4805; x_wconf 87' lang='lat' dir='ltr'><strong><em>ordinatio-</em></strong></span> 
     </span>
    </p>
   </div>
   <div class='ocr_carea' id='block_1_95' title="bbox 498 4841 2103 4928">
    <p class='ocr_par' dir='ltr' id='par_1_95' title="bbox 498 4841 2103 4928">
     <span class='ocr_line' id='line_1_95' title="bbox 498 4841 2103 4928; baseline -0.011 -15"><span class='ocrx_word' id='word_1_696' title='bbox 498 4860 578 4915; x_wconf 88' lang='lat' dir='ltr'><strong><em>nis</em></strong></span> <span class='ocrx_word' id='word_1_697' title='bbox 610 4868 808 4928; x_wconf 81' lang='lat' dir='ltr'><strong><em>tempus</em></strong></span> <span class='ocrx_word' id='word_1_698' title='bbox 830 4896 844 4921; x_wconf 93' lang='lat'><strong><em>,</em></strong></span> <span class='ocrx_word' id='word_1_699' title='bbox 876 4852 1011 4907; x_wconf 87' lang='lat' dir='ltr'><strong><em>alius</em></strong></span> <span class='ocrx_word' id='word_1_700' title='bbox 1060 4847 1153 4902; x_wconf 87' lang='lat' dir='ltr'><strong><em>alii</em></strong></span> <span class='ocrx_word' id='word_1_701' title='bbox 1200 4846 1412 4901; x_wconf 86' lang='lat' dir='ltr'><strong><em>sedendi</em></strong></span> <span class='ocrx_word' id='word_1_702' title='bbox 1458 4845 1657 4915; x_wconf 74' lang='lat' dir='ltr'><strong><em>deferat</em></strong></span> <span class='ocrx_word' id='word_1_703' title='bbox 1688 4844 1857 4898; x_wconf 87' lang='lat' dir='ltr'><strong><em>locum</em></strong></span> <span class='ocrx_word' id='word_1_704' title='bbox 1888 4841 1981 4915; x_wconf 85' lang='lat' dir='ltr'><strong><em>(e).</em></strong></span> <span class='ocrx_word' id='word_1_705' title='bbox 2016 4841 2103 4897; x_wconf 86' lang='lat' dir='ltr'><strong><em>Li-</em></strong></span> 
     </span>
    </p>
   </div>
   <div class='ocr_carea' id='block_1_96' title="bbox 594 4977 1385 5051">
    <p class='ocr_par' dir='ltr' id='par_1_96' title="bbox 594 4977 1385 5051">
     <span class='ocr_line' id='line_1_96' title="bbox 594 4977 1385 5051; baseline -0.02 -2"><span class='ocrx_word' id='word_1_706' title='bbox 594 4994 651 5051; x_wconf 69' lang='lat' dir='ltr'><strong><em>ui</em></strong></span> <span class='ocrx_word' id='word_1_707' title='bbox 678 4990 788 5047; x_wconf 73' lang='lat' dir='ltr'><strong><em>Vit.</em></strong></span> <span class='ocrx_word' id='word_1_708' title='bbox 816 4986 966 5046; x_wconf 62' lang='lat' dir='ltr'><strong><em>benti</em></strong></span> <span class='ocrx_word' id='word_1_709' title='bbox 988 4983 1145 5045; x_wconf 63' lang='grc' dir='ltr'>ωτι.</span> <span class='ocrx_word' id='word_1_710' title='bbox 1174 4993 1301 5051; x_wconf 82' lang='lat' dir='ltr'><strong><em>cap.</em></strong></span> <span class='ocrx_word' id='word_1_711' title='bbox 1328 4977 1385 5035; x_wconf 77' lang='grc' dir='ltr'><strong>ϐ.</strong></span> 
     </span>
    </p>
   </div>
   <div class='ocr_carea' id='block_1_97' title="bbox 599 4994 1861 5139">
    <p class='ocr_par' dir='ltr' id='par_1_97' title="bbox 599 4994 1861 5139">
     <span class='ocr_line' id='line_1_97' title="bbox 599 4994 1385 5051; baseline -0.009 -4"><span class='ocrx_word' id='word_1_712' title='bbox 599 5012 629 5049; x_wconf 74' lang='grc' dir='ltr'><em>α</em></span> <span class='ocrx_word' id='word_1_713' title='bbox 678 4994 788 5047; x_wconf 76' lang='lat' dir='ltr'><strong><em>vn.</em></strong></span> <span class='ocrx_word' id='word_1_714' title='bbox 817 4994 966 5046; x_wconf 66' lang='grc' dir='ltr'>ιιωι</span> <span class='ocrx_word' id='word_1_715' title='bbox 988 4994 1145 5045; x_wconf 72' lang='lat' dir='ltr'><strong><em>mu.</em></strong></span> <span class='ocrx_word' id='word_1_716' title='bbox 1174 4994 1301 5051; x_wconf 78' lang='lat' dir='ltr'><strong><em>cap.</em></strong></span> <span class='ocrx_word' id='word_1_717' title='bbox 1328 4994 1385 5035; x_wconf 75' lang='grc' dir='ltr'>ιι.</span> 
     </span>
     <span class='ocr_line' id='line_1_98' title="bbox 599 4994 1861 5139; baseline 0 -21"><span class='ocrx_word' id='word_1_718' title='bbox 599 4994 651 5139; x_wconf 47' lang='grc' dir='ltr'>ιζ</span> <span class='ocrx_word' id='word_1_719' title='bbox 682 5062 821 5139; x_wconf 69' lang='lat' dir='ltr'><strong><em>nihl.</em></strong></span> <span class='ocrx_word' id='word_1_720' title='bbox 852 5060 963 5139; x_wconf 58' lang='lat' dir='ltr'><strong><em>PE.</em></strong></span> <span class='ocrx_word' id='word_1_721' title='bbox 988 5068 1124 5139; x_wconf 70' lang='lat' dir='ltr'><strong><em>tom.</em></strong></span> <span class='ocrx_word' id='word_1_722' title='bbox 1156 5051 1248 5139; x_wconf 53' lang='lat'><strong><em>11;.</em></strong></span> <span class='ocrx_word' id='word_1_723' title='bbox 1276 5051 1383 5135; x_wconf 72' lang='lat'><strong><em>901-</em></strong></span> <span class='ocrx_word' id='word_1_724' title='bbox 1414 5047 1485 5139; x_wconf 55' lang='grc' dir='ltr'><strong><em>εχ</em></strong></span> <span class='ocrx_word' id='word_1_725' title='bbox 1546 5113 1861 5139; x_wconf 42' lang='lat' dir='ltr'><strong><em>&quot;unum,</em></strong></span> 
     </span>
    </p>
   </div>
   <div class='ocr_carea' id='block_1_98' title="bbox 597 5112 2109 5210">
    <p class='ocr_par' dir='ltr' id='par_1_98' title="bbox 597 5112 2109 5210">
     <span class='ocr_line' id='line_1_99' title="bbox 597 5112 2109 5210; baseline -0.017 -16"><span class='ocrx_word' id='word_1_726' title='bbox 597 5112 647 5210; x_wconf 69' lang='lat'><strong><em>25</em></strong></span> <span class='ocrx_word' id='word_1_727' title='bbox 682 5112 1156 5210; x_wconf 29' lang='lat' dir='ltr'><strong><em>IicLe&#39;tili‘usebius‘</em></strong></span> <span class='ocrx_word' id='word_1_728' title='bbox 1193 5112 1487 5207; x_wconf 65' lang='lat' dir='ltr'><strong><em>Episcopus</em></strong></span> <span class='ocrx_word' id='word_1_729' title='bbox 1531 5112 2109 5210; x_wconf 27' lang='grc' dir='ltr'><strong><em>ινιειιειξμςηεῇὶ*ἕξιππ-</em></strong></span> 
     </span>
    </p>
   </div>
   <div class='ocr_carea' id='block_1_99' title="bbox 500 5186 2107 5282">
    <p class='ocr_par' dir='ltr' id='par_1_99' title="bbox 500 5186 2107 5282">
     <span class='ocr_line' id='line_1_100' title="bbox 500 5186 2107 5282; baseline -0.018 -18"><span class='ocrx_word' id='word_1_730' title='bbox 500 5186 664 5282; x_wconf 57' lang='lat' dir='ltr'><strong><em>griuti,</em></strong></span> <span class='ocrx_word' id='word_1_731' title='bbox 693 5186 1083 5282; x_wconf 22' lang='lat' dir='ltr'><strong><em>etvpbilastrius</em></strong></span> <span class='ocrx_word' id='word_1_732' title='bbox 1112 5186 1410 5282; x_wconf 56' lang='lat' dir='ltr'><strong><em>Briagianns,</em></strong></span> <span class='ocrx_word' id='word_1_733' title='bbox 1439 5186 2107 5282; x_wconf 45' lang='grc' dir='ltr'><strong><em>ἓξ-</em></strong></span> 
     </span>
    </p>
   </div>
   <div class='ocr_carea' id='block_1_100' title="bbox 504 5253 2110 5403">
    <p class='ocr_par' dir='ltr' id='par_1_100' title="bbox 504 5253 2110 5403">
     <span class='ocr_line' id='line_1_101' title="bbox 504 5253 2110 5351; baseline -0.017 -11"><span class='ocrx_word' id='word_1_734' title='bbox 765 5253 1025 5349; x_wconf 33' lang='lat' dir='ltr'><strong><em>neq-otium</em></strong></span> <span class='ocrx_word' id='word_1_735' title='bbox 1056 5253 1409 5341; x_wconf 56' lang='lat' dir='ltr'><strong><em>facessisset“,</em></strong></span> <span class='ocrx_word' id='word_1_736' title='bbox 1430 5273 1480 5325; x_wconf 81' lang='lat' dir='ltr'><strong><em>ei</em></strong></span> <span class='ocrx_word' id='word_1_737' title='bbox 1505 5253 1824 5318; x_wconf 70' lang='lat' dir='ltr'><strong><em>vehementer</em></strong></span> <span class='ocrx_word' id='word_1_738' title='bbox 1849 5253 2110 5337; x_wconf 47' lang='lat' dir='ltr'><strong><em>(sopitus-</em></strong></span> 
     </span>
     <span class='ocr_line' id='line_1_102' title="bbox 504 5340 2009 5403; baseline -0.018 1"><span class='ocrx_word' id='word_1_739' title='bbox 504 5365 635 5403; x_wconf 83' lang='lat' dir='ltr'><strong><em>sent-</em></strong></span> <span class='ocrx_word' id='word_1_740' title='bbox 672 5353 797 5403; x_wconf 84' lang='lat' dir='ltr'><strong><em>Bar.</em></strong></span> <span class='ocrx_word' id='word_1_741' title='bbox 833 5352 895 5403; x_wconf 84' lang='lat' dir='ltr'><strong><em>A.</em></strong></span> <span class='ocrx_word' id='word_1_742' title='bbox 923 5346 1050 5403; x_wconf 72' lang='lat'><strong><em>569,</em></strong></span> <span class='ocrx_word' id='word_1_743' title='bbox 1084 5358 1138 5395; x_wconf 88' lang='lat' dir='ltr'><strong><em>tt.</em></strong></span> <span class='ocrx_word' id='word_1_744' title='bbox 1173 5340 1225 5393; x_wconf 88' lang='grc'><strong><em>6.</em></strong></span> <span class='ocrx_word' id='word_1_745' title='bbox 1843 5400 1863 5403; x_wconf 71' lang='lat'><strong><em>_</em></strong></span> <span class='ocrx_word' id='word_1_746' title='bbox 2001 5400 2009 5403; x_wconf 23' lang='grc' dir='ltr'><strong>Δ</strong></span> 
     </span>
    </p>
   </div>
   <div class='ocr_carea' id='block_1_101' title="bbox 717 5358 1225 5406">
    <p class='ocr_par' dir='ltr' id='par_1_101' title="bbox 717 5358 1225 5406">
     <span class='ocr_line' id='line_1_103' title="bbox 717 5358 1225 5406; baseline -0.03 0"><span class='ocrx_word' id='word_1_747' title='bbox 717 5367 797 5406; x_wconf 78' lang='lat' dir='ltr'><strong><em>ill‘.</em></strong></span> <span class='ocrx_word' id='word_1_748' title='bbox 833 5358 895 5403; x_wconf 77' lang='grc' dir='ltr'><strong><em>Α.</em></strong></span> <span class='ocrx_word' id='word_1_749' title='bbox 924 5358 1050 5406; x_wconf 71' lang='grc' dir='ltr'><strong><em>ὒῧῊ,</em></strong></span> <span class='ocrx_word' id='word_1_750' title='bbox 1084 5358 1138 5395; x_wconf 88' lang='grc'><strong>11.</strong></span> <span class='ocrx_word' id='word_1_751' title='bbox 1173 5358 1225 5393; x_wconf 84' lang='grc' dir='ltr'><strong>ο.</strong></span> 
     </span>
    </p>
   </div>
   <div class='ocr_carea' id='block_1_102' title="bbox 504 5353 2104 5497">
    <p class='ocr_par' dir='ltr' id='par_1_102' title="bbox 504 5353 2104 5497">
     <span class='ocr_line' id='line_1_104' title="bbox 504 5353 2027 5415; baseline -0.025 -7"><span class='ocrx_word' id='word_1_752' title='bbox 504 5365 635 5410; x_wconf 81' lang='lat' dir='ltr'><strong><em>sent.</em></strong></span> <span class='ocrx_word' id='word_1_753' title='bbox 670 5353 797 5408; x_wconf 87' lang='lat' dir='ltr'><strong><em>Bar.</em></strong></span> <span class='ocrx_word' id='word_1_754' title='bbox 833 5353 895 5403; x_wconf 87' lang='lat' dir='ltr'><strong><em>A.</em></strong></span> <span class='ocrx_word' id='word_1_755' title='bbox 923 5353 1050 5406; x_wconf 64' lang='lat'><strong><em>569,</em></strong></span> <span class='ocrx_word' id='word_1_756' title='bbox 1084 5358 1138 5395; x_wconf 89' lang='grc' dir='ltr'>ιι.</span> <span class='ocrx_word' id='word_1_757' title='bbox 1173 5353 1225 5393; x_wconf 81' lang='lat' dir='ltr'><strong><em>u.</em></strong></span> <span class='ocrx_word' id='word_1_758' title='bbox 1707 5403 1718 5415; x_wconf 32' lang='grc' dir='ltr'>ι</span> <span class='ocrx_word' id='word_1_759' title='bbox 2017 5403 2027 5413; x_wconf 33' lang='grc' dir='ltr'>ι</span> 
     </span>
     <span class='ocr_line' id='line_1_105' title="bbox 577 5400 2104 5497; baseline -0.023 -16"><span class='ocrx_word' id='word_1_760' title='bbox 577 5424 654 5497; x_wconf 90' lang='lat' dir='ltr'><strong><em>(d)</em></strong></span> <span class='ocrx_word' id='word_1_761' title='bbox 704 5420 930 5497; x_wconf 75' lang='lat' dir='ltr'><strong><em>lnsultat</em></strong></span> <span class='ocrx_word' id='word_1_762' title='bbox 977 5408 1362 5497; x_wconf 62' lang='lat' dir='ltr'><strong><em>(Amantius)</em></strong></span> 
     </span>
    </p>
   </div>
   <div class='ocr_carea' id='block_1_103' title="bbox 504 5474 2104 5565">
    <p class='ocr_par' dir='ltr' id='par_1_103' title="bbox 504 5474 2104 5565">
     <span class='ocr_line' id='line_1_106' title="bbox 504 5474 2104 5565; baseline -0.018 -12"><span class='ocrx_word' id='word_1_763' title='bbox 504 5474 1065 5565; x_wconf 8' lang='lat' dir='ltr'><strong><em>sanctius—lepiscopos,</em></strong></span> <span class='ocrx_word' id='word_1_764' title='bbox 1108 5492 1159 5565; x_wconf 82' lang='lat' dir='ltr'><strong><em>_et</em></strong></span> <span class='ocrx_word' id='word_1_765' title='bbox 1204 5474 1355 5536; x_wconf 60' lang='lat' dir='ltr'><strong><em>inter“</em></strong></span> <span class='ocrx_word' id='word_1_766' title='bbox 1387 5479 1519 5534; x_wconf 83' lang='lat' dir='ltr'><strong><em>alios</em></strong></span> <span class='ocrx_word' id='word_1_767' title='bbox 1544 5476 1792 5565; x_wconf 50' lang='lat' dir='ltr'><strong><em>manus</em></strong></span> <span class='ocrx_word' id='word_1_768' title='bbox 1826 5474 2104 5556; x_wconf 59' lang='lat' dir='ltr'><strong><em>Eusebium</em></strong></span> 
     </span>
    </p>
   </div>
   <div class='ocr_carea' id='block_1_104' title="bbox 512 5545 2105 5628">
    <p class='ocr_par' dir='ltr' id='par_1_104' title="bbox 512 5545 2105 5628">
     <span class='ocr_line' id='line_1_107' title="bbox 512 5545 2105 5628; baseline -0.016 -6"><span class='ocrx_word' id='word_1_769' title='bbox 512 5545 903 5628; x_wconf 58' lang='grc' dir='ltr'><strong><em>ἱῖὲῖέὲιιεήἔάὴ,</em></strong></span> <span class='ocrx_word' id='word_1_770' title='bbox 933 5545 1243 5628; x_wconf 59' lang='grc' dir='ltr'><strong><em>Ἀηιὶὶιξιεηι,</em></strong></span> <span class='ocrx_word' id='word_1_771' title='bbox 1277 5567 1367 5628; x_wconf 86' lang='lat' dir='ltr'><strong><em>n_e_c</em></strong></span> <span class='ocrx_word' id='word_1_772' title='bbox 1386 5566 1490 5605; x_wconf 86' lang='lat' dir='ltr'><strong><em>non</em></strong></span> <span class='ocrx_word' id='word_1_773' title='bbox 1535 5545 1884 5605; x_wconf 54' lang='lat' dir='ltr'><strong><em>Philostratus</em></strong></span> <span class='ocrx_word' id='word_1_774' title='bbox 1905 5545 2105 5613; x_wconf 82' lang='lat' dir='ltr'><strong><em>episco-</em></strong></span> 
     </span>
    </p>
   </div>
   <div class='ocr_carea' id='block_1_105' title="bbox 504 5621 1777 5709">
    <p class='ocr_par' dir='ltr' id='par_1_105' title="bbox 504 5621 1777 5709">
     <span class='ocr_line' id='line_1_108' title="bbox 504 5621 1777 5709; baseline 0 -20"><span class='ocrx_word' id='word_1_775' title='bbox 504 5621 970 5709; x_wconf 48' lang='lat' dir='ltr'><strong><em>praeuetitum.</em></strong></span> <span class='ocrx_word' id='word_1_776' title='bbox 1001 5626 1181 5709; x_wconf 31' lang='lat' dir='ltr'><strong><em>ibid”.</em></strong></span> <span class='ocrx_word' id='word_1_777' title='bbox 1198 5640 1259 5706; x_wconf 57' lang='grc' dir='ltr'>ιιι,</span> <span class='ocrx_word' id='word_1_778' title='bbox 1285 5621 1375 5709; x_wconf 46' lang='lat'><strong><em>‘2‘?-</em></strong></span> <span class='ocrx_word' id='word_1_779' title='bbox 1400 5707 1427 5709; x_wconf 11' lang='grc' dir='ltr'><strong><em>Α</em></strong></span> <span class='ocrx_word' id='word_1_780' title='bbox 1463 5690 1501 5709; x_wconf 53' lang='grc' dir='ltr'><strong>η</strong></span> <span class='ocrx_word' id='word_1_781' title='bbox 1518 5706 1533 5709; x_wconf 30' lang='grc' dir='ltr'><strong>Α</strong></span> 
     </span>
    </p>
   </div>
   <div class='ocr_carea' id='block_1_106' title="bbox 576 5687 2102 5778">
    <p class='ocr_par' dir='ltr' id='par_1_106' title="bbox 576 5687 2102 5778">
     <span class='ocr_line' id='line_1_109' title="bbox 576 5687 2102 5778; baseline -0.016 -16"><span class='ocrx_word' id='word_1_782' title='bbox 576 5687 826 5778; x_wconf 59' lang='grc' dir='ltr'>(ξῆιάιω</span> <span class='ocrx_word' id='word_1_783' title='bbox 853 5701 1107 5761; x_wconf 77' lang='lat' dir='ltr'><strong><em>eumdem</em></strong></span> <span class='ocrx_word' id='word_1_784' title='bbox 1130 5687 1435 5765; x_wconf 81' lang='lat' dir='ltr'><strong><em>disciplinae</em></strong></span> <span class='ocrx_word' id='word_1_785' title='bbox 1462 5687 1864 5751; x_wconf 72' lang='lat' dir='ltr'><strong><em>Ecclesiasticte</em></strong></span> <span class='ocrx_word' id='word_1_786' title='bbox 1890 5699 2102 5745; x_wconf 85' lang='lat' dir='ltr'><strong><em>morem</em></strong></span> 
     </span>
    </p>
   </div>
   <div class='ocr_carea' id='block_1_107' title="bbox 2210 4536 3726 4631">
    <p class='ocr_par' dir='ltr' id='par_1_107' title="bbox 2210 4536 3726 4631">
     <span class='ocr_line' id='line_1_110' title="bbox 2210 4536 3726 4631; baseline -0.003 -15"><span class='ocrx_word' id='word_1_787' title='bbox 2210 4560 2562 4617; x_wconf 82' lang='lat' dir='ltr'><strong><em>Arausicanus</em></strong></span> <span class='ocrx_word' id='word_1_788' title='bbox 2580 4602 2595 4628; x_wconf 92' lang='lat'><strong><em>,</em></strong></span> <span class='ocrx_word' id='word_1_789' title='bbox 2626 4559 2889 4621; x_wconf 78' lang='lat' dir='ltr'><strong><em>Proculus</em></strong></span> <span class='ocrx_word' id='word_1_790' title='bbox 2916 4561 3281 4631; x_wconf 73' lang='lat' dir='ltr'><strong><em>Massiliensis,</em></strong></span> <span class='ocrx_word' id='word_1_791' title='bbox 3307 4536 3535 4617; x_wconf 68' lang='lat' dir='ltr'><strong><em>etlusm</em></strong></span> <span class='ocrx_word' id='word_1_792' title='bbox 3564 4536 3726 4611; x_wconf 50' lang='grc' dir='ltr'><em>Μαάθ</em></span> 
     </span>
    </p>
   </div>
   <div class='ocr_carea' id='block_1_108' title="bbox 2209 4640 3725 4727">
    <p class='ocr_par' dir='ltr' id='par_1_108' title="bbox 2209 4640 3725 4727">
     <span class='ocr_line' id='line_1_111' title="bbox 2209 4640 3725 4727; baseline -0.006 -18"><span class='ocrx_word' id='word_1_793' title='bbox 2209 4655 2412 4722; x_wconf 86' lang='lat' dir='ltr'><strong><em>nensis,</em></strong></span> <span class='ocrx_word' id='word_1_794' title='bbox 2448 4654 2556 4711; x_wconf 89' lang='lat' dir='ltr'><strong><em>alio</em></strong></span> <span class='ocrx_word' id='word_1_795' title='bbox 2582 4653 2776 4711; x_wconf 90' lang='lat' dir='ltr'><strong><em>ordine</em></strong></span> <span class='ocrx_word' id='word_1_796' title='bbox 2802 4656 2855 4712; x_wconf 91' lang='lat' dir='ltr'><strong><em>in</em></strong></span> <span class='ocrx_word' id='word_1_797' title='bbox 2888 4656 3155 4717; x_wconf 85' lang='lat' dir='ltr'><strong><em>laterculo</em></strong></span> <span class='ocrx_word' id='word_1_798' title='bbox 3173 4698 3193 4727; x_wconf 87' lang='lat'><strong><em>,</em></strong></span> <span class='ocrx_word' id='word_1_799' title='bbox 3217 4659 3323 4716; x_wconf 83' lang='lat' dir='ltr'><strong><em>alio</em></strong></span> <span class='ocrx_word' id='word_1_800' title='bbox 3361 4650 3505 4713; x_wconf 88' lang='lat' dir='ltr'><strong><em>initio</em></strong></span> 
     </span>
    </p>
   </div>
   <div class='ocr_carea' id='block_1_109' title="bbox 2210 4723 3723 4822">
    <p class='ocr_par' dir='ltr' id='par_1_109' title="bbox 2210 4723 3723 4822">
     <span class='ocr_line' id='line_1_112' title="bbox 2210 4723 3723 4822; baseline -0.001 -17"><span class='ocrx_word' id='word_1_801' title='bbox 2210 4750 2353 4809; x_wconf 90' lang='lat' dir='ltr'><strong><em>inter</em></strong></span> <span class='ocrx_word' id='word_1_802' title='bbox 2400 4747 2688 4822; x_wconf 86' lang='lat' dir='ltr'><strong><em>episcopos</em></strong></span> <span class='ocrx_word' id='word_1_803' title='bbox 2738 4749 3103 4810; x_wconf 76' lang='lat' dir='ltr'><strong><em>collocentur.</em></strong></span> <span class='ocrx_word' id='word_1_804' title='bbox 3135 4723 3445 4810; x_wconf 68' lang='lat' dir='ltr'><strong><em>bionuerunt</em></strong></span> <span class='ocrx_word' id='word_1_805' title='bbox 3462 4723 3723 4822; x_wconf 54' lang='grc' dir='ltr'><strong><em>,ἰωνΐίδφ</em></strong></span> 
     </span>
    </p>
   </div>
   <div class='ocr_carea' id='block_1_110' title="bbox 2211 4817 3723 4918">
    <p class='ocr_par' dir='ltr' id='par_1_110' title="bbox 2211 4817 3723 4918">
     <span class='ocr_line' id='line_1_113' title="bbox 2211 4817 3723 4918; baseline -0.004 -20"><span class='ocrx_word' id='word_1_806' title='bbox 2211 4843 2314 4898; x_wconf 89' lang='lat' dir='ltr'><strong><em>viri</em></strong></span> <span class='ocrx_word' id='word_1_807' title='bbox 2363 4817 2513 4899; x_wconf 79' lang='lat' dir='ltr'><strong><em>docti</em></strong></span> <span class='ocrx_word' id='word_1_808' title='bbox 2544 4817 2629 4918; x_wconf 63' lang='lat' dir='ltr'><strong><em>(tl,</em></strong></span> <span class='ocrx_word' id='word_1_809' title='bbox 2657 4841 2791 4902; x_wconf 82' lang='lat' dir='ltr'><strong><em>nihil</em></strong></span> <span class='ocrx_word' id='word_1_810' title='bbox 2816 4858 2939 4903; x_wconf 82' lang='lat' dir='ltr'><strong><em>esse</em></strong></span> <span class='ocrx_word' id='word_1_811' title='bbox 2970 4846 3332 4918; x_wconf 82' lang='lat' dir='ltr'><strong><em>perturbatius</em></strong></span> <span class='ocrx_word' id='word_1_812' title='bbox 3356 4817 3723 4897; x_wconf 56' lang='lat' dir='ltr'><strong><em>sessiuniblﬁv“</em></strong></span> 
     </span>
    </p>
   </div>
   <div class='ocr_carea' id='block_1_111' title="bbox 2206 4944 3718 5046">
    <p class='ocr_par' dir='ltr' id='par_1_111' title="bbox 2206 4944 3718 5046">
     <span class='ocr_line' id='line_1_114' title="bbox 2206 4944 3718 5046; baseline 0.005 -16"><span class='ocrx_word' id='word_1_813' title='bbox 2206 4975 2456 5045; x_wconf 80' lang='lat' dir='ltr'><strong><em>agnoscit</em></strong></span> <span class='ocrx_word' id='word_1_814' title='bbox 2485 4974 2756 5033; x_wconf 68' lang='lat' dir='ltr'><strong><em>BJI&#39;OllillS</em></strong></span> <span class='ocrx_word' id='word_1_815' title='bbox 2782 4976 2851 5034; x_wconf 75' lang='grc' dir='ltr'><strong><em>Α.</em></strong></span> <span class='ocrx_word' id='word_1_816' title='bbox 2880 4978 3009 5046; x_wconf 62' lang='grc'><strong><em>831,</em></strong></span> <span class='ocrx_word' id='word_1_817' title='bbox 3042 4995 3194 5035; x_wconf 75' lang='lat' dir='ltr'><strong><em>num.</em></strong></span> <span class='ocrx_word' id='word_1_818' title='bbox 3224 4978 3320 5043; x_wconf 61' lang='lat' dir='ltr'><strong><em>i6;</em></strong></span> <span class='ocrx_word' id='word_1_819' title='bbox 3352 4969 3527 5046; x_wconf 57' lang='lat' dir='ltr'><strong><em>P383}?</em></strong></span> 
     </span>
    </p>
   </div>
   <div class='ocr_carea' id='block_1_112' title="bbox 2206 5024 3719 5130">
    <p class='ocr_par' dir='ltr' id='par_1_112' title="bbox 2206 5024 3719 5130">
     <span class='ocr_line' id='line_1_115' title="bbox 2206 5024 3719 5130; baseline 0.001 -27"><span class='ocrx_word' id='word_1_820' title='bbox 2206 5024 2457 5130; x_wconf 53' lang='lat' dir='ltr'><strong><em>emiss</em></strong></span> <span class='ocrx_word' id='word_1_821' title='bbox 2477 5024 2851 5130; x_wconf 49' lang='lat' dir='ltr'><strong><em>{gaias}:</em></strong></span> <span class='ocrx_word' id='word_1_822' title='bbox 3339 5024 3719 5130; x_wconf 48' lang='lat' dir='ltr'><strong><em>sigon-rw</em></strong></span> 
     </span>
    </p>
   </div>
   <div class='ocr_carea' id='block_1_113' title="bbox 2206 5111 3503 5196">
    <p class='ocr_par' dir='ltr' id='par_1_113' title="bbox 2206 5111 3503 5196">
     <span class='ocr_line' id='line_1_116' title="bbox 2206 5111 3503 5196; baseline -0.003 -22"><span class='ocrx_word' id='word_1_823' title='bbox 2206 5134 2359 5196; x_wconf 72' lang='lat' dir='ltr'><strong><em>num.</em></strong></span> <span class='ocrx_word' id='word_1_824' title='bbox 2383 5111 2486 5196; x_wconf 59' lang='grc' dir='ltr'><strong><em>ξοέ</em></strong></span> <span class='ocrx_word' id='word_1_825' title='bbox 2516 5117 2918 5196; x_wconf 67' lang='lat' dir='ltr'><strong><em>Noris_dissert.</em></strong></span> <span class='ocrx_word' id='word_1_826' title='bbox 2946 5121 2994 5196; x_wconf 14' lang='lat'><strong><em>57</em></strong></span> <span class='ocrx_word' id='word_1_827' title='bbox 3007 5122 3077 5196; x_wconf 85' lang='lat' dir='ltr'><strong><em>de</em></strong></span> <span class='ocrx_word' id='word_1_828' title='bbox 3102 5111 3259 5196; x_wconf 60' lang='lat' dir='ltr'><strong><em>53mg,</em></strong></span> <span class='ocrx_word' id='word_1_829' title='bbox 3288 5133 3401 5189; x_wconf 86' lang='lat' dir='ltr'><strong><em>cap.</em></strong></span> <span class='ocrx_word' id='word_1_830' title='bbox 3428 5111 3503 5167; x_wconf 73' lang='grc'><strong><em>10.</em></strong></span> 
     </span>
    </p>
   </div>
   <div class='ocr_carea' id='block_1_114' title="bbox 2308 5189 3592 5261">
    <p class='ocr_par' dir='ltr' id='par_1_114' title="bbox 2308 5189 3592 5261">
     <span class='ocr_line' id='line_1_117' title="bbox 2308 5189 3592 5261; baseline 0.005 -16"><span class='ocrx_word' id='word_1_831' title='bbox 2308 5189 2355 5261; x_wconf 78' lang='lat' dir='ltr'><strong><em>f)</em></strong></span> <span class='ocrx_word' id='word_1_832' title='bbox 2383 5189 2513 5246; x_wconf 63' lang='grc' dir='ltr'><strong><em>ΒΜ.</em></strong></span> <span class='ocrx_word' id='word_1_833' title='bbox 2535 5190 2603 5245; x_wconf 77' lang='grc' dir='ltr'><strong><em>Α.</em></strong></span> <span class='ocrx_word' id='word_1_834' title='bbox 2631 5191 2761 5257; x_wconf 71' lang='grc'><strong><em>571,</em></strong></span> <span class='ocrx_word' id='word_1_835' title='bbox 2790 5207 2943 5247; x_wconf 76' lang='lat' dir='ltr'><strong><em>num.</em></strong></span> <span class='ocrx_word' id='word_1_836' title='bbox 2975 5194 3102 5249; x_wconf 69' lang='lat' dir='ltr'><strong><em>H6.</em></strong></span> <span class='ocrx_word' id='word_1_837' title='bbox 3144 5189 3170 5196; x_wconf 55' lang='grc'><strong><em>’⁷</em></strong></span> <span class='ocrx_word' id='word_1_838' title='bbox 3562 5241 3592 5261; x_wconf 60' lang='grc' dir='ltr'><strong><em>,ε</em></strong></span> 
     </span>
    </p>
   </div>
   <div class='ocr_carea' id='block_1_115' title="bbox 2307 5229 3715 5346">
    <p class='ocr_par' dir='ltr' id='par_1_115' title="bbox 2307 5229 3715 5346">
     <span class='ocr_line' id='line_1_118' title="bbox 2307 5229 3715 5346; baseline -0.023 -13"><span class='ocrx_word' id='word_1_839' title='bbox 2307 5229 2363 5333; x_wconf 52' lang='lat' dir='ltr'><strong><em>bl)</em></strong></span> <span class='ocrx_word' id='word_1_840' title='bbox 2384 5229 3102 5346; x_wconf 47' lang='grc' dir='ltr'><strong><em>,ο</em></strong></span> <span class='ocrx_word' id='word_1_841' title='bbox 3114 5262 3349 5346; x_wconf 61' lang='lat' dir='ltr'><strong><em>parariis</em></strong></span> <span class='ocrx_word' id='word_1_842' title='bbox 3380 5241 3613 5346; x_wconf 55' lang='lat' dir='ltr'><strong><em>922ml</em></strong></span> <span class='ocrx_word' id='word_1_843' title='bbox 3635 5229 3715 5289; x_wconf 56' lang='grc' dir='ltr'><strong><em>η’</em></strong></span> 
     </span>
    </p>
   </div>
   <div class='ocr_carea' id='block_1_116' title="bbox 2208 5328 3711 5477">
    <p class='ocr_par' dir='ltr' id='par_1_116' title="bbox 2208 5328 3711 5477">
     <span class='ocr_line' id='line_1_119' title="bbox 2208 5328 3709 5402; baseline -0.012 -14"><span class='ocrx_word' id='word_1_844' title='bbox 2208 5328 2509 5390; x_wconf 70' lang='lat' dir='ltr'><strong><em>letﬁotrtius</em></strong></span> <span class='ocrx_word' id='word_1_845' title='bbox 2532 5342 2665 5388; x_wconf 85' lang='lat' dir='ltr'><strong><em>tom.</em></strong></span> <span class='ocrx_word' id='word_1_846' title='bbox 2699 5328 2829 5389; x_wconf 78' lang='lat' dir='ltr'><strong><em>Xin</em></strong></span> <span class='ocrx_word' id='word_1_847' title='bbox 2855 5335 2973 5391; x_wconf 78' lang='lat' dir='ltr'><strong><em>Vita</em></strong></span> <span class='ocrx_word' id='word_1_848' title='bbox 3009 5337 3281 5394; x_wconf 60' lang='lat' dir='ltr'><strong><em>Ambrooﬂ</em></strong></span> <span class='ocrx_word' id='word_1_849' title='bbox 3306 5328 3487 5402; x_wconf 69' lang='grc' dir='ltr'><strong>ρ.122.</strong></span> <span class='ocrx_word' id='word_1_850' title='bbox 3564 5385 3574 5396; x_wconf 45' lang='lat'><em>.</em></span> <span class='ocrx_word' id='word_1_851' title='bbox 3684 5367 3709 5380; x_wconf 84' lang='grc'><em>,,</em></span> 
     </span>
     <span class='ocr_line' id='line_1_120' title="bbox 2282 5380 3711 5477; baseline -0.03 -11"><span class='ocrx_word' id='word_1_852' title='bbox 2282 5402 2607 5477; x_wconf 31' lang='grc' dir='ltr'><strong><em>(ὣηὸετηι.</em></strong></span> <span class='ocrx_word' id='word_1_853' title='bbox 2678 5403 2748 5461; x_wconf 91' lang='lat' dir='ltr'><strong><em>de</em></strong></span> <span class='ocrx_word' id='word_1_854' title='bbox 2798 5406 2917 5462; x_wconf 87' lang='lat' dir='ltr'><strong><em>Vita</em></strong></span> <span class='ocrx_word' id='word_1_855' title='bbox 2973 5418 3027 5465; x_wconf 88' lang='lat' dir='ltr'><strong><em>et</em></strong></span> <span class='ocrx_word' id='word_1_856' title='bbox 3088 5410 3239 5466; x_wconf 91' lang='lat' dir='ltr'><strong><em>obitu</em></strong></span> <span class='ocrx_word' id='word_1_857' title='bbox 3307 5396 3439 5462; x_wconf 81' lang='lat' dir='ltr'><strong><em>beati</em></strong></span> <span class='ocrx_word' id='word_1_858' title='bbox 3496 5380 3711 5446; x_wconf 78' lang='lat' dir='ltr'><strong><em>Piulsstru</em></strong></span> 
     </span>
    </p>
   </div>
   <div class='ocr_carea' id='block_1_117' title="bbox 2211 5474 3703 5671">
    <p class='ocr_par' dir='ltr' id='par_1_117' title="bbox 2211 5474 3703 5671">
     <span class='ocr_line' id='line_1_121' title="bbox 2211 5474 3703 5671; baseline -0.003 -58"><span class='ocrx_word' id='word_1_859' title='bbox 2211 5474 2495 5671; x_wconf 32' lang='lat'><strong><em>$352512.</em></strong></span> <span class='ocrx_word' id='word_1_860' title='bbox 2514 5545 2743 5618; x_wconf 69' lang='lat' dir='ltr'><strong><em>Greece.</em></strong></span> <span class='ocrx_word' id='word_1_861' title='bbox 2791 5548 2925 5606; x_wconf 81' lang='lat' dir='ltr'><strong><em>edit.</em></strong></span> <span class='ocrx_word' id='word_1_862' title='bbox 2977 5550 3110 5611; x_wconf 78' lang='lat' dir='ltr'><strong><em>Ben.</em></strong></span> <span class='ocrx_word' id='word_1_863' title='bbox 3157 5561 3289 5636; x_wconf 51' lang='grc' dir='ltr'><strong><em>μου.</em></strong></span> <span class='ocrx_word' id='word_1_864' title='bbox 3343 5544 3403 5609; x_wconf 86' lang='lat' dir='ltr'><strong><em>ll,</em></strong></span> <span class='ocrx_word' id='word_1_865' title='bbox 3435 5547 3537 5665; x_wconf 47' lang='grc' dir='ltr'><strong><em>μιῇ·</em></strong></span> <span class='ocrx_word' id='word_1_866' title='bbox 3584 5500 3703 5653; x_wconf 53' lang='lat' dir='ltr'><strong><em>im;</em></strong></span> 
     </span>
     <span class='ocr_line' id='line_1_122' title="bbox 2259 5610 3596 5671; baseline 0 0"><span class='ocrx_word' id='word_1_867' title='bbox 2259 5633 2275 5670; x_wconf 90' lang='grc' dir='ltr'><strong><em>ι</em></strong></span> <span class='ocrx_word' id='word_1_868' title='bbox 2315 5631 2346 5671; x_wconf 92' lang='lat' dir='ltr'><strong><em>e</em></strong></span> <span class='ocrx_word' id='word_1_869' title='bbox 2394 5632 2469 5671; x_wconf 86' lang='lat' dir='ltr'><strong><em>Sls</em></strong></span> <span class='ocrx_word' id='word_1_870' title='bbox 2519 5617 2737 5671; x_wconf 88' lang='lat' dir='ltr'><strong><em>Petrum</em></strong></span> <span class='ocrx_word' id='word_1_871' title='bbox 2790 5620 2861 5671; x_wconf 82' lang='lat' dir='ltr'><strong><em>de</em></strong></span> <span class='ocrx_word' id='word_1_872' title='bbox 2900 5621 3077 5671; x_wconf 80' lang='lat' dir='ltr'><strong><em>Marca</em></strong></span> <span class='ocrx_word' id='word_1_873' title='bbox 3118 5622 3328 5671; x_wconf 73' lang='lat' dir='ltr'><strong><em>dissert.</em></strong></span> <span class='ocrx_word' id='word_1_874' title='bbox 3362 5614 3425 5671; x_wconf 87' lang='lat' dir='ltr'><strong><em>de</em></strong></span> <span class='ocrx_word' id='word_1_875' title='bbox 3528 5610 3596 5658; x_wconf 64' lang='grc' dir='ltr'><strong><em>ω</em></strong></span> 
     </span>
    </p>
   </div>
   <div class='ocr_carea' id='block_1_118' title="bbox 2211 5588 3706 5680">
    <p class='ocr_par' dir='ltr' id='par_1_118' title="bbox 2211 5588 3706 5680">
     <span class='ocr_line' id='line_1_123' title="bbox 2211 5588 3706 5680; baseline -0.004 -11"><span class='ocrx_word' id='word_1_876' title='bbox 2211 5588 2348 5671; x_wconf 68' lang='grc' dir='ltr'><strong><em>νίέιὲ</em></strong></span> <span class='ocrx_word' id='word_1_877' title='bbox 2380 5588 2469 5671; x_wconf 56' lang='lat' dir='ltr'><strong><em>Et}</em></strong></span> <span class='ocrx_word' id='word_1_878' title='bbox 2517 5588 2743 5677; x_wconf 58' lang='lat' dir='ltr'><strong><em>rerum;</em></strong></span> <span class='ocrx_word' id='word_1_879' title='bbox 2790 5588 3706 5680; x_wconf 53' lang='lat' dir='ltr'><strong><em>5?3ta73di§&#39;§r°t.7tb’ri‘tmtiw</em></strong></span> 
     </span>
    </p>
   </div>
   <div class='ocr_carea' id='block_1_119' title="bbox 2209 5686 2472 5745">
    <p class='ocr_par' dir='ltr' id='par_1_119' title="bbox 2209 5686 2472 5745">
     <span class='ocr_line' id='line_1_124' title="bbox 2209 5686 2472 5745; baseline -0.008 0"><span class='ocrx_word' id='word_1_880' title='bbox 2209 5701 2359 5745; x_wconf 92' lang='lat' dir='ltr'><strong><em>num.</em></strong></span> <span class='ocrx_word' id='word_1_881' title='bbox 2381 5686 2472 5745; x_wconf 89' lang='lat'><strong><em>80.</em></strong></span> 
     </span>
    </p>
   </div>
  </div>
