4024 6192
374 246 507 304 1071

1653 242 1966 302 SANCTUS
2005 242 2479 304 PHILASTRIUS.

3542 246 3694 305 1079

368 362 427 417 S.
458 360 754 414 Philastrio
790 358 900 430 §2,
937 371 990 414 η.
1021 358 1090 412 14
1116 358 1225 430 (α);
1255 366 1311 412 at
1336 371 1460 412 cum
1487 374 1586 413 nos
1618 374 1834 432 quoque
1865 360 1972 415 ini-
1999 366 2051 425 Α
2078 370 2180 416 tate
2209 361 2393 416 Briaia
2426 364 2599 418 natale
2632 364 2694 419 S.
2729 364 3002 420 Philastrii
3026 365 3259 436 episcopi
3295 372 3346 418 et
3373 364 3688 433 confessoris

366 456 437 509 tia
487 454 779 511 Gaudentii
834 454 884 507 in
935 468 1139 508 annum
1196 451 1323 518 557,
1379 469 1481 507 una
1541 470 1664 509 cum
1726 455 1974 522 Labbeo,

367 549 587 613 Vossio,
618 548 850 619 aliisque
876 548 1271 603 contulerimus
1297 546 1397 619 (b),
1433 548 1680 618 profecto
1709 558 1974 619 expeten-

368 644 497 698 dum
528 645 686 708 foret,
730 651 789 695 ut
828 640 1051 696 certiori
1092 641 1275 711 aliquo
1303 642 1593 695 vetustatis
1635 642 1972 707 testimonio,

370 744 485 789 tum
531 734 656 788 anni
703 733 900 803 quibus
943 732 1085 788 sedit
1110 732 1471 799 Philastrius,
1506 743 1617 788 tum
1647 734 1765 803 ejus
1795 734 1977 789 obitus

374 826 583 881 ﬁrmari
613 836 874 896 possent;
904 824 1047 896 quod
1094 841 1216 881 cum
1251 841 1354 879 non
1399 835 1683 896 suppetat,
1714 826 1851 880 nihil
1897 836 1975 881 te-

370 936 523 976 mere
567 918 949 973 aftirmandum
977 929 1062 972 est
1089 928 1182 971 aut
1214 919 1541 987 negandum.
1573 918 1732 973 Initia
1764 919 1978 988 episco-

374 1024 532 1085 patus
565 1012 852 1067 Pliilastrii
880 1014 1091 1067 confert
1115 1012 1368 1067 Labbeus
1400 1011 1452 1065 in
1495 1027 1695 1066 annum
1740 1011 1846 1067 580
1876 1012 1972 1082 (c),

375 1122 497 1177 qua:
535 1104 755 1175 Faynus
796 1119 942 1157 anno
994 1104 1101 1163 ’554
1150 1104 1432 1173 assignat;
1483 1118 1657 1158 annus
1686 1118 1823 1158 vero
1868 1102 1977 1159 554

370 1198 514 1268 apud
544 1197 812 1253 Joannem
862 1196 1213 1251 Franciscum
1252 1195 1649 1251 Florentinium
1693 1197 1746 1250 in
1794 1195 1978 1251 Indice

365 1290 768 1359 Chronologico
795 1286 1115 1342 Antistilum
1146 1288 1527 1342 Brixianorum
1562 1287 1641 1358 (ά)
1687 1287 1978 1343 ascribitur

371 1379 633 1434 Faustino
679 1366 956 1433 Philast‘rii
1006 1379 1305 1445 decessori,
1356 1379 1442 1433 cui
1472 1378 1689 1449 Faynus
1735 1378 1786 1432 in
1825 1376 1977 1434 Ctelo

370 1471 628 1525 Brixiano
657 1469 727 1542 (ε)
766 1470 988 1541 triginta
1018 1478 1073 1524 el
1098 1484 1163 1525 eo
1191 1470 1426 1538 amplius
1454 1484 1626 1524 annos
1652 1469 1797 1524 sedis
1824 1470 1979 1524 attri-

364 1563 504 1617 buit.
536 1562 722 1631 Itaque
753 1564 856 1617 hoc
900 1572 1059 1632 pacto
1096 1561 1376 1617 Pliilastrii
1421 1562 1775 1631 episcopatus
1814 1554 1975 1631 juxta

377 1657 771 1711 Florentinium
802 1671 946 1710 anno
971 1656 1078 1711 ’584
1105 1656 1401 1727 inemptas,
1431 1657 1520 1726 qui
1542 1656 1694 1726 juxta
1737 1656 1978 1728 Faynum

2079 455 2310 524 ejusdem
2338 455 2593 520 civitatis,
2646 455 2736 525 qui
2788 467 2993 524 quaan
3035 457 3355 521 sanctitatis,
3400 457 3689 526 quantique

2078 545 2246 599 meriti
2268 546 2458 615 fuerit,
2492 548 2676 617 quibus
2698 549 2850 602 etiam
2878 549 3140 604 miraculis
3170 549 3360 604 claruit
3388 592 3403 615 ,
3434 547 3690 604 Gauden-

2078 636 2181 690 tius
2224 639 2571 704 beatissimus,
2620 642 2854 709 ejusdem
2908 643 3130 696 civitatis
3175 644 3333 697 etiam
3380 644 3687 713 episwpus,

2077 729 2245 781 veraci
2267 731 2400 800 stylo
2431 731 2665 803 digessit.
2702 732 2859 788 Plura
2890 732 2959 787 de
2987 734 3075 788 die
3102 734 3283 789 obitus
3314 733 3596 789 Philastrii
3630 734 3689 789 in

2077 818 2229 876 Notis
2255 822 2322 875 ad
2345 821 2664 878 Sermonem
2692 823 2983 881 Gaudentii
3005 827 3074 882 de
3106 826 3424 896 Philastrio,
3464 845 3519 897 p.
3553 826 3687 883 574.

2077 912 2233 969 Sedit
2261 929 2422 984 porro
2452 915 2776 972 Philastrius
2805 919 2859 973 in
2886 918 3017 974 sede
3064 919 3317 974 Brixiana
3359 928 3483 990 post
3513 921 3691 976 Faus-

2079 1006 2289 1074 tinum,
2346 1010 2505 1079 eique
2550 1012 2813 1067 successit
2867 1012 3244 1081 Gaudentius,
3276 1025 3339 1069 ut
3390 1013 3692 1084 perhibent

2077 1097 2321 1169 Catalogi
2349 1116 2539 1156 omnes
2569 1103 2875 1159 antistitum
2900 1105 3279 1161 Brixianorum
3304 1149 3320 1175 ,
3346 1120 3691 1178 vocatusque

2077 1206 2337 1248 summus
2366 1193 2564 1249 Brixia:
2595 1196 2889 1267 episcopus
2942 1213 2974 1252 a
3021 1196 3319 1269 Ramperto
3345 1199 3447 1270 (j);
3479 1214 3551 1254 ex
3579 1214 3688 1269 qua

2040 1280 2057 1301 '
2081 1286 2292 1341 numeri
2321 1297 2448 1341 nota
2467 1303 2590 1342 cum
2618 1298 2725 1344 tota
2755 1290 2994 1361 pendeat
3020 1292 3159 1346 ratio
3178 1304 3328 1348 recte
3344 1293 3691 1347 constituen-

2080 1378 2274 1434 dorum
2299 1382 2683 1451 episcoporum
2714 1382 2944 1450 Brixiae,
2973 1394 3079 1439 tam
3110 1384 3533 1454 praecedentium
3556 1385 3693 1441 Phi-

2080 1472 2271 1528 lastrio
2290 1517 2304 1541 ,
2333 1491 2495 1545 quam
2524 1476 2642 1546 ejus
2672 1493 3052 1533 successorum
3081 1521 3095 1544 ,
3145 1479 3269 1535 ideo
3299 1495 3397 1551 pro
3426 1495 3490 1535 ea
3522 1496 3693 1535 cons-

2082 1574 2261 1620 tanter
2292 1566 2577 1623 retinenda
2597 1610 2614 1636 ,
2647 1570 2895 1639 quamvis
2931 1569 3165 1625 sufﬁciat
3188 1573 3489 1628 auctoritas
3518 1573 3693 1628 Bam-

2082 1660 2257 1728 pcrti,
2294 1662 2397 1716 alia
2450 1662 2803 1718 nihilominus
2860 1672 2970 1718 tum
3024 1666 3371 1736 antiquitatis
3396 1666 3688 1739 suﬂ'ragia,

369 1762 513 1802 anno
541 1747 646 1801 585
675 1746 883 1810 ﬁnitus,
918 1747 1075 1801 unico
1105 1758 1311 1801 tantum
1341 1764 1486 1801 anno
1515 1748 1970 1813 concluderetur;
2005 1760 2052 1819 Β
2082 1761 2193 1807 tum
2220 1753 2381 1808 etiam
2410 1755 2680 1810 rationum
2711 1768 2988 1813 momenta
3009 1758 3305 1829 diligenter
3324 1760 3693 1830 expendimus

370 1857 470 1897 nec
486 1840 836 1895 Philastrium
856 1839 1172 1910 episcopum
1195 1855 1340 1894 anno
1360 1841 1457 1895 581
1488 1840 1539 1894 in
1560 1840 1794 1895 concilio
1811 1838 1978 1910 Aqui-

370 1932 559 1988 leiensi
584 1930 863 1985 sedentem
885 1930 1218 1989 admitteret.
1233 1930 1453 1984 Inversa
1475 1944 1722 1998 prorsus,
1753 1945 1818 1985 ac
1837 1930 1977 1984 male

368 2030 622 2077 concreta
643 2020 845 2075 omnia.
864 2020 1041 2074 Locus
1060 2018 1335 2074 Philastrii
1353 2020 1597 2074 occurrit
1617 2034 1740 2088 cap.
1773 2018 1895 2084 106,
1921 2018 1975 2073 in

367 2129 475 2184 quo
492 2128 613 2167 cum
629 2111 793 2177 dicat,
826 2109 1228 2180 quadringentos
1250 2113 1366 2181 jam
1389 2112 1505 2179 plus
1522 2126 1684 2164 annos
1707 2110 1973 2178 transisse,

370 2223 435 2260 ea:
462 2222 564 2277 quo
589 2204 725 2258 venit
754 2203 1037 2268 Dominus,
1069 2211 1220 2272 atque
1269 2203 1577 2272 completos,
1608 2202 1839 2257 fortasse
1880 2203 1978 2257 ali-

368 2300 454 2354 cui
508 2297 682 2353 videri
731 2297 905 2367 possit
951 2296 1233 2352 Philastrii
1285 2305 1501 2352 aetatem
1568 2296 1710 2350 ultra
1770 2302 1976 2352 exitum

369 2388 549 2457 quarti
575 2388 761 2443 smeuli
794 2402 918 2442 esse
950 2386 1379 2457 perducendam.
1416 2388 1625 2442 Atcum
1652 2396 1864 2442 certum
1907 2389 1974 2443 sit

368 2479 719 2535 Philastrium
749 2480 956 2535 obiisse
988 2478 1280 2535 Ambrosio
1324 2482 1642 2551 superstite,
1692 2481 1784 2551 qui
1832 2496 1978 2537 anno

368 2573 475 2628 597
523 2574 631 2628 vita
675 2573 875 2637 cessit;
923 2573 1066 2643 quod
1098 2572 1314 2643 quidem
1356 2589 1423 2627 ex
1454 2573 1760 2628 Gaudentio
1804 2576 1981 2629 mani-

366 2665 506 2721 feste
534 2673 770 2730 constat,
807 2665 895 2720 hic
922 2666 1127 2721 etenim
1174 2666 1352 2721 faetus
1381 2668 1669 2736 episc0pns
1697 2668 1877 2723 Serm.
1907 2668 1976 2723 de

368 2755 621 2812 Ordinat.
665 2756 749 2811 sui
776 2755 1121 2811 Ambrosium
1155 2768 1477 2826 praesentem
1523 2759 1822 2829 alloquitur
1854 2759 1922 2831 (ι’)
1958 2777 1971 2813 :

371 2857 593 2918 oportet
610 2856 703 2901 aut
727 2848 903 2902 locum
931 2847 1079 2902 illum
1103 2862 1225 2903 esse
1239 2852 1580 2918 corruptum,
1598 2850 1980 2920 supplendum-

369 2954 476 3007 que
500 2937 818 2992 utFabricio
839 2938 1043 3006 placuit
1063 2937 1162 3007 (g),
1187 2939 1584 3011 quadringentos
1595 2948 1713 3007 jam
1741 2941 1858 3011 plus
1879 2942 1976 2994 mi-

368 3045 674 3092 nusannos;
706 3029 790 3083 vel
812 3029 1165 3083 Philastrium
1198 3045 1302 3083 non
1328 3030 1620 3085 admodum
1644 3041 1851 3098 exacte,
1879 3033 1973 3088 sed

2079 1846 2132 1901 in
2157 1846 2486 1905 Prml‘atione
2514 1851 2581 1904 ad
2606 1850 2961 1920 Rampertum
2989 1852 3066 1926 (Β)
3086 1870 3276 1924 ,quam
3300 1856 3465 1910 adeas
3482 1856 3648 1910 velim
3672 1873 3689 1922 ;

2079 1939 2155 1993 uti
2183 1951 2237 1994 et
2273 1940 2715 1998 Admonitionem
2771 1946 3029 2014 praeviam
3062 1947 3114 2000 in
3143 1949 3428 2018 antiquum
3476 1948 3694 2019 Bhyth-

2080 2046 2229 2084 mum
2273 2031 2342 2087 de
2390 2033 2720 2101 Philastrio,
2748 2050 2801 2105 p.
2827 2035 2953 2091 575.
3012 2035 3150 2091 Num
3183 2053 3313 2094 vero
3360 2038 3693 2096 l’hilastrius

2080 2123 2335 2195 Martyris
2384 2128 2607 2183 nomine
2661 2129 2967 2185 censendus
2995 2131 3094 2196 sit,
3147 2141 3207 2187 ut
3256 2134 3436 2204 placet
3480 2150 3691 2204 nupero

2080 2218 2308 2273 Gavanli
2377 2220 2612 2276 additori
2663 2221 2730 2293 (Ι)
2762 2265 2775 2287 ,
2823 2224 3285 2294 quemadmodum
3331 2226 3690 2294 Numidicus,

2080 2309 2453 2382 Euthycliius,
2502 2313 2805 2370 Sostlieucs
2842 2314 2961 2387 (m),
2992 2316 3218 2388 aliique,
3245 2334 3383 2389 quos
3412 2328 3695 2374 tormenta

2079 2405 2208 2459 olim
2239 2418 2529 2475 expertos,
2570 2417 2785 2463 constat
2816 2411 3049 2465 naturali
3082 2410 3342 2481 deinceps
3387 2421 3569 2467 morte
3599 2413 3696 2467 de-

2078 2482 2315 2552 cessisse
2341 2515 2353 2550 :
2379 2512 2504 2553 cum
2538 2499 2854 2570 neutiquam
2884 2500 2988 2556 hoc
3021 2502 3177 2557 titulo
3219 2518 3251 2557 a
3306 2504 3697 2575 Martyrologis

2079 2589 2409 2659 appelletur,
2443 2607 2620 2662 neque
2650 2594 2753 2649 sub
2802 2595 2904 2650 hoc
2942 2595 3094 2650 cultu
3149 2595 3402 2652 Brixiana
3442 2596 3697 2651 Ecclesia

2078 2698 2205 2737 eum
2229 2684 2495 2749 honoret,
2526 2684 2579 2739 in
2604 2684 2786 2740 medio
2812 2686 3087 2757 relinquo.
3117 2687 3382 2757 Sepultus
3402 2696 3692 2744 estautem

2078 2791 2182 2829 una
2214 2791 2336 2829 cum
2365 2774 2484 2845 ejus
2509 2776 2692 2847 ligneo
2721 2778 2855 2833 lituo
2874 2821 2889 2844 ,
2914 2795 3011 2835 seu
3034 2779 3229 2836 baculo
3252 2781 3541 2852 pastorali,
3574 2846 3575 2849 η
3599 2783 3692 2852 qui

2077 2869 2372 2922 etiamnum
2405 2869 2457 2923 in
2487 2868 2746 2924 thesauro
2777 2871 3036 2927 Ecclesia:
3063 2871 3330 2928 Brixiame
3351 2886 3691 2941 asservatur,

2079 2960 2155 3013 uti
2184 2975 2248 3013 ex
2278 2957 2552 3031 Capreolo
2581 2961 2675 3016 lib.
2715 2979 2769 3017 ιιι
2795 2963 2934 3019 Hist.
2963 2964 3120 3020 Brix.
3153 2965 3320 3022 tradit
3348 2968 3512 3023 etiam
3556 2967 3693 3024 Fer-

2080 3053 2255 3107 rarius
2288 3054 2342 3107 in
2370 3052 2632 3125 Catalogo
2660 3055 2761 3113 SS.
2792 3056 2958 3113 Italia:
2995 3058 3107 3129 (n);
3133 3076 3254 3131 qua:
3286 3061 3585 3118 novissime
3615 3078 3688 3118 ex

370 3139 469 3193 per
493 3120 707 3186 αὔξησιν
736 3121 980 3176 locutum
1024 3136 1147 3176 esse
1171 3163 1185 3187 ,
1218 3137 1618 3193 numerumque
1644 3125 1973 3194 completum

2080 3144 2420 3225 Florentinio
2444 3149 2497 3202 in
2521 3120 2705 3204 ltidice
2720 3120 3122 3223 Chronologico
3136 3120 3456 3208 Antistitum
3473 3153 3691 3208 Brixia-

373 3231 473 3284 pro
494 3214 827 3283 incompleto
850 3214 1123 3283 posuisse.
1142 3213 1312 3268 liccte
1335 3214 1496 3284 igitur
1517 3216 1586 3269 ab
1605 3215 1799 3271 eodem
1816 3216 1975 3273 Joan.

375 3308 601 3362 Alberto
632 3305 883 3359 Fabricio
915 3305 971 3359 in
1000 3305 1353 3361 Testimoniis
1380 3306 1448 3361 de
1471 3306 1784 3375 Philastrio,
1818 3311 1983 3365 casti-

372 3409 533 3471 gatur
580 3399 818 3454 Thomas
860 3399 1144 3455 Malvenda
1170 3442 1184 3465 ,
1229 3402 1562 3471 perspicuum
1604 3403 1844 3471 sphalma
1878 3405 1979 3459 Ba-

374 3492 520 3549 ronii
544 3506 768 3559 vocans,
794 3493 940 3563 quod
961 3508 1027 3548 ex
1058 3492 1321 3563 praedicto
1358 3494 1644 3551 Gaudentii
1674 3497 1941 3554 Sermone
1964 3539 1979 3564 ,

374 3586 725 3642 Philastrium
754 3586 1053 3655 superstite
1081 3585 1259 3640 adhuc
1280 3587 1575 3642 Ambrosio
1603 3589 1806 3645 abiisse
1833 3590 1982 3646 afﬁr-

376 3687 518 3744 met;
552 3692 675 3732 cum
720 3676 942 3731 aliunde
986 3678 1154 3732 etiam
1201 3678 1477 3732 notaverit
1506 3678 1651 3734 idem
1702 3680 1981 3740 Fabricius

373 3770 574 3823 librum
604 3768 669 3822 de
702 3767 997 3824 Hceresibus
1036 3784 1068 3824 a
1112 3769 1407 3825 Philastrio
1453 3774 1825 3844 conscriptum
1855 3787 1982 3831 ante

374 3862 1021 3930 Parmeniani_mortem,
1055 3862 1160 3917 hoc
1202 3872 1291 3917 est
1334 3874 1464 3919 ante
1491 3879 1691 3919 annum
1724 3867 1821 3923 591
1855 3867 1934 3940 (ἡ)
1965 3886 1978 3924 :

378 3956 611 4024 ideoque
638 3954 744 4009 dici
786 3971 894 4010 non
928 3970 1089 4025 posse
1134 3972 1164 4011 a
1194 3956 1489 4012 PhilaSIrio
1527 3958 1654 4013 dum
1684 3975 1808 4014 eum
1851 3977 1984 4017 con-

378 4049 667 4115 scriberet,
695 4049 1100 4120 quadringentos
1121 4054 1239 4119 jam
1266 4049 1383 4120 plus
1416 4068 1580 4105 annos
1613 4053 1891 4121 transisse,
1917 4072 1983 4111 ea:

380 4162 480 4214 quo
504 4144 635 4198 venit
664 4142 939 4212 Dominus,
964 4154 1117 4213 atque
1143 4144 1445 4214 completos.

450 4238 543 4295 19..
584 4240 660 4295 De
685 4238 773 4294 die
799 4238 979 4295 obitus
1008 4238 1285 4294 Philastrii
1313 4253 1413 4293 nos
1439 4238 1696 4296 dubitare
1717 4257 1823 4297 non
1855 4243 1985 4298 sinit

378 4334 744 4400 Gaudentius;
785 4335 863 4388 ait
908 4348 1105 4403 nempe
1146 4332 1210 4404 (i)
1237 4349 1255 4387 :
1286 4333 1685 4399 Quintodecimo
1732 4336 1983 4392 kalenda-

380 4445 497 4481 rum
530 4428 875 4497 Augustarum
901 4427 1043 4479 exuit
1093 4426 1382 4495 hominem,
1414 4443 1523 4498 quo
1548 4428 1709 4498 plane
1734 4429 1821 4484 die
1852 4430 1984 4486 Phi-

2083 3254 2275 3294 norum
2307 3280 2320 3304 ,
2349 3255 2401 3293 v.
2437 3240 2509 3295 cl.
2542 3240 2868 3299 Guilielmus
2899 3242 3151 3314 Cuperus
3191 3245 3378 3301 retulit
3421 3245 3475 3300 in
3518 3247 3689 3302 Com-

2084 3332 2412 3387 mentarium
2442 3333 2512 3388 de
2539 3332 2596 3389 S.
2645 3333 2961 3405 Philastrio,
3014 3336 3215 3392 Brixia:
3244 3338 3504 3408 episc0po
3547 3338 3577 3411 §
3611 3340 3646 3393 2
3672 3382 3689 3407 ,

2084 3438 2139 3477 n.
2188 3423 2254 3478 l6
2284 3423 2385 3495 (ο),
2420 3440 2527 3495 quo
2558 3427 2611 3480 in
2636 3426 2756 3482 loco
2788 3427 2983 3484 Sermo
3007 3428 3286 3501 Ramperti
3324 3432 3395 3486 de
3431 3432 3693 3487 Transla-

2084 3516 2232 3571 tione
2260 3515 2568 3585 Philastrii,
2618 3534 2689 3575 ex
2720 3519 2975 3577 Patavina
3001 3521 3242 3579 editione
3263 3526 3389 3581 anni
3417 3526 3558 3582 1720
3603 3526 3691 3581 di-

2082 3608 2315 3680 ligenter
2361 3610 2686 3668 emendatus
2731 3622 2787 3668 et
2839 3613 3166 3684 illustratus,
3200 3616 3380 3672 denuo
3433 3618 3693 3688 vulgatus

2082 3712 2185 3756 est.
2214 3702 2390 3758 Locus
2416 3704 2714 3773 sepulturae
2744 3705 2814 3759 ad
2856 3706 3109 3763 Sanctum
3138 3709 3401 3764 Andream
3426 3752 3440 3774 ,
3475 3726 3690 3766 memo-

2082 3801 2234 3847 ratur
2262 3794 2317 3848 in
2344 3795 2555 3850 duobus
2582 3796 2744 3851 codd.
2779 3813 2909 3853 mss.
2944 3798 3215 3855 Brixiana:
3241 3800 3521 3869 Ecclesiae,
3554 3819 3693 3874 quo-

2084 3899 2201 3939 rum
2216 3894 2528 3956 excerptum
2545 3889 2868 3957 protulimus
2879 3890 2945 3945 ad
2963 3892 3283 3949 Sermonem
3298 3893 3689 3969 Ramperti(p);

2083 3978 2453 4034 catliedralem
2512 3995 2677 4049 porro
2732 3982 2793 4038 S.
2837 3984 3058 4040 Andrew
3088 3986 3381 4043 ecclesiam
3419 4000 3693 4046 memorat

2084 4068 2370 4125 Malvetius
2399 4068 2603 4127 Chron.
2638 4072 2771 4128 dist.
2798 4076 2870 4143 5,
2912 4092 2962 4131 c.
2992 4077 3095 4145 11,
3148 4088 3203 4135 et
3232 4079 3363 4135 dist.
3413 4079 3479 4150 4,
3528 4097 3580 4137 c.
3632 4083 3690 4147 5,

2086 4178 2196 4231 quo
2243 4179 2309 4219 ex
2362 4165 2483 4221 loco
2512 4182 2727 4223 sacrum
2775 4169 3053 4225 Philastrii
3087 4187 3286 4244 corpus
3316 4183 3428 4230 tum
3452 4177 3693 4246 primum

2084 4257 2408 4313 translatum
2468 4259 2635 4316 fuisse
2664 4276 2695 4315 a
2725 4260 3066 4334 Ramperto,
3106 4265 3347 4322 Brixiani
3393 4269 3694 4340 scriptores

2086 4355 2374 4405 testantur.
2412 4351 2586 4407 Verba
2612 4352 2934 4410 Florentinii
2963 4355 3079 4412 hmc
3117 4368 3245 4414 sunt
3271 4360 3385 4431 (q):
3420 4360 3552 4432 Ejus
3574 4381 3695 4419 cor-

2087 4458 2185 4511 pus
2213 4459 2350 4497 anno
2372 4444 2477 4500 858
2509 4460 2542 4498 ν
2570 4446 2688 4499 idus
2718 4448 2936 4519 Aprilis,
2970 4468 3003 4503 a
3050 4450 3112 4507 S.
3139 4452 3361 4509 Andrea:
3385 4466 3536 4510 antro
3564 4458 3689 4512 abs-

384 4522 559 4576 Iaslt‘ii
608 4520 926 4575 memoriam
975 4519 1225 4574 Γθεοιυηῑ
1293 4521 1737 4593 Martyrologium
1785 4523 1983 4579 Ιῖοηὶὶι-
2008 4540 2254 4601 Dtruso,
2288 4537 2375 4589 ubi
2394 4538 2697 4608 quingentos
2727 4541 2889 4610 ferme
2916 4561 3080 4599 annos
3110 4546 3369 4615 latuerat,
3420 4567 3525 4605 una
3568 4569 3689 4605 cum

383 4630 537 4679 num,
569 4612 908 4683 Maurolycus
931 4654 945 4678 ,
998 4611 1346 4677 Galesinius,
1400 4614 1602 4685 aliique
1640 4618 1981 4676 recentiores

385 4705 755 4778 Martyrologi.
808 4705 946 4759 Male
996 4704 1405 4760 Nomenclatura
1456 4708 1739 4765 Auctorum
1792 4712 1986 4785 Cangii

382 4797 658 4854 Glossario
679 4796 992 4866 prazposita,
1018 4795 1518 4852 Philastriiobitum
1553 4801 1729 4869 primo
1759 4804 1985 4876 Augusti

383 4888 657 4958 assignat;
690 4902 813 4941 cum
846 4886 1051 4956 alioqui
1099 4901 1302 4941 annum
1352 4890 1707 4946 emortualem
1740 4895 1847 4950 387
1875 4914 1984 4954 una

386 4998 511 5037 cum
534 4980 750 5035 caeteris
776 4988 1001 5034 statuat.
1029 4980 1099 5050 ⁸Ιιι
1143 4979 1531 5051 Martyrologio
1562 4983 1852 5043 Alexandri
1885 4992 1989 5047 Pe-

380 5071 586 5143 regrini
612 5072 699 5127 die
732 5071 799 5126 l8
825 5071 955 5127 Julii
986 5073 1051 5128 de
1070 5072 1363 5129 Philastrio
1386 5071 1504 5129 hanc
1528 5075 1816 5147 leguntur:
1849 5082 1984 5139 Civi-

453 5187 533 5260 (a)
570 5187 728 5260 :I‘om.
758 5186 849 5260 ιιι,
871 5186 1165 5260 SS._Julii,
1192 5204 1245 5257 p.
1274 5189 1403 5260 586.

468 5256 529 5330 ib)
569 5257 730 5313 Prurf.
757 5257 829 5330 ad
857 5256 1240 5330 Gaudentium,
1267 5278 1321 5315 ιι.
1343 5259 1401 5315 4.

478 5265 529 5330 b)
569 5262 730 5313 Prurf.
760 5262 829 5312 ad
857 5262 1240 5327 Gaudentium,
1267 5278 1321 5315 ιι.
1343 5262 1401 5315 4.

449 5262 525 5402 ἐς)
567 5330 721 5402 Tom.
752 5329 827 5395 ll,
860 5346 912 5397 p.
942 5329 1071 5402 2_ll.
1111 5401 1119 5402 ί
1543 5382 1547 5386 .

447 5400 529 5546 ξάζ
569 5401 953 5527 ξτῑχὶιξὸθριιι]
976 5400 1435 5461 ΒειτιΙιοΙοηιτριιαι
1462 5407 1787 5482 Fontanam,
1814 5415 1973 5473 1614.

474 5492 499 5527 e
610 5486 693 5541 ag.
814 5513 827 5524 .
1842 5494 1851 5501 '

474 5472 523 5541 e)
569 5472 693 5541 Pag.
732 5472 827 5527 90.

445 5543 499 5617 (ι’
558 5543 687 5612 Pag.
721 5544 848 5599 554.

445 5554 521 5686 (gl
560 5613 682 5686 Χῖαι
719 5629 848 5686 quat

719 5622 967 5697 quartam
996 5615 1194 5697 ordine
1212 5626 1396 5697 {totam
1428 5623 1496 5679 ad
1526 5639 1648 5697 cap.
1669 5627 1964 5686 106.1130”.

443 5619 521 5737 (i)
566 5619 682 5668 για.
719 5622 967 5684 quartam
996 5619 1185 5672 ordine
1217 5626 1327 5673 nota

439 5689 520 5761 (ﬂ)
558 5683 683 5761 Ιζλοι-
711 5685 781 5761 ad
798 5700 967 5761 _capp.
993 5686 1063 5743 85
1091 5689 1327 5761 θι106κ

448 5754 513 5828 (ε)
557 5754 683 5823 Pag.
712 5754 839 5809 su.

2092 4629 2205 4693 eius
2229 4627 2360 4697 pedo
2390 4629 2589 4699 ligneo,
2620 4632 2671 4684 in
2693 4633 2989 4690 cathedrale
3012 4638 3257 4707 templum
3288 4642 3652 4697 hiemaleillud
3668 4686 3687 4708 ,

2097 4721 2182 4773 cui
2229 4732 2406 4792 postea
2451 4725 2873 4795 superwdiﬁcata
2920 4740 2998 4783 est
3040 4732 3255 4786 ecclesia
3280 4750 3395 4804 qua:
3424 4735 3687 4792 Βοτωεω

2085 4814 2240 4884 vulgo
2272 4812 2484 4882 dicitur,
2518 4816 2831 4872 translatum
2850 4830 2947 4874 est.
2998 4823 3148 4878 Alias
3179 4824 3452 4881 Philastrii
3478 4827 3685 4883 Trans-

2083 4904 2319 4962 lationes
2345 4917 2567 4963 enarrat
2606 4908 2750 4965 idem
2782 4911 3029 4983 Cuperus
3057 4919 3345 4973 memorati
3376 4918 3687 4976 Commen-

2083 4998 2206 5052 tarii
2234 4998 2302 5054 de
2329 4999 2388 5056 S.
2425 5000 2720 5058 Philastrio
2750 5004 2777 5076 ᾗ
2820 5004 2886 5072 2,
2935 5023 2992 5061 n.
3023 5008 3091 5065 16
3134 5009 3207 5081 (r)
3230 5052 3245 5076 ,
3271 5012 3528 5082 quoniam
3553 5030 3687 5072 vero

2080 5089 2246 5163 lignei
2276 5092 2486 5163 baculi,
2533 5112 2629 5153 seu
2657 5098 2778 5168 pedi
2804 5100 2949 5171 quod
2972 5118 3074 5157 una
3102 5119 3227 5160 cum
3250 5105 3528 5166 Philastrii
3564 5126 3692 5168 cor-

2157 5206 2232 5294 (έχ
2267 5208 2542 5294 ξετωζρξ
2566 5213 2777 5272 Transl.
2800 5217 3095 5289 Philastrii,
3122 5238 3175 5294 p.
3208 5224 3338 5282 391.

2159 5278 2236 5351 (lt)
2264 5280 2409 5351 Pag.
2437 5283 2564 5338 589.

2157 5350 2240 5426 (l)_
2261 5350 2419 5426 Iam.
2452 5354 2528 5419 ll,
2558 5370 2610 5425 p.
2643 5355 2786 5425 559,
2819 5361 2954 5416 edit.
2986 5362 3245 5421 Romana:
3276 5368 3437 5426 l758.

2177 5420 2247 5510 in)
2278 5420 2820 5510 ﬂartxrolaﬁonn9
2843 5472 2860 5498 ,
2884 5434 3043 5506 Aug.,
3072 5436 3142 5491 24
3163 5420 3330 5510 Aegi,
3347 5420 3573 5499 'ES‘Nov.

2178 5493 2234 5551 η)
2275 5493 2371 5548 Die
2403 5493 2471 5551 18
2488 5495 2641 5551 Julii.

2152 5562 2226 5704 $0)
2265 5562 2422 5618 Tom.
2452 5566 2518 5619 ιν
2541 5566 2671 5623 Julii
2702 5573 2900 5640 p.587.

2177 5632 2236 5704 p)
2273 5633 2396 5688 Not.
2430 5637 2498 5691 ad
2523 5637 2876 5704 Rampertum

2172 5632 2236 5769 “pq
2273 5633 2396 5688 Not.
2430 5637 2498 5724 ad
2523 5632 2876 5725 Rampertum
2909 5662 2961 5727 ρ.
2982 5649 3108 5733 588.

2172 5722 2206 5774 q
2268 5704 2433 5761 lndex
2455 5708 2713 5767 Lhronol.
2747 5730 2800 5768 in
2824 5715 3108 5774 Philastrio

2151 5714 2226 5775 (ιι)
2268 5714 2433 5761 Index
2455 5714 2713 5767 Chronol.
2747 5714 2800 5768 in
2824 5715 3135 5778 Philastrio.

2152 5774 2225 5847 (r)
2265 5775 2420 5835 Tom.
2449 5778 2519 5839 ιν
2540 5780 2692 5854 Julii,
2721 5798 2775 5856 p.
2798 5786 2925 5844 587.
