4024 6192
329 295 469 353 1073

1501 299 1563 353 Ρ.
1603 296 1957 357 GALEARDI
2000 298 2393 358 PRIEFATIO.

3487 309 3511 365 1
3521 310 3627 369 074

320 423 461 480 pore
480 408 765 467 inventum
790 418 906 476 est,
933 412 1140 467 mentio
1159 412 1373 479 incidit,
1406 426 1514 468 non
1542 413 1776 469 alienum
1802 422 1931 483 puto
1957 418 2011 478 Α
2037 424 2097 471 ut
2115 431 2235 470 eam
2259 416 2771 487 lnterpretationem
2800 420 3095 477 Philastrio
3136 423 3471 491 tribuerent;
3498 427 3627 496 quin

321 503 427 560 hoc
463 505 585 576 loco
641 517 907 560 annotare
964 506 1216 561 baculum
1269 506 1415 561 hunc
1466 521 1590 562 esse
1640 507 1921 578 ligneum,

320 606 485 666 atque
512 596 566 651 in
590 598 827 662 vertice,
852 597 937 652 vel
961 598 1279 653 summitate
1318 613 1645 663 recurvum;
1700 600 1924 669 ejusque

319 689 546 745 schema
576 690 826 745 eamdem
852 690 1079 761 ﬁguram
1110 692 1519 762 relerre,quam
1549 708 1619 746 ex
1636 690 1925 747 Casinensi

320 786 446 841 cod.
477 786 768 841 delineavit
817 786 1252 843 Montlauconius
1278 789 1447 843 Diarii
1480 787 1652 844 ltalici
1694 805 1748 858 p.
1796 788 1922 844 523.

324 881 586 937 Baculum
619 882 950 952 pastoralem
1001 882 1063 935 D.
1097 882 1425 953 Augustini,
1473 898 1577 936 una
1635 898 1757 938 cum
1808 882 1925 951 ejus

320 990 554 1044 corpore
582 991 651 1030 ex
684 975 867 1031 Africa
898 975 952 1030 iu
983 976 1288 1032 Sardiniam
1320 977 1643 1032 translatum
1670 1020 1685 1043 ,
1720 993 1928 1032 memo-

322 1076 408 1122 rat
437 1068 708 1123 Baronius
732 1082 824 1123 an.
851 1066 958 1123 504
987 1069 1089 1139 (a),
1122 1084 1189 1123 ex
1219 1084 1326 1139 quo
1355 1078 1583 1140 apparet
1612 1069 1922 1138 hujusmodi

323 1160 557 1230 κοιμήλια
606 1174 709 1213 una
739 1174 862 1214 cum
892 1159 1277 1230 episcoporum
1315 1161 1641 1230 corporibus
1674 1161 1927 1215 tttmuluri

322 1253 523 1317 solita;
557 1252 812 1321 idemque
842 1252 1023 1323 prodit
1059 1252 1322 1323 Ughellus
1350 1254 1403 1307 in
1432 1252 1929 1309 Mediolanensibus

321 1346 750 1417 archiepiscopis
781 1345 894 1419 (b),
923 1346 1013 1402 ubi
1064 1362 1129 1402 ex
1181 1348 1450 1403 Puricello
1498 1358 1685 1402 narrat
1726 1361 1930 1416 corpus

322 1439 565 1494 Anselmi
594 1438 1026 1509 archiepiscopi,
1050 1439 1143 1509 qui
1173 1440 1308 1495 vixit
1332 1441 1397 1495 ad
1421 1456 1623 1495 annum
1648 1439 1779 1505 829.,
1821 1456 1928 1493 una

322 1548 440 1585 cum
467 1533 577 1603 ejus
599 1531 783 1586 baculo
811 1533 984 1603 ligneo
1004 1575 1019 1599 ,
1048 1533 1114 1587 ad
1142 1533 1285 1587 latus
1314 1533 1589 1597 dextrum,
1618 1534 1929 1604 annuloque

324 1641 391 1681 ex
421 1634 653 1696 argento
682 1637 987 1696 gemmato,
1038 1635 1093 1681 et
1133 1635 1358 1694 aurato,
1408 1626 1576 1681 fuisse
1622 1629 1925 1685 inventum.

325 1720 479 1775 Diem
502 1718 681 1775 obitus
710 1719 989 1774 Philastrii
1018 1719 1317 1774 solemnem
1342 1721 1471 1775 olim
1495 1719 1768 1774 Brixianis
1796 1720 1931 1773 civi-

2028 508 2208 577 potius
2239 518 2369 562 tom.
2404 508 2448 563 ll
2490 509 2845 567 Bibliotheca:
2896 512 2999 567 PP.
3037 528 3157 585 pag.
3188 515 3259 570 16
3281 557 3295 580 ,
3317 516 3409 571 ubi
3434 516 3625 572 Latina

2027 600 2119 655 illa
2139 600 2520 672 Interpretatio
2561 604 2756 659 iterum
2785 604 2926 659 edita
2960 618 3072 673 est,
3122 622 3290 677 pauca
3322 610 3437 664 hate
3488 625 3629 680 prte-

2029 694 2337 762 mittuntur,
2384 712 2505 767 quae
2544 714 2661 753 rem
2712 714 2930 754 omnem
2972 701 3026 753 in
3085 710 3276 770 aperto
3301 702 3623 757 collocant:

2030 785 2156 841 Cum
2192 788 2246 841 in
2293 787 2569 844 Philastrii
2596 792 2824 864 episwpi
2873 791 3162 848 Brixiensis
3189 796 3429 849 volumen
3474 813 3573 851 ms.
3605 813 3632 851 e

2031 880 2325 935 Carbeiensi
2347 887 2655 939 monasterio
2676 886 2937 941 incidisset
2967 889 3248 956 aliquando
3274 890 3341 944 R.
3375 889 3441 944 P.
3479 891 3631 965 Hugo

2031 972 2337 1039 Menardus,
2366 974 2552 1028 ibidem
2578 978 2810 1045 proxime
2839 988 2953 1048 post
2985 979 3285 1048 Epistolam
3306 980 3634 1037 Tertulliani

2030 1066 2095 1119 de
2122 1066 2248 1119 cibis
2267 1064 2505 1121 Judaicis
2522 1109 2535 1133 ,
2559 1068 2821 1123 Barnabm
2850 1071 3055 1126 nomine
3084 1071 3382 1145 insignitam
3414 1073 3630 1143 Episto—

2032 1159 2162 1226 lam,
2196 1177 2300 1213 una
2326 1177 2441 1214 cum
2470 1161 2658 1216 Jacobi
2681 1162 2929 1231 Apostoli
2970 1162 3222 1233 Epistola
3275 1165 3631 1236 deprehendit.

2031 1254 2215 1324 Itaque
2244 1255 2294 1308 in
2321 1270 2388 1310 eo
2411 1256 2534 1311 eod.
2566 1257 2717 1325 plura
2736 1256 3008 1328 Opuscula
3059 1259 3403 1314 diversorum
3435 1263 3638 1316 Aucto-

2033 1361 2151 1400 rum
2201 1347 2363 1401 simul
2421 1347 2650 1403 collecta
2699 1350 3018 1415 exstabant;
3071 1366 3301 1421 quorum
3357 1353 3632 1424 primum,

2035 1454 2234 1509 nempe
2284 1440 2423 1496 liber
2463 1442 2526 1494 de
2566 1440 2863 1497 llwresibus
2908 1458 3031 1498 eum
3106 1444 3385 1501 Philastrii
3440 1463 3638 1503 nomen

2036 1530 2325 1600 prteferret
2345 1572 2361 1598 ,
2391 1532 2552 1588 facile
2583 1533 2758 1588 eidem
2788 1535 3081 1589 Philastrio
3121 1537 3284 1591 etiam
3316 1536 3508 1593 Latina
3549 1539 3639 1593 illa

2036 1623 2424 1694 [interpretatio
2450 1641 2569 1696 quae
2602 1628 2841 1683 auctoris
2873 1631 3094 1685 nomine
3124 1630 3356 1687 fortasse
3387 1634 3637 1701 carebat,

2038 1716 2239 1770 tributa
2267 1727 2378 1781 est;
2410 1733 2596 1772 verum
2617 1719 2685 1774 de
2710 1720 2814 1774 hoc
2839 1720 2977 1774 infra
2998 1762 3012 1787 ,
3050 1737 3173 1776 eum
3222 1723 3381 1777 nobis
3405 1725 3473 1779 de
3512 1722 3646 1780 Cor-

325 1813 427 1868 bus
485 1813 651 1868 fuisse
672 1853 687 1879 ,
749 1812 1047 1867 ostendunt
1104 1813 1416 1868 testimonia
1480 1813 1802 1877 Gaudentii,
1864 1829 1928 1869 ac
1960 1817 2007 1877 B
2034 1809 2357 1866 beiensims.
2386 1812 2720 1866 cxinstituto
2744 1813 3073 1882 loquendum
3096 1816 3200 1868 erit
3232 1814 3330 1886 (g).
3352 1816 3641 1872 Mcnardus

326 1907 645 1977 Ramperti,
704 1921 930 1977 quorum
983 1907 1132 1976 prior
1164 1906 1239 1977 (c)
1284 1905 1673 1977 quatuordecim
1696 1910 1815 1979 jam
1840 1924 1933 1978 per

326 2015 493 2053 annos
519 1998 858 2053 solemnitatis
886 1998 1043 2069 hujus
1070 2000 1263 2054 cultum
1312 2014 1372 2055 se
1418 2014 1712 2056 renovasse
1764 2000 1930 2064 dicit;

328 2092 468 2147 alter
494 2106 624 2146 vero
648 2090 937 2145 Brixianos
977 2093 1268 2162 episcopos
1305 2092 1583 2147 Philastrii
1642 2108 1931 2149 successo-

327 2197 422 2238 res
470 2180 574 2255 (ά),
624 2182 760 2237 diem
805 2184 1051 2237 transitus
1082 2186 1196 2254 ejus
1226 2193 1562 2250 venerantes,
1612 2194 1935 2241 reverenter

331 2274 668 2341 honorasse,
702 2274 767 2327 ab
794 2276 933 2328 omni
964 2284 1165 2329 terreno
1197 2292 1351 2346 apere
1396 2274 1722 2331 Brixiensem
1762 2294 1933 2347 popu-

331 2369 441 2423 lum
458 2367 715 2421 abstinere
733 2370 971 2440 jubentes
997 2385 1015 2422 :
1046 2384 1238 2423 verum
1261 2369 1439 2424 cultus
1466 2370 1775 2439 hujusmodi
1792 2371 1934 2441 jam-

331 2458 539 2530 pridem
574 2460 875 2525 obsolevit;
920 2460 1029 2516 imo
1074 2461 1262 2516 titulus
1283 2477 1499 2531 quoque
1536 2462 1789 2531 patroni,
1838 2465 1931 2533 qui

334 2561 445 2606 tum
474 2552 768 2607 Philastrio
795 2595 809 2618 ,
843 2562 952 2607 tum
997 2554 1290 2623 Apollonio
1319 2554 1521 2609 dudum
1581 2554 1742 2610 tribui
1776 2556 1922 2611 sole~

338 2646 433 2701 bat
461 2645 555 2718 (ε),
586 2644 779 2701 iisdem
803 2647 998 2701 ascribi
1021 2646 1218 2702 desivit
1242 2664 1256 2701 :

429 2780 637 2832 Tantum
660 2785 752 2833 sevi
776 2783 1040 2847 longinqua
1060 2782 1194 2835 valet
1214 2792 1406 2836 mutare
1430 2792 1669 2836 vetustas.

410 2930 501 2986 15.
542 2930 745 2985 Praeter
770 2929 965 2985 librum
1008 2932 1071 2985 de
1092 2931 1388 2986 eresibus
1406 2948 1435 2987 a
1455 2932 1750 2988 Philastrio
1776 2948 1939 2992 cons:

338 3023 608 3091 criptum,
644 3023 904 3078 nonnulla
931 3024 1038 3078 alia
1070 3024 1244 3079 eidem
1278 3026 1612 3089 tribuuntur,
1655 3042 1775 3095 qnze
1804 3025 1933 3080 Plii-

339 3114 584 3171 lastrium
614 3123 893 3170 auctorem
926 3116 1150 3171 minime
1173 3126 1507 3187 agnoscunt;
1553 3132 1752 3188 nempe
1778 3126 1938 3172 vetus

2038 1912 2188 1957 certe
2210 1903 2301 1972 qui
2322 1902 2712 1959 Corbeiensem
2736 1906 2857 1959 cod.
2890 1907 3273 1972 contreetavit,
3305 1917 3467 1977 atque
3490 1924 3554 1963 ex
3577 1924 3645 1964 eo

2038 1998 2286 2053 Latinam
2340 1999 2487 2053 illam
2546 1998 3060 2069 lnterpretationem
3092 2000 3395 2070 desumpsit
3435 2002 3636 2071 (nam,

2036 2089 2230 2144 eodem
2255 2089 2627 2158 Papebrochio
2647 2100 2902 2144 narrante
2944 2090 3051 2161 (h),
3083 2090 3332 2146 Graecum
3367 2094 3643 2163 exemplar

2038 2180 2228 2235 habuit
2258 2198 2327 2236 ex
2354 2181 2570 2237 scltedis
2594 2182 2906 2251 Turriani),
2951 2182 3041 2236 ubi
3092 2182 3144 2237 in
3175 2181 3496 2239 Corbeiensi
3537 2200 3639 2239 ms.

2038 2277 2347 2331 versionem
2370 2277 2520 2331 illam
2547 2277 2824 2331 Philastrii
2869 2278 3091 2331 nomine
3122 2277 3349 2332 vidisset
3376 2287 3645 2347 praenota-

2039 2381 2182 2435 tam,
2224 2370 2447 2425 minime
2499 2370 2603 2425 hoc
2634 2371 2797 2426 silere
2847 2370 3145 2425 debuisset.
3194 2369 3486 2427 Philastrio
3515 2371 3643 2427 item

2038 2461 2385 2516 ascribuntur
2406 2462 2536 2516 Acta
2565 2461 2673 2518 SS.
2709 2460 2985 2529 Faustini,
3014 2472 3061 2516 et
3089 2460 3309 2529 Jovitaa,
3355 2479 3422 2518 ex
3450 2464 3646 2533 quibus

2040 2570 2231 2611 eorum
2262 2555 2439 2611 Vitam
2490 2556 2732 2612 edidisse
2784 2557 3072 2626 proﬁtetur
3100 2555 3340 2612 Jacobus
3386 2557 3641 2624 Riccius,

2040 2647 2135 2717 qui
2166 2662 2286 2702 eam
2313 2647 2455 2719 typis
2494 2646 2897 2716 vulgavitanno
2929 2644 3062 2701 15H
3090 2686 3105 2712 ,
3150 2646 3427 2701 referente
3475 2648 3646 2701 Asca-

2040 2740 2133 2796 nio
2164 2739 2510 2809 Martinengo
2539 2739 2594 2793 in
2617 2738 2893 2795 Prommio
2910 2737 3051 2794 Vitae
3066 2738 3384 2794 eorumdem
3403 2738 3549 2794 SS.a
3581 2753 3642 2794 se

2039 2834 2227 2889 ltalice
2240 2834 2402 2889 editae
2431 2834 2629 2889 Brixiae
2651 2848 2795 2888 anno
2821 2834 2991 2900 1602,
3016 2850 3205 2889 verum
3234 2850 3301 2888 an
3335 2833 3649 2905 hujusmodi

2040 2929 2171 2981 Acta
2192 2943 2320 2983 vere
2347 2928 2619 2981 Philastrii
2642 2928 2785 2991 sint,
2806 2926 2931 2996 jure
2952 2926 3161 2982 dubitat
3183 2926 3326 2982 idem
3350 2926 3651 2981 Martinen-

2039 3039 2173 3091 gus;
2202 3022 2365 3093 idque
2394 3022 2569 3076 innuit
2593 3022 2758 3076 etiam
2796 3022 3179 3081 Henschenius
3210 3019 3308 3091 (i),
3357 3035 3424 3075 eo
3445 3021 3587 3091 quod
3618 3035 3650 3074 a

2039 3115 2182 3171 libro
2210 3116 2275 3169 de
2314 3114 2611 3171 Hazresibus
2641 3116 2784 3186 stylo
2821 3130 2886 3169 ac
2917 3114 3079 3170 modo
3122 3115 3395 3170 scribendi
3426 3129 3649 3184 prorsus

340 3208 527 3264 Latina
557 3207 809 3277 Epistolis
838 3207 901 3263 S.
926 3206 1181 3262 Barnaba:
1203 3207 1593 3279 Interpretatio,
1617 3225 1776 3279 quam
1806 3207 1935 3263 Phi-
1961 3205 2006 3269 C
2038 3208 2315 3264 dili‘erant.
2339 3208 2451 3262 Nos
2479 3209 2606 3262 Acta
2628 3207 2897 3277 ejusmodi
2918 3206 3210 3261 Philastrio
3238 3207 3475 3261 libenter
3499 3207 3653 3275 abju-

336 3300 525 3355 lastrio
546 3299 769 3354 ascribit
795 3300 1202 3370 Papebrochius
1225 3301 1278 3355 in
1306 3302 1458 3356 Actis
1475 3301 1574 3358 SS.
1605 3301 1774 3367 Junii,
1800 3311 1931 3357 tom.

336 3395 415 3459 ll,
445 3411 497 3465 p.
522 3394 651 3462 657,
693 3402 751 3449 et
791 3394 1168 3463 Papebrochio
1210 3396 1369 3463 vade,
1408 3396 1693 3452 Fabricius
1721 3412 1937 3468 quoque

336 3487 391 3541 in
444 3486 774 3541 Prrclatione
824 3485 892 3540 ad
931 3484 1283 3541 Philastrium
1312 3528 1329 3550 ,
1387 3504 1508 3557 qua:
1538 3488 1937 3558 llamburgensi

335 3579 565 3634 editioni
619 3578 836 3650 praefixa
884 3590 1008 3645 est,
1060 3589 1222 3650 atque
1247 3580 1473 3635 editioni
1516 3579 1643 3634 huic
1667 3579 1938 3634 Brixiante

338 3676 519 3729 denuo
549 3676 902 3747 praaponitur.
964 3675 1260 3729 Proﬁtetur
1301 3684 1481 3729 autem
1530 3674 1940 3743 Papebrochius

337 3766 843 3837 lnterpretationem
892 3765 1036 3820 illam
1082 3780 1143 3819 se
1194 3766 1294 3819 hoc
1348 3764 1649 3833 praesertim
1713 3763 1936 3818 nomine

340 3859 519 3929 magni
545 3858 749 3923 facere,
780 3857 925 3929 quod
950 3857 1298 3912 Philastrium
1330 3866 1609 3912 auctorem
1640 3854 1895 3926 praeferat
1921 3874 1935 3909 :

336 3961 509 4021 estque
535 3969 595 4006 ea
626 3952 644 4020 (
667 3951 829 4006 verba
872 3958 1000 4005 sunt
1051 3946 1441 4019 Papebrochii)
1471 3957 1611 4002 tanto
1634 3950 1942 4003 wstimanda

337 4046 525 4113 pluris,
557 4044 696 4115 quod
714 4044 771 4096 in
799 4043 955 4096 veteri
983 4059 1081 4096 ms.
1132 4042 1438 4096 Corbeiense
1462 4044 1773 4111 reperiatur,
1804 4053 1939 4096 tam-

337 4152 492 4205 quam
517 4134 698 4188 Latine
721 4133 923 4187 reddita
945 4150 974 4185 a
1008 4132 1069 4188 S.
1093 4131 1441 4203 Philostorgio
1464 4134 1607 4202 (lege
1630 4130 1940 4201 Philastrio)

340 4227 601 4283 Brixiensi
625 4227 886 4297 episcopo.
922 4225 1113 4280 Hausit
1141 4224 1244 4279 hoc
1274 4225 1508 4279 fortasse
1535 4223 1943 4293 Papebroehius

339 4336 369 4376 a
396 4319 706 4376 Puccinello
737 4320 788 4372 in
821 4318 940 4372 Vita
969 4318 1026 4373 S.
1056 4316 1317 4371 Barnabte
1346 4317 1438 4370 lib.
1467 4332 1535 4383 ιι,
1566 4331 1689 4385 pag.
1723 4314 1814 4380 69,
1845 4316 1942 4370 sed

342 4416 479 4469 mira
528 4426 751 4483 prorsus
806 4412 858 4465 in
907 4426 973 4467 eo
1026 4408 1127 4464 fuit
1173 4424 1511 4463 summorum
1538 4409 1804 4473 virorum,
1831 4416 1941 4461 tmn

341 4507 698 4579 Papebrochii
728 4507 899 4577 ipsius
930 4546 944 4571 ,
1007 4514 1119 4559 tum
1164 4502 1395 4558 Fabricii
1420 4502 1584 4557 etiam
1637 4501 1940 4556 hallucina-

2039 3300 2316 3363 dicamus;
2349 3299 2507 3353 sicuti
2540 3299 2703 3351 etiam
2726 3297 2921 3368 Apht‘tB
2948 3296 3287 3361 Passionem,
3318 3310 3480 3365 quam
3517 3295 3647 3349 Phi-

2038 3389 2429 3446 lastriotribuit
2444 3388 2705 3458 Ughellus
2721 3390 2773 3442 in
2793 3388 3069 3443 Procemio
3090 3388 3157 3442 ad
3174 3386 3486 3442 Brixienses
3509 3387 3653 3457 epis~

2039 3500 2205 3555 copos
2235 3483 2334 3553 (j);
2364 3482 2416 3536 id
2455 3492 2635 3537 autem
2661 3482 2921 3552 Ughellus
2950 3492 3241 3550 acceperat
3270 3497 3304 3536 a
3331 3481 3609 3538 Galesinio
3633 3524 3647 3547 ,

2041 3578 2133 3648 qui
2165 3577 2363 3644 Aplme
2389 3573 2669 3628 historiam
2695 3588 2724 3627 a
2752 3573 3015 3628 Faustino
3038 3582 3094 3627 et
3118 3572 3408 3628 Philastrio
3436 3574 3651 3643 cpisco-

2042 3669 2128 3738 pis
2152 3666 2731 3734 Brixiaaeonscriptam
2749 3679 2873 3720 esse
2896 3665 3079 3734 prodit
3097 3664 3281 3719 Notat.
3312 3665 3381 3719 ad
3409 3664 3481 3719 24
3503 3666 3650 3721 Maii.

2044 3762 2103 3817 Si
2134 3761 2255 3831 quis
2312 3774 2474 3829 porro
2509 3758 2800 3814 Philastrio
2826 3758 3131 3813 ascriberet
3162 3759 3474 3829 Symbolum
3504 3761 3650 3829 quod

2044 3854 2209 3923 vulgo
2235 3851 2433 3907 dicitur
2459 3852 2761 3919 Athanasii,
2791 3852 3054 3922 cujusque
3079 3851 3348 3922 Expositio
3360 3853 3651 3924 aliquando

2046 3947 2352 4005 Gaudentio
2379 3947 2545 4001 etiam
2573 3955 2765 4001 nostro
2797 3932 2999 4002 tributa
3028 3946 3275 4017 fuit,non
3298 3947 3390 4003 ille
3418 3946 3650 4003 iorsitan

2047 4042 2269 4097 omnino
2322 4041 2667 4112 improbabili
2714 4041 3008 4097 duceretur
3054 4041 3401 4111 conjectura;
3455 4056 3646 4097 occur—

2048 4146 2177 4191 runt
2198 4135 2341 4191 enim
2365 4136 2569 4206 saepius
2598 4136 2649 4189 in
2669 4134 2964 4189 Philastrio
2990 4135 3133 4190 illius
3153 4134 3397 4206 Symboli
3429 4145 3652 4191 senten-

2048 4229 2137 4282 tiae
2168 4244 2276 4282 non
2298 4228 2502 4294 solum,
2539 4228 2633 4283 sed
2662 4209 2828 4283 etiam
2850 4227 3014 4281 verba
3047 4228 3197 4295 ipsa;
3257 4243 3377 4281 nam
3409 4228 3485 4281 ibi
3510 4246 3525 4283 :
3554 4229 3652 4283 Est

2047 4338 2169 4392 ergo
2199 4320 2356 4375 Fides
2378 4330 2537 4386 recta,
2563 4332 2617 4373 ut
2639 4302 2907 4373 credamus
2929 4329 2977 4372 et
3008 4320 3369 4387 conﬁteamur,
3398 4321 3519 4389 quia
3542 4319 3650 4377 Do-

2046 4415 2219 4469 minus
2242 4425 2416 4468 noster
2439 4411 2595 4466 Jesus
2645 4412 2882 4465 Christus
2914 4452 2928 4474 ,
2980 4410 3123 4465 Deus
3151 4421 3225 4466 est
3254 4429 3318 4467 ea:
3359 4414 3653 4469 substantia

2049 4504 2227 4560 Patris
2248 4516 2365 4559 ante
2390 4506 2580 4559 stecula
2607 4504 2846 4575 genitus;
2876 4504 3195 4559 Philastrius
3209 4520 3340 4561 vero
3371 4505 3477 4577 (It):
3512 4505 3656 4577 Ergo

340 4605 412 4656 tio
443 4600 541 4672 (ος
574 4615 696 4653 cum
724 4599 871 4653 enim
902 4597 955 4650 in
984 4611 1087 4651 ms.
1116 4596 1211 4649 illo
1229 4593 1546 4649 Corbeiensi
1569 4635 1584 4659 ,
1604 4592 1762 4661 cujus
1793 4601 1939 4647 uter—
1966 4590 2019 4649 D
2043 4608 2260 4662 rectum,
2293 4606 2338 4650 et
2361 4592 2515 4649 Fidei
2538 4596 2921 4664 ﬁrmamentum
2948 4596 3256 4663 ostenditur,
3282 4608 3339 4649 ut
3364 4607 3411 4651 et
3425 4598 3655 4668 genitum

339 4709 447 4763 que
479 4690 747 4756 meminit,
770 4688 1179 4759 printerlibrum
1209 4685 1492 4741 Philastrii
1524 4686 1587 4739 de
1618 4684 1941 4749 llwresibus,

339 4784 722 4840 contineretur
771 4781 962 4837 Latina
995 4778 1249 4849 Epistula:
1276 4778 1337 4833 S.
1383 4776 1642 4831 Barnaba:
1672 4775 1942 4847 Interpre-

342 4882 502 4945 tatio,
560 4878 999 4944 haberenturque
1037 4874 1142 4928 alia
1181 4872 1345 4929 etiam
1378 4870 1675 4935 nonnulla;
1737 4870 1948 4939 putavit

342 4984 595 5045 uterque,
625 4990 682 5027 re
710 4988 816 5027 non
847 4969 977 5025 satis
995 4976 1311 5041 perspecta,
1342 4964 1395 5018 in
1428 4963 1522 5021 illo
1549 4962 1671 5017 cod.
1704 4972 1943 5018 veterem

344 5070 495 5125 illam
543 5065 1051 5138 lnterpretationem
1110 5064 1211 5117 sub
1241 5060 1462 5115 nomine
1492 5058 1765 5114 Philastrii
1789 5060 1942 5114 exhi-

344 5166 481 5220 beri.
513 5163 711 5218 Verum
743 5176 839 5216 nec
862 5157 1139 5222 Menardo,
1170 5169 1271 5210 nec
1294 5152 1587 5218 Cotelerio,
1611 5151 1942 5207 doctissimis

342 5257 492 5314 illius
514 5255 763 5327 epistolae
794 5250 1095 5307 editoribus
1121 5261 1383 5317 umquam
1407 5246 1555 5301 venit
1586 5246 1638 5300 in
1668 5254 1904 5301 mentem
1928 5288 1943 5311 ,

441 5419 495 5492 α)
525 5418 683 5474 Num.
716 5414 808 5471 38.

417 5422 497 5564 ibi
536 5491 694 5565 Τοηιο
729 5484 959 5565 ῙῩνέω·
994 5482 1165 5565 73°...
1241 5551 1256 5565 .
1350 5550 1522 5565 -..πη
1597 5562 1606 5565 _
1654 5552 1685 5564 ..

423 5550 495 5634 ξε)
536 5550 811 5634 Serm.d_e
835 5558 948 5634 Vit.
972 5564 1031 5634 et_
1060 5554 1210 5634 obitu
1241 5551 1388 5606 beati
1406 5550 1711 5634 Philastrii,
1735 5566 1789 5623 p.
1824 5550 1949 5608 574.

420 5624 506 5701 (α’)
548 5633 725 5688 Serm.
754 5631 830 5701 de_
842 5627 1056 5701 Transl.
1082 5625 1359 5701 ghilastr"
1384 5638 1438 5692 p.
1465 5624 1590 5679 387.

451 5695 501 5775 ε)
540 5703 669 5775 got.
701 5700 768 5775 ad
793 5698 968 5754 Gaud.
993 5712 1045 5766 p.
1082 5695 1208 5753 574.

451 5706 501 5775 e)
542 5706 669 5767 Not.
701 5706 768 5753 ad
793 5706 968 5754 Gaud.
993 5712 1045 5766 p.
1082 5706 1208 5753 574.
1390 5766 1402 5777 .
1446 5766 1458 5779 ι
1607 5767 1617 5778 .

426 5706 518 5895 20‘
540 5772 811 5895 Examdgg
831 5784 1074 5826 errorem
1095 5766 1295 5825 erravit
1316 5765 1533 5835 lttigtus
1556 5766 1695 5822 Hist.
1720 5767 1954 5833 Eccles.,

359 5862 475 5904 nec.
504 5864 552 5914 ι,
578 5850 696 5915 pag.
722 5850 811 5895 25.

2043 4706 2158 4745 eum
2179 4704 2550 4761 cognoscamus
2580 4688 2643 4741 de
2664 4687 2826 4741 Patre
2846 4689 3055 4759 praprie
3072 4731 3087 4756 ,
3117 4706 3223 4743 non
3253 4700 3421 4744 tamen
3446 4691 3502 4743 in
3527 4699 3655 4742 tem-

2044 4796 2169 4852 pore
2197 4822 2212 4844 ,
2244 4780 2334 4833 sed
2357 4786 2473 4832 ante
2516 4779 2689 4832 omnia
2710 4780 2924 4833 swcula.
2971 4777 3267 4835 Notaverat
3286 4779 3388 4835 hoc
3410 4781 3554 4835 idem
3578 4781 3651 4837 cl.

2044 4876 2209 4929 etiam
2239 4872 2519 4929 Fabricius
2542 4873 2607 4927 ad
2638 4872 2728 4926 illa
2771 4872 3045 4927 Philastrii
3091 4872 3256 4927 verba
3312 4872 3420 4945 (l):
3467 4874 3653 4941 Qualis

2046 4966 2331 5021 immensus
2362 4975 2436 5021 est
2493 4965 2670 5029 Pater,
2716 4967 2836 5019 tatis
2878 4975 2950 5018 est
2988 4976 3032 5018 et
3064 4964 3268 5030 Filius,
3315 4965 3435 5019 talis
3479 4976 3554 5020 est
3606 4976 3657 5020 et

2052 5056 2289 5127 Spiritus
2306 5068 2543 5124 sanctus,
2570 5058 2687 5114 hzcc
2716 5056 2960 5113 subdens
2991 5074 3002 5107 :
3041 5055 3236 5110 Iisdem
3260 5056 3368 5124 fere
3397 5057 3565 5115 verbis
3592 5057 3649 5109 in

2052 5149 2305 5221 Symbolo
2351 5152 2490 5220 quod
2552 5166 2793 5205 uocamus
2842 5148 3259 5203 Athanasianum
3288 5165 3308 5203 :
3364 5146 3657 5208 Immensae

2055 5248 2234 5317 Pater,
2266 5252 2551 5307 immensus
2579 5250 2753 5305 Filius
2774 5291 2789 5315 ,
2832 5251 3113 5304 immensus
3140 5249 3375 5319 Spiritus
3424 5256 3656 5303 sanctus.

2244 5410 2406 5536 ¥um.
2428 5410 2521 5467 20.
2744 5482 2755 5492 _

2296 5498 2407 5536 om.
2434 5482 2480 5536 ll
2505 5482 2604 5536 SS.
2632 5481 2755 5536 Jum

2164 5481 2209 5565 ii
2240 5482 2407 5565 Iom-
2431 5482 2604 5565 ξε
2632 5481 2801 5565 Junii.
2834 5497 2887 5551 ρο
2919 5482 3045 5565 az-

2154 5482 2209 5554 h)
2249 5482 2407 5538 Tom.
2434 5482 2480 5537 ll
2505 5482 2604 5538 SS.
2632 5482 2801 5545 Junii,
2834 5497 2887 5551 p.
2919 5482 3045 5536 457.

2128 5482 2200 5690 ἓξ)
2239 5554 2397 5610 Tom.
2430 5553 2475 5608 ll
2497 5553 2808 5617 Februarii,
2838 5569 2891 5623 p.
2925 5552 3050 5606 806.

2151 5628 2204 5698 j)
2245 5626 2400 5698 ’i‘om.
2425 5625 2516 5698 71V,
2544 5625 2649 5680 col.
2680 5622 2807 5680 525.

2134 5695 2213 5767 (κ)
2248 5695 2380 5766 Cap.
2418 5696 2541 5750 127.

2138 5770 2204 5838 (ι)
2243 5770 2374 5839 Cap.
2400 5768 2489 5823 st.
