4024 6192
507 262 646 320 i075

1753 257 2067 318 SANCTUS
2104 257 2580 318 DMASTRIUS.

3633 261 3734 321 ιοτι

500 380 642 438 Alibi
673 393 889 450 quoque
917 379 1240 435 Philastrins
1263 379 1343 450 (a)
1367 397 1378 434 :
1403 377 1498 434 Est
1516 395 1633 434 uera
1655 396 1877 451 persona
1901 379 2099 445 Patris,
2131 383 2183 440 Α
2209 389 2394 450 aperte
2421 380 2680 450 loquitur,
2714 387 2774 433 ut
2795 377 2945 449 plura
2979 393 3100 448 qua:
3133 377 3181 431 in
3208 376 3489 448 Symbolo,
3507 377 3627 447 quod
3648 381 3732 432 vul-

501 481 550 528 et
580 483 651 527 est
675 489 792 528 uera
813 488 1035 540 persona
1066 471 1227 539 Filii,
1261 483 1407 526 etest
1434 489 1553 526 uera
1583 489 1804 538 persona
1851 472 2099 542 Spiritus.

499 565 682 622 Trium
708 567 876 636 itaque
919 568 1104 620 harum
1133 583 1472 634 personarum
1501 583 1606 620 una
1634 578 1708 622 est
1736 567 1922 620 veritas
1947 608 1960 627 ,
1991 582 2105 620 ma-

490 665 682 730 jestas,
709 673 758 716 et
782 661 1084 716 substantia:
1120 663 1411 731 wqualitas,
1446 671 1492 715 et
1519 661 1800 726 divinitas;
1843 661 1896 714 in
1947 658 2104 731 Sym-

499 753 628 808 boln
655 765 836 808 autem
862 771 874 806 :
922 753 1038 806 Alia
1067 763 1142 807 est
1180 769 1402 824 persona
1429 751 1606 807 Patris
1630 795 1643 815 ,
1694 753 1800 806 alia
1832 751 1975 817 Filii,
2001 752 2105 805 alia

500 845 730 912 Spiritus
759 846 961 911 sancti;
991 845 1081 900 sed
1109 844 1306 909 Patris,
1349 855 1396 898 et
1425 843 1576 908 Filii,
1607 854 1654 898 et
1678 844 1910 912 Spiritus
1937 845 2102 898 sancti

498 953 602 992 una
623 947 696 992 est
724 936 972 991 divinitas
997 979 1010 1001 ,
1063 937 1279 1006 atqualis
1305 937 1474 1009 gloria
1491 978 1506 1002 ,
1537 945 1788 994 cowterna
1810 939 2051 1004 maiestas
2085 951 2103 989 .'

496 1046 668 1099 quare
691 1046 794 1086 nou
823 1029 1057 1090 alienum
1089 1030 1319 1095 videtur,
1376 1039 1436 1083 ut
1482 1037 1574 1083 aut
1613 1029 1930 1083 Philastrius
1958 1028 2103 1083 illius

501 1125 744 1193 Symbnli
775 1135 967 1180 auctor
994 1126 1084 1192 sit,
1118 1135 1210 1179 aut
1241 1125 1484 1197 Symboli
1509 1135 1786 1180 auctorem
1815 1167 1828 1190 ,
1853 1125 2102 1194 quicum.

497 1235 603 1288 que
653 1217 845 1283 fuerit,
895 1233 923 1271 a
974 1217 1267 1271 Philastrio
1320 1232 1426 1274 non
1475 1217 1654 1271 solum
1682 1216 1970 1288 dogmata,
2003 1215 2100 1271 sed

496 1311 660 1366 verba
692 1310 856 1366 etiam
885 1309 1002 1380 ipsa
1029 1309 1322 1380 aliquando
1354 1318 1540 1364 inittua
1568 1310 1843 1380 accepisse
1872 1328 1882 1361 :

500 1452 526 1522 ᾗ
570 1451 607 1506 Ι.
647 1450 724 1506 De
754 1451 977 1505 utilitate
1007 1460 1053 1505 et
1081 1468 1179 1505 usu
1209 1450 1328 1506 libri
1359 1450 1426 1505 de
1452 1449 1765 1505 llzcresibus
1806 1467 1836 1514 ᾳ
1891 1448 2097 1510 Philas-

1069 1547 1164 1599 trio
1196 1545 1494 1618 conscripti.

567 1680 655 1735 14.
690 1680 911 1736 Librum
944 1681 1008 1734 de
1033 1680 1328 1735 eresibus
1356 1697 1384 1735 a
1411 1681 1700 1736 Philastrio
1726 1683 2096 1751 conscriptum

2208 489 2275 538 go
2301 470 2601 537 Athanasio
2643 471 2921 536 tribuitur,
2956 479 3272 536 occurrunt,
3317 469 3582 524 videamur
3605 487 3628 524 e
3648 469 3736 524 Plii-

2206 563 2396 617 lastrio
2422 563 2704 633 desumpta
2727 607 2740 630 ,
2777 563 2940 617 sicuti
2992 577 3117 616 mox
3144 562 3543 616 observavimus
3562 562 3636 632 li);
3671 577 3740 617 no-

2209 654 2367 709 tanda
2395 665 2576 710 autem
2609 655 2886 726 praecipue
2914 671 3032 725 quae
3068 655 3232 709 habet
3257 669 3381 723 cap.
3411 654 3496 719 95,
3523 654 3604 708 ubi
3639 654 3741 710 inter

2206 763 2424 804 errores
2456 759 2708 805 recenset
2738 749 2996 804 lueresim
3017 749 3308 820 quamdam
3336 750 3604 820 triformem
3624 749 3742 802 Densi

2207 842 2512 910 facientem;
2561 854 2612 896 et
2665 858 2786 912 cap.
2841 840 2966 908 ille},
3018 857 3124 913 quo
3165 842 3449 896 Trinitatis
3495 841 3737 908 scientiam,

2203 935 2558 1007 jamprimum
2610 937 2674 991 ab
2705 939 2904 1010 origine
2930 937 3112 991 mundi
3155 935 3465 991 hominibus
3502 937 3741 990 nuntiatam

2208 1029 2396 1097 fuisse,
2425 1030 2834 1101 Scripturarum
2864 1029 3190 1086 testimoniis
3238 1029 3492 1086 ostendit.
3521 1029 3588 1084 De
3617 1028 3745 1098 gratis

2209 1125 2327 1190 Dei,
2357 1127 2517 1194 cujus
2543 1125 2791 1180 doctrina
2823 1134 2949 1180 ante
2983 1125 3349 1195 Augustinum
3394 1141 3494 1177 non
3534 1124 3647 1177 satis
3679 1138 3745 1178 es-

2205 1216 2404 1286 plicata
2440 1217 2638 1281 l'uerat,
2672 1217 2977 1271 luculenter
3005 1217 3248 1285 loquitur
3278 1230 3386 1270 non
3417 1228 3517 1268 uno
3557 1212 3604 1266 in
3639 1212 3743 1277 loco,

2207 1325 2403 1379 nempe
2425 1326 2547 1379 cap.
2579 1310 2649 1366 98
2683 1328 2695 1363 :
2725 1308 3012 1380 [aspiratio
3041 1309 3212 1378 itaque
3254 1316 3450 1367 nonest
3495 1307 3746 1366 anima,sei

2203 1403 2372 1473 gratia
2404 1403 2674 1473 dignitatis
2695 1404 2758 1457 de
2803 1403 2977 1456 diuino
3033 1402 3269 1472 Spiritu;
3295 1410 3352 1462 et
3402 1400 3551 1470 paulo
3587 1413 3745 1469 supra:

2206 1495 2489 1568 [aspiratio
2517 1497 2677 1551 divini
2719 1496 2944 1568 Spiritus
2973 1507 3048 1548 est
3077 1495 3318 1566 quendam
3345 1495 3508 1565 gratia
3531 1502 3573 1546 et
3596 1491 3748 1562 prolec-

2203 1592 2276 1643 tio
2307 1591 2614 1659 dignitatis;
2645 1591 2720 1644 uti
2747 1600 2800 1644 et
2841 1605 2961 1658 cap.
2997 1589 3332 1656 princedenti
3364 1605 3377 1642 :
3412 1586 3525 1640 Non
3564 1596 3627 1640 est
3665 1600 3749 1637 m-

2203 1681 2414 1754 biguum
2440 1682 2576 1752 quod
2618 1682 2792 1736 animo
2823 1691 2942 1735 ante
2966 1681 3106 1750 facta
3152 1681 3245 1746 sit,
3271 1695 3391 1734 caro
3438 1689 3592 1732 autem
3615 1685 3747 1745 postea

492 1783 622 1828 ante
653 1773 1002 1830 Parmenioni
1028 1784 1279 1841 mortem,
1317 1776 1421 1829 hoc
1446 1784 1532 1830 est
1571 1783 1698 1831 ante
1725 1791 1927 1830 annum
1961 1777 2094 1843 59h

2203 1777 2491 1846 plasmata;
2525 1785 2570 1828 et
2600 1777 2673 1828 sic
2711 1784 2888 1842 postea
2914 1773 3261 1844 inspiratione
3297 1771 3467 1840 infusa
3505 1767 3610 1829 Dei,
3637 1766 3749 1834 spiri-

493 1881 644 1926 recte
673 1870 987 1925 observavit
1036 1869 1337 1936 Fabricius,
1370 1869 1514 1940 quod
1543 1885 1642 1925 nos
1677 1887 1893 1941 quoque
1931 1886 2098 1940 supra

493 1964 882 2017 annotavimus
913 1962 1018 2032 (l2);
1049 1963 1144 2016 sed
1205 1971 1332 2032 post
1367 1979 1570 2018 annum
1621 1964 1728 2019 580
1756 1963 1924 2019 fuisse
1967 1981 2099 2019 exa-

495 2066 672 2110 ratum
712 2055 899 2125 (quod
945 2054 1228 2110 Fabricius
1269 2071 1376 2110 non
1420 2053 1672 2134 monuit).
1703 2055 1831 2110 illud
1871 2055 2097 2122 indicat,

493 2164 749 2216 nempea
782 2147 1082 2202 l’hilastros
1131 2148 1224 2220 (c),
1277 2149 1422 2204 inter
1478 2149 1766 2204 haereticos
1819 2149 2098 2204 recenserl

488 2241 832 2295 Abstinentes.
865 2240 1309 2296 Priscilliauistas
1337 2241 1549 2296 scilicet
1570 2257 1706 2310 quos
1745 2241 1848 2296 hoc
1875 2241 2099 2297 nomine

421 2375 435 2387 .
491 2349 520 2386 a
548 2333 843 2387 Philastrio
868 2332 1158 2404 perstringi
1200 2333 1551 2403 perspicuum
1583 2341 1668 2388 est
1699 2331 1806 2404 (Δ),
1841 2349 2099 2403 quorum-

489 2440 594 2495 que
635 2424 862 2479 lueresis
904 2427 1048 2480 circa
1085 2441 1286 2479 annum
1336 2425 1442 2481 580
1467 2441 1753 2496 emergere
1784 2427 1948 2496 capit
1998 2425 2097 2498 (ε).

490 2520 660 2589 Hujus
693 2518 844 2572 Libri
879 2519 1174 2574 utilitatem
1230 2528 1394 2589 atque
1445 2536 1622 2582 usum,
1655 2520 1902 2588 quamvis
1958 2519 2097 2572 nihil

490 2613 713 2665 omnino
743 2611 896 2664 aliud
941 2611 1380 2676 commendaret,
1413 2611 1515 2666 hoc
1559 2621 1712 2667 certe
1754 2610 2096 2676 ostenderet,

490 2711 634 2773 quod
687 2708 1024 2776 Augustinus
1071 2707 1191 2776 ipse
1223 2708 1274 2760 in
1317 2723 1417 2760 suo
1449 2708 1511 2760 de
1559 2705 1856 2760 eresibus
1889 2705 2093 2772 libello,

491 2799 642 2864 plura
670 2815 699 2852 a
733 2790 1028 2853 Philastrio
1053 2798 1413 2868 decerpserit,
1459 2799 1577 2869 ejus
1605 2799 1824 2852 nomine
1874 2798 2099 2852 minimo

491 2891 861 2954 dissimulato,
896 2901 953 2944 ut
975 2891 1199 2946 cuilibet
1229 2902 1574 2961 compertqu
1607 2901 1777 2956 esset,
1810 2908 1908 2960 per
1937 2907 2097 2961 quem

489 2981 820 3048 profecerit;
867 2998 930 3046 ea
964 2994 1145 3037 autem
1181 3001 1237 3039 re
1287 2999 1392 3038 non
1444 2985 1581 3038 satis
1611 2985 1680 3039 ab
1719 2985 2011 3052 aliquibus,
2041 2995 2098 3044 ut

484 3076 695 3137 debuit.
757 3092 1046 3146 perpensa,
1095 3079 1239 3131 visus
1295 3089 1379 3131 est
1439 3077 1711 3131 immerito
1760 3076 2097 3145 Augustinus

2205 1866 2325 1919 talis
2349 1865 2541 1920 collata
2563 1867 2629 1919 sit
2659 1867 2850 1938 gratia,
2881 1876 2936 1920 ut
2964 1869 3037 1919 sic
3059 1867 3180 1937 jam
3204 1881 3372 1935 capax
3395 1865 3536 1922 homo
3561 1862 3663 1931 legis
3685 1859 3745 1917 dio

2203 1959 2333 2013 nime
2372 1976 2476 2012 non
2499 1959 2755 2030 impotens
2784 1975 2816 2012 a
2845 1958 3074 2013 Domino
3106 1967 3504 2012 monstraretur.

2277 2051 2362 2106 15.
2419 2051 2526 2106 Sed
2579 2051 2838 2120 quoniam
2894 2051 2999 2104 hoc
3052 2052 3173 2106 loco
3224 2049 3295 2105 de
3336 2048 3561 2104 utilitate
3597 2054 3641 2100 et
3676 2057 3746 2098 usu

2203 2143 2547 2199 Philastriani
2579 2145 2772 2215 Operis
2800 2144 3144 2208 disserimus,
3178 2143 3407 2197 minime
3432 2137 3746 2213 praetereunda

2202 2246 2287 2291 est
2309 2236 2470 2307 hujus
2495 2236 2616 2290 libri
2640 2252 2892 2302 censura,
2912 2248 2966 2292 et
2986 2237 3122 2298 laus,
3145 2253 3315 2304 quam
3341 2235 3654 2290 Bibliotheca:
3669 2243 3745 2284 sua

2207 2331 2604 2386 Ecclesiasticar
2635 2331 2707 2404 (j)
2755 2332 3097 2401 ennsignavit
3137 2331 3448 2386 Ludovicus
3487 2329 3632 2383 Ellies
3671 2327 3746 2379 Du-

2204 2425 2404 2491 pinius.
2439 2424 2686 2479 Censura
2724 2424 2943 2492 Dupinii
2977 2425 3220 2494 primum
3256 2434 3499 2482 versatur
3537 2421 3582 2475 in
3610 2417 3744 2482 eo,de

2201 2536 2309 2590 quo
2329 2519 2681 2574 Philastrium
2707 2528 2953 2573 nostrum
2977 2520 3090 2576 fere
3104 2524 3580 2580 onmesaeeusant,
3599 2524 3746 2579 nempe

2200 2613 2341 2684 quod
2374 2613 2560 2681 plures
2590 2612 2692 2666 sibi
2735 2611 3059 2666 conﬁnxerit
3097 2611 3345 2666 haereses
3398 2626 3508 2680 qua:
3553 2607 3742 2676 nuspiatn

2202 2705 2421 2761 fuerunt
2446 2706 2543 2776 (Ii),
2575 2714 2733 2775 prout
2779 2705 3091 2768 Nazarrcos,
3125 2705 3538 2778 llcliognostos,
3571 2696 3747 2756 Musori-

2202 2808 2305 2865 tas,
2339 2797 2858 2862 Muscaecaronitas,
2910 2787 3304 2868 Troglodytas,
3358 2793 3740 2850 Fortunatisnns,

2199 2904 2382 2966 atque,
2419 2903 2476 2946 ut
2503 2893 2641 2947 alios
2670 2903 3017 2960 prasteream,
3061 2892 3230 2947 etiam
3257 2891 3554 2963 Cybelitas,
3581 2882 3744 2956 Cybelis

2198 2988 2411 3042 scilicet
2439 2987 2712 3042 cultorum
2749 2984 3074 3038 imitatores.
3104 2985 3182 3040 De
3208 2984 3469 3056 Cybelitis
3494 2980 3575 3050 qui
3607 2988 3647 3032 et
3670 2973 3741 3029 Va-

2199 3081 2319 3136 lesii
2373 3080 2702 3150 Epiphanio,
2745 3088 2803 3133 et
2854 3081 3160 3150 Augustino
3221 3082 3324 3148 (l),
3368 3075 3652 3133 Philastrius
3695 3082 3740 3122 ne

485 3168 781 3222 Philastrio
825 3177 1012 3221 nostro
1082 3184 1272 3238 parum
1322 3169 1582 3224 tribuere.
1631 3170 1804 3224 Porro
1854 3186 1976 3240 qua:
2028 3169 2167 3230 abC
2201 3175 2428 3229 verbum
2451 3173 2671 3243 quidem
2714 3171 2843 3227 facit
2883 3173 3084 3236 ullum;
3115 3186 3361 3228 caeteros.
3404 3186 3542 3235 vero,
3569 3176 3739 3236 quorum

486 3265 603 3332 ipso
643 3262 980 3332 Augustinus
1033 3264 1360 3334 desumpsit,
1406 3281 1468 3320 ea
1525 3273 1776 3333 prostant
1820 3266 1872 3319 in
1930 3266 2091 3337 hujus

487 3357 753 3425 opusculo
782 3358 844 3410 de
891 3357 1184 3411 Ha’rest'btts
1217 3375 1242 3408 a
1277 3374 1395 3426 cap.
1431 3358 1502 3413 58
1536 3377 1548 3411 :
1590 3357 1702 3412 illic
1748 3360 1892 3413 enim
1947 3368 2096 3428 post-

485 3465 644 3518 quam
676 3449 910 3504 hrm'eses
962 3451 1029 3502 ab
1060 3449 1365 3520 Epiphanio
1415 3459 1870 3508 continenteratas
1902 3466 2095 3506 recen—

484 3543 614 3605 suit,
644 3542 720 3596 sic
747 3543 824 3594 ait
863 3559 874 3593 :
925 3540 1083 3595 Nunc
1128 3543 1266 3594 addo
1293 3559 1421 3611 quas
1464 3541 1729 3595 Philaster
1760 3542 1952 3613 posuit,
2003 3559 2096 3600 nec

486 3636 661 3699 posuit
692 3634 1036 3704 Epiphanius.
1072 3638 1256 3706 Itaque
1285 3637 1385 3690 nisi
1413 3636 1690 3690 Philastrii
1728 3637 1858 3690 liber
1879 3637 1943 3691 de
1967 3637 2092 3691 Hat-

488 3730 686 3782 resilms
735 3739 996 3792 exstaret,
1033 3729 1191 3798 plane
1233 3729 1451 3785 Seleuci
1497 3739 1552 3785 et
1584 3729 1818 3784 Hermim
1851 3730 2093 3786 hatreses

488 3820 557 3874 de
588 3820 699 3879 Deo
752 3835 1038 3888 corporeo,
1075 3821 1138 3874 de
1187 3821 1370 3876 Mundi
1424 3821 1672 3885 materia,
1716 3821 1784 3876 de
1814 3823 2094 3878 creatione

486 3915 814 3978 animarum,
849 3914 1090 3982 aliasque
1123 3914 1335 3967 similes
1363 3914 1756 3981 ignoraremus,
1801 3931 1935 3984 quas
1969 3917 2094 3971 toti-

487 4007 611 4062 dem
643 4005 812 4059 leritte
834 4006 1015 4060 verbis
1043 4021 1074 4058 a
1101 4005 1393 4060 Philastrio
1417 4008 1756 4076 Augustinus
1781 4008 2089 4077 exscripsit;

488 4108 649 4169 prout
704 4097 1080 4168 ignoraremus
1130 4096 1516 4163 Proclianitas,
1549 4099 1912 4165 Patricianos,
1943 4100 2096 4154 Asci-

486 4201 588 4253 tas,
623 4190 910 4259 Aquarios,
936 4189 1176 4258 aliosque
1202 4189 1536 4258 complures,
1565 4206 1704 4260 quos
1739 4207 1768 4244 τι
1797 4191 2092 4247 Philastrio

483 4297 740 4358 acceptos
793 4288 847 4340 in
900 4301 1184 4344 numerum
1235 4285 1444 4356 redegit
1474 4287 1826 4358 Augustinus.
1881 4292 2091 4347 Anima:

484 4380 948 4434 immortalitatem
980 4379 1222 4448 pluribus
1271 4379 1322 4432 in
1376 4380 1510 4435 locis
1555 4380 1840 4436 conﬁrmat
1883 4382 2093 4441 Philas-

483 4473 653 4534 trius,
703 4487 932 4541 eantque
973 4486 1004 4526 a
1047 4471 1379 4541 Carpoerate
1410 4488 1626 4544 quoque
1666 4473 1738 4545 (ρ’)
1787 4483 1842 4529 et
1888 4475 2087 4532 Vale"-

2202 3267 2384 3336 plures
2415 3281 2524 3320 non
2581 3264 2844 3328 hatrctici,
2879 3265 2974 3319 sed
3027 3265 3336 3320 idololatria
3367 3266 3534 3334 potius
3572 3253 3739 3313 vorandi

2199 3369 2378 3422 erant,
2425 3358 2723 3424 Scriptum
2776 3369 3244 3425 commemorant,
3298 3372 3518 3428 quarum
3560 3349 3739 3418 vestigiis

2199 3449 2432 3505 inhaeret
2479 3449 2821 3505 Philastrins.
2868 3450 3158 3504 Nazaratos
3191 3451 3433 3521 agnoscit
3463 3449 3604 3502 etiam
3650 3439 3739 3508 Epi-

2200 3545 2433 3615 phanius
2450 3553 2503 3597 et
2524 3543 2860 3614 Augustinus
2892 3543 3016 3618 (in):
3043 3544 3407 3615 Troglodytas
3428 3551 3590 3598 autem
3606 3536 3738 3591 Theo-

2197 3637 2428 3704 doritns,
2476 3637 2565 3706 qui
2621 3636 2812 3691 eadem
2887 3638 3266 3706 appellatione
3329 3636 3656 3692 Eunomianos
3698 3635 3736 3680 el

2196 3730 2453 3785 Aetianos
2493 3740 2834 3799 nuncupatos
2875 3730 3085 3796 scribit,
3121 3746 3187 3784 eo
3212 3731 3357 3800 quod
3384 3732 3430 3783 ἐν
3452 3728 3626 3784 οἰκείαις
3651 3723 3736 3774 λαν-

2196 3826 2472 3885 θανούσαις
2495 3825 2875 3889 convenirent,
2906 3825 3050 3893 quod
3077 3823 3290 3893 pridem
3319 3821 3577 3882 annotavit
3597 3811 3737 3869 Fabri-

2196 3916 2312 3970 cius
2342 3915 2441 3989 (η).
2476 3916 2648 3982 Quam
2701 3915 2843 3970 male
2870 3931 3034 3984 porro
3077 3915 3347 3983 Dupiuius
3375 3913 3586 3968 afﬁrmet
3610 3903 3736 3960 nemi-

2198 4023 2318 4061 nem
2362 4016 2560 4076 praeter
2584 4007 2934 4062 Philastrium
2961 4008 3200 4062 locutum
3225 4023 3348 4064 esse
3369 4007 3434 4060 de
3458 4000 3669 4062 induitis,
3686 3993 3735 4050 de

2199 4099 2695 4166 Passalorinchitis,
2735 4101 2804 4155 de
2867 4099 3167 4164 Rbetoriis,
3205 4100 3274 4155 de
3325 4085 3732 4154 Excalceatis,ad-

2197 4195 2504 4251 monuimus
2534 4196 2585 4249 in
2617 4194 2907 4265 Spieilegio
2937 4193 3033 4267 (ο);
3071 4194 3328 4261 idemque
3379 4193 3524 4264 plane
3573 4187 3734 4241 constat

2195 4307 2264 4347 ex
2289 4290 2540 4345 Fabricio
2566 4291 2618 4344 in
2642 4289 2794 4344 Notis
2814 4289 2880 4343 ad
2923 4289 3018 4342 has
3047 4289 3289 4343 haereses
3318 4288 3415 4360 (p).
3453 4276 3733 4347 Prosequitur

2195 4380 2318 4435 dein
2362 4380 2622 4449 Dupinius
2662 4378 3014 4434 Philastrium
3048 4379 3300 4449 culpatis,
3331 4376 3468 4449 quod
3495 4363 3730 4441 aliquanti0

2196 4473 2336 4531 inter
2369 4474 2604 4528 hzereses
2653 4483 2812 4543 ponat
2849 4477 3148 4529 sententias
3175 4485 3292 4528 aut.
3319 4487 3488 4534 veras,
3517 4474 3596 4521 ant
3628 4470 3728 4529 φης

485 4565 598 4618 tino
629 4562 706 4636 (g)
730 4565 965 4634 agnitam
997 4574 1052 4619 et
1082 4573 1346 4619 assertum
1383 4565 1594 4634 prodit;
1625 4568 1757 4637 quin
1789 4569 1953 4636 etiam
1988 4570 2086 4625 Sa-
2114 4563 2168 4622 D
2192 4570 2383 4624 saltem
2416 4569 2466 4622 in
2490 4578 2779 4636 utramque
2817 4577 3025 4637 partem
3073 4567 3339 4635 disputari
3389 4577 3537 4634 posse
3567 4561 3724 4613 certum

488 4657 808 4722 maritanos,
838 4659 1064 4710 animans
1086 4657 1433 4712 immortalem
1463 4658 1649 4714 [nabere
1697 4661 1956 4718 hominem
1979 4679 2082 4718 non

481 4749 750 4803 sentientes
780 4749 859 4822 (lt)
879 4790 894 4813 ,
926 4749 1223 4818 redarguit,
1251 4759 1412 4819 atque
1445 4751 1586 4806 inter
1628 4753 1914 4810 haereticos
1954 4771 2086 4812 con-

481 4849 750 4896 numerat.
799 4842 871 4898 De
910 4839 1190 4895 Trinitatis
1231 4841 1491 4910 mysterio
1537 4844 1822 4912 perSpieue
1867 4847 2002 4904 adeo
2030 4858 2084 4904 et

476 4971 1000 5084 'mawa.

553 5069 630 5148 (ιτ)
673 5069 837 5137 Num.
861 5073 956 5194 ν.
988 5073 1039 5142 in
1068 5073 1159 5142 li."-

555 5140 628 5196 (ε)
667 5137 798 5196 Cap.
824 5143 856 5196 8
901 5183 912 5195 .
1099 5145 1118 5152 ”

555 5140 628 5211 (ε)
667 5140 798 5209 Cap.
824 5140 912 5196 84.
1015 5140 1018 5142 ’

555 5211 634 5295 (si)
654 5212 886 5295 fabric.
909 5213 975 5268 ad
996 5229 1116 5295 cap.
1150 5216 1218 5295 ξι
1247 5219 1532 5295 no_l.___Sunt
1551 5221 1604 5274 in
1625 5218 1834 5276 Galliis.
1857 5221 2026 5295 Enn.

548 5213 634 5350 id)
672 5213 886 5312 Fabric.
909 5213 975 5268 ad
996 5229 1116 5285 cap.
1150 5216 1218 5272 Si
1247 5226 1359 5300 not.
1394 5219 1532 5274 Sunt
1551 5221 1604 5274 in
1625 5218 1834 5276 Galliis.
1871 5221 2026 5278 Eorr.

443 5286 621 5373 ,MOe)
654 5283 873 5339 Fabric.
922 5285 1114 5341 eodem
1164 5289 1267 5344 loc.
1299 5290 1617 5347 Ttllemont.
1667 5303 1800 5350 tom.
1855 5294 1989 5362 Vlll,
2023 5312 2074 5365 p.

487 5353 604 5412 798.

548 5427 620 5506 ιη
660 5423 791 5506 (Ξθρο
817 5428 904 5506 5.5:

577 5429 620 5493 f)
660 5429 791 5495 Cap.
817 5429 904 5482 55.

547 5429 924 5636 ddi?

548 5628 622 5708 (ἑ)
646 5628 810 5708 ﬁlum.
839 5639 931 5708 15,
961 5641 1028 5698 ad
1052 5643 1144 5698 lin.

548 5635 620 5842 (ἐξ
654 5635 810 5692 Num.
839 5639 931 5708 15,
961 5641 1028 5698 ad
1052 5643 1135 5698 lin.

546 5709 588 5770 ll
645 5705 798 5761 Tom.
837 5709 901 5775 ll,
941 5728 1056 5768 sec.
1081 5715 1135 5769 4.

546 5771 597 5842 tk
662 5771 713 5828 Il
741 5779 869 5842 [eiut
901 5786 1134 5842 quantitd

544 5771 620 5848 ας)
662 5771 713 5828 ιι
741 5771 1134 5850 Ῑεὶηίᾳιιαηιὶτό
1158 5787 1431 5848 d‘ltérésies
1457 5792 1540 5866 qui
1596 5791 1736 5854 n'ont
1756 5791 1951 5874 jamais
1977 5791 2076 5854 έιδ.

2191 4671 2276 4717 est
2299 4659 2396 4732 (q),
2423 4669 2478 4713 ut
2507 4668 2632 4727 puta
2657 4658 2998 4714 .Millenarios
3023 4658 3118 4731 (r),
3146 4660 3378 4714 futuram
3399 4655 3726 4710 elementorum

2193 4771 2291 4825 per,
2313 4756 2491 4824 ignem
2519 4752 3040 4809 consummationem
3071 4761 3330 4822 negantes
3347 4750 3435 4822 (s),
3459 4745 3591 4802 Pauli
3612 4736 3730 4808 Epis-

2193 4849 2356 4902 tolam
2384 4847 2449 4901 ad
2479 4847 2735 4902 Hebraeos
2763 4845 2923 4900 Luca:
2943 4857 3038 4900 aut
3083 4845 3343 4900 Barnabas
3374 4841 3640 4895 tribuentes
3662 4827 3726 4896 (ι).

2260 5009 2630 5091 (l)_E_piph_au.
2658 5008 2792 5091 liter.
2835 5007 2935 5091 5’8“,
2969 5007 3108 5091 Aug.
3133 5007 3202 5064 de
3230 5006 3368 5091 initer.
3403 5020 3449 5062 c.
3479 5001 3556 5056 57.

2259 5081 2354 5218 sit?
2402 5081 2674 5154 Epiphaq.
2704 5081 2837 5162 hair.
2867 5079 2959 5145 29,
2989 5081 3124 5149 Aug.
3150 5095 3199 5134 c.
3235 5078 3288 5136 9.

2287 5170 2318 5206 η
2386 5152 2594 5207 Not.ad
2624 5149 2883 5205 Philastr.
2920 5168 2970 5218 p.
3009 5147 3093 5205 Η.

2266 5210 2341 5295 lo)
2381 5223 2501 5278 Vid.
2553 5226 2694 5276 inter
2713 5210 3010 5295 _notas'ad
3055 5237 3175 5292 cap.
3204 5220 3272 5275 76
3316 5229 3484 5273 notam
3513 5211 3600 5266 Atii
3636 5210 3723 5256 stml

2186 5293 2643 5363 passalorinchitm.
2709 5293 2863 5347 EDIT.

2258 5365 2341 5438 (ρ)
2377 5366 2549 5438 Capp.
2576 5363 2789 5438 54,76.
2822 5365 2914 5429 8i,
2945 5365 3033 5420 9|.
3191 5435 3200 5438 Α
3327 5432 3337 5438 Δ
3444 5430 3454 5438 ι
3483 5429 3494 5438 ¹
3532 5428 3542 5438 ι
3573 5425 3583 5434 ο

2377 5416 2716 5509 ῥιιὲἶᾳιιξίᾶἱεί
2809 5416 3032 5509 nié:'_'a}t
3061 5435 3274 5509 nemore.
3303 5432 3394 5509 dea
3435 5416 3719 5509 Ιιόιέεξςξ

2151 5543 2156 5549 ·
2182 5493 2479 5590 δξιὶἀῖηθᾞιι
2504 5493 2591 5576 qui
2613 5493 2732 5561 sont
2759 5507 3049 5576 “ritables,
3079 5525 3144 5562 ou
3185 5506 3250 5561 du
3282 5493 3440 5560 moins
3478 5493 3716 5568 pt'el'lét’m'

2184 5589 2364 5648 tiques.

2282 5648 2328 5717 r)
2368 5644 2503 5717 Cap.
2526 5647 2618 5704 59.

2282 5667 2307 5700 r
2368 5648 2503 5717 Cap.
2526 5648 2618 5704 59.

2278 5648 2330 5858 αξ
2364 5717 2497 5788 Cap.
2527 5718 2619 5780 8.0.

2283 5800 2300 5845 t
2360 5790 2494 5858 Cap.
2531 5790 2619 5852 89.

2259 5790 2324 5866 (t)
2360 5790 2494 5870 Cap.
2531 5790 2620 5852 89.
