4024 6192
323 148 351 204 1
365 147 478 206 077

1536 152 1600 211 Ρ.
1638 153 1992 220 GALEABDI
2030 155 2422 232 ramento.

3502 173 3642 236 10⁸18

319 253 643 342 atquealia
695 269 1034 342 hujusmodi;
1071 285 1264 326 verum
1316 272 1563 339 dandum
1609 285 1694 331 est
1737 277 1940 348 aliquid
1975 285 2016 340 Λ
2051 280 2278 348 inferos,
2312 282 2597 352 quomodo
2613 283 2798 356 impiis
2854 285 2950 348 Dei
2977 287 3226 343 hostibus
3255 288 3392 343 nihil
3432 290 3650 359 prolue-

318 365 610 420 Pbilastrii
641 365 876 435 ingenio,
908 364 997 434 qui
1041 367 1300 435 peculiari
1331 368 1570 437 quodam
1606 370 1787 424 studio
1813 386 1940 442 erga

319 457 632 520 Catholica:
651 459 892 512 veritatis
914 472 1156 514 amorem
1184 459 1477 528 ferebatur,
1511 470 1673 532 atque
1698 463 1942 518 ubicum-

320 568 437 623 que
468 553 683 626 aliquod
715 553 918 610 erroris
951 553 1234 623 veStigiutn
1277 554 1380 609 sibi
1429 555 1715 611 videbatur
1743 557 1940 631 depre—

322 647 602 711 hendere,
635 647 688 701 in
745 648 876 702 illud
919 648 1294 704 vehementius
1325 651 1522 722 stylutn
1564 651 1938 720 convertebat;

326 750 394 796 ul.
425 753 633 800 taceam
663 744 1022 812 Millenarios,
1044 762 1140 802 seu
1166 747 1480 813 Chiliastas,
1510 765 1539 804 a
1562 749 1814 805 Patribus
1832 765 1941 807 non

321 838 505 892 semel
563 837 705 892 inter
761 836 1053 894 bieretieos
1100 842 1512 907 connumerari;
1554 842 1809 897 Mundam
1853 843 1938 897 in-

323 930 742 1000 corruptibilem
789 931 1047 998 credere,
1091 934 1315 988 omnino
1365 950 1614 990 errorem
1672 950 1833 1001 esse,
1885 944 1944 990 ut

324 1022 744 1092 Scripturarum
798 1025 1101 1080 testimonia
1149 1042 1178 1081 a
1210 1026 1499 1082 Philastrio
1547 1029 1752 1099 prolata
1785 1031 1942 1084 evin-

324 1127 491 1182 cunt;
523 1118 820 1187 Epistolam
849 1129 1028 1174 autem
1069 1121 1134 1174 ad
1171 1121 1426 1178 llebracos
1466 1139 1652 1178 verum
1693 1139 1837 1189 esse,
1877 1138 1942 1179 ac

324 1211 623 1281 genuinum
666 1212 815 1266 Pauli
844 1213 1034 1280 fetum,
1069 1230 1094 1266 τι
1145 1216 1542 1271 recentioribus
1576 1217 1790 1272 Critieis
1823 1233 1938 1271 uia-

325 1319 438 1374 gno
459 1314 658 1360 conatu
701 1305 996 1378 astrui(a).
1030 1308 1182 1375 Quod
1229 1310 1415 1364 subdit
1466 1310 1748 1380 Dupinius,
1787 1311 1940 1380 plura

326 1406 385 1450 et
423 1398 609 1466 gravia
639 1413 668 1451 a
699 1398 994 1454 Pbilastrio
1037 1402 1089 1455 in
1123 1404 1225 1456 hoc
1255 1403 1394 1457 libro
1421 1416 1601 1459 errata
1648 1406 1940 1460 connuissa

326 1505 454 1544 esse
483 1490 583 1563 (b),
628 1492 873 1561 quamvis
919 1495 1086 1562 probe
1136 1497 1350 1562 norim,
1390 1496 1605 1566 parcius
1644 1497 1761 1552 haec
1807 1498 1938 1552 viris

326 1586 531 1641 talibus
569 1586 912 1655 obiicienda,
972 1590 1048 1644 uti
1082 1592 1294 1659 parcius
1343 1590 1586 1658 profecto
1626 1607 1688 1647 ac
1724 1591 1941 1647 modes-

323 1787 433 1842 qne
474 1788 597 1828 eum
656 1788 842 1828 errare
869 1773 1261 1843 deprehendit;
1296 1791 1397 1846 ego
1431 1786 1610 1831 tamen
1663 1791 1768 1832 non
1799 1794 1939 1847 pra:-

323 1862 497 1919 l‘racte
523 1866 860 1936 negaverim,
896 1883 1004 1921 non
1025 1882 1195 1939 pauca
1229 1867 1523 1923 Philastrio
1551 1870 1842 1936 excidisse,
1881 1871 1934 1928 in

320 1957 520 2027 quibus
561 1957 734 2027 major
778 1957 1056 2028 diligentia
1090 1974 1154 2016 ac
1192 1959 1454 2015 sedulitas
1492 1961 1559 2015 ab
1598 1977 1663 2016 eo
1713 1960 1930 2017 deside—

322 2051 432 2103 rari
465 2052 656 2120 possit,
689 2051 789 2105 nisi
837 2052 1140 2122 religionis,
1169 2069 1234 2106 ar.
1274 2055 1492 2123 pietatis
1541 2055 1804 2118 studium,
1849 2070 1933 2110 so-

323 2143 517 2207 lertiae,
569 2158 825 2214 curaeque
889 2144 1162 2202 defectum
1211 2144 1556 2216 aliquatenus
1619 2155 1928 2201 excusaret.

325 2235 590 2306 Dupinius
621 2238 830 2292 interea
865 2237 1142 2292 Pbilastrii
1166 2252 1391 2304 censor,
1423 2239 1552 2302 dum
1579 2254 1701 2291 eum
1732 2236 1934 2292 acriori

323 2331 466 2402 stylo
494 2330 731 2402 sugiliat,
769 2331 1001 2402 turpiter
1033 2331 1147 2401 ipse
1197 2331 1397 2386 labitur
1442 2331 1790 2385 Pbilastrium
1846 2347 1932 2386 re-

326 2423 690 2492 prehendens,
721 2425 864 2494 quod
896 2424 1271 2494 Samaritauos
1313 2424 1601 2478 deduxerit
1630 2441 1658 2477 a
1688 2423 1931 2480 Samaria

324 2533 440 2587 rege
468 2517 581 2585 ﬁlio
623 2515 870 2570 Chanaan
911 2515 1013 2589 (ε),
1047 2531 1168 2571 cum
1215 2515 1540 2572 Pbilastrius
1592 2532 1698 2570 non
1743 2498 1932 2571 Sama-

323 2611 464 2662 rium
498 2624 682 2681 regem
709 2609 912 2664 dixerit
951 2610 1118 2664 lilium
1150 2610 1431 2676 Chanaan,
1457 2610 1576 2676 sed,
1609 2607 1932 2664 Samaritani

322 2719 353 2756 α
376 2701 620 2758 Samaria
657 2719 777 2775 rege
806 2704 1091 2772 nuncupati
1122 2712 1272 2770 sunt;
1314 2703 1511 2758 deinde
1544 2721 1559 2757 :
1603 2702 1708 2755 Alii
1757 2711 1930 2756 autem

323 2797 471 2850 aiunt
498 2813 530 2850 a
554 2795 668 2865 [ilio
691 2795 958 2862 Chanaan,
983 2797 1072 2866 qui
1101 2796 1374 2852 Samarius
1399 2795 1674 2850 vocabatur
1696 2793 1799 2867 (ά),
1831 2795 1930 2849 Sa-

325 2888 622 2944 matitanos
651 2903 770 2943 esse
811 2890 1140 2958 appellatos,
1170 2889 1249 2943 uti
1290 2889 1598 2943 notavimus
1653 2888 1812 2942 etiam
1874 2887 1928 2942 in

324 2981 636 3053 Spicilwio.
669 2982 898 3037 Fallitur
929 2999 1152 3053 quoque
1183 2983 1446 3052 Dupinius
1470 2983 1764 3036 Pbilastrio
1792 2996 1928 3052 2suc-

2049 371 2116 427 rit
2154 372 2224 444 (j)
2247 391 2262 439 ;
2286 374 2497 444 aliaque
2523 392 2628 429 non
2661 393 2828 446 pauca
2851 420 2866 443 ,
2899 395 3020 447 qua:
3061 380 3408 442 l‘bilastrbmi
3452 383 3646 451 Operis

2049 474 2384 520 momentum
2406 511 2420 533 ,
2479 485 2743 540 usumque
2771 475 2904 526 satis
2932 474 3145 530 abunde
3192 475 3507 548 emendum.
3539 475 3646 548 Py-

2050 557 2432 628 thagoreorum
2475 571 2528 618 cl
2582 563 2982 619 l"latonicotutn
3036 567 3322 636 dogmata,
3373 567 3650 626 hmreticis

2045 655 2418 724 compluribus
2449 673 2696 712 errorum
2721 659 2898 714 fontes
2924 662 3228 730 aperuisse,
3260 677 3421 718 nemo
3451 663 3649 720 melius

2045 745 2339 802 Pbilastrio
2393 749 2686 816 indicavit;
2742 752 2886 821 apud
2929 769 3088 822 quem
3120 753 3446 809 Valentinus
3498 755 3652 812 audit

2049 837 2434 911 Pythagoricus
2467 845 2632 914 magis
2678 861 2832 910 quam
2879 845 3209 902 Christianus
3242 848 3314 920 (Ις)
3346 890 3359 910 ,
3389 847 3642 904 Passalo-

2045 933 2294 989 rinchita:
2325 951 2456 990 vero
2479 978 2494 1003 ,
2526 936 2940 1008 Pythagoricum
2969 941 3244 993 vanitatem
3289 942 3456 1009 potius
3487 957 3640 1010 quam

2048 1025 2427 1097 Prophetarum
2457 1028 2709 1082 cmlestem
2755 1030 2936 1096 vitam,
2984 1040 3030 1083 et
3053 1031 3359 1101 sapientiam
3389 1031 3638 1100 sequidi-

2043 1129 2243 1172 cuntur
2262 1119 2346 1192 (ί).
2371 1119 2608 1188 Seleuci,
2623 1120 2954 1189 etHermiae,
2969 1124 3057 1178 ubi
3071 1123 3135 1177 de
3151 1122 3345 1177 horum
3363 1123 3643 1178 erroribus

2045 1212 2310 1280 loquitur,
2363 1212 2679 1268 Paradisum
2712 1216 2961 1270 visibilem
3011 1232 3080 1270 ex
3113 1216 3338 1271 Platone
3388 1217 3639 1271 haustum

2043 1319 2300 1373 expresse
2322 1316 2473 1362 notat
2499 1308 2817 1364 Pbilastrius
2841 1311 2967 1382 (ut);
2997 1325 3060 1365 ac
3083 1311 3236 1380 plura
3252 1310 3468 1364 demum
3499 1311 3642 1380 apud

2045 1394 2220 1466 ipsum
2252 1399 2336 1455 hic
2362 1401 2474 1456 illic
2504 1413 2816 1468 occurrunt,
2872 1403 3070 1473 quibus
3098 1404 3426 1459 secretiores
3456 1404 3644 1459 Eccle-

2042 1494 2276 1547 siastica:
2341 1494 2681 1564 antiquitatis
2730 1511 2984 1551 recessus
3029 1496 3288 1551 Studiosis
3340 1496 3640 1567 pateﬁunt;

2043 1595 2102 1640 ut
2157 1586 2386 1656 proinde
2434 1601 2542 1640 non
2585 1587 2864 1642 immerito
2916 1588 2988 1643 cl.
3048 1588 3366 1654 Fabricius,
3413 1590 3642 1646 minime

229 1686 242 1693 '
326 1683 433 1734 tius
466 1679 700 1749 idipsuut
755 1681 1047 1737 Pbilastrio
1095 1683 1298 1749 obiecit
1335 1683 1640 1750 Fabricius,
1694 1685 1934 1740 ubicum—
1969 1687 2106 1746 Bse
2165 1681 2473 1748 paenitere,
2531 1680 2686 1735 horas
2757 1681 3009 1750 quasdam
3072 1681 3428 1747 recensendo,
3488 1691 3640 1752 atque

2041 1772 2353 1829 illustrando
2426 1770 2702 1826 Philastrii
2762 1772 2936 1826 libello
2996 1773 3350 1844 impendisse,
3398 1775 3643 1845 variaque

2039 1865 2221 1918 exitio
2263 1864 2535 1931 didicisse,
2590 1868 2824 1936 ingenue
2872 1866 3201 1936 proﬁteatur
3251 1866 3359 1937 (ιι).
3421 1866 3638 1922 Vanita-

2041 1966 2146 2010 tem
2224 1967 2278 2011 et
2360 1958 2576 2014 inanem
2637 1957 3095 2028 Philosophorum
3161 1960 3495 2016 sententiam
3568 1961 3638 2015 de

2038 2049 2420 2121 P)tltagoriea,
2478 2067 2573 2107 seu
2611 2051 2892 2107 Platonica
2943 2054 3425 2124 metempsyehosi,
3470 2056 3638 2125 probe

2037 2143 2232 2198 irridet
2261 2143 2585 2209 Pbilastrius
2629 2145 2740 2218 (0);
2786 2155 2945 2216 prout
2975 2147 3138 2200 etiam
3181 2162 3368 2202 eorum
3414 2147 3643 2223 δίδαγμα.

2036 2235 2363 2291 deJlundis
2413 2236 2636 2312 inﬁnitis
2686 2235 2807 2307 (p);
2834 2237 2978 2306 quod
3022 2248 3357 2307 postremum
3393 2251 3637 2312 notatum

2036 2337 2120 2384 est
2147 2327 2313 2381 etiam
2347 2327 2577 2397 aninio
2601 2345 2612 2391 ;
2640 2344 2707 2396 ex
2733 2329 2930 2398 quibus
2957 2329 3234 2385 Pbilastrii
3266 2331 3424 2398 locis,
3452 2333 3638 2402 hujus-

2035 2421 2178 2476 tnodi
2213 2437 2430 2478 errores
2459 2422 2755 2476 etiamnum
2786 2424 3150 2493 quorumdam
3183 2427 3456 2482 mentibus
3506 2428 3637 2482 insi-

2035 2516 2246 2581 dentes,
2302 2516 2682 2572 Pbilastrianis
2710 2517 2839 2572 telis
2885 2517 3044 2574 facile
3085 2519 3364 2576 coniicias.
3393 2499 3638 2592 Scriptu-

2034 2625 2216 2668 rarum
2247 2609 2484 2664 Canonis
2538 2612 2800 2666 αὺτενθίαν
2839 2610 3042 2674 diserte
3088 2614 3350 2683 exprimit
3397 2630 3516 2684 cap.
3543 2615 3638 2680 88.

2033 2718 2143 2772 quo
2200 2701 2253 2755 iu
2306 2701 2428 2756 loco
2474 2704 2723 2773 apposite
2769 2702 3086 2758 observavit
3119 2704 3403 2770 Fabricius
3441 2707 3546 2783 (a),
3584 2706 3636 2761 in

2033 2811 2220 2852 earum
2251 2796 2572 2852 recensione
2599 2798 2779 2852 omitti
2811 2815 2840 2854 a
2877 2799 3174 2856 Pbilastrio
3225 2799 3626 2872 Apocalypsin,

2032 2898 2090 2944 et
2119 2890 2416 2960 Epistolam
2439 2890 2508 2946 ad
2530 2890 2811 2957 Hebraeos,
2832 2909 2958 2962 qua:
2976 2903 3154 2948 tamen
3181 2903 3408 2964 utraque
3428 2896 3638 2963 scripta

2031 2983 2282 3052 amplecti
2334 2999 2393 3040 se
2441 2984 2583 3040 idem
2613 2985 2938 3042 Pbilastrius
2964 2986 3090 3043 alibi
3141 2995 3390 3041 testatur.
3424 2987 3630 3058 Eodem

323 3090 578 3140 censeas,
614 3075 760 3145 quod
804 3091 899 3130 eos
940 3076 1186 3142 damnet,
1229 3075 1323 3144 qui
1365 3075 1734 3130 Ecclesiastiei
1785 3074 1924 3130 libro
1950 3091 1996 3154 ρ
2031 3092 2149 3148 cap.
2183 3077 2252 3134 88
2281 3087 2427 3135 recte
2455 3078 2564 3145 ait,
2591 3078 3004 3136 Valentinianos
3035 3081 3352 3152 Apocrgpha
3393 3078 3634 3152 Prop/te—

325 3176 593 3237 tamquam
621 3170 886 3224 canonico
910 3170 1198 3224 utebantur
1230 3171 1320 3241 (e),
1355 3185 1460 3224 non
1503 3169 1650 3224 enim
1699 3169 1925 3226 damnat

325 3259 646 3318 Pbilastrius
671 3278 766 3318 eos
793 3263 882 3333 qui
922 3263 1025 3318 hoc
1068 3264 1206 3340 libro
1236 3274 1291 3318 ut
1315 3263 1581 3318 canonico
1609 3264 1920 3329 utebantur,

321 3353 414 3408 sed
448 3355 536 3424 qui
565 3355 854 3409 utebantur
880 3365 1150 3426 tamquam
1175 3356 1313 3411 libro
1359 3356 1686 3419 Salomonis,
1723 3362 1780 3409 ut
1825 3369 1922 3408 ex-

323 3449 490 3518 plicat
528 3459 675 3504 recte
727 3450 1012 3506 Fabricius
1058 3450 1110 3505 in
1143 3452 1256 3506 suis
1305 3451 1370 3504 ad
1422 3450 1769 3505 Pbilastriutu
1814 3448 1923 3504 No-

323 3547 392 3602 tis
424 3547 514 3618 (ο.

393 3642 479 3698 16.
509 3641 676 3698 Porro
700 3643 946 3712 quamvis
979 3659 1086 3696 non
1109 3641 1402 3697 admodum
1436 3639 1666 3710 benigne
1697 3638 1764 3694 de
1793 3639 1921 3696 Pbi—

322 3735 509 3791 Iastrio
549 3737 790 3791 sensisse
831 3736 1078 3790 videatur
1109 3736 1389 3805 Dupinius,
1424 3735 1689 3789 nonnulla
1716 3733 1915 3787 nihilo-

321 3832 498 3885 minus
527 3833 786 3900 peculiari
832 3831 1216 3886 ohservatiune
1244 3832 1404 3903 digna
1435 3830 1575 3900 apud
1609 3846 1730 3884 eum
1768 3831 1917 3886 iuve-

321 3923 419 3976 niri
476 3923 868 3980 animadvertit
908 3925 1010 3996 (g),
1067 3941 1298 3992 quorum
1354 3941 1456 3979 nos
1496 3942 1712 3994 quoque
1747 3940 1912 3994 pauca

319 4018 560 4087 qua-dam
584 4019 743 4088 paulo
766 4035 951 4089 supra,
974 4021 1040 4073 ad
1067 4021 1352 4076 utilitatem
1374 4020 1523 4074 Libri
1546 4020 1911 4087 indicandam,

321 4123 416 4178 pro
443 4111 742 4178 Specimine
770 4113 1130 4167 delibavimus
1163 4113 1266 4182 (Ιι).
1293 4113 1613 4182 llujusmodi
1637 4125 1763 4167 sunt
1790 4113 1910 4166 ani-

319 4220 415 4257 mae
450 4206 832 4260 immortalitas
875 4224 904 4260 a
939 4207 1254 4272 Pbilastriu,
1287 4215 1344 4260 ιιι
1370 4207 1626 4269 diximus,
1665 4208 1912 4277 pluribus

319 4299 367 4352 in
414 4299 548 4354 locis
576 4309 818 4364 asserta;
868 4301 1152 4355 Trinitatis
1196 4303 1522 4372 mysterium
1571 4301 1806 4354 dilucide
1850 4315 1912 4354 ac

317 4393 601 4465 perspicue
637 4395 1002 4470 explicatum;
1053 4396 1333 4465 generatio
1374 4393 1532 4449 Verbi
1577 4393 1909 4464 sempiterna

2025 3185 2213 3239 tarum,
2247 3185 2294 3226 et
2331 3173 2719 3244 Apostolorum,
2747 3175 2802 3230 id
2830 3185 2904 3229 est
2929 3177 3084 3228 Actus
3107 3217 3120 3239 ,
3150 3185 3418 3246 separatos
3442 3174 3626 3228 haben-

2026 3279 2118 3336 tes,
2148 3267 2441 3323 Canonicas
2475 3269 2783 3338 Scripturas
2816 3279 3176 3334 contemnere;
3209 3268 3358 3337 quod
3381 3277 3531 3323 certe
3561 3267 3630 3324 de

2027 3361 2301 3416 Valentini
2336 3360 2616 3429 discipulis
2649 3360 3085 3431 intelligendum,
3119 3373 3226 3414 non
3251 3358 3324 3414 de
3350 3359 3466 3430 ipso
3518 3358 3621 3411 Va-

2026 3453 2252 3518 lentino,
2280 3467 2442 3520 quem
2465 3451 2595 3506 nihil
2626 3451 2836 3510 Canoni
2859 3451 3158 3518 addidisse,
3183 3453 3270 3508 vel
3296 3452 3622 3515 detraxisse,

1929 3549 1940 3559 '
2023 3544 2118 3599 sed
2147 3553 2353 3598 tantum
2384 3544 2565 3614 pravis
2592 3545 3022 3614 expositionibus
3051 3545 3363 3614 Seripturas
3401 3543 3470 3598 ad
3495 3559 3623 3599 sen-

2022 3653 2139 3692 Sum
2172 3654 2329 3691 suum
2359 3639 2804 3694 accutnmodasse
2826 3683 2838 3704 ,
2887 3654 2952 3694 ex
2987 3638 3325 3693 Tertulliano
3374 3638 3630 3710 probavit

2022 3731 2328 3785 Massuetus
2367 3731 2460 3802 (r).
2496 3730 2706 3788 Laudat
2753 3741 3022 3801 praeterea.
3077 3730 3346 3802 Dupinius
3391 3730 3621 3802 prmcla-

2020 3841 2140 3878 rum
2183 3823 2465 3880 Philastrii
2505 3825 2727 3897 eil‘atum
2759 3826 2864 3898 (δ),
2897 3841 3003 3896 quo
3044 3825 3234 3893 docet,
3279 3826 3479 3882 debere
3521 3840 3620 3882 nos

2019 3921 2246 3990 primum
2300 3930 2478 3974 nostra
2527 3938 2734 3975 currere
2779 3922 3080 3986 voluntate,
3133 3921 3324 3976 deinde
3372 3939 3473 3976 non
3505 3939 3619 3980 cum

2018 4013 2418 4081 pratsumptione
2475 4024 2520 4067 et
2571 4014 2866 4084 iactantia,
2917 4016 3066 4085 quasi
3125 4024 3302 4070 nostra
3346 4015 3532 4068 virtute
3574 4025 3622 4068 et

2008 4109 2218 4179 justitia
2246 4108 2529 4177 condigna,
2564 4126 2665 4162 non
2713 4108 2906 4163 Christi
2963 4125 3254 4163 mereamur
3283 4109 3474 4163 salvari
3513 4108 3619 4162 cle-

2017 4202 2248 4265 mentia;
2301 4211 2462 4270 prout
2492 4203 2655 4256 etiam
2691 4201 2823 4255 illud
2852 4202 2993 4270 quod
3024 4201 3240 4269 subjicil
3265 4243 3281 4268 ,
3317 4200 3616 4270 reprehen-

2015 4299 2150 4352 dens
2178 4301 2220 4352 si
2249 4300 2361 4368 quis
2385 4299 2610 4351 dixerit:
2637 4297 2858 4351 Possum
2888 4314 2994 4350 esse
3026 4308 3244 4365 martyr,
3270 4311 3484 4364 possunt
3507 4311 3615 4348 esse

2015 4392 2303 4458 apostolus,
2326 4403 2376 4443 et
2405 4407 2508 4443 non
2536 4390 2706 4454 dicit:
2736 4388 2795 4444 Si
2834 4385 3071 4444 Christus
3101 4388 3320 4441 voluerit
3340 4429 3356 4456 ,
3384 4386 3526 4460 quod
3553 4386 3614 4437 ab

317 4488 459 4540 clare
487 4499 541 4540 et
570 4488 854 4542 enucleate
907 4489 1099 4541 tradita
1137 4487 1201 4559 (ἱ)
1223 4504 1236 4553 ;
1262 4487 1462 4542 ChriSIi
1513 4487 1810 4542 descensus
1839 4486 1909 4542 ad
2013 4499 2072 4538 eo
2102 4484 2474 4537 incrementum
2503 4480 2555 4534 id
2583 4483 2809 4534 muneris
2841 4489 2892 4534 et
2912 4481 3095 4549 gratia:
3135 4479 3424 4549 confertur.
3456 4477 3619 4545 (:0th

385 4622 461 4691 (a)
508 4621 716 4675 Videsis
755 4619 924 4675 Notas
956 4619 1190 4674 Fabricii
1219 4620 1286 4672 ad
1315 4634 1432 4686 cap.
1461 4619 1550 4675 89.

383 4695 461 4765 (b)
503 4691 552 4747 ll
581 4693 676 4763 {ait
705 4694 962 4758 plusieurs
1007 4693 1178 4761 {antes
1204 4692 1480 4762 grossiéres
1514 4692 1642 4744 dans
1685 4706 1740 4743 ce
1784 4691 1910 4761 petit

320 4767 488 4820 traité.

383 4835 455 4909 (ε)
498 4834 550 4888 ll
579 4836 652 4890 dit
691 4851 786 4906 que
808 4835 878 4888 les
903 4833 1256 4909 _Sa-t_naritains
1288 4835 1521 4909 victinent
1550 4831 1670 4909 d‘un
1708 4832 1788 4885 roi
1817 4848 1911 4902 ap-

320 4903 738 4976 prl‘é'Samarius,
766 4910 849 4976 ﬁls
878 4906 942 4961 de
967 4905 1214 4970 Chanan;
1240 4905 1406 4976 quelle
1433 4903 1623 4976 (tenue!

383 4975 466 5050 (ge)
508 4973 775 5033 Philastr.
795 4995 916 5047 cap.
949 4980 1016 5033 7:
1050 4975 1370 5032 Samaritani
1391 4994 1427 5050 (ι
1442 4973 1806 5050 ξιιιζιιιιήονεθε
1833 4975 1906 5050 ita

319 5043 594 5122 nvnc'upttti
631 5061 769 5105 sunt.
811 5043 910 5104 Alii
945 5062 1115 5122 autem
1147 5051 1292 5102 aiunt
1331 5065 1360 5098 a
1392 5046 1502 5122 ﬁlio
1529 5043 1776 5122 Chanaan
1817 5045 1904 5116 qui

317 5117 418 5176 hoc
432 5117 636 5177 nomine
667 5123 940 5177 Samurius
956 5120 1251 5183 vocabatur,
1274 5137 1304 5171 α
1324 5135 1425 5186 quo
1442 5117 1762 5186 Samaritani
1785 5127 1904 5170 sunt

317 5175 584 5262 appellati;
611 5175 782 5263 quare
806 5191 1040 5260 aninio
1063 5175 1254 5260 reponi
1283 5175 1696 5263 potesfthltelle
1718 5187 1908 5242 bévue!

363 5207 584 5262 apellatt;
611 5209 778 5263 quare
806 5207 1040 5260 UllpllHO
1063 5208 1254 5260 repont
1283 5207 1460 5260 poresr
1485 5208 1496 5242 :
1530 5207 1696 5314 (Eteue
1718 5207 1903 5242 vevue:

363 5263 452 5336 ¹(ιε)
492 5267 546 5319 ιι
572 5266 858 5318 condamne
901 5280 1027 5316 cena:
1051 5264 1140 5332 qui
1167 5263 1448 5318 adntettent
1495 5261 1526 5314 ι’
1582 5262 1905 5330 cclésiatique

316 5353 504 5392 concute
534 5354 602 5390 un
623 5337 751 5389 (iure
781 5337 1082 5402 canonique.

371 5403 462 5480 τί)
503 5407 624 5464 Vid.
655 5406 720 5461 ad
771 5421 889 5476 cap.
920 5405 990 5461 56
1021 5415 1132 5460 not.
1162 5403 1370 5460 Librum
1404 5422 1559 5460 unum
1593 5404 1900 5476 Sapientia.

317 5477 460 5534 Eutr.
1069 5503 1091 5520 ο

440 5549 464 5620 )
503 5548 553 5620 It
577 5565 607 5618 y
631 5548 974 5620 aneanmoius
994 5548 1236 5619 quelques
1249 5548 1475 5603 endroits
1505 5547 1903 5616 remarquables.

421 5617 464 5690 ᾤ’)
502 5617 660 5690 Num.
693 5617 784 5676 14.

369 5689 459 5770 7(i)
499 5689 628 5766 Cap.
671 5690 794 5762 127,

2084 4619 2152 4690 (1)
2185 4617 2318 4690 ϐίη).
2345 4613 2470 4690 125.
2505 4613 2782 4668 Videndus
2806 4615 2934 4670 item
2956 4614 3378 4690 Fabriciuscod.
3410 4617 3610 4686 Apocr.

2013 4689 2077 4743 N.
2103 4687 2173 4744 Τ.
2208 4703 2260 4755 p.
2299 4687 2458 4740 1005.
3017 4687 3022 4692 ‘

2086 4760 2139 4831 (k
2201 4759 2332 4831 gap.
2371 4759 2464 4831 ξε.

2089 4828 2154 4902 (ί)
2193 4828 2326 4900 Cap.

2090 4901 2185 4975 (in)
2227 4903 2356 4975 Cap.
2401 4901 2489 4955 55.
2533 4904 2866 4973 Augustinus
2899 4917 3061 4972 porro
3101 4904 3168 4959 de
3199 4905 3326 4958 hmr.
3366 4918 3486 4972 cap.
3519 4901 3611 4967 59,

2016 4973 2206 5030 contra
2262 4973 2312 5027 id
2364 4975 2506 5041 quod
2564 4975 2640 5026 ait
2673 4976 3018 5039 Pbilastrius,
3051 4975 3119 5030 de
3171 4975 3611 5033 Seleucianislo-

2013 5063 2186 5113 quens
2213 5065 2225 5099 :
2255 5048 2458 5116 Negant
2481 5046 2632 5097 etiam
2657 5047 2909 5099 visibilem
2928 5048 3263 5113 paradisum;
3290 5047 3608 5108 Pbilastrius

2013 5134 2141 5172 vero
2170 5135 2180 5170 :
2207 5116 2524 5189 Paradisum
2556 5118 2803 5170 visibilem
2833 5117 3117 5189 afﬁrmant.

2088 5191 2163 5259 (ιι)
2208 5190 2364 5242 Praei.
2395 5189 2460 5259 ad
2492 5187 2744 5241 Pltilaslr.

2087 5257 2162 5329 (ο)
2201 5261 2336 5326 Cap.
2379 5258 2502 5311 1‘24.

2087 5332 2177 5400 (ρ)⁴
2211 5331 2342 5397 Cap.
2389 5330 2510 5384 115.

2015 5475 2053 5528 Ε
2088 5402 2162 5472 ((1)
2207 5400 2326 5454 Vid-
2358 5401 2424 5455 ad
2449 5416 2568 5470 cap.
2593 5404 2664 5461 38
2692 5414 2804 5460 not.
2834 5407 3102 5477 statutum
3139 5417 3218 5462 est
3237 5407 3298 5461 ab
3328 5422 3445 5478 apo:
3461 5407 3602 5462 totis.

2059 5489 2170 5528 Dl'l‘.

2059 5489 2170 5529 Dl'l‘.

2109 5548 2157 5614 r)
2196 5545 2421 5600 Dissert.
2455 5547 2508 5614 1,
2536 5548 2586 5601 in
2613 5545 2782 5612 1ren.,
2817 5566 2871 5603 tt.
2905 5549 2957 5605 9.

2113 5620 2156 5687 ε)
2197 5617 2328 5688 Cap.
2363 5616 2484 5675 128.
