4024 6192
312 229 446 286 1031

1496 230 1552 285 l‘.
1596 220 1948 287 GALEARDI
1988 229 2380 287 PREFATIO.

3474 232 3612 289 1082

307 367 524 423 genses,
572 354 687 424 qui,
731 353 858 409 licet
904 352 1168 409 novitatis
1205 355 1406 422 studio,
1456 353 1751 411 Catholieis
1782 371 1907 426 par-
1934 359 1987 418 Α
2014 356 2295 412 ereseon
2323 354 2601 427 Catalogo,
2636 370 2822 428 magno
2850 354 3020 409 studio
3047 361 3208 408 certat
3238 363 3418 408 contra
3450 354 3616 407 omnis

305 446 450 501 tibus
474 447 765 516 plurimum
798 447 1019 512 infensi,
1045 448 1396 505 Philastrium
1422 458 1599 507 tamen
1621 449 1914 506 Catholica:

304 540 548 595 veritatis
571 541 689 594 zelo
719 556 879 611 quam
912 541 1150 596 maxime
1188 541 1507 613 flagrantem
1530 586 1544 609 ,
1582 559 1687 598 non
1720 557 1829 597 uno
1860 544 1913 598 in

305 630 427 685 loco
458 631 673 685 eximiis
719 630 971 687 laudibus
1018 632 1273 688 eﬂerunt.
1326 634 1497 704 Igitur
1551 635 1603 689 hi
1638 636 1788 690 Cent.
1826 634 1861 688 4
1894 674 1910 701 ,

303 740 428 795 cap.
463 725 496 778 5
536 724 639 795 (a),
670 724 765 779 ubi
796 725 864 778 de
910 725 1105 782 hrcresi
1156 726 1484 782 Arianorum
1536 729 1747 799 agitur,
1800 729 1914 782 haec

306 817 510 872 habent
561 836 572 871 :
626 814 1070 873 Contradixerunt
1123 818 1247 874 huic
1294 820 1482 875 hieresi
1538 830 1585 875 rt
1609 822 1701 875 alii
1759 821 1917 893 hujus

302 911 471 964 (etatis
526 918 829 978 praestantes
881 912 979 964 viri
1003 951 1019 977 ,
1070 920 1122 965 ut
1152 912 1452 965 Ambrosius
1486 953 1499 975 ,
1535 910 1865 984 Epiphanius
1894 950 1910 977 ,

306 1001 650 1067 ansrsn,
684 1000 887 1056 Marius
939 1000 1257 1069 Victorinus,
1302 1012 1349 1057 et
1374 1003 1589 1057 similes.
1636 1002 1909 1073 Integrum

302 1094 502 1150 deinde
524 1094 799 1150 Philastrii
842 1095 1018 1150 locum
1062 1105 1256 1151 contra
1284 1096 1473 1151 Arium
1504 1097 1788 1166 proferunt
1811 1093 1911 1167 (b):

308 1187 481 1242 Homo
528 1197 575 1242 et
617 1189 834 1260 angelus
881 1190 1009 1259 facti
1047 1198 1261 1244 suntex
1290 1190 1454 1243 nihilo
1485 1205 1505 1243 :
1536 1188 1710 1243 Filius
1740 1198 1913 1243 autem

303 1298 423 1335 eum
450 1283 514 1334 sit
542 1297 720 1345 verus,
747 1292 948 1352 Oportet
977 1282 1042 1337 de
1090 1283 1270 1336 divina
1298 1284 1392 1337 illa
1422 1283 1711 1338 substantia
1741 1283 1913 1338 Patris

304 1373 502 1444 genitus
526 1383 897 1442 cognoscatur;
927 1389 1052 1429 cum
1099 1375 1327 1445 reliquis
1376 1390 1496 1444 qua!
1525 1376 1666 1446 apud
1694 1376 1908 1430 Philas-

308 1466 473 1519 triutn
523 1465 792 1521 habentur
817 1482 937 1538 cap.
972 1467 1062 1534 66,
1095 1477 1285 1538 postea
1332 1468 1400 1523 de
1440 1470 1794 1525 Semiarianis
1826 1469 1909 1524 lo-

304 1566 536 1628 quentes
572 1557 679 1630 (c),
723 1560 881 1612 unius
925 1569 1123 1613 tantum
1172 1559 1447 1615 Philastrii
1488 1563 1678 1627 verba,
1719 1571 1908 1617 contra

305 1650 549 1719 ipsorum
585 1650 927 1723 hypothesim
961 1651 1028 1705 de
1051 1651 1257 1723 Spiritu
1290 1662 1480 1708 sancto
1515 1652 1775 1724 adjiciunt
1803 1652 1910 1723 (d),

2017 449 2220 519 generis
2248 449 2516 514 vanitates,
2550 449 2958 521 superstitiones,
2990 457 3039 502 et
3069 463 3266 503 errores
3292 446 3573 502 Gentilium
3599 487 3613 512 ,

2015 540 2341 607 Judteorum,
2373 551 2423 595 et
2452 540 2887 596 Christianorum.
2948 539 3087 594 Nunt
3130 549 3333 594 centum
3360 541 3616 611 quinqua-

2016 634 2158 705 ginta
2189 650 2279 688 sea:
2305 634 2521 687 hereses
2543 650 2874 693 enumerans,
2902 644 3005 686 tam
3036 650 3121 687 eas
3145 648 3261 704 qua:
3280 642 3399 687 ante
3423 630 3618 686 Christi

2017 728 2314 795 adventum,
2347 744 2501 797 quam
2529 743 2644 797 qua:
2672 738 2809 798 post,
2843 736 2889 781 et
2932 727 2985 779 in
3010 728 3203 796 populo
3233 723 3366 791 Dei,
3414 733 3461 779 et
3488 726 3621 778 inter

2020 819 2205 874 Gentes
2232 822 2489 887 exstitere,
2543 821 2815 892 plerasque
2864 819 3164 873 earumdem
3213 819 3619 888 refutat:prte-

2016 914 2297 967 sertimeas
2323 928 2439 983 qua:
2470 922 2583 983 post
2628 912 2891 968 Christum
2929 912 3278 983 glori/iculum
3326 911 3378 964 in
3423 910 3617 980 popqu

2016 1002 2311 1059 Christiano
2328 1013 2519 1059 σκοτίω
2537 1013 2693 1071 sunt;
2724 1004 2941 1060 breviter
2958 1004 3185 1073 quidem,
3218 1004 3307 1057 sed
3337 1010 3507 1056 tamen
3537 1002 3620 1055 di-

2016 1096 2185 1149 lucide
2207 1107 2255 1151 et
2282 1098 2550 1167 perspicue
2573 1097 2720 1149 satis.

2089 1190 2174 1243 19.
2213 1189 2337 1244 Hzec
2384 1188 2929 1258 Magdeburgensium
2980 1186 3155 1257 elogia
3209 1185 3341 1241 satis
3396 1184 3615 1239 diluunt

2018 1294 2407 1353 prmposterum
2438 1283 2507 1338 de
2542 1283 2831 1337 Philastrio
2877 1280 3166 1350 judicium,
3218 1279 3360 1350 quod
3415 1277 3620 1349 profert

2014 1376 2254 1431 Joannes
2282 1376 2516 1431 Dallceus
2539 1375 2635 1430 lih.
2663 1392 2701 1429 η
2732 1375 2800 1429 de
2828 1373 2939 1429 Usu
2964 1374 3186 1428 Patrum
3211 1388 3333 1444 cap.
3365 1372 3389 1425 1
3424 1370 3497 1443 (lt)
3533 1370 3617 1425 his

2015 1470 2198 1525 verbis
2225 1488 2237 1523 :
2264 1469 2584 1537 Philastrius
2612 1468 2900 1524 Brixiensis
2922 1469 3215 1537 episcopus,
3244 1482 3359 1537 qua:
3380 1468 3490 1535 ipse
3516 1482 3619 1520 non

2016 1562 2283 1634 probabat,
2344 1564 2484 1616 eain
2532 1562 2793 1616 hwreseon
2844 1576 3073 1627 censum,
3122 1560 3280 1614 veluti
3325 1577 3355 1611 a
3409 1558 3616 1629 publica

2014 1654 2425 1728 Christianorum
2454 1655 2682 1708 omniunt
2705 1653 2810 1723 ﬁde
2833 1653 3027 1716 aliena,
3056 1652 3233 1706 retulit
3263 1651 3393 1705 adeo
3437 1650 3619 1719 fallaci

303 1740 541 1797 Christus
584 1741 842 1797 Dominus
887 1742 1146 1813 Spiritum
1176 1743 1365 1811 Patri,
1400 1756 1445 1798 ct
1494 1746 1611 1811 sibi,
1669 1747 1721 1798 in
1776 1744 1909 1799 Fide
1938 1752 1984 1811 Β
2011 1757 2059 1801 et
2090 1747 2227 1818 futili
2251 1747 2507 1800 interdum
2527 1746 2756 1818 judicio,
2786 1753 2844 1798 ut
2884 1759 2999 1813 qua:
3038 1745 3126 1798 ille
3146 1742 3395 1815 jugulat,
3430 1740 3617 1795 Eccle-

304 1833 561 1905 Baptismi
584 1835 763 1889 salutis
794 1846 1001 1890 a'ternce
1047 1838 1350 1909 conjunxit;
1392 1838 1534 1908 quod
1564 1838 1781 1909 quidem
1816 1853 1911 1907 per

303 1942 363 1982 se
390 1927 523 1982 satis
548 1936 655 1993 est,
687 1937 749 1982 ut
790 1928 1079 1985 manifeste
1126 1938 1329 2000 pateat,
1362 1932 1549 2002 quanti
1584 1931 1724 2002 apud
1763 1932 1911 2001 ipsos

303 2020 465 2076 fuerit
492 2021 817 2077 Philastrius
839 2064 853 2087 ,
882 2023 1107 2094 ejusque
1138 2026 1456 2081 auctoritas.
1512 2026 1659 2079 Alibi
1690 2040 1908 2095 quoque

304 2112 659 2168 Philastrium
686 2114 933 2180 laudant,
985 2130 1048 2171 ac
1078 2118 1374 2185 peculiaria
1427 2118 1545 2188 ejus
1575 2119 1690 2173 loca
1720 2119 1908 2173 obser-

305 2216 454 2269 vant,
487 2207 814 2279 ubicumque
866 2222 958 2264 res
989 2210 1123 2263 ferat
1158 2209 1431 2266 Philastrii
1462 2212 1609 2267 dicto
1638 2221 1690 2267 ct
1719 2219 1907 2267 aucto-

304 2299 467 2354 ritate
517 2300 630 2365 usi;
663 2312 721 2355 ut
752 2301 907 2356 Ccnt.
967 2317 1007 2367 t,
1057 2317 1180 2370 cap.
1222 2303 1255 2357 5
1286 2302 1400 2374 (e),
1454 2320 1562 2374 quo
1596 2305 1647 2357 in
1679 2305 1800 2358 loco
1842 2321 1907 2357 ex

306 2391 600 2448 Philastrio
620 2394 1094 2464 aiunt,,Simonem
1113 2411 1297 2451 coram
1315 2397 1529 2452 Nerone
1550 2413 1578 2451 a
1604 2398 1765 2452 Petro
1787 2398 1910 2451 doc-

307 2486 467 2547 trina,
503 2496 548 2539 et
581 2486 849 2542 miraculis
889 2496 1202 2559 superatum
1257 2489 1610 2561 (Philastrius
1650 2506 1811 2560 porro
1841 2490 1911 2562 (f)

308 2595 485 2650 neque
517 2581 842 2647 doctrinam,
877 2598 1057 2653 neque
1105 2586 1376 2651 miracula,
1409 2586 1505 2641 sed
1554 2594 1760 2640 tantum
1791 2601 1908 2641 me-

308 2687 485 2729 morat
514 2674 793 2730 Simonem
846 2677 1081 2731 oratione
1127 2678 1261 2732 beati
1302 2678 1539 2747 Apostoli
1586 2678 1908 2749 devictum),

305 2768 465 2821 Ceiit.
497 2767 555 2833 2,
585 2782 709 2837 cap.
739 2768 773 2822 5
801 2768 899 2839 (g),
931 2768 1094 2824 Marci
1125 2778 1181 2824 et
1217 2770 1485 2826 Valentini
1518 2770 1816 2827 hmresibus
1842 2786 1908 2827 ex

308 2859 602 2915 Philastrio
646 2861 823 2915 lucem
855 2860 1139 2917 all’undunt
1168 2878 1182 2926 ;
1213 2862 1372 2918 (Ient.
1408 2864 1462 2929 5,
1518 2879 1640 2933 cap.
1670 2865 1702 2919 5
1733 2863 1811 2935 (h)
1841 2880 1907 2918 ex

305 2955 518 3020 eodem,
553 2953 977 3009 Manichaeorum
1014 2956 1265 3011 luercsim
1294 2958 1345 3010 in
1376 2956 1660 3028 Hispania,
1689 2967 1734 3010 et
1754 2958 1908 3023 quin-

304 3064 404 3117 que
431 3048 705 3121 provinciis
738 3049 978 3119 viguisse
1022 3049 1313 3119 plurimum
1344 3058 1533 3104 notant
1576 3066 1641 3105 ac
1687 3050 1905 3106 demum

2012 1839 2142 1892 siam
2164 1854 2363 1907 quoque
2388 1838 2682 1898 damnasse,
2713 1837 2776 1888 ab
2807 1836 2945 1889 omni
2988 1837 3090 1888 veri
3119 1834 3289 1906 specie
3314 1834 3610 1887 abhorreat.

1982 1929 2301 1985 -Serviehat
2337 1944 2514 1984 causa:
2544 1928 2817 1993 Dall:eus;
2874 1943 2938 1983 ac
2964 1926 3198 1997 proinde
3240 1942 3345 1981 non
3400 1933 3620 1996 poterat

2012 2038 2341 2093 magnopere
2367 2022 2722 2077 Philastrium
2755 2021 2976 2077 laudare
3011 2019 3105 2090 qui
3149 2019 3423 2075 Justinum
3454 2061 3469 2086 ,
3502 2017 3616 2072 Ire-

2013 2132 2214 2181 meum,
2245 2117 2724 2188 Chrysostomum,
2756 2127 3104 2185 czeterosque
3135 2115 3321 2171 Patres
3346 2114 3460 2170 fere
3489 2129 3617 2168 om-

2011 2227 2109 2267 nes
2132 2214 2440 2267 instituerat
2455 2207 2789 2281 vituperare.
2808 2209 3042 2264 Aliunde
3063 2210 3226 2264 etiam
3248 2207 3495 2263 lihroillo
3517 2222 3618 2262 suo

2011 2305 2247 2359 Dallaaus
2277 2304 2491 2359 videtur
2547 2302 2792 2372 profecto
2834 2310 3049 2356 struere
3098 2300 3166 2354 ad
3196 2297 3613 2369 Scepticismum

2010 2398 2173 2453 latam
2197 2412 2262 2453 ac
2279 2397 2417 2452 bene
2434 2396 2699 2450 munitam
2718 2394 2881 2459 viam,
2906 2408 3028 2447 cum
3054 2392 3273 2447 Patrum
3293 2391 3621 2446 auctoritate

2009 2494 2243 2558 sublata,
2272 2492 2443 2546 ferme
2471 2490 2604 2545 nihil
2635 2490 2768 2546 certi
2816 2488 2977 2543 nobis
3009 2487 3303 2557 relinquat.
3336 2484 3509 2540 Porro
3539 2484 3618 2539 si-

2010 2587 2132 2642 cubi
2167 2586 2490 2641 Philastrius
2511 2584 2755 2655 impegit,
2781 2598 2889 2638 non
2915 2589 3204 2652 propterea
3236 2579 3499 2635 continuo
3521 2577 3617 2633 ab-

2004 2680 2277 2751 jieiendus
2308 2689 2392 2736 est
2415 2679 2659 2749 penitus,
2693 2692 2757 2733 ac
2783 2674 3193 2746 repudiandus;
3228 2673 3395 2727 multa
3444 2672 3615 2738 enim,

2010 2788 2074 2828 ac
2102 2772 2360 2843 praeclara
2396 2771 2580 2837 habet,
2629 2771 2826 2841 quibus
2857 2778 2970 2823 tum
3011 2766 3258 2821 doctrina
3308 2762 3615 2829 Catholica,

2010 2874 2123 2922 tum
2156 2866 2536 2921 Ecclesiastica
2579 2863 2896 2933 disciplina,
2958 2868 3332 2931 propugnatur
3366 2866 3423 2912 et
3468 2856 3617 2911 illus-

2013 2969 2208 3014 tratur.
2241 2958 2443 3013 Verum
2477 2957 2607 3012 alibi
2635 2956 2833 3010 acriori
2858 2968 3090 3008 censura
3117 2950 3469 3006 Philastrinm
3499 2962 3620 3002 cas-

2013 3054 2146 3123 tigat
2177 3053 2432 3116 Dallznns,
2460 3066 2657 3121 nempe
2689 3048 2935 3120 ejusdem
2964 3047 3056 3101 lib.
3094 3063 3131 3101 ll
3152 3088 3166 3112 ,
3197 3062 3317 3115 cap.
3350 3045 3386 3099 5
3413 3042 3501 3113 (ι),
3528 3042 3618 3098 ubi

308 3145 670 3213 undequaque
699 3142 1015 3208 Ostendunt,
1046 3158 1106 3197 se
1133 3144 1185 3198 in
1220 3143 1495 3198 Philastrii
1524 3144 1759 3199 lectione
1790 3159 1907 3198 om-
1936 3136 1982 3199 C
2012 3146 2088 3200 ait
2121 3164 2134 3201 :
2168 3144 2489 3199 Philastrius
2542 3145 2679 3198 velut
2704 3160 2812 3197 rem
2841 3151 3033 3194 certam
3078 3148 3278 3205 narrat,
3334 3146 3384 3190 et
3411 3136 3621 3207 quidem

305 3237 434 3291 nino
462 3236 752 3307 diligenter
776 3251 900 3291 esse
920 3246 1183 3292 versatos.
1216 3236 1319 3293 Ubi
1343 3237 1412 3291 de
1438 3236 1686 3293 doctrina
1718 3238 1901 3293 Eccle-

307 3330 403 3385 site
429 3342 593 3401 agunt
616 3331 776 3385 Cent.
824 3331 879 3398 5,
908 3346 1029 3401 cap.
1063 3330 1097 3384 4
1148 3331 1210 3403 (i)
1246 3333 1386 3387 inter
1425 3332 1652 3385 omnium
1678 3330 1907 3385 clarissi—

305 3444 417 3480 mos
445 3427 536 3495 qui
566 3442 632 3482 eo
660 3426 865 3481 smculo
918 3426 1160 3491 fuerunt,
1222 3425 1559 3480 Philastrium
1613 3433 1904 3496 reponunt,

304 3532 540 3587 eumque
591 3520 756 3573 simul
810 3533 933 3573 cum
989 3516 1199 3573 Joanne
1238 3518 1657 3587 Chrysostomo,
1698 3517 1909 3587 Angus-

305 3612 442 3675 tino,
488 3608 723 3682 Cyrillo,
772 3610 1005 3680 aliisque
1046 3611 1274 3665 summis
1326 3611 1458 3664 viris
1505 3619 1900 3678 annumerant;

304 3702 504 3757 deinde
528 3718 648 3773 cap.
686 3704 775 3767 10,
808 3704 896 3757 ubi
946 3702 1013 3756 de
1045 3703 1323 3772 episcopis
1370 3710 1422 3755 et
1450 3700 1767 3757 doctoribus
1798 3700 1908 3755 dis-

302 3806 513 3863 serunt,
548 3796 689 3852 hanc
718 3796 785 3851 de
809 3796 1099 3851 Philastrio
1143 3795 1469 3851 sententiam
1506 3802 1762 3864 promunt
1788 3794 1856 3869 (j)
1891 3812 1903 3847 :

304 3889 534 3944 Tametsi
558 3889 875 3960 Augustinus
916 3890 1053 3941 hunc
1079 3898 1343 3941 auctorem
1374 3888 1635 3959 postponit
1667 3885 1903 3956 Epipha-

306 3986 415 4049 nio,
445 3994 672 4038 attamen
703 3984 958 4037 hominem
990 3983 1151 4051 fuisse
1189 3981 1419 4048 doctum,
1449 3991 1496 4035 et
1536 3984 1624 4050 qui
1642 3980 1904 4053 judicium

307 4076 371 4132 de
393 4078 541 4132 rebus
572 4077 841 4142 habuerit;
872 4078 993 4130 item
1023 4076 1349 4146 antiquitatis
1391 4084 1438 4128 et
1465 4085 1691 4128 veterum
1745 4076 1907 4128 histo-

302 4172 505 4225 riarum
525 4171 678 4225 etiam
720 4169 1025 4237 Gentilium,
1055 4168 1287 4222 omnium
1328 4185 1445 4224 vero
1471 4169 1694 4222 maxime
1726 4183 1904 4221 sacra-

303 4280 420 4319 rum
449 4264 841 4334 Scripturarum
880 4278 1121 4335 magnam
1168 4261 1906 4331 cognitionem;manifestum

302 4368 380 4413 est
408 4374 473 4411 ea:
499 4358 589 4412 illo
620 4358 731 4430 ipso
757 4356 949 4426 scripto
972 4397 987 4421 ,
1021 4357 1075 4409 in
1106 4371 1206 4426 quo
1234 4355 1399 4407 omnis
1429 4355 1627 4425 generis
1662 4352 1903 4416 hcereses,

304 4452 439 4504 mira
488 4450 734 4504 brevitate
764 4460 809 4503 et
852 4448 1157 4502 dexteritate
1184 4446 1312 4499 dum
1340 4445 1553 4514 refutat,
1586 4444 1753 4497 multa
1797 4444 1906 4496 obi-

2007 3240 2097 3309 (ne
2126 3257 2241 3293 eum
2266 3241 2377 3293 sine
2406 3249 2618 3293 auctore
2640 3238 2781 3307 loqui
2813 3235 2983 3307 putes)
3016 3232 3235 3286 Hesiodi
3263 3230 3433 3284 Gra'ci
3454 3238 3619 3299 poeta:

2009 3333 2300 3387 testimonio
2350 3331 2544 3400 firmat,
2575 3329 2819 3399 Paganos
2847 3328 2921 3379 ita
2967 3325 3132 3378 dictos
3178 3337 3285 3376 esse
3315 3338 3347 3374 α
3394 3318 3615 3389 Pagano

2006 3442 2129 3498 rege
2174 3424 2508 3478 Deucalionis
2549 3432 2595 3476 et
2644 3420 2865 3492 Pyrrha:
2907 3419 3019 3488 ﬁlio
3054 3430 3213 3485 :quw
3257 3413 3470 3467 totidem
3500 3421 3620 3465 sunt

2007 3516 2209 3572 somnia
2229 3526 2275 3569 et
2302 3514 2553 3579 Hesiodo,
2604 3523 2650 3567 et
2696 3511 2930 3566 omnibus
2961 3509 3175 3562 eruditis
3223 3505 3463 3559 inaudita
3492 3504 3613 3574 (m).

2008 3609 2211 3665 Locum
2260 3607 2505 3672 Hesiodi,
2562 3605 2655 3676 qui
2704 3619 2732 3657 a
2782 3602 3073 3657 Philastrio
3121 3598 3398 3659 laudatur,
3452 3595 3615 3650 hodie

2008 3719 2114 3758 non
2162 3710 2402 3764 exstare,
2454 3705 2741 3753 notaverat
2768 3696 2936 3750 etiam
2989 3692 3277 3748 Fabricius
3323 3690 3436 3761 (η),
3488 3689 3617 3743 licet

2009 3795 2209 3850 somnia
2232 3793 2321 3847 illa
2347 3792 2600 3857 Hesiodo,
2626 3789 2968 3858 manibusque
2990 3785 3210 3840 eruditis
3232 3783 3491 3844 inaudita,
3516 3782 3619 3836 mi-

2010 3891 2156 3945 nime
2183 3891 2299 3957 ipse
2330 3886 2654 3956 perviderit.
2675 3883 2814 3950 Quid
2848 3884 2891 3936 si
2920 3879 3245 3936 Philastrins
3280 3878 3442 3949 paulo
3471 3886 3614 3947 post,

2008 3984 2257 4053 quisnam
2307 3980 2473 4035 fuerit
2515 3994 2607 4033 rex
2646 3977 2738 4031 ille
2767 3974 3041 4045 Daganus,
3090 3972 3297 4027 clarius
3346 3970 3615 4033 enuntiet,

2010 4090 2205 4145 nempe
2235 4071 2577 4128 Deucalionis
2608 4078 2664 4125 et
2688 4066 2916 4139 Pyrrha:
2948 4066 3114 4129 lilius,
3160 4064 3343 4145 Helles
3374 4063 3618 4121 nomine.

2008 4186 2038 4224 a
2066 4141 2173 4239 quo
2203 4167 2377 4225 Graeci
2423 4165 2654 4225 Ἕλληνες
2685 4163 2891 4218 fuerint
2940 4141 3285 4231 postmodum
3315 4154 3618 4226 appellati?

2010 4261 2185 4317 Habet
2234 4261 2286 4314 in
2326 4260 2430 4315 hoc
2480 4256 2808 4311 Philastrins
2862 4253 3200 4308 eruditorum
3255 4264 3613 4314 consensum,

2009 4365 2157 4410 recte
2198 4354 2266 4406 ab
2297 4350 2492 4407 eodem
2539 4346 2795 4403 Fabricio
2843 4351 3162 4397 annotatnm
3188 4341 3293 4411 (o);
3330 4341 3496 4394 immo
3521 4355 3617 4394 cx-

2011 4461 2200 4516 presse
2230 4444 2463 4513 idipsum
2488 4438 2817 4495 Philastrius
2844 4428 2980 4490 dicit
3009 4433 3111 4505 (p),
3138 4434 3349 4487 scilicet
3369 4448 3400 4484 a
3437 4430 3621 4485 (ἕπετο

305 4556 380 4599 ter
409 4544 698 4615 cognitione
719 4544 877 4614 digna
899 4542 1165 4595 admiscet.
1201 4539 1291 4593 Sic
1322 4539 1485 4609 paulo
1515 4546 1636 4608 post
1670 4536 1903 4591 :Graaca:
1932 4530 1985 4589 D
2008 4556 2153 4608 rege,
2214 4537 2317 4591 hoc
2373 4543 2457 4589 est
2505 4532 2756 4594 Hellene,
2805 4530 2963 4601 fuisse
3019 4527 3228 4581 Grtccos
3286 4526 3616 4615 appellatos;

305 4641 501 4711 lingua:
535 4639 632 4708 fuit
660 4637 875 4707 peritus,
907 4650 1026 4688 nam
1066 4632 1273 4688 Grcecos
1300 4642 1535 4686 auctores
1556 4632 1679 4684 citat
1704 4646 1722 4695 ;
1744 4629 1901 4685 Solo-

305 4750 439 4798 nem,
485 4731 762 4785 Platonem
800 4732 854 4784 in
896 4728 1111 4793 Tima’o,
1144 4727 1457 4789 Hesiodum,
1488 4726 1716 4779 Hermen
1760 4726 1905 4781 Tris-

307 4827 597 4897 megistum,
630 4823 981 4880 Democritum
1006 4839 1024 4888 ;
1055 4822 1292 4891 denique
1312 4820 1517 4874 addunt
1544 4836 1557 4870 :
1592 4819 1656 4872 In
1687 4819 1779 4872 illo
1810 4836 1905 4873 suo

378 4989 456 5061 (α)
498 4989 624 5060 Pag.
666 4986 793 5061 iss.

377 5060 457 5132 (ὁ)
498 5061 626 5132 Pag.
670 5060 796 5132 1,92.

381 5128 459 5205 (ε’)
494 5128 633 5205 gap.
676 5131 731 5195 5,
765 5145 818 5198 p.
851 5128 977 5205 ίὶθξἸ

378 5199 464 5273 (ά)
492 5204 755 5273 Philastr.
783 5214 903 5267 cap.
933 5199 1023 5252 67.

378 5271 449 5344 (ε)
494 5276 621 5342 Pag.
661 5271 789 5327 570.

408 5337 453 5417 Ι)
493 5337 749 5417 Philastr.
783 5355 905 5411 cap.
933 5337 1026 5393 39.

405 5422 463 5560 iii
504 5418 631 5555 εξῗξ
656 5416 763 5540 8625'

405 5494 463 5560 It)
506 5494 747 5555 Pag.82.

378 5494 446 5634 ii)
500 5559 628 5634 Pas-
662 5556 753 5634 £8-

387 5626 457 5701 li)
499 5626 627 5701 [’36-
670 5626 795 5701 ’ἔμ-

383 5698 464 5821 i’i‘l
498 5698 633 5821 ἓξὲξ

2007 4646 2166 4702 quem
2190 4642 2351 4697 supra
2374 4624 2646 4697 Paganum
2668 4637 2839 4695 regem
2861 4620 3095 4685 vocavit,
3120 4634 3149 4673 a
3164 4634 3270 4689 quo
3288 4616 3492 4687 Pagani
3514 4614 3611 4687 (q).

2011 4722 2305 4779 Modestius
2357 4718 2610 4787 quidem.
2669 4730 2733 4769 ac
2788 4712 3153 4769 verecundius
3200 4710 3267 4764 de
3320 4710 3617 4763 Philastrio

2011 4812 2186 4873 sensit
2209 4812 2538 4870 Gnillelmns
2569 4809 2804 4876 Caveus,
2827 4808 2988 4878 cujus
3027 4807 3142 4861 base
3175 4813 3303 4859 sunt
3334 4803 3500 4859 verba
3521 4800 3615 4873 (r):

2091 4975 2187 5048 (in)
2228 4974 2436 5048 Eodem
2470 4972 2586 5048 fere
2614 4969 2871 5048 loquen_di
2906 4966 3076 5048 modo
3117 4965 3469 5020 Philastrium
3501 4979 3621 5048 eas-

2014 5036 2460 5122 tigat'Seldenus
2512 5043 2579 5098 de
2607 5036 2759 5122 “Diis
2798 5040 2953 5122 _eri_s
3002 5038 3289 5122 Syntagm.
3342 5053 3380 5102 ι,
3424 5052 3477 5119 p.
3525 5036 3617 5122 9ξς,

2011 5107 2167 5190 cujus
2212 5119 2389 5172 locum
2446 5112 2669 5185 protulit
2718 5107 3002 5167 Fabricius
3045 5107 3099 5164 in
3140 5108 3497 5164 Testimoniis
3551 5107 3621 5162 de

2010 5191 2328 5247 Philastrio.

2110 5260 2168 5331 η)
2204 5259 2329 5331 Not.
2348 5258 2418 5331 ad
2437 5256 2700 5331 Philastr.
2723 5268 2844 5324 cap.
2868 5253 2963 5331 LM
2984 5260 3099 5305 not.
3122 5250 3189 5306 Ut
3212 5252 3285 5304 ait
3331 5249 3615 5331 Hgsiodus.

2110 5264 2168 5331 η)
2204 5264 2329 5314 Νοι.
2348 5264 2415 5312 ad
2437 5264 2700 5311 Philastr.
2723 5268 2844 5324 cap.
2868 5264 2963 5307 HI
2984 5264 3099 5305 not.
3122 5264 3189 5306 Ut
3212 5264 3285 5304 ait
3331 5264 3535 5304 uesica

2078 5264 2159 5465 ἐξ
2199 5327 2684 5465 ἓξ)ρέ
2708 5336 2835 5452 ‘nioit:
2867 5322 2952 5377 Ea:
2978 5339 3097 5395 rege
3123 5338 3347 5394 pagano.
3383 5322 3535 5376 Em'r.

2103 5397 2159 5474 p)
2199 5400 2522 5474 §upradicto
2550 5412 2671 5474 cap.
2708 5397 2831 5474 lit.

2200 5462 2444 5543 Paganos
2468 5486 2566 5542 pro
2590 5469 2785 5523 Gra'cis
2814 5465 3042 5591 intelligi
3066 5480 3096 5517 a
3113 5462 3409 5518 Philastrio
3430 5463 3616 5519 ohser-

2082 5546 2307 5591 vilitlem
2362 5541 2643 5591 Fabricius
2664 5541 2728 5591 ad
2774 5555 2895 5591 ean.
2956 5539 2978 5591 Ι
3028 5539 3082 5591 5.
3128 5549 3239 5588 not.
3288 5535 3369 5587 Ad
3404 5551 3616 5591 amcos.

2008 5535 2307 5601 vairitideni
2362 5535 2643 5596 Fabricius
2664 5541 2728 5594 ad
2774 5555 2895 5609 cap.
2956 5535 3082 5602 115,
3126 5549 3239 5609 not.
3288 5535 3369 5587 Ad
3404 5551 3619 5609 graecos,

2012 5618 2105 5675 ubi
2117 5618 2300 5681 docet,
2321 5616 2398 5670 sic
2421 5611 2495 5668 ibi
2512 5605 2859 5667 Philastrinm
2876 5624 3095 5681 sumere
3111 5606 3319 5681 Grtecos
3333 5605 3627 5681 pro__Paga-

2013 5676 2403 5756 nis,quom'odo
2416 5698 2586 5756 supra
2602 5685 2754 5756 cap.t
2769 5679 3115 5756 l_t,I_’aganos
3131 5678 3269 5735 dixit
3289 5692 3385 5748 pro
3407 5676 3635 5734 Grcecis.

2089 5718 3385 5832 la"a'.';‘;:"azrsz::;;.tusus?”Wrw
