4024 6192
511 218 656 278 1085

1733 223 2054 290 SANCTUS
2086 225 2567 295 ρειωετειιυε.

3650 236 3744 295 ΝΜ

511 334 730 400 Scripsit
762 335 954 390 librum
983 335 1046 393 de
1097 336 1413 405 Iliensibus,
1456 340 1508 395 in
1540 357 1641 412 qua
1689 340 1974 412 Catholica:
2019 359 2108 400 ve-
2138 346 2189 424 Α
2214 343 2395 410 deicis,
2449 345 2713 404 BABNABE
2752 348 2959 402 nomine
3001 347 3315 421 insignitum
3362 347 3743 418 EPISTOLAI,IM

508 427 676 481 ritatis
727 445 955 484 antorem
988 430 1170 499 ultique
1218 432 1424 501 spirat;
1462 433 1728 506 judicium
1778 450 1898 490 vero
1945 438 2118 501 minus

507 530 812 596 accuratum
851 524 1038 594 «cpias
1066 525 1257 596 prodit,
1293 523 1420 579 dum
1468 525 1748 583 Itwresibus
1775 540 2010 597 accensa
2054 548 2116 586 ea

505 615 768 685 dogmata,
805 634 920 689 qua:
975 635 1030 672 eo
1060 620 1268 674 nomine
1297 621 1470 674 notari
1519 622 1732 690 minime
1764 624 2110 681 merebantur.

509 708 640 765 ll;ec
683 709 882 770 eadem
931 721 1015 766 est
1045 715 1344 780 accusatio,
1399 715 1555 786 cujus
1599 715 1949 774 Pbilastrium
1983 719 2115 778 insi-

510 800 680 854 mulat
736 801 1024 872 Dupiuius.
1078 812 1138 860 ut
1187 820 1352 876 sopra
1403 807 1638 862 vidimus
1690 810 1788 880 (tt);
1823 821 2112 880 propterea

509 909 617 948 non
639 909 777 963 Opus
806 906 908 964 est,
944 913 1066 967 qua}
1093 899 1166 956 ibi
1213 900 1472 965 diximus,
1516 905 1617 958 hoc
1647 905 1767 960 loco
1797 906 1993 962 iterum
2029 923 2115 966 re-

514 1003 739 1057 ponere.
793 988 1020 1054 Constat
1056 1001 1236 1048 autem
1266 1006 1453 1064 aperte
1500 1012 1565 1052 ex
1596 997 1876 1070 hucusque
1927 1001 2112 1069 dictis,

506 1096 671 1150 quam
713 1083 1007 1146 immerito,
1044 1102 1110 1139 ne
1155 1086 1332 1140 dicam
1369 1097 1644 1157 proterve,
1675 1091 1949 1163 Iosephus
1981 1095 2113 1153 Sca-

510 1172 645 1242 liger
678 1174 822 1226 inter
838 1189 898 1228 ea
914 1175 1078 1242 dicta,
1105 1194 1225 1247 quae
1243 1179 1586 1252 Scaligerana
1617 1195 1881 1242 vocantur
1915 1188 2014 1258 (ὁ).
2039 1189 2110 1244 ita

508 1264 577 1318 de
632 1265 924 1322 l’bilastrio
961 1271 1274 1336 pronuntiet
1320 1290 1332 1326 :
1385 1272 1698 1332 Pliilastrius
1748 1279 1882 1334 nihil
1934 1283 2111 1349 valet;

511 1372 633 1413 cum
666 1368 743 1414 tot
784 1360 963 1418 ductis
996 1363 1146 1431 viris,
1190 1367 1358 1423 immo
1383 1369 1484 1439 ipsi
1512 1372 1814 1442 Augustino
1836 1374 2116 1432 Philastrii

513 1453 652 1508 liber
686 1465 832 1509 tanto
859 1459 978 1512 usui
1013 1458 1194 1516 fuerit.
1238 1459 1508 1520 Czeterum
1530 1465 1772 1537 Scaliger
1792 1469 2118 1539 jamdudum

511 1545 802 1602 Philastrio
831 1560 1025 1617 Sponte
1053 1569 1172 1619 sua,
1202 1564 1298 1608 aut
1327 1556 1504 1624 pctitts
1525 1560 1760 1628 quodam
1783 1562 1951 1616 animi
1983 1565 2114 1620 vitio

510 1651 629 1694 crat
661 1642 933 1708 infensus,
967 1655 1025 1700 ιιι
1051 1649 1252 1718 cuique
1299 1649 1589 1706 Etenchum
1635 1654 1931 1712 Trilueresii
1969 1659 2114 1715 illius

2219 453 2335 491 cum
2355 436 2538 494 Jacont
2571 441 2838 498 Arosrou
2857 438 3120 495 Ertsrou
3148 442 3651 512 depreltendit.Sane
3667 459 3746 499 cum

2221 530 2336 588 lucc
2371 531 2642 601 legissem,
2688 531 2973 592 confestim
3019 549 3122 588 ms.
3174 534 3530 588 Pbilastrium
3577 535 3753 594 Corbcia

2218 624 2614 694 deprehensum
2637 627 2699 680 iri
2729 643 2825 696 pro
2845 640 2998 682 certo
3020 627 3183 682 habui
3213 643 3378 694 ;cum
3405 629 3540 683 enim
3563 630 3607 682 in
3631 645 3680 684 eo
3695 647 3754 686 vo-

2218 717 2422 787 lumine
2462 729 2658 788 praeter
2686 719 2935 774 Latinam
2968 719 3230 775 Barnaba:
3271 720 3527 791 Epistola:
3561 719 3756 790 Interpre-

2217 812 2651 882 tationem,quam
2676 829 2742 870 ex
2768 813 3242 883 Corheieusicod.
3272 815 3498 870 Parisiis
3526 830 3646 869 anno
3669 815 3758 871 lﬁis

2217 902 2448 973 vulgavit
2467 902 2618 961 Mena
2629 903 2778 970 rdus,
2801 905 3060 972 nonnulla
3075 906 3184 958 alia
3199 905 3414 962 diversi
3430 907 3626 975 generis
3637 906 3756 976 Opus.

2215 997 2339 1050 cula
2369 996 2718 1066 haberentur.
2751 997 2906 1052 facile
2936 998 3180 1064 intellexi
3245 1001 3395 1054 inter
3421 1015 3483 1054 ea
3511 1000 3652 1072 etiam
3680 1000 3760 1055 Phi-

2216 1089 2392 1145 lastrii
2442 1090 2642 1146 librum
2683 1091 2746 1144 de
2803 1089 3099 1148 Hieresibus
3154 1092 3512 1148 delitescere.
3565 1093 3761 1148 Videbam

2218 1191 2482 1252 praeterea
2541 1192 2654 1238 tum
2698 1199 2729 1240 a
2784 1183 3159 1254 Papebrocbio
3223 1186 3280 1241 in
3337 1186 3486 1240 Actis
3532 1185 3622 1241 SS.
3663 1185 3764 1241 Junii

2216 1285 2348 1330 tom.
2377 1274 2438 1342 ll,
2473 1291 2524 1345 p.
2553 1276 2682 1341 457,
2717 1286 2830 1330 tum
2859 1277 3026 1331 etiam
3056 1293 3084 1330 a
3119 1277 3387 1332 Fabricio
3426 1278 3477 1332 iu
3511 1277 3762 1332 l’rafatione

2215 1366 2288 1425 ad
2337 1366 2706 1432 Pbilastrium,
2762 1367 3155 1424 Corbeiensem
3201 1369 3459 1426 codicem
3502 1369 3697 1430 laudari.
3729 1380 3766 1423 ut

2217 1471 2379 1527 supra
2401 1457 2639 1512 diximus
2657 1457 2762 1530 (Ii),
2787 1468 3059 1530 tamquam
3086 1460 3139 1512 in
3168 1474 3242 1515 eo
3269 1461 3440 1514 latina
3464 1460 3550 1514 illa
3572 1459 3764 1514 Barnabe

2219 1547 2474 1621 Epistotw
2528 1548 2923 1620 lnterpretatio,
2959 1551 3227 1606 auctoris
3285 1555 3508 1606 nomine
3551 1553 3765 1616 destituta,

2218 1643 2515 1699 Philastrio
2552 1643 2921 1710 tribueretur;
2963 1645 3015 1698 in
3041 1660 3148 1716 quo
3194 1646 3333 1702 licet
3379 1655 3643 1716 utet-quea
3678 1657 3764 1696 vero

509 1734 748 1788 auctmis
808 1737 1028 1790 adeunti
1063 1741 1354 1796 manifeste
1402 1745 1629 1814 patebit,
1687 1749 1738 1802 i-u
1800 1765 1906 1818 quo
1957 1752 2109 1821 plura
2149 1754 2187 1812 Β
2218 1737 3004 1807 aberraretquamplurimum.
3035 1745 3201 1808 atque
3230 1736 3384 1792 διίυά
3420 1754 3512 1806 PN
3540 1736 3635 1790 alio
3658 1736 3766 1788 “oms

509 1822 804 1880 Philastrio
829 1827 1018 1896 objicit
1046 1846 1152 1899 qua
1193 1831 1340 1899 jure,
1369 1849 1472 1903 qua
1507 1835 1700 1905 injuria
1726 1855 1742 1902 ;
1782 1849 1943 1910 atque
1973 1843 2114 1899 inter

511 1918 642 1985 alia,
674 1920 816 1990 quod
842 1923 985 1977 nulla
1008 1925 1149 1994 apud
1177 1942 1300 1982 eum
1332 1929 1538 1983 mentio
1556 1931 1622 1984 sit
1653 1940 1754 1986 τῶν
1775 1934 1908 2012 ὑπὲρ
1927 1946 2115 2015 νικρῶν

515 2013 932 2088 βαπτιζομένων,
970 2031 1202 2074 mortuos
1235 2021 1609 2091 baptizantium
1641 2025 1743 2096 (c);
1778 2042 1899 2081 cum
1933 2013 2112 2085 tamen

512 2109 716 2165 diserte
739 2111 1086 2179 Pbilastrius,
1120 2115 1209 2171 ubi
1238 2118 1350 2187 agit
1379 2118 1446 2173 de
1466 2119 1659 2175 hmresi
1683 2120 2111 2196 Cataphrygum,

517 2202 632 2256 hmc
666 2202 866 2259 haheat
893 2205 972 2278 (εἰ)
1001 2224 1014 2260 :
1043 2206 1118 2260 Hi
1139 2218 1370 2265 mortuos
1393 2211 1686 2280 baptizant;
1719 2215 1864 2284 quod
1893 2217 2111 2287 quidem

513 2297 794 2350 annotavit
825 2297 1106 2354 Fabricius
1139 2301 1228 2372 (ρ),
1277 2314 1328 2358 et
1358 2314 1485 2358 ante
1509 2305 1824 2362 Fabricium
1853 2308 2111 2364 observa-

516 2399 645 2445 runt
674 2391 1169 2465 Magdeburgeuses
1200 2397 1294 2468 (Γ).
1327 2397 1431 2454 Sed
1465 2411 1752 2472 postquam
1796 2403 1864 2458 de
1902 2403 2114 2462 Philas-

517 2483 621 2537 trio
649 2487 800 2550 satis,
828 2486 941 2555 jam
978 2488 1048 2543 de
1102 2489 1421 2547 Corbeiensi
1461 2493 1745 2550 Philastrii
1793 2512 1896 2551 ms.
1956 2499 2114 2554 nobis

507 2579 780 2648 agendum
839 2592 963 2645 est,
1025 2584 1180 2653 cujus
1236 2588 1402 2641 varim
1457 2589 1767 2656 lectiones,
1829 2600 2109 2662 tamquam

514 2676 748 2741 pretiosa
801 2678 1086 2745 mantissa,
1139 2678 1265 2736 huic
1317 2691 1519 2738 nostra;
1573 2685 1800 2740 editioni
1853 2701 2106 2743 accesse-

515 2778 660 2821 runt.

588 2899 614 2971 §
653 2900 740 2956 lll.
783 2901 861 2958 De
885 2921 983 2959 ms.
1012 2905 1326 2976 Corbeiensi,
1357 2921 1405 2965 et
1432 2913 1870 2974 emendationibua
1893 2933 1957 2972 ea:
1981 2933 2039 2971 ea

1154 3001 1435 3080 desumptis
1451 3044 1464 3057 .
1737 2991 1740 2996 ’
1771 2989 1797 2993 Η
1877 2989 1879 2992 ⁴

2217 1829 2556 1894 obtruderet,
2583 1844 2710 1884 cum
2744 1844 2844 1885 nec
2875 1828 3166 1884 Menardus
3193 1829 3293 1900 qui
3337 1828 3575 1885 codicem
3618 1829 3661 1880 in
3685 1842 3764 1883 ma-

2218 1924 2377 1979 nibus
2405 1922 2610 1989 habuit,
2659 1939 2760 1979 nec
2790 1923 3036 1990 Vossius,
3076 1935 3170 1980 aut
3219 1924 3534 1980 Cotelerius
3567 1921 3765 1977 Barnaba

2221 2015 2477 2084 Epistula:
2504 2015 2779 2079 editores,
2807 2015 3333 2087 lnlerpt'etationem
3369 2017 3508 2071 illam
3543 2012 3764 2069 Philastrio

2217 2108 2455 2162 tribuere
2487 2123 2720 2177 unquam
2749 2108 3138 2179 cogitaverim;
3161 2119 3358 2164 tamen
3379 2111 3541 2166 etiam
3563 2110 3658 2161 hac
3677 2120 3764 2175 qua-

2217 2201 2516 2269 liscumque
2543 2200 2762 2255 demum
2800 2201 3159 2271 l’apebrocbii
3201 2213 3260 2258 et
3312 2201 3544 2256 Fabricii
3572 2199 3760 2258 assertio,

2215 2292 2422 2362 aliquid
2451 2293 2503 2346 iu
2533 2309 2598 2348 eo
2627 2292 2816 2348 codice
2845 2306 3069 2351 exsmre
3097 2295 3418 2356 indicabat,
3452 2293 3587 2364 quod
3613 2292 3764 2345 Philas-

2217 2389 2375 2443 trium
2414 2397 2692 2442 auctorem
2739 2398 3084 2458 agnosceret.
3129 2389 3330 2458 Itaque
3357 2397 3481 2441 vota
3520 2400 3642 2448 mea,
3669 2382 3762 2452 peli-

2214 2481 2495 2550 tionesque
2516 2483 2778 2544 continuo
2801 2481 3089 2536 Corbeiam
3113 2482 3328 2545 direxi,
3355 2490 3417 2534 ut
3440 2493 3536 2532 ms.
3560 2477 3683 2530 illius
3698 2488 3763 2527 no-

2216 2574 2333 2628 titia
2365 2574 2495 2627 mihi
2525 2573 2748 2629 certior.
2784 2589 2848 2626 ac
2875 2571 3033 2644 copia
3067 2573 3252 2638 lieret,
3284 2586 3478 2626 verum
3506 2565 3762 2624 Philastrius

2215 2664 2415 2719 frustra
2437 2663 2686 2718 Corbeia:
2713 2665 3080 2734 qumrebatur,
3101 2665 3432 2734 jamdudum
3461 2662 3591 2716 enim
3615 2659 3658 2711 in
3683 2655 3760 2708 llo-

2218 2758 2513 2814 uasterium
2544 2756 2851 2813 Parisiense
2879 2755 2937 2812 S.
2963 2757 3223 2811 Germani
3252 2772 3282 2810 a
3311 2754 3487 2810 l’ratis
3503 2750 3759 2817 commigra-

2216 2860 2386 2917 vcrat,
2419 2850 2573 2920 cujus
2612 2850 2847 2905 cmnobii
2875 2849 3120 2904 Monachi
3165 2845 3384 2904 librum‘
3410 2862 3440 2900 a
3478 2837 3759 2935 Corbeiensio

2217 2946 2316 2999 bus
2372 2945 2542 3000 multo
2598 2955 2757 2999 antea
2807 2943 3154 2998 commodata
3211 2947 3557 3010 acceperant.
3605 2933 3758 2987 Monuit

2215 3037 2433 3108 quidem
2481 3041 2551 3093 cl.
2604 3039 2689 3094 vir
2717 3039 2902 3109 Scipio
2939 3037 3204 3103 Mall‘eius,
3236 3037 3478 3108 Epistula
3504 3032 3564 3086 ad
3593 3044 3663 3084 me
3687 3027 3754 3079 Pa-

584 3133 673 3190 20.
694 3132 1086 3192 Ms.Philastrii
1113 3139 1358 3196 codicem
1383 3141 1593 3211 jamdiu
1619 3144 1965 3202 eruditorum
1981 3156 2109 3203 vota
2132 3140 2175 3200 C
2213 3133 2336 3188 "iSlS
2363 3134 2487 3188 dam
2535 3150 2622 3188 θην
2658 3133 2799 3190 1755
2829 3134 2985 3189 "ouis
3033 3131 3322 3189 Februarii
3377 3133 3471 3202 (ἢν
3523 3121 3679 3182 haberi
3713 3117 3751 3211 in

512 3229 859 3297 expetebant,
887 3247 1120 3301 eumque
1144 3248 1204 3288 se
1225 3245 1473 3304 rogante,
1503 3235 1557 3292 in
1581 3236 1732 3293 Italia
1755 3241 1881 3292 trust
1895 3253 1951 3294 ra
1972 3254 2108 3296 con-

509 3321 766 3389 quisitum
783 3323 851 3375 ab
868 3323 1063 3378 illustri
1085 3327 1200 3380 viro
1214 3327 1980 3399 GisbertoCuperoFabricius
1995 3334 2110 3402 ipse

508 3419 884 3478 testatur,c:tm
901 3414 1173 3471 Philastrii
1188 3419 1483 3475 editionem
1506 3422 1940 3499 moliretur,qute
1956 3425 2109 3504 "arni-

511 3504 660 3574 bargi
686 3506 879 3574 prodiit
897 3524 1042 3563 anno
1058 3510 1185 3564 l7‘21
1201 3528 1215 3575 ;
1235 3527 1405 3580 quare
1417 3517 1666 3582 speomni
1688 3516 1999 3584 frustratus,
2020 3533 2109 3576 so-

507 3599 572 3652 lis
595 3600 925 3657 editionibus
942 3603 1042 3657 sibi
1063 3605 1319 3660 standum
1341 3606 1530 3673 fuisse,
1553 3611 1760 3665 tnunuit
1783 3611 2114 3673 Praelatione

505 3690 682 3744 eidem
733 3692 956 3747 editioni
1007 3694 1406 3768 l-lantburgensi
1455 3701 1757 3770 praemissa.
1815 3703 1926 3773 Ego
1971 3720 2108 3761 vero

507 3785 596 3854 qui
629 3786 713 3840 vix
743 3787 870 3842 dum
898 3788 1046 3844 edito
1077 3789 1416 3859 Gaudentio,
1445 3809 1640 3850 novam
1673 3795 1952 3852 Pbilastrii
1993 3799 2108 3854 edi-

510 3877 710 3930 tionem
741 3878 852 3946 jam
889 3888 1001 3934 tum
1051 3882 1234 3937 animo
1268 3899 1658 3953 conceperam;
1703 3902 2031 3960 quamquam
2074 3907 2104 3946 a

507 3971 578 4025 cl.
623 3971 877 4028 Fabricio
912 3984 1240 4042 prteventus,
1291 3980 1625 4046 propositum
1669 3992 1898 4045 mutare.
1942 3995 2105 4055 atque

508 4063 618 4117 alio
637 4078 796 4118 curas
831 4065 1126 4121 transferre
1155 4084 1303 4123 meas
1333 4070 1662 4140 cogitabam,
1693 4090 1799 4128 non
1826 4083 2005 4130 tamen
2032 4075 2107 4131 id-

507 4159 654 4213 circo
676 4159 743 4213 de
767 4159 1046 4214 Pbilastrii
1065 4177 1167 4216 ms.
1194 4163 1519 4219 inveniendo
1542 4180 1766 4236 prorsus
1786 4166 2103 4236 deSperare,

507 4262 598 4304 aut
628 4253 697 4307 ab
731 4268 798 4308 eo
828 4254 1057 4309 ulterius
1095 4254 1272 4312 adhuc
1310 4248 1686 4328 conquirendo
1726 4261 1950 4314 omnino
1984 4277 2103 4317 ces-

506 4360 628 4400 sare
661 4355 926 4415 poteram.
963 4349 1159 4404 Verum
1183 4366 1284 4406 ms.
1320 4351 1592 4407 Pbilastrii
1623 4352 1792 4408 codex
1822 4362 1932 4408 tum
1960 4354 2102 4424 apud

506 4437 733 4503 ltalicas,
754 4448 865 4494 tum
881 4440 1028 4510 apud
1043 4441 1430 4512 Transalpinas
1444 4445 1812 4502 Bibliothecas
1827 4447 2098 4502 incassum

2217 3227 2537 3284 bibliotheca
2568 3227 2628 3283 S.
2662 3226 2918 3283 Germani
2945 3244 2971 3278 a
3005 3227 3210 3283 Pratris
3241 3245 3347 3281 ms.
3377 3211 3750 3279 Philastriicodt-

2212 3335 2330 3375 cem
2367 3337 2421 3373 n.
2453 3319 2579 3384 625..
2605 3335 2707 3390 qua
2741 3335 2799 3375 re
2822 3335 2972 3390 spem
3003 3319 3159 3375 nobis
3184 3321 3343 3390 quasi
3369 3327 3562 3372 certam
3583 3311 3748 3366 (θρωπε.

2211 3414 2440 3482 alterius
2464 3431 2564 3470 ms.
2595 3414 2946 3470 l’hilastriani
2993 3413 3185 3481 Operis
3218 3414 3274 3466 in
3320 3408 3627 3468 Bibliotheca
3653 3400 3748 3453 San-

2205 3491 2550 3576 gﬁennauensi
2581 3506 2913 3562 inveniendi.
2959 3507 3030 3560 At
3071 3506 3158 3562 hic
3223 3506 3372 3561 idem
3403 3504 3494 3557 ille
3531 3505 3631 3554 erat
3655 3493 3748 3547 Cot-

2213 3601 2450 3674 heiensis
2505 3602 2678 3658 codex
2739 3601 2838 3674 (ut
2881 3616 3006 3656 mox
3069 3598 3420 3668 videbimus)
3469 3608 3608 3666 quem
3645 3585 3744 3640 “de”

2209 3670 2526 3764 expetebam
2553 3670 2759 3764 ;neque
2783 3695 2998 3748 interim
3012 3694 3319 3748 sciscitanti
3352 3691 3479 3746 mihi
3508 3681 3631 3741 aliud
3647 3690 3745 3746 νῖκ-

2209 3795 2355 3842 terea
2389 3787 2635 3857 responsi
2682 3786 2934 3852 dabatur,
2979 3803 3087 3856 quo
3124 3789 3335 3841 certius
3363 3777 3559 3851 aliquid
3594 3773 3648 3827 de
3672 3769 3742 3820 ίιοθ

2212 3881 2508 3945 Parisiensi
2533 3878 2723 3934 codice
2745 3879 2886 3933 scire
2918 3893 3156 3949 possem.
3188 3879 3358 3949 Igitur
3382 3889 3497 3930 cum
3521 3866 3632 3925 nihil
3654 3872 3745 3958 pro-

2205 3976 2442 4039 liceret“,
2469 3990 2568 4028 nec
2597 3972 2889 4042 quidquam
2926 3974 3056 4027 mihi
3083 3971 3440 4029 subolercttle
3459 3959 3734 4022 Cul‘lteiCWS

2205 4068 2328 4124 cod.
2360 4070 2410 4124 in
2442 4068 2830 4122 Monasterium
2861 4067 3166 4123 ParLsieuse
3197 4060 3594 4133 transmissione
3614 4069 3626 4114 ;
3648 4058 3738 4113 SUP'

2209 4162 2377 4232 plices
2432 4162 2642 4218 libellos
2694 4161 2863 4218 detuli
2920 4162 2987 4216 ad
3040 4163 3401 4242 Eminentiss.
3462 4142 3736 4220 Cardinalem

2204 4257 2512 4325 Quirinum,
2548 4258 2745 4314 Brixiae
2768 4260 3108 4329 episcopum,
3133 4259 3199 4314 ab
3239 4275 3309 4315 eo
3341 4265 3551 4328 petens,
3589 4251 3636 4296 υί
3670 4245 3738 4306 ΡῙ⁰

2206 4366 2419 4408 summa
2445 4368 2543 4407 sua
2578 4352 2634 4407 in
2669 4367 2882 4419 omnes,
2918 4353 3224 4422 przesertim
3254 4368 3386 4409 vero
3421 4358 3536 4415 erga
3562 4338 3733 4427 litteras.

2205 4446 2580 4516 litteratusque
2604 4447 2751 4502 viros
2792 4447 3146 4517 benignitate,
3180 4447 3392 4503 litteras
3422 4433 3622 4496 Parisios
3647 4426 3734 4476 ml"

505 4531 786 4599 τιυαεείιυε,
820 4549 1084 4604 nusquam
1116 4539 1409 4606 apparebat
1441 4554 1454 4591 :
1487 4555 1609 4593 cum
1644 4540 1787 4594 inter
1815 4540 2100 4611 legendum
2127 4535 2182 4594 D
2209 4539 2671 4607 lerediguaretur,
2692 4547 2854 4608 atque
2874 4541 2997 4594 inde
3011 4538 3133 4594 cod.
3153 4526 3728 4611 hujusCorbeienStscct-

504 4622 650 4676 aliud
669 4627 844 4695 agenti
865 4628 1018 4692 mihi,
1036 4631 1277 4684 occurrit
1293 4631 1586 4686 Admonitio
1605 4632 1824 4689 Larum:
1848 4633 2101 4690 Barnaltaa

508 4713 760 4785 Epistola:
775 4714 1206 4790 Interpretationi
1236 4724 1454 4791 praeﬁxa
1482 4731 1633 4780 tomo
1661 4726 1712 4781 ιι
1749 4727 2100 4786 Bibliotheca:

507 4806 610 4861 PP.
653 4809 786 4863 edit.
820 4810 1069 4881 Lngdun.
1109 4828 1229 4884 pag.
1263 4815 1352 4878 l6,
1380 4817 1472 4870 ubi
1492 4834 1558 4872 ex
1588 4820 1824 4886 quadam
1848 4822 2108 4880 Dacherii

502 4900 729 4968 epistola
755 4901 830 4975 (g)
846 4917 1095 4975 excerpta
1117 4905 1233 4962 haec
1249 4906 1313 4960 ba
1324 4908 1515 4962 bentur
1535 4929 1546 4963 :
1563 4910 1691 4964 Cum
1710 4914 1761 4967 in
1793 4915 2104 4972 PHILASTBII

505 5008 736 5048 EPISCOPI
767 4995 1066 5053 Bntxteusts
1095 5002 1330 5068 volumen
1367 5019 1462 5056 ms.
1494 5020 1519 5056 e
1565 5001 1855 5074 Corbeiensi
1887 4991 2103 5078 Intonas-

502 5088 630 5140 terio
669 5088 934 5144 incidisset
970 5093 1249 5164 aliquando
1275 5094 1343 5151 ll.
1381 5095 1446 5166 Ρ.
1480 5095 1630 5170 Hugo
1666 5083 1974 5168 Mauortius,
2003 5100 2100 5158 ibi-

500 5178 614 5232 dem
642 5179 876 5249 proxime
904 5190 1016 5246 post
1051 5184 1353 5241 EPISTOLAII
1381 5187 1748 5244 Tenrumam
1770 5190 1834 5244 de
1853 5190 1980 5246 cibis
2005 5189 2102 5248 Ju~

599 5383 655 5453 (ι)
695 5384 853 5442 Num.
888 5386 973 5442 15.

596 5457 648 5525 b)
689 5456 816 5528 Pag.
859 5459 984 5523 διο,
1015 5460 1146 5518 edit.
1177 5459 1369 5518 Colon.

596 5531 647 5605 ο)
687 5529 920 5605 Elenclt:
947 5531 1177 5588 'l‘rihter.
1205 5549 1326 5605 cap.
1353 5535 1406 5588 1.

575 5600 657 5671 (d)
695 5600 826 5668 Cap.
857 5601 949 5658 49.

603 5675 656 5746 c)
694 5676 997 5735 Testimon.
1029 5680 1100 5736 de
1123 5680 1382 5738 Philastr.

607 5750 648 5823 θ
687 5747 845 5804 Cent.
875 5751 933 5817 2,
956 5767 1077 5824 cap.
1104 5755 1159 5821 5,
1189 5761 1243 5825 ι).
1265 5753 1355 5814 78.

2203 4632 2392 4686 tioretn
2459 4631 2617 4685 nobis
2663 4631 3032 4700 cognitionem
3094 4633 3452 4700 notitiamque
3496 4609 3728 4710 expetite}:

2204 4722 2463 4782 Prmstitit
2483 4723 2756 4778 etttnulate
2788 4722 2871 4778 vir
2896 4740 3141 4780 summus
3163 4766 3177 4790 ,
3211 4734 3372 4795 atque
3402 4702 3727 4809 inunortaltlallf

2203 4820 2419 4889 dignus,
2450 4819 2593 4889 quod
2641 4819 2960 4890 petebatur;
3008 4835 3072 4874 ac
3113 4788 3254 4878 binis
3286 4788 3508 4875 subinde
3544 4788 3727 4870 epistulis

2200 4914 2266 4966 ad
2317 4929 2438 4968 cum
2492 4915 2691 4978 llllSSlS,
2743 4914 3130 4968 Cnrbciensem
3183 4915 3308 4969 ead.
3359 4914 3409 4964 in
3461 4889 3722 4994 Bill'lflfwj

2207 5004 2662 5076 Sangermancnsi
2693 5006 2911 5072 haberi,
2938 5007 3175 5076 atquein
3203 5022 3269 5062 eo
3301 4992 3550 5061 Philasuii
3580 4983 3721 5038 lllll‘tllll

2202 5097 2263 5150 de
2295 5097 2592 5153 Ilwresibus
2617 5109 2855 5165 exstare,
2887 5112 3078 5168 magna
3110 5100 3278 5164 animi
3315 5078 3721 5178 voluptate

2205 5194 2402 5262 pimus.
2452 5192 2610 5247 Prior
2650 5207 2714 5246 ex
2772 5192 2855 5245 bis
2905 5191 3150 5260 epistolis
3192 5192 3258 5248 ad
3297 5168 3718 5248 Eminentisstmum

3685 5357 3695 5384 l

2275 5398 2352 5480 (α’
2378 5396 2758 5487 ίξπυθίυξλιδςε
2783 5394 3284 5487 “arteriasue
3311 5355 3715 5487 claritati?!

2201 5453 2555 5542 Bibliotltecm
2584 5467 2816 5542 Maxime
2843 5467 2999 5522 Joan.
3029 5453 3107 5522 de.
3127 5471 3173 5523 la
3209 5470 3352 5542 Haye
3380 5473 3491 5520 ante
3515 5453 3691 5508 Barnav;

2204 5539 2528 5608 Epistolam,
2564 5554 2686 5608 pag.
2722 5539 2849 5595 θοι.

2381 5610 2746 5713 ἓὶιρῐῖὶέι1ἶῗ;ηη
2796 5684 3150 5713 Αηιεη..;ιηιιιι,
3183 5682 3408 5713 nam...“
3459 5687 3504 5713 η.
3546 5639 3710 5713 ῗόιυω

2280 5683 2346 5755 (i)
2381 5683 2573 5739 Exstat
2604 5683 2746 5738 inter
2772 5684 3153 5758 antiquitates
3183 5682 3430 5758 gallicas,
3459 5687 3504 5743 ρ.
3551 5682 3624 5721 θυι

2211 5771 2308 5838 per
2337 5771 2602 5827 errorem,
2633 5772 2733 5834 pro
2761 5757 2919 5825 1755,
2950 5756 3144 5832 legitur
3171 5757 3335 5815 .1750.
