4024 6192
205 277 234 335 1
251 276 385 336 085

1464 273 1526 328 P.
1568 267 1932 342 ωιεΑιωι.
1963 263 2358 328 ΡΒᾹΞΒΑΉΟ.

3407 257 3548 322 1086

202 391 595 454 (tardinalem
629 391 758 456 data
781 391 832 446 iv
853 389 971 450 Kal.
999 369 1334 461 Septembris
1365 405 1508 448 anno
1542 387 1699 455 1736,
1728 387 1848 458 haec
1871 395 1922 460 Α
1948 401 2069 442 cum
2103 387 2170 443 iis
2198 400 2317 456 qua:
2345 391 2642 455 sequuntur
2668 383 2949 440 meliorem
2979 382 3033 437 in
3061 381 3282 438 modum
3303 378 3554 436 restituta

210 486 413 550 habet
437 503 448 539 :
482 483 603 555 .l‘ay
635 484 758 558 deja
781 502 842 538 eu
871 482 1141 540 l‘hauueur
1161 482 1224 536 de
1247 482 1464 539 mandet
1493 482 1528 536 ὰ
1564 479 1626 535 γ.
1656 478 1726 534 Ε.
1750 496 1850 552 que

202 577 430 653 j‘avajs,
463 593 557 632 veu
601 577 732 644 Πρω
769 576 1002 638 Bernard
1036 577 1098 640 de
1131 575 1473 647 Montfaucon
1501 591 1576 636 alt,
1615 576 1749 645 sujet
1777 573 1849 629 du

217 673 532 728 manuscrit
569 672 632 732 de
675 671 735 728 S.
782 669 1063 728 Philastre.
1109 668 1176 724 Ie
1203 686 1326 724 vous
1361 686 1426 740 ay
1458 668 1644 726 mandé
1668 683 1846 737 aussy,

219 767 632 837 monseigneut‘.
659 764 784 837 φρει
812 782 844 836 y
874 781 936 818 en
965 765 1100 820 aitait
1126 781 1196 818 un
1223 763 1355 818 dans
1385 761 1435 815 ia
1463 761 1766 830 biblioteque
1786 758 1850 811 de

221 860 479 930 l’abbaye
500 859 564 916 de
595 858 658 914 S.
698 857 940 912 Germain
977 859 1062 930 qui
1103 859 1251 912 estoit
1293 857 1398 925 fort
1437 856 1638 922 ancien,
1675 861 1724 908 et
1763 853 1851 925 qui

225 953 418 1008 venoit
441 952 504 1005 de
526 949 731 1012 Corbie.
748 949 935 1008 Altera
964 967 1094 1008 vero
1121 951 1280 1021 paulo
1302 958 1427 1021 post
1446 949 1638 1004 eodem
1663 960 1851 1002 mense

229 1045 563 1118 Septembri
615 1046 946 1116 conscripta,
1000 1045 1139 1108 idem
1188 1045 1298 1100 fere
1343 1042 1484 1114 quod
1533 1043 1700 1112 prior,
1755 1039 1850 1096 sed

233 1139 428 1208 multo
478 1139 640 1194 etiam
701 1140 919 1198 uberius
964 1138 1292 1196 conﬁrmat:
1341 1135 1393 1190 Ιι
1435 1135 1769 1189 manascritto
1800 1133 1854 1188 di

238 1231 308 1286 S.
345 1229 624 1295 Filastrio,
657 1229 737 1285 cli’
761 1247 787 1284 e
815 1231 949 1288 uella
976 1229 1180 1284 librerin
1213 1229 1350 1286 delia
1377 1229 1528 1282 badia
1554 1228 1608 1280 di
1640 1227 1700 1281 S.
1726 1225 1855 1280 Ger-

235 1339 427 1392 mano,
455 1322 483 1378 ἑ
510 1322 685 1392 quello
711 1333 871 1378 stesso
909 1322 961 1376 di
999 1320 1186 1376 Corbio
1216 1321 1299 1376 del
1320 1322 1470 1393 quale
1491 1322 1534 1374 si
1557 1320 1584 1373 ἑ
1603 1319 1786 1374 servito
1817 1319 1856 1373 il

240 1416 315 1470 P.
351 1415 629 1482 Meuardo.
674 1414 828 1471 Came
849 1416 866 1470 i
890 1414 1054 1472 Padri
1081 1416 1133 1486 di
1161 1413 1352 1488 Corhia~
1383 1414 1596 1469 aveanlo
1641 1414 1858 1484 impres-

237 1520 357 1565 tata
393 1527 423 1570 a
449 1509 614 1592 questi
643 1510 868 1576 moneri,
897 1511 990 1564 che
1023 1525 1088 1564 ne
1116 1525 1335 1566 avevauo
1368 1508 1424 1564 di
1453 1508 1688 1577 bisogno,
1725 1507 1753 1564 ἐ
1786 1507 1858 1560 ri-

241 1615 420 1660 masto
449 1606 558 1676 qui,
585 1623 611 1660 e
643 1607 690 1668 ui
720 1605 945 1668 rimanti
973 1606 1087 1660 sino
1117 1622 1147 1658 a
1185 1604 1278 1658 che
1309 1604 1352 1658 si
1386 1603 1557 1658 vorrt‘t.
1592 1601 1856 1673 Equidem

244 1699 502 1769 acceptis
533 1699 842 1769 ltnjnsmodi
885 1699 1111 1764 litteris,
1153 1697 1293 1754 baud
1341 1697 1560 1756 modico
1604 1695 1857 1766 perfusus

1949 491 2005 536 et
2031 479 2283 538 distincta
2308 495 2322 544 ;
2356 489 2414 538 ut
2441 477 2606 534 etiam
2631 491 2749 546 cap.
2785 476 2886 534 ΗΟ
2915 477 2931 547 (
2948 475 3004 548 f)
3028 517 3043 539 ,
3069 474 3159 532 ubi
3185 488 3284 544 pro
3309 475 3557 544 conjunc-

1951 582 2058 626 tum
2086 570 2227 641 quod
2279 571 2474 641 legitur
2505 570 2558 624 in
2587 567 2916 624 editionibus
2953 567 3176 622 omnino
3220 565 3382 631 male,
3422 563 3556 619 Cor-

1951 663 2192 724 beiensis
2235 664 2408 718 codex
2456 672 2759 732 opportune
2799 661 3016 730 reponit
3059 658 3383 732 conjugium,
3435 656 3556 714 sine

1951 774 2055 830 qua
2088 756 2469 815 emendatione
2494 755 2644 810 locus
2671 753 2930 808 editionis
2956 748 3382 820 Ilatnburgensis
3407 747 3555 802 nullo

1954 860 2109 921 pacto
2141 849 2369 921 intelligi
2399 859 2596 919 potest.
2633 848 2768 904 Sunt
2804 847 3062 918 pleraque
3093 841 3400 916 bujusmodi
3432 855 3554 912 qua:

1953 953 2141 1016 aperte
2183 943 2498 1007 ostendunt,
2550 957 2713 1012 quam
2757 938 3030 994 immerito
3067 937 3138 992 el.
3184 935 3470 990 Fabricius
3503 934 3557 990 in

1956 1037 2280 1093 Prarfatione
2324 1036 2745 1105 llamburgensis
2791 1032 3046 1087 editionis
3090 1032 3332 1086 dixerit:
3377 1027 3559 1084 Pauca

1954 1130 2125 1186 adhuc
2163 1141 2280 1184 sunt
2313 1133 2444 1194 loca,
2478 1131 2530 1182 in
2561 1129 2743 1197 quibus
2774 1137 3006 1196 optarem
3039 1126 3203 1178 lucem
3234 1141 3264 1177 a
3296 1122 3559 1177 codicibus

1957 1242 2079 1280 mss.
2112 1240 2236 1281 cum
2275 1233 2353 1288 tot
2397 1224 2678 1294 supersint
2717 1219 2913 1276 menda
2950 1219 3002 1274 in
3055 1234 3116 1273 ea
3147 1216 3407 1277 editione.
3438 1229 3560 1283 quae

1956 1336 2060 1392 0pc
2087 1320 2436 1376 Corbeiensis
2465 1334 2567 1373 ms.
2607 1326 2796 1371 sanata
2841 1322 2985 1368 sunt.
3033 1311 3245 1382 Insigne
3294 1322 3455 1380 porro
3477 1314 3564 1362 est

1957 1413 2087 1470 illud
2133 1427 2252 1482 cap.
2288 1411 2388 1466 1M
2433 1410 2535 1482 (g),
2570 1409 2778 1463 illorum
2817 1407 3050 1478 priorum
3097 1404 3431 1465 Sanctorum,
3474 1398 3563 1468 qui

1961 1508 2300 1578 Septuaginta
2330 1507 2552 1559 duorum
2589 1504 2707 1557 aliis
2750 1502 2960 1567 modis;
3009 1499 3100 1554 ubi
3143 1496 3356 1552 defectu
3400 1494 3561 1549 unius

1959 1601 2118 1656 linea?
2149 1617 2246 1657 nec
2283 1600 2536 1668 OEdipus
2563 1599 2678 1668 ipse
2709 1596 2836 1667 quid
2869 1595 3033 1654 vellet
3062 1590 3409 1651 Pliilastrius,
3441 1589 3562 1644 sine

1960 1693 2278 1748 Corbeiensi
2303 1691 2707 1756 emendatione,
2728 1689 2942 1758 assequi
2973 1685 3265 1747 valuisset;
3286 1680 3566 1752 quomodo

243 1805 373 1844 sum
416 1788 632 1860 gaudio,
686 1791 828 1861 quod
873 1791 1114 1852 viderem
1173 1791 1540 1859 conjecturam
1581 1803 1760 1846 meam
1788 1786 1856 1842 de
1885 1785 1933 1844 B
1960 1787 2120 1842 etiam
2145 1800 2264 1855 cap.
2302 1782 2406 1839 148
2437 1783 2542 1856 (It),
2575 1782 2626 1838 in
2657 1796 2766 1851 quo
2795 1797 2895 1853 pro
2924 1793 3057 1832 voce
3087 1777 3352 1849 prazputii,
3383 1775 3567 1842 inepte

245 1883 574 1938 Corbeiensi
604 1884 726 1940 cod.
773 1893 882 1947 tam
912 1883 1173 1954 prmelare
1211 1883 1279 1938 ab
1325 1890 1518 1938 eventu
1566 1879 1856 1936 confirma-

250 1985 366 2030 tam
393 1990 409 2040 ;
442 1975 603 2030 simul
633 1977 797 2032 etiam
829 1975 1255 2030 subiitanimum
1286 1974 1490 2039 tnirari,
1514 1987 1617 2044 qua
1647 1972 1858 2028 ratione

251 2069 456 2124 summi
485 2069 586 2123 viri
634 2069 701 2126 de
730 2069 1046 2131 Corbeiensi
1081 2069 1183 2128 Itoc
1219 2069 1342 2130 cod.
1393 2069 1678 2136 loquentes
1718 2065 1857 2120 adeo

252 2159 471 2229 decepti
502 2159 742 2226 fuerint;
779 2163 1078 2231 praesertim
1119 2176 1251 2216 vero
1281 2159 1421 2230 quod
1453 2159 1732 2215 Fabricius
1759 2157 1859 2213 Pa-

255 2255 558 2326 pebrochio
599 2254 792 2320 ﬁdens,
825 2270 934 2326 quo
970 2264 1219 2325 tempore
1252 2253 1528 2316 Pbilastrii
1560 2252 1858 2308 editionem

259 2347 506 2416 parabat,
541 2345 611 2402 de
638 2346 956 2416 Corbeiensi
985 2363 1088 2404 ms.
1122 2347 1355 2404 certiora
1384 2347 1639 2412 serutari,
1672 2352 1766 2398 aut
1793 2345 1861 2398 ab

259 2456 328 2496 ro
357 2439 573 2512 aliquod
603 2440 703 2494 sibi
731 2440 1033 2500 subsidium
1077 2449 1263 2511 petere
1294 2439 1609 2509 neglexerit.
1650 2438 1862 2494 Interea

264 2539 606 2610 propositum
636 2553 828 2607 urgere
861 2554 966 2596 non
997 2537 1204 2603 destiti,
1234 2551 1298 2590 ac
1335 2534 1622 2590 Variantes
1646 2533 1863 2590 Lectio-

265 2645 364 2688 nes
391 2629 639 2700 ejusdem
667 2646 766 2696 ως.
814 2629 1048 2694 subinde
1105 2643 1362 2699 poscere,
1408 2625 1725 2695 interposita
1760 2625 1862 2696 ite.

266 2739 388 2787 rum
439 2723 868 2794 Eminentissitni
910 2723 1206 2782 cardinalis
1258 2720 1463 2787 Quirini
1509 2718 1862 2781 auctoritate;

270 2818 360 2875 hic
391 2834 526 2883 vero.
546 2818 742 2882 litteris
765 2819 834 2872 ad
861 2816 1321 2873 Montfaucomum
1346 2815 1508 2882 datis,
1539 2813 1716 2869 studio
1743 2825 1867 2868 meo

273 2915 521 2984 impense
553 2914 700 2979 lavit,
747 2928 1034 2985 quousque
1071 2911 1236 2966 varia:
1276 2910 1538 2970 lectiones
1582 2908 1713 2975 ipsa)
1745 2904 1869 2960 dili-

271 3019 459 3078 genter
481 3015 754 3082 cxcerpta:
784 3007 837 3059 in
863 3005 1067 3080 Italiam
1090 3005 1458 3067 mitterentur,
1483 3019 1602 3072 qum
1631 3016 1752 3056 cum
1784 3016 1870 3056 se-

275 3103 386 3157 rius
412 3102 484 3156 ad
512 3115 612 3156 nos
649 3099 1020 3169 pervenerint,
1061 3113 1123 3152 ac
1158 3097 1434 3158 Philasu'ii
1467 3094 1634 3152 editio
1677 3092 1867 3148 aliecta

1961 1881 2230 1942 editiones
2259 1878 2622 1936 obtrudebant
2649 1884 2906 1946 prwcepta
2930 1891 2948 1940 ;
2977 1888 3098 1928 nam
3123 1887 3190 1926 eo
3218 1871 3270 1924 in
3296 1871 3414 1924 loco
3437 1867 3565 1921 Phi-

1959 1973 2181 2032 lustrius
2224 1971 2292 2028 de
2337 1970 2590 2027 Gentium
2637 1981 2787 2040 typo,
2818 1977 2873 2022 et
2909 1965 3223 2022 Judaeorum
3261 1962 3565 2026 disserens,

1961 2066 2203 2136 pt'icputii
2230 2064 2442 2134 quippe,
2477 2072 2524 2115 et
2555 2059 2958 2114 circumcisionis
2983 2056 3284 2110 conveniens
3314 2053 3445 2106 ratio
3484 2053 3567 2107 in-

1960 2152 2276 2217 dubitanter
2316 2149 2638 2218 scripserat,
2685 2147 2760 2200 uti
2811 2156 2959 2204 reete
3012 2142 3174 2196 habet
3219 2140 3382 2197 lectio
3438 2138 3562 2194 cod.

1961 2242 2332 2300 Corbeiensis.
2364 2240 2506 2309 Quin
2551 2239 2727 2294 adhuc
2763 2239 3076 2300 etiam'non
3122 2249 3292 2303 pauca
3334 2239 3566 2298 restant,

1963 2338 2161 2408 quibus
2190 2333 2546 2392 Corbeiensis
2594 2333 2765 2389 codex
2823 2331 2958 2385 nihil
2997 2327 3225 2386 subsidii
3255 2327 3465 2393 attulit,
3511 2332 3572 2388 ut

1962 2439 2051 2484 est
2095 2427 2226 2484 illud
2265 2442 2386 2498 cap.
2432 2427 2501 2486 88
2553 2425 2674 2497 (i),
2727 2441 2846 2478 nam
2895 2421 3173 2484 Manichaei
3212 2417 3568 2489 Apocrypha;

1964 2539 2125 2594 quem
2158 2523 2336 2578 locum
2369 2521 2651 2592 Pbilastrii.
2665 2529 2984 2590 corruptum
3015 2531 3136 2571 esse
3179 2524 3464 2574 notaverat
3500 2528 3570 2570 ex

1966 2615 2262 2674 Germonio
2285 2614 2563 2674 Fabricius
2585 2627 2800 2683 quoque
2835 2612 2889 2683 (J
2915 2608 2965 2680 );
2992 2619 3046 2666 et
3074 2607 3204 2662 illud
3233 2622 3355 2676 cap.
3383 2606 3434 2660 6.
3464 2604 3570 2676 (lt),

1965 2709 2198 2782 quendam
2229 2720 2459 2778 tempora
2495 2706 2698 2762 Christo
2730 2704 2952 2760 Domino
2981 2711 3154 2757 nostra
3181 2716 3290 2760 esse
3311 2697 3571 2753 contraria

1968 2814 2223 2865 asserunt.
2251 2803 2342 2858 ubi
2374 2802 2656 2857 Fabricius
2681 2814 2777 2870 pro
2802 2797 3038 2866 quadam
3067 2806 3298 2866 tempora
3325 2792 3574 2850 scribet].

1969 2898 2094 2952 dtnn
2130 2895 2355 2966 putabat
2379 2893 2615 2965 quietiam
2655 2891 2992 2955 testimonia;
3047 2887 3188 2958 quod
3232 2896 3410 2940 tamen
3456 2884 3576 2938 sine

1971 2989 2298 3044 auctoritate
2341 3002 2470 3041 mss.
2506 2984 2671 3040 codd.
2718 2981 3023 3037 faciendum
3066 2995 3172 3034 non
3204 2994 3322 3038 esse
3365 2974 3575 3030 statuit.

1973 3075 2110 3130 Illud
2151 3075 2314 3142 etiam
2354 3088 2475 3143 cap.
2524 3071 2624 3125 122
2665 3069 2790 3143 (ι),
2826 3067 3065 3123 nondum
3106 3065 3238 3120 satis
3275 3063 3577 3133 eliquatum

271 3194 404 3262 jam,
458 3203 510 3250 ει
561 3154 954 3262 propemodum
1005 3154 1258 3250 inchoata
1289 3154 1454 3251 esset,
1508 3186 1712 3242 idcirco
1751 3194 1872 3253 ροει
1897 3176 1940 3236 C
1975 3177 2079 3234 cst,
2103 3168 2240 3238 quod
2279 3168 2374 3237 fuit
2405 3165 2611 3237 quidem
2642 3173 2754 3232 post
2795 3177 2958 3218 annos
2989 3161 3040 3213 in
3069 3156 3343 3212 Thessalia
3383 3156 3435 3207 in
3465 3154 3578 3207 loco

276 3286 440 3342 Notas
487 3287 719 3366 Fabricii
771 3285 1084 3355 posthumas
1124 3285 1180 3348 in.
1214 3281 1570 3352 appendicem
1609 3280 1872 3350 conjecta:

279 3392 401 3434 sunt
441 3380 541 3454 (α).
1265 3439 1282 3446 _

346 3475 434 3531 2|.
472 3475 530 3531 Si
559 3475 679 3545 quis
710 3490 872 3544 porro
897 3472 1040 3534 scire
1068 3470 1221 3534 velit,
1250 3470 1382 3540 quid
1401 3468 1694 3523 Pltilaslrio
1724 3482 1870 3523 etno-

282 3566 526 3634 lumenti,
561 3567 772 3624 lucisve.
809 3564 1088 3619 attulerint
1132 3565 1404 3617 variantes
1456 3562 1721 3616 lectiooes
1746 3559 1868 3616 cod.

281 3659 646 3724 Corbeiensis,
690 3658 736 3714 is
770 3657 1122 3727 Spicilegium.
1159 3669 1406 3712 noswum
1446 3652 1624 3716 adeat,
1669 3653 1722 3704 in
1766 3666 1874 3719 quo

285 3752 434 3821 plura
465 3750 738 3810 Pltilaslrii
775 3751 890 3806 loca
918 3747 1175 3812 inveniet,
1205 3762 1323 3816 qute
1356 3744 1598 3799 subsidio
1631 3759 1730 3798 ms.
1777 3741 1876 3798 Itu-

281 3845 366 3914 jus
403 3845 486 3900 vel
539 3844 805 3907 restituta,
855 3841 942 3904 vel
976 3841 1246 3910 suppleta,
1284 3839 1368 3894 vel
1399 3839 1620 3892 meliora
1665 3834 1874 3890 reddita

285 3947 422 3994 sunt.
466 3937 780 4008 IInjusmodi
822 3939 962 3997 inter
991 3937 1094 3990 alia
1123 3943 1208 3988 est
1249 3931 1383 3992 illud
1408 3948 1527 3999 cap.
1561 3927 1778 4002 47(1)),
1813 3929 1876 3990 de

266 4041 501 4094 quatuor
530 4030 814 4096 elementis,
841 4045 954 4099 qua:
989 4028 1053 4081 de
1094 4026 1294 4080 Mundo
1321 4033 1608 4090 acceperat,
1635 4023 1722 4078 ubi
1753 4038 1878 4078 sen-

288 4138 376 4177 sus
411 4122 767 4192 imperfcclus
811 4120 1036 4180 omnino
1085 4134 1148 4176 ac
1185 4117 1405 4172 mutilus
1429 4159 1442 4181 ,
1489 4132 1519 4172 a
1559 4115 1876 4171 Corbeiensi

289 4231 383 4270 ms.
409 4218 714 4282 restitutus,
733 4231 796 4272 ac
817 4216 1094 4285 suppletus
1123 4223 1207 4270 est
1229 4212 1330 4282 (c);
1357 4221 1516 4282 prout
1546 4213 1708 4266 etiam
1733 4209 1879 4271 aliud

287 4329 401 4383 (ap.
430 4308 494 4366 5|
522 4311 627 4381 (ά).
653 4310 744 4366 ubi
769 4317 946 4376 textus
972 4305 1256 4364 Philastt'ii
1284 4319 1564 4374 perperam
1587 4319 1654 4358 ex
1681 4301 1881 4358 haeresi

289 4404 680 4474 llatapbrygum
719 4398 1224 4474 pseudoprophetas
1261 4395 1492 4465 ingerit,
1540 4393 1688 4464 quod
1723 4409 1878 4450 meno

290 4499 410 4554 dum
452 4495 668 4553 auxilio
711 4493 958 4564 ejusdem
991 4491 1114 4548 cod.
1155 4497 1238 4545 est
1268 4487 1566 4548 sublatum.
1614 4485 1880 4550 Similiter

1971 3261 2234 3316 interdum
2269 3260 2504 3322 modico;
2536 3257 2780 3328 quamvis
2829 3254 3100 3322 vulgatam
3148 3248 3438 3304 lectionem
3481 3247 3579 3298 iln-

1975 3354 2192 3418 tnerito,
2236 3361 2298 3406 ut
2328 3352 2458 3404 mihi
2489 3348 2706 3418 quidem
2748 3348 2986 3409 videtur,
3031 3339 3342 3397 sollicitavit
3385 3337 3575 3392 Fabri-

1974 3446 2129 3508 cius,
2193 3458 2287 3512 pro
2334 3443 2594 3494 interdum
2655 3437 2880 3506 cupiens
2935 3435 3041 3506 legi
3095 3435 3228 3486 inter
3291 3428 3478 3484 (Etam
3531 3438 3580 3481 et

1982 3541 2231 3605 Pindum,
2272 3540 2316 3594 si
2362 3552 2490 3593 mss.
2523 3536 2751 3590 Codices
2781 3531 3230 3599 sum-agerentur.
3273 3526 3578 3582 Obscurum

1977 3649 2222 3706 quoque,
2259 3633 2360 3688 nisi
2392 3631 2529 3688 forte
2580 3627 2826 3690 \itiatutn
2860 3635 2913 3678 et
2963 3631 3282 3690 corruptum
3321 3626 3408 3674 est
3448 3616 3581 3676 illud

1977 3746 2101 3800 cap.
2143 3728 2244 3782 152
2272 3726 2393 3800 (m),
2428 3734 2482 3782 ut,
2511 3734 2557 3778 et
2588 3732 2776 3776 natura
2799 3737 2896 3774 non
2924 3734 3104 3773 exsors
3132 3714 3325 3769 Christi
3356 3712 3585 3766 muneris

1976 3828 2266 3881 inveniatur
2283 3822 2453 3880 aliena
2479 3819 2700 3888 penitus,
2725 3816 2778 3869 id
2799 3826 2870 3868 est
2903 3830 2994 3867 nec
3015 3810 3463 3869 Catechumenus;
3493 3806 3581 3870 ubi

1980 3933 2081 3978 nec
2099 3913 2447 3974 Corbeiensis
2469 3911 2662 3975 codex,
2690 3923 2789 3966 nec
2807 3905 3114 3972 Fabricius,
3141 3901 3342 3972 aliquid
3362 3902 3584 3970 juvant;

1982 4013 2060 4070 uti
2103 4011 2269 4066 etiam
2317 4007 2460 4066 aliud
2513 4020 2634 4073 cap.
2680 4001 2782 4058 150
2831 4001 2944 4072 (η),
2981 4001 3034 4052 in
3077 3997 3272 4052 Christi
3315 3994 3588 4065 pra’sentia

1975 4106 2175 4170 itidem,
2210 4114 2264 4159 et
2305 4117 2426 4171 cap.
2458 4100 2560 4158 155
2590 4098 2690 4171 (0),
2725 4107 2774 4150 et
2799 4105 2912 4166 post
2940 4092 3126 4148 Fidem
3154 4091 3345 4148 Christi
3387 4105 3580 4158 pauco-

1981 4217 2098 4258 rum.
2137 4197 2402 4254 catholica:
2423 4195 2545 4265 ﬁdei
2567 4191 2854 4266 gignendo,
2878 4188 3060 4243 electio
3086 4205 3100 4248 ;
3133 4186 3333 4256 quibus
3364 4184 3416 4236 in
3451 4182 3585 4238 locis

1982 4292 2207 4348 omnino
2229 4289 2400 4348 haeret
2420 4302 2564 4356 aqua
2587 4303 2598 4338 :
2625 4299 2687 4338 ac
2706 4283 2805 4337 nisi
2831 4281 3262 4335 fortesuccurrat
3283 4274 3420 4332 alter
3438 4271 3589 4340 quis-

1984 4388 2127 4457 piam
2154 4399 2255 4440 ms.
2281 4382 2462 4446 Codex
2483 4378 2623 4440 unde
2650 4385 2858 4437 erutus,
2890 4388 2996 4426 non
3028 4370 3184 4424 facile
3215 4367 3424 4438 quivis,
3460 4365 3589 4420 licet

1985 4455 2192 4552 ingenti
2222 4475 2378 4536 felix,
2411 4481 2466 4534 et
2507 4465 2850 4538 conjectandi
2883 4463 3146 4534 peritior,
3179 4460 3246 4516 ab
3279 4455 3591 4527 lmjusmodi

292 4593 607 4661 depravatus
653 4561 772 4644 erat
829 4599 1052 4656 prorsus
1104 4584 1156 4638 in
1207 4580 1540 4644 editionibus
1595 4580 1746 4634 locus
1791 4577 1881 4642 ille
1908 4563 2047 4627 Dse
2077 4566 2397 4636 ambagibus
2428 4561 2707 4632 expediat.

293 4698 386 4754 cap
412 4681 482 4740 66
512 4683 529 4754 (
554 4680 624 4752 e)
651 4699 664 4736 :
689 4680 1020 4748 Serupiterna
1050 4674 1330 4735 similitudo
1358 4675 1527 4744 itaque
1557 4669 1687 4726 Filii
1721 4682 1770 4725 et
1803 4687 1881 4736 se-

292 4779 510 4833 cundum
540 4794 718 4848 apem,
753 4776 882 4832 licet
907 4770 1188 4831 Fabricius
1213 4768 1347 4824 nihil
1374 4767 1442 4822 de
1471 4766 1574 4821 hoc
1600 4764 1731 4820 vitio
1772 4777 1886 4819 mo-

295 4882 440 4928 neret
465 4887 479 4936 ;
505 4880 562 4926 at
582 4865 932 4926 Corbeiensis
961 4865 1122 4924 lectio
1150 4877 1319 4931 parvo
1343 4857 1562 4928 negotio
1583 4855 1841 4912 emendat
1873 4874 1886 4910 :

295 4964 614 5036 Sempiterna
643 4959 930 5026 similitudo
955 4958 1125 5028 itaque
1148 4951 1276 5007 Filii
1304 4961 1376 5008 est
1401 4949 1683 5010 secundum
1709 4963 1886 5018 opera,

362 5099 437 5174 (a_)
469 5097 770 5174 Habes_eas
825 5093 1035 5174 p_._l§2,
1068 5085 1690 5174 unacmnepistola
1717 5085 1886 5168 dean-

297 5158 381 5226 nis‘
397 5158 643 5240 Raverdy
657 5158 908 5222 Monaebi
931 5158 1357 5240 Benedictiniad
1377 5158 1882 5240 EminentiSsimum

297 5228 630 5299 cardinaletrf
664 5240 947 5306 Quirinum
991 5231 1528 5306 missa.-—Nus_vero
1568 5229 1664 5286 has
1705 5228 1885 5306 varias

300 5316 550 5386 lectiones
579 5311 644 5365 ad
675 5301 998 5386 paginarum
1023 5307 1223 5386 calcem
1257 5301 1539 5386 attulimus
1559 5341 1571 5362 ,
1608 5309 1664 5353 ut
1709 5303 1886 5354 moni-

299 5396 378 5440 tus
406 5401 488 5451 es,
519 5377 710 5446 lector,
735 5377 839 5434 col.
864 5377 1021 5451 1095.
1053 5377 1230 5451 not.b.
1261 5377 1420 5430 Enn.

363 5457 435 5528 (li)
477 5447 588 5528 Hoc
616 5461 779 5528 caput
801 5450 972 5528 textui
1006 5447 1380 5528 restituimus,
1411 5455 1536 5498 nota
1574 5453 1750 5528 tamen
1784 5456 1882 5511 pe-

300 5515 480 5584 culiari
511 5515 774 5595 originem
805 5521 924 5595 ejus
953 5517 1606 5595 adscititigmjignantes.
1665 5515 1815 5570 lint'r.
1875 5529 1892 5582 ς

367 5601 434 5738 qc)
477 5586 742 5676 Vidfliuj:
772 5586 900 5674 edit.
936 5592 1040 5644 cui.
1076 5588 1233 5641 1165.
1264 5586 1419 5642 Ε’ῡιτ.

395 5670 450 5738 d)
486 5665 606 5738 Yid.
639 5663 752 5738 bu].
781 5661 910 5738 edit.
939 5655 1416 5738 cel._ll§7._Emr.

395 5655 450 5810 (1,;
486 5665 606 5748 vid.
639 5655 752 5748 hui.
781 5661 910 5716 edit.
939 5661 1042 5714 col.
1078 5655 1234 5714 “67.
1263 5657 1416 5711 Eutr.

401 5757 427 5792 e
490 5735 614 5810 yid.
639 5733 759 5810 bu].
789 5732 876 5810 ed.
904 5731 1018 5810 eol._
1044 5731 1209 5810 1399.,
1236 5730 1393 5810 Εριτ.

401 5743 448 5810 e)
491 5743 614 5794 Via.
646 5743 759 5792 hu'.
789 5743 876 5791 ea.
904 5743 1009 5790 σοι.
1044 5743 1204 5791 uno.
1236 5743 1393 5789 uati.

379 5743 448 5894 lt)
490 5807 610 5870 Viti.
639 5750 755 5885 bal.
778 5805 911 5867 edit.
939 5803 1044 5866 col.
1076 5802 1236 5865 ΝΒ.
1260 5802 1414 5866 Εῡιτ.

1994 4665 2022 4735 ς
2054 4662 2139 4722 ιγ.
2188 4660 2262 4720 De
2310 4674 2399 4712 sea:
2428 4655 2678 4730 capitibus
2715 4647 2984 4704 Philastrii
3015 4661 3179 4715 nuper
3206 4645 3263 4706 in,
3299 4638 3594 4698 Corbeiensi

2608 4764 2704 4802 ins.
2733 4743 2970 4800 inventis.

2061 4849 2154 4906 22.
2195 4845 2454 4916 Quatmis
2485 4851 2597 4902 tam
2634 4842 2860 4912 multas,
2893 4850 3096 4906 easque
3126 4831 3372 4904 egregias
3401 4843 3590 4884 emen-

1993 4945 2242 5002 dationes
2286 4941 2576 5006 Pliilastrio
2627 4935 2935 4993 exhibuerit
2981 4929 3334 4988 Corbeieusis
3382 4925 3594 4992 codex,

2062 5083 2138 5154 (ρ)
2179 5082 2301 5154 Vid.
2329 5080 2443 5154 lini.
2469 5079 2599 5154 edit.
2631 5078 2736 5154 col.
2763 5072 2919 5154 127g.
2955 5073 3108 5154 Eprr.

2338 5145 2448 5226 Im].
2484 5149 2613 5226 edit.
2643 5147 2749 5226 cui.
2967 5145 3121 5226 Eutr.

2172 5225 2309 5296 ind.
2337 5216 2448 5296 [tu].
2477 5219 2742 5296 t‘tllI:_C().l__.
2776 5216 2932 5272 “2:9.
2967 5216 3119 5296 ξυιτ.

2060 5277 2292 5370 ij)’cou.
2340 5277 2550 5370 ᾼιῖςιςιςτ⁵
2589 5289 2651 5344 Ν.
2689 5288 3005 5370 annuat-qs
3030 5327 3068 5366 ,.
3097 5301 3145 5370 ι).
3182 5282 3306 5370 sas.
3335 5311 3404 5320 -
3431 5277 3590 5334 (,onf,

1985 5355 2576 5443 hllj:,_etll_l_..(ful.-.I290,
2611 5367 2722 5443 not.
2760 5358 2897 5443 Nam
2924 5355 3222 5443 llII‘anic/twi.
3259 5355 3408 5408 Eon.

2063 5429 2137 5511 (ις)
2180 5436 2298 5490 \‘id.
2327 5435 2437 5502 Ituj.
2463 5434 2595 5487 edit.
2624 5432 2730 5485 col.
2757 5429 2915 5486 ttae.
2949 5429 3104 5482 Eon.

2069 5510 2136 5564 tll
2178 5507 2298 5564 Vid.
2327 5506 2439 5564 hui.
2467 5503 2598 5564 edit.
2629 5503 2736 5557 col.
2771 5501 2927 5555 1⁸247.
2967 5502 3098 5554 hair

2286 5547 2298 5558 .
2327 5525 2439 5558 "Ill.
2467 5525 2598 5558 eu-tt.
2629 5525 2736 5557 CUI.
2771 5525 2927 5555 ιῑιυ.
2968 5525 3122 5554 ικυινιιν.

2092 5511 2136 5579 ιλ
2178 5511 2298 5564 Vid.
2327 5511 2439 5574 Im}.
2467 5511 2598 5564 edit.
2629 5511 2736 5557 col.
2771 5511 2927 5555 T247.
2968 5511 3122 5554 Itbt't‘.

2092 5581 2168 5659 m_)
2350 5575 2470 5659 μυ).
2653 5575 2756 5659 co_l.
2974 5570 3138 5659 Spir.

2075 5639 2163 5724 lu),
2197 5651 2317 5724 yid.
2349 5639 2460 5724 lini.
2487 5646 2618 5724 edit.
2642 5645 2747 5724 col.
2783 5643 2937 5724 {2.919;
2974 5639 3125 5724 Enbl't‘.

2075 5712 2153 5798 (ο)
2196 5721 2314 5779 Vid.
2351 5712 2462 5796 hu].
2497 5718 2627 5778 edit.
2662 5718 2765 5776 col.
2800 5715 2960 5775 1295.
2993 5712 3145 5773 Eutr.
