4024 6192
508 229 653 287 1087

1757 230 2070 292 SANCTUS
2102 231 2554 294 PHILASTRIUS

3661 244 3762 302 1088

504 344 684 415 major
705 343 883 401 adhuc
908 343 1115 400 utilitas
1144 358 1210 401 ex
1238 358 1306 400 eo
1332 345 1687 403 nihilominus
1716 358 1973 419 percepta
1999 356 2104 414 est,
2134 366 2188 429 Α
2213 363 2430 415 Lxxxtv,
2462 349 2714 406 subditur
2743 348 2972 417 ibidem,
3010 351 3127 408 sub
3161 366 3223 408 η.
3258 365 3494 416 Lxxxn,
3524 340 3701 411 haeresis
3716 359 3764 415 de

509 439 655 511 quod
694 440 1044 496 Philastrium
1087 441 1354 498 hactenus
1398 442 1816 514 imperfectum,
1858 452 1914 499 et
1951 444 2113 498 muti-

508 536 645 603 lum,
696 536 993 608 perfectum
1037 545 1199 609 atque
1245 538 1514 609 integrum
1562 540 1721 595 nobis
1761 538 1929 595 dedit.
1975 538 2111 593 Cum

513 633 656 689 enim
690 632 1045 701 Philastrius,
1073 633 1378 703 Augustino
1410 642 1576 701 teste,
1610 634 1663 689 in
1697 644 1916 689 centum
1956 633 2113 703 quin-

512 728 769 798 quaginta
809 741 905 782 sex
950 727 1129 798 capita
1172 728 1320 797 Opus
1347 742 1504 783 suum
1542 727 1914 793 distinxisset,
1949 742 2015 781 ex
2047 725 2115 780 iis

512 827 730 875 centum
759 819 1041 875 dumtaxat
1071 830 1125 875 et
1157 820 1544 891 quinquaginta
1572 820 1623 875 in
1656 818 1985 875 editionibus
2019 833 2117 888 ap-

512 912 794 983 parebant.
821 912 999 968 Locus
1021 902 1307 983 Augustini
1332 923 1480 983 patet
1508 914 1560 968 in
1586 913 1813 983 epistola
1838 912 1905 967 ad
1933 911 2117 980 ρυοάρ

509 1006 791 1062 vnltdeum
819 1006 939 1076 ejus
968 1006 1215 1076 catalogo
1243 1006 1311 1061 de
1342 1006 1652 1062 Hmresibus
1685 1008 1960 1077 przemissa
1987 1006 2065 1079 (a)
2098 1022 2111 1058 :

513 1097 833 1153 Philastrius
877 1099 1089 1168 quidam
1136 1097 1419 1152 Brixiensis
1467 1100 1774 1168 episcopus,
1806 1115 1955 1167 quem
2000 1116 2115 1152 cum

518 1196 581 1251 S.
619 1193 886 1248 Ambrosio
926 1192 1213 1248 Mediolani
1251 1195 1405 1249 etiam
1445 1196 1553 1266 ipse
1586 1193 1719 1259 vidi,
1752 1195 1955 1264 scripsit
1996 1194 2115 1247 hinc

512 1287 720 1353 librum,
753 1304 845 1341 nec
875 1288 995 1343 illas
1021 1288 1237 1342 hiet-eses
1267 1290 1664 1360 pra’termittens
1693 1304 1807 1358 qua:
1840 1289 1893 1342 in
1922 1289 2115 1358 populo

513 1379 703 1435 ludam
744 1385 953 1449 fuerunt
998 1391 1115 1436 ante
1142 1384 1417 1435 adventum
1449 1380 1696 1447 Domini,
1726 1398 1908 1451 easque
1942 1396 2115 1435 xxvm

514 1476 972 1540 commemoravit;
1001 1484 1049 1528 et
1076 1485 1192 1547 post
1225 1474 1432 1528 Domini
1463 1475 1736 1528 adventum
1773 1489 1998 1529 cxxvm.
2033 1473 2114 1527 Ex

516 1576 748 1638 utroque
772 1566 940 1637 igitur
961 1582 1192 1622 numero
1219 1566 1583 1624 coniiciuntur
1608 1576 1824 1622 centum
1855 1567 2119 1636 quinqua-

508 1659 656 1730 ginta
689 1674 783 1713 sex
826 1659 1064 1714 hmreses
1106 1674 1202 1715 seu
1230 1652 1449 1715 centum
1477 1660 1864 1730 quinquaginta
1896 1673 1991 1714 sex
2029 1673 2116 1712 ca-

2212 442 2415 513 duplici
2438 444 2571 511 Deo,
2594 453 2649 500 et
2664 446 2937 501 sententia
2961 445 3208 511 diaboli;
3231 460 3364 517 cap.
3393 445 3495 501 114
3525 448 3763 525 (ηοὸὶευϐ)

2213 535 2354 605 quod
2382 546 2466 591 cst
2489 536 2552 590 de
2578 538 2705 592 Ade:
2732 548 2781 592 et
2818 538 2937 594 Eva:
2960 541 3231 605 cwcitate,
3261 540 3320 593 in
3351 555 3457 595 ms.
3487 556 3537 594 n.
3574 557 3764 612 Lxxxm,

2213 631 2519 685 occurritin
2549 634 2741 687 eodem
2777 649 2877 687 ms.
2909 652 2962 690 η.
2988 650 3275 701 Lxxxvm,
3303 635 3410 692 alia
3446 636 3648 692 hmresis
3668 641 3767 695 circa

2217 722 2427 778 tunicas
2452 725 2732 796 pellieeas,
2763 742 2896 798 quas
2912 728 3191 783 Dominus
3229 728 3363 783 fecit
3392 730 3574 799 primis
3598 734 3768 799 parenti-

2216 816 2317 873 bus
2348 828 2469 889 post
2497 820 2992 888 praevaricationem
3018 838 3032 887 ;
3063 831 3127 877 et
3160 837 3289 893 cap.
3352 822 3456 879 156
3494 823 3767 895 (nobis139).

2218 912 2271 966 in
2332 928 2438 981 quo
2489 914 2667 981 agitur
2693 915 2756 968 de
2809 923 3027 984 quatuor
3067 916 3409 968 animalibus
3448 916 3502 968 in
3544 914 3770 987 Propheta,

2219 1016 2547 1077 notaturque
2587 1008 2641 1061 in
2686 1024 2787 1063 ms.
2830 1025 2885 1063 n.
2934 1025 3096 1069 cvm,
3148 1026 3212 1064 n.
3258 1025 3371 1071 cur,
3416 1009 3643 1079 ejusdem
3680 1011 3771 1066 Cor-

2218 1099 2456 1154 beiensis
2484 1115 2587 1154 ms.
2617 1099 2849 1156 habetur
2877 1100 3111 1157 hzeresis
3144 1102 3220 1156 de
3246 1102 3342 1156 dic
3375 1102 3774 1173 Epiphaniorum,

2216 1207 2338 1261 quae
2366 1193 2546 1247 omnia
2587 1193 2641 1247 in
2684 1193 2846 1248 editis
2876 1194 3097 1249 desunt.
3147 1194 3248 1250 Sic
3297 1194 3353 1248 in
3385 1193 3539 1250 editis
3569 1203 3671 1264 post
3692 1210 3771 1264 cap.

2218 1283 2671 1355 146(nobi3150),
2700 1286 2752 1339 in
2776 1302 2876 1341 ms.
2904 1302 3049 1352 CXIX,
3083 1286 3242 1358 quod
3268 1296 3356 1341 est
3385 1286 3450 1340 de
3467 1287 3689 1339 uxoribus
3709 1287 3777 1340 Su-

2220 1377 2460 1444 lomonis,
2490 1378 2733 1433 succedit
2760 1393 2884 1449 cap.
2928 1377 3031 1434 M7
3060 1379 3251 1450 (nobis
3282 1378 3444 1449 152),
3475 1378 3537 1433 de
3562 1380 3775 1449 spiramine

2217 1469 2356 1536 quod
2383 1469 2547 1521 Adam
2568 1470 2799 1539 accepit;
2822 1480 2876 1524 at
2899 1471 2949 1524 in
2980 1484 3082 1525 ms.
3113 1472 3487 1526 interseritur
3508 1488 3557 1525 n.
3595 1487 3680 1525 cxx
3703 1470 3777 1524 ha-

2222 1560 2356 1616 resis
2386 1561 2453 1615 de
2475 1562 2913 1633 cultrislapideis
2954 1575 3007 1618 et
3038 1565 3482 1620 circumcisione
3502 1564 3771 1623 Judmorum;

2222 1663 2383 1725 prout
2414 1654 2577 1709 etiam
2597 1669 2717 1726 cap.
2752 1656 2854 1711 148
2878 1656 3044 1728 (nobis
3069 1655 3230 1727 155),
3257 1657 3353 1711 ubi
3376 1658 3427 1712 in
3448 1656 3599 1711 editis
3619 1656 3775 1725 ponitur

510 1751 643 1819 pila,
673 1764 741 1803 ex
765 1749 962 1820 quibus
990 1750 1312 1805 Philastrius
1340 1751 1535 1805 librum
1566 1750 1629 1803 de
1660 1749 1961 1805 Haresibus
1986 1765 2119 1805 con-
2150 1752 2195 1812 Β
2223 1746 2446 1801 ltzcresis
2476 1746 2544 1802 de
2587 1747 2822 1818 funiculo
2864 1750 3129 1803 memoria
3172 1749 3232 1802 in
3264 1747 3528 1803 Zacharia
3557 1746 3773 1815 PrOphetu,

508 1844 863 1909 cinuaverat;
896 1842 1040 1914 quod
1085 1842 1304 1914 quidem
1343 1844 1696 1899 conﬁrmatur
1734 1845 1898 1900 etiam
1939 1860 2006 1900 ex
2053 1861 2119 1901 eo

506 1935 652 2007 quod
680 1935 959 2007 Catalogus
985 1951 1161 1989 eorum
1182 1937 1272 2005 qui
1293 1945 1414 1990 ante
1441 1936 1715 1991 adventum
1741 1936 1934 1991 Christi
1957 1937 2119 1991 hiare-

506 2047 621 2087 seos
664 2041 977 2101 arguuntur,
1025 2046 1054 2085 a
1100 2029 1394 2086 Philastrio
1442 2031 1598 2085 initio
1648 2029 1841 2101 Operis
1884 2030 2120 2085 colloca-

508 2134 631 2190 tus,
663 2140 727 2180 ac
769 2125 1027 2180 desinens
1079 2126 1132 2180 in
1183 2124 1526 2190 Herodianis,
1586 2123 1772 2194 viginti
1814 2132 1941 2179 octo
1971 2124 2121 2193 capi-

510 2216 685 2280 tibus,
742 2230 838 2271 seu
899 2215 1202 2271 haeresibus
1254 2225 1507 2283 constet,
1556 2223 1614 2269 ut
1647 2216 1810 2271 etiam
1868 2216 2120 2284 Augusti-

509 2323 613 2363 nus
649 2307 913 2374 aflirmat;
943 2308 1168 2379 reliqua:
1197 2323 1326 2363 vero
1359 2308 1599 2365 haereses
1627 2316 1740 2364 tum
1771 2318 1893 2379 post
1917 2308 2117 2364 Christi

509 2403 825 2467 adventum,
856 2413 968 2455 tum
997 2402 1161 2457 etiam
1188 2417 1309 2472 quae
1339 2402 1439 2456 sub
1462 2401 1741 2472 Apostolls
1769 2403 2116 2471 exstiterunt,

508 2506 865 2552 numerentur
886 2495 939 2551 in
962 2495 1124 2551 editis
1144 2505 1367 2551 centum
1387 2496 1671 2552 dumtaxat
1690 2507 1746 2553 et
1763 2497 1948 2568 viginti
1972 2498 2116 2567 duae,

507 2603 628 2643 cum
664 2596 844 2643 tamen
878 2590 1182 2659 Augustino
1219 2590 1467 2644 dicantur
1494 2598 1711 2645 centum
1746 2590 1937 2661 viginti
1969 2598 2115 2658 octo,

508 2684 599 2751 qni
632 2681 877 2751 profecto
903 2697 1167 2737 numerus
1192 2682 1473 2753 reponitur
1499 2682 1567 2737 ab
1592 2681 1787 2737 eodem
1813 2684 2118 2753 Augustino

507 2776 675 2829 etiam
709 2790 828 2845 cap.
859 2776 925 2830 41
964 2774 1088 2829 libri
1129 2790 1224 2830 seu
1257 2776 1487 2847 catalogi
1519 2792 1678 2846 quem
1709 2776 1776 2831 de
1809 2777 2119 2834 llmresibus

509 2868 858 2937 conscripsit.
907 2868 1210 2938 Augustino
1257 2870 1604 2923 consentiunt
1651 2870 1985 2936 posteriores
2027 2871 2115 2939 qui

510 2958 857 3039 Philastriani
890 2960 1084 3030 Operis
1116 2962 1481 3017 meminerunt
1513 2980 1525 3014 :
1566 2970 1756 3017 auctor
1787 2963 2117 3032 Appendicis

508 3051 574 3106 θοι
616 3050 947 3107 lldel‘onsum
980 3053 1048 3107 de
1077 3053 1451 3123 Scriptoribns
1474 3053 1874 3109 Ecclesiasticis
1903 3071 2021 3125 cap.
2059 3058 2114 3125 5,

2220 1857 2341 1912 quae
2374 1842 2425 1896 in
2460 1858 2562 1896 ms.
2594 1842 2825 1897 habetur
2852 1858 2906 1897 n.
2934 1858 3110 1909 cxxn,
3145 1842 3301 1898 idem
3339 1858 3446 1896 ms.
3474 1840 3716 1896 codexsub
3737 1856 3773 1892 η.

2221 1951 2386 1991 cxxttt
2400 1936 2790 2007 subjicitaliam
2807 1938 3059 1992 haeresim
3074 1936 3150 1992 de
3166 1937 3372 1991 avibus
3387 1935 3521 1990 Elite
3534 1935 3772 1989 ministrau-

2224 2029 2388 2095 tibus;
2408 2030 2607 2099 quibus
2626 2030 3022 2100 supplementis
3036 2030 3298 2095 defectus
3340 2043 3433 2084 sex
3456 2028 3668 2098 capitum
3687 2025 3772 2078 Phi-

2223 2120 2467 2175 lastriani
2492 2120 2688 2192 Operis
2716 2121 2933 2192 penitus
2950 2123 3367 2186 restituitur,ac
3392 2118 3608 2192 proinde
3627 2115 3772 2171 beneﬁ-

2221 2214 2309 2269 cio
2352 2215 2696 2270 Corbeiensis
2726 2216 2955 2282 codicis,
2986 2215 3356 2270 Philastrium
3401 2214 3645 2268 hactenus
3669 2224 3772 2262 mau-

2220 2324 2341 2364 cum
2360 2320 2415 2364 et
2429 2309 2829 2379 imperfectum,
2852 2310 3124 2380 integrum
3140 2325 3209 2364 ac
3230 2308 3536 2379 perlectum
3552 2304 3769 2359 habemus.

2291 2401 2383 2457 25.
2425 2400 2693 2469 Quoniam
2722 2417 2851 2458 vero
2880 2402 2949 2457 de
2980 2402 3047 2457 iis
3076 2418 3207 2472 qua:
3239 2403 3296 2456 in
3339 2415 3438 2455 sex
3477 2399 3587 2453 istis
3613 2394 3768 2450 Philas-

2221 2494 2414 2549 trianis
2444 2495 2709 2564 capitibus
2743 2503 3149 2566 proponuntur,
3185 2510 3367 2566 pauca
3398 2489 3689 2553 admodum,
3713 2484 3768 2539 vel

2222 2587 2352 2642 nihil
2385 2589 2607 2642 omnino
2636 2588 3001 2643 delibavimns
3032 2588 3086 2643 in
3120 2587 3429 2657 Spicilegio
3457 2592 3643 2645 nostro,
3665 2574 3766 2648 quod

2221 2679 2556 2735 variantibus
2601 2680 2926 2735 lectionibus
2963 2679 3331 2735 Corbeiensis
3374 2692 3477 2733 ms.
3516 2672 3763 2743 subjicitur;

2221 2789 2328 2829 non
2371 2774 2475 2828 erit
2505 2784 2633 2843 puto
2674 2775 3096 2844 inopportunum
3130 2772 3400 2828 nonnulla
3429 2771 3515 2825 hic
3542 2772 3763 2823 annotare,

2220 2880 2341 2936 quae
2370 2875 2481 2919 tum
2514 2866 2649 2935 ipsis
2678 2866 2946 2937 capitibus
2991 2865 3265 2936 majorem
3305 2868 3484 2922 lucem
3516 2856 3759 2915 adnodant.

2223 2968 2333 3012 tum
2366 2959 2530 3013 etiam
2574 2958 2849 3013 Philastrii
2892 2975 3156 3027 sensum,
3202 2960 3273 3015 de
3314 2959 3379 3014 iis
3408 2969 3526 3027 qua:
3552 2947 3759 3005 tunclor-

2220 3058 2366 3105 tasse
2396 3052 2565 3122 magis
2596 3052 2919 3107 obtinebant
2949 3053 3266 3118 sententiis,
3301 3048 3539 3121 aperiant
3561 3051 3608 3097 et
3649 3047 3759 3109 pale-

507 3142 599 3209 qui
641 3144 717 3198 ait
743 3161 757 3197 :
793 3143 1112 3199 Pliilastrius
1136 3143 1426 3199 Brixiensis
1451 3147 1723 3217 episcopus
1747 3144 1908 3201 edidit
1932 3148 2119 3202 librum
2146 3141 2190 3202 C
2222 3143 2444 3198 faciant.
2472 3145 2642 3213 lgitur
2672 3147 2725 3200 in
2757 3162 2858 3202 ms.
2890 3145 3212 3202 Corbeiensi
3238 3187 3254 3210 ,
3289 3161 3343 3198 n.
3372 3154 3568 3198 uxvtt,
3599 3131 3754 3203 poﬂill"

507 3235 577 3291 de
607 3235 939 3302 Hmresibus,
967 3237 1203 3307 singulas
1230 3254 1456 3308 quasque
1485 3239 1838 3293 demonstrans
1868 3240 1974 3294 sive
2000 3257 2116 3309 qua:

506 3329 562 3382 in
611 3330 804 3399 populo
836 3327 1139 3383 Judwornm
1179 3339 1297 3384 ante
1338 3329 1755 3385 lncarnationem
1783 3329 1976 3386 Christi
2005 3332 2117 3401 [ue-

506 3434 657 3491 runt,
693 3440 821 3494 quas
854 3424 1036 3493 viginti
1064 3435 1177 3479 octo
1205 3436 1467 3479 enumerat
1504 3443 1522 3480 :
1557 3427 1661 3480 sive
1701 3443 1815 3497 qua:
1859 3437 1972 3497 post
2004 3425 2115 3480 Do-

507 3519 635 3571 mini
679 3517 965 3572 Salvatoris
1011 3518 1285 3573 adventum
1329 3521 1575 3573 adversus
1611 3522 1917 3576 catholicam
1959 3522 2116 3591 ﬁdem

505 3621 700 3665 exorta:
727 3620 874 3677 sunt,
913 3628 1042 3681 quas
1079 3622 1285 3666 centum
1325 3613 1505 3685 viginti
1544 3623 1656 3667 octo
1699 3631 1808 3668 esse
1845 3615 2116 3681 describit;

506 3703 747 3773 itemque
773 3702 1015 3757 Joannes
1045 3702 1378 3759 Trithemius
1403 3706 1469 3761 de
1501 3705 1871 3776 Scriptoribus
1903 3708 2113 3764 Eccles.

505 3810 628 3864 cap.
663 3794 764 3860 84,
795 3796 883 3851 ubi
925 3797 994 3852 de
1033 3796 1323 3853 Philastrio
1352 3800 1582 3868 loquens
1616 3818 1627 3852 :
1666 3799 1874 3866 Fertur,
1908 3802 2115 3872 inquit,

504 3886 650 3939 beato
678 3888 962 3957 Augustino
987 3897 1226 3956 testante,
1253 3893 1366 3962 ejus
1395 3892 1596 3961 insigne
1622 3892 1766 3961 Opus
1793 3895 1930 3963 quod
1951 3895 2118 3963 scrip-

503 3981 571 4034 sit
601 3981 665 4033 de
700 3991 902 4034 centum
933 3982 1307 4055 quinquaginta
1336 4001 1426 4038 sea:
1465 3985 1770 4041 hwresibus.
1802 3986 1886 4041 Cl.
1928 3988 2114 4042 Fabri-

503 4074 625 4129 cius
652 4074 705 4128 in
733 4074 1086 4129 Testimoniis
1127 4077 1193 4130 de
1234 4076 1556 4145 Pbilastrio,
1590 4079 1680 4134 ubi
1712 4082 1997 4150 Augustini
2032 4083 2113 4137 lo~

502 4180 626 4220 cum
661 4167 906 4237 protulit,
933 4182 997 4221 ex
1022 4182 1130 4237 quo
1161 4183 1420 4224 numerus
1448 4169 1730 4225 haereseon
1758 4187 1879 4241 quae
1920 4188 1950 4227 a
1989 4174 2117 4228 Phi-

502 4259 692 4314 lastrio
730 4271 1111 4329 recensentur,
1140 4263 1442 4334 colligitur,
1473 4264 1773 4321 desiderari
1805 4280 1905 4322 sex
1937 4268 2114 4337 capita

501 4352 971 4420 animadvertens,
1004 4357 1240 4425 conjecit
1270 4372 1332 4412 ea
1371 4366 1648 4427 postremo
1677 4357 1872 4428 Operis
1905 4358 2117 4414 Philas-

503 4443 664 4498 triani
709 4447 829 4502 loco
860 4448 1054 4503 deesse
1083 4466 1096 4501 :
1129 4447 1386 4503 Credibile
1414 4461 1488 4504 est
1513 4451 1683 4523 capita
1710 4461 1967 4521 postrema
1998 4452 2115 4506 libri

2217 3236 2441 3291 haeresis
2479 3238 2546 3292 de
2588 3240 2693 3294 line
2730 3238 2919 3294 mundi
2970 3248 3026 3295 et
3067 3235 3541 3294 consummatione
3589 3221 3753 3282 seculi.

2216 3345 2323 3400 qva
2368 3331 2614 3385 nonnulli
2672 3332 3029 3389 autumabant
3058 3340 3358 3401 temporum
3414 3320 3750 3393 deﬁnitionem

2218 3423 2330 3478 Deo
2360 3423 2565 3479 Christo
2599 3424 2873 3480 Salvatorc
2900 3426 3062 3497 fuisse
3088 3435 3361 3480 statutam.
3400 3420 3470 3475 At
3504 3407 3751 3470 l’bilaslri"S

2220 3517 2471 3587 rejiciens
2516 3520 2843 3573 sententiam
2893 3520 3088 3582 istam,
3132 3533 3261 3589 qua:
3303 3524 3502 3570 certum
3544 3508 3745 3560 annomm

2221 3623 2507 3665 numerum
2544 3610 3062 3676 consummationis,
3107 3619 3160 3663 et
3206 3626 3310 3664 non
3340 3608 3480 3680 plus,
3507 3616 3595 3654 non
3627 3592 3747 3645 ηιὶηκε

2220 3700 2458 3756 futurum
2491 3703 2834 3772 Opinabatur,
2867 3703 2944 3756 ait
2969 3702 3106 3772 quod
3133 3702 3402 3773 propheta:
3428 3692 3625 3759 undique
3648 3694 3744 3779 auit-

2219 3795 2452 3849 tiaverint
2475 3797 2609 3849 circa
2631 3796 2735 3852 500
2755 3813 2947 3850 annum
2967 3796 3082 3864 ﬁeri
3105 3789 3582 3849 consummationem
3599 3771 3742 3831 “mihi

2219 3899 2266 3942 et
2293 3889 2367 3941 sic
2393 3887 2670 3941 Dominum
2701 3890 2764 3942 de
2796 3889 2933 3943 (telis
2962 3889 3149 3941 iterum
3183 3887 3442 3940 advenire.
3478 3877 3584 3931 ﬂare
3610 3873 3739 3960 autent

2220 3978 2496 4033 Pbilastrii
2525 3980 2794 4035 sententia
2822 3995 2890 4033 eo
2915 3978 3181 4049 principio
3216 3977 3502 4034 nitebatur,
3526 3959 3641 4034 qund
3662 3959 3740 4023 Ρη·

2217 4069 2322 4126 mis
2370 4070 2626 4124 Ecclesiae
2674 4071 2891 4126 smculis
2920 4048 3189 4125 omnibus
3243 4070 3357 4123 fere
3408 4056 3623 4118 Panibus
3655 4048 3738 4099 erit!

2218 4178 2541 4230 commune;
2589 4165 2846 4221 mundum
2885 4166 3095 4221 scilicet
3134 4181 3235 4220 sex
3281 4159 3505 4218 millibus
3538 4150 3737 4230 annumin

2218 4271 2249 4311 a
2288 4258 2566 4313 creatione
2602 4257 3088 4313 consummandum
3132 4272 3258 4313 esse
3282 4298 3295 4320 ,
3325 4254 3390 4309 de
3423 4259 3519 4318 quo
3555 4227 3735 4306 ΕΡῘ⁵¹⁰¹³

2219 4348 2482 4405 Barnabm
2516 4352 2736 4406 nomine
2779 4351 3037 4420 inscripta
3078 4366 3199 4420 cap.
3236 4348 3323 4413 15,
3352 4346 3567 4401 lrenmus

2218 4460 2311 4500 sus
2344 4444 2580 4500 haereses
2608 4445 2701 4500 lib.
2734 4461 2765 4496 v
2795 4458 2914 4514 cap.
2946 4444 3038 4510 28,
3070 4443 3383 4501 Lactantius
3411 4435 3494 4491 lib.
3517 4442 3575 4481 vn
3602 4423 3729 4514 bivia.

505 4534 785 4592 Philostrii
808 4580 824 4606 ,
856 4540 910 4593 in
937 4556 1039 4609 quo
1069 4540 1273 4595 nullum
1309 4511 1871 4616 clausulte'vestiqium,
1905 4546 2113 4600 interci—
2140 4536 2194 4597 D
2218 4536 2392 4591 InSIit.
2446 4552 2567 4607 cap.
2616 4536 2682 4590 M
2725 4547 2779 4591 et
2822 4535 2915 4600 25,
2962 4536 3302 4592 Gaudentius
3345 4536 3537 4616 noster,
3559 4511 3728 4616 aliique:

502 4630 659 4684 disse.
686 4631 755 4685 At
797 4647 985 4702 parum
1011 4634 1239 4689 feliciter
1254 4635 1564 4690 clarissimo
1577 4635 1693 4691 viro
1713 4638 1877 4693 cessit
1897 4638 2113 4707 conjec.

505 4733 629 4779 tura
660 4740 777 4791 sua,
799 4743 922 4799 nam
948 4727 1000 4783 in
1025 4727 1342 4784 Corbeiensi
1373 4746 1501 4795 ms.,
1525 4747 1553 4786 a
1578 4748 1685 4802 quo
1710 4732 1954 4792 delectus
1979 4737 2113 4791 isto-

503 4829 622 4869 rum
679 4832 772 4872 sex
820 4820 1057 4889 capitum
1099 4820 1316 4891 egregie
1354 4822 1659 4891 suppletur,
1696 4824 1886 4880 eadem
1935 4827 2112 4897 capita

502 4910 670 4963 variis
702 4911 756 4965 in
791 4912 945 4976 locis,
977 4913 1323 4984 diversisque
1352 4916 1453 4969 sub
1480 4917 1719 4971 numeris
1747 4918 2105 4975 collocantur.

503 5002 661 5057 Enim
682 5017 814 5059 vero
837 5016 956 5074 post
979 5021 1099 5077 cap.
1121 5006 1228 5063 106
1248 5006 1379 5063 edit.
1400 5007 1847 5077 Hamburgensis,
1869 5012 2108 5066 utetiam

504 5105 705 5149 nostra:
727 5138 742 5163 ,
775 5097 920 5167 quod
954 5099 1005 5151 in
1039 5115 1139 5153 ms.
1173 5110 1392 5157 notatur
1421 5118 1475 5158 η.
1509 5118 1693 5157 Lxxvn
1716 5145 1730 5167 ,
1759 5103 1847 5157 ubi
1892 5104 2111 5174 ponitur

506 5185 734 5242 hreresis
755 5188 819 5242 de
839 5191 990 5243 annis
1014 5190 1225 5259 Christi,
1244 5205 1292 5249 et
1319 5205 1543 5267 tempore
1568 5196 1808 5251 dubitans
1824 5198 2114 5270 {sequitur

504 5278 558 5332 in
590 5279 786 5335 eodem
821 5296 948 5346 ms.,
981 5285 1215 5353 repetito
1245 5288 1437 5343 eodem
1479 5304 1707 5344 numero
1751 5307 1964 5356 Lxxvn,
2004 5292 2110 5346 alia

506 5371 729 5428 hmresis
744 5374 813 5430 de
838 5373 945 5430 line
967 5376 1179 5445 mundi,
1199 5390 1252 5433 et
1270 5382 1743 5438 consummatione
1757 5384 1964 5448 saeculi,
1988 5400 2110 5453 qum

506 5481 558 5521 tn
573 5465 735 5521 editis
759 5468 935 5535 deest;
954 5469 1154 5525 deinde
1169 5480 1423 5543 posteap.
1442 5474 1725 5547 “2(nobis
1750 5476 1892 5548 115),
1926 5477 1978 5532 in
2002 5493 2108 5547 quo

505 5570 589 5617 est
615 5560 841 5622 haeresis
871 5565 936 5619 de
959 5574 1155 5637 septem
1186 5568 1439 5638 planetis,
1469 5578 1796 5642 notaturque
1825 5572 1878 5627 in
1910 5586 2012 5627 ms.
2048 5587 2104 5627 n.

581 5751 658 5825 (a)
696 5755 852 5810 Tom.
881 5740 951 5811 Vl
979 5752 1117 5828 Opp.
1151 5762 1255 5817 col.

2219 4631 2354 4686 Cum
2384 4640 2563 4684 autem
2605 4644 2670 4684 ex
2715 4633 3099 4700 supputatione
3127 4646 3248 4701 qua:
3290 4614 3607 4682 communiter
3624 4606 3729 4713 ⁸ωηο

2220 4728 2519 4793 obtinebat,
2550 4742 2580 4780 a
2608 4727 2788 4782 Mundi
2812 4731 3091 4785 creatione
3119 4730 3185 4784 ad
3215 4728 3475 4785 Christum
3498 4710 3635 4778 elapsi
3659 4710 3728 4793 Pl"

2220 4828 2466 4875 tarentur
2492 4821 2728 4891 quinque
2758 4821 2907 4876 mille
2949 4831 3005 4875 et
3033 4822 3267 4891 amplius
3290 4815 3409 4874 anni
3430 4854 3444 4877 ,
3481 4805 3584 4860 hinc

2220 4921 2279 4967 ut
2313 4914 2708 4968 consummatio
2742 4914 2956 4976 sarculi,
2991 4925 3047 4967 et
3080 4914 3281 4969 Christi
3319 4911 3496 4965 iterum
3521 4895 3578 4950 de
3610 4880 3722 4940 €031"

2217 5007 2501 5071 adventus,
2530 5024 2638 5063 non
2667 5008 2831 5078 longo
2855 5008 3117 5078 temporis
3148 5002 3421 5062 intervallo
3443 4982 3724 5078 credewl'f‘"

2217 5099 2443 5157 distare.
2467 5067 2607 5170 Quin
2636 5067 2799 5156 etiam
2824 5067 3145 5173 Hippolytus
3168 5111 3381 5171 martyr,
3410 5067 3715 5173 testibus-ibit

2215 5193 2291 5249 tio
2332 5196 2454 5250 cod.
2478 5164 2592 5250 E02
2621 5206 2673 5250 et
2717 5164 2976 5267 Synce'II-o
3088 5196 3230 5263 315,
3270 5164 3561 5249 existimavit

2214 5295 2326 5341 tum
2373 5296 2557 5342 natum
2609 5254 2832 5343 ineurite
2873 5254 3019 5343 annd
3053 5287 3187 5344 5501
3218 5254 3264 5341 ἐ
3308 5275 3487 5340 mundo
3522 5254 3712 5321 condito;

2208 5382 2473 5453 judicium
2494 5397 2625 5437 vero
2657 5381 2896 5437 futurum
2926 5382 3033 5439 500
3059 5385 3214 5438 annis
3240 5387 3354 5453 post
3375 5358 3708 5453 Christian-tuin:

2212 5436 2355 5547 quod
2385 5477 2495 5531 fere
2518 5476 2771 5530 convenit
2796 5492 2919 5531 cum
2949 5436 3711 5547 Pliilastriisententia.Fuci?"

2214 5540 2308 5641 qui
2340 5581 2622 5622 numerum
2652 5566 2760 5622 500
2787 5572 3076 5634 annorum,
3104 5584 3211 5636 quo
3240 5556 3413 5621 mundi
3439 5540 3707 5607 consumma'
