4024 6192
330 208 467 272 1097
1602 199 1896 260 FABRICII

2047 198 2321 259 EFATIO.
3498 206 3636 264 1098

324 322 505 389 desit,
555 332 681 377 cum
726 332 873 377 anno
925 319 1211 391 superiore
1258 317 1526 375 Trevirim
1584 317 1931 374 visendarum
1959 322 2011 381 Α
2039 316 2304 387 docteque
2325 325 2381 371 et
2409 315 2657 386 apposite
2679 314 2880 385 ubique
2899 314 3217 388 explicatus.
3244 318 3540 391 Superesse
3560 324 3639 379 fa-

326 420 574 471 veterum
620 412 1071 469 bibliothecarum
1102 411 1273 483 gratia
1315 410 1513 467 adiisse
1543 420 1774 467 testatur
1797 454 1810 477 ,
1843 410 1934 467 ubi
2042 417 2184 466 tetur
2228 424 2395 480 pauca
2429 408 2605 465 adhuc
2645 408 2762 465 loca
2784 451 2799 477 ,
2830 410 2882 465 in
2918 411 3117 481 quibus
3145 422 3359 485 optaret
3401 415 3575 474 lucem
3608 433 3639 474 a

326 509 544 564 occasio
589 506 695 578 ipsi
736 515 859 562 nata
888 508 960 562 sit
990 508 1043 563 in
1072 507 1337 563 honorem
1370 507 1704 561 Balthasaris
1733 505 1935 576 prmfa-
2040 501 2319 558 codicibus
2364 518 2496 558 mss.
2532 520 2545 557 :
2585 520 2603 554 ι
2642 501 2712 558 Et
2756 516 2908 572 Spem
2958 504 3091 560 mihi
3136 504 3430 577 aliquando
3478 525 3643 565 mauu

325 600 477 656 tione
525 599 629 656 bac
654 598 870 655 Iitandi.
911 599 1114 656 Textus
1151 599 1481 671 simpliciter
1525 599 1828 669 descriptus
1856 605 1941 654 est
2041 598 2246 652 exarati
2288 594 2615 667 exemplaris
2654 610 2723 651 ex
2756 595 2905 651 Italia
2938 596 3219 654 obtinendi
3250 600 3378 656 fecit
3417 601 3645 658 illustris

327 690 570 748 indiculo
595 707 782 748 rerum
815 691 1248 748 memorabilium
1282 691 1589 763 prrcmisso.
2043 687 2195 745 Gisb.
2225 686 2502 759 Cuperus,
2534 688 2728 759 inquit,
2749 689 2845 744 sed
2870 689 3155 761 interiecto
3184 700 3427 764 tempore
3448 692 3642 750 iterum

400 786 562 843 1559.
610 784 961 853 Βαεὶιεων...
1012 786 1181 843 iri-8°.
1224 785 1284 842 S.
1333 783 1606 841 Philastrii
1652 798 1742 854 ep.
1787 781 1937 837 Brix.
2046 783 2470 855 monuit,spem
2510 782 2661 839 illam
2704 798 2921 843 omnem
2951 787 3253 844 evanuisse.
3294 788 3481 860 Itaque
3520 789 3651 846 solis

326 879 621 937 Haereseév
668 879 951 950 catalogus
978 894 1101 935 cum
1151 878 1343 934 incerti
1390 875 1673 947 scriptoris
1708 872 1945 931 recentis
2046 877 2417 945 editionibus,
2463 878 2870 935 Basileensibus
2911 880 3177 952 imprimis
3215 882 3471 937 standum
3513 882 3647 938 mihi

327 972 720 1044 supplemento
746 983 801 1029 et
829 988 954 1029 cxxv
985 972 1274 1029 sententiis
1295 970 1513 1027 Patrum
1545 970 1614 1025 de
1642 968 1821 1023 ofﬁcio
1853 981 1946 1022 ve-
2048 970 2176 1039 l‘uit,
2212 970 2353 1041 quod
2395 980 2574 1027 tamen
2603 972 2657 1027 in
2701 973 3038 1030 recensendo
3064 974 3167 1030 hoc
3197 977 3465 1047 scriptore
3506 994 3647 1049 pra:—

326 1081 518 1124 rorum
550 1075 826 1123 rectorum
875 1064 1136 1122 Ecclesiae
1178 1065 1302 1130 Dei,
1349 1073 1404 1119 et
1447 1060 1852 1134 apospasmatio
1878 1074 1945 1115 ex
2049 1065 2306 1131 stiterim,
2341 1064 2576 1121 libenter
2606 1066 2774 1121 feram
2819 1083 3002 1137 mquos
3031 1078 3083 1123 et
3107 1069 3350 1125 eruditos
3380 1070 3651 1126 aestimare

329 1158 564 1231 epistola
584 1156 880 1230 Nicephori
905 1157 1340 1226 ChartOphilacis
1360 1155 1427 1210 ad
1450 1152 1817 1210 Theodosium
1835 1151 1946 1207 Mo—
2044 1159 2277 1229 judices,
2304 1157 2533 1213 Paulum
2575 1159 2841 1229 imprimis
2870 1159 3210 1234 Gagliardum
3229 1205 3242 1229 ,
3272 1178 3471 1218 canon.
3502 1164 3647 1219 Brix.

328 1251 565 1309 nachum
594 1251 665 1309 de
686 1250 888 1322 ligandi
920 1250 1278 1321 solvendique
1307 1255 1595 1319 potestate.
2051 1266 2211 1321 quem
2242 1250 2516 1306 Philastrii
2544 1262 2598 1307 et
2635 1251 2924 1308 Gaudentii
2955 1253 3251 1310 editionem
3285 1255 3464 1310 moliri
3496 1257 3657 1325 paulo

405 1351 568 1408 1575.
598 1350 801 1418 Paris.,
838 1368 927 1421 ap.
961 1349 1123 1403 Mich.
1155 1348 1440 1413 Sonnium,
1473 1345 1651 1416 iri-fol.
1681 1345 1739 1401 S.
1769 1342 1948 1400 Phila-
2052 1344 2228 1399 serius
2276 1359 2341 1400 ex
2394 1344 2576 1399 Diario
2601 1344 2813 1400 Veneto
2860 1345 3203 1402 Eruditorum
3254 1348 3421 1403 Italiae
3467 1347 3654 1403 didici.

328 1445 452 1502 strii
476 1444 756 1516 catalogus
780 1440 1245 1499 Haereticorumin
1269 1451 1418 1496 tomo
1442 1439 1482 1494 V
1507 1436 1944 1506 Bibl.PP.Bign.
2055 1435 2266 1492 Titulos
2312 1437 2581 1506 capitum,
2630 1436 2756 1493 licet
2786 1453 2814 1491 a
2857 1438 3048 1507 quovis
3078 1438 3185 1494 alio
3233 1455 3393 1510 quam
3442 1442 3509 1496 ab
3538 1440 3659 1511 ipso

405 1536 569 1595 1589.
601 1535 845 1603 Parisiis,
869 1536 1051 1606 in—fol.
1078 1534 1353 1589 Philastrii
1379 1532 1549 1602 episc.
1569 1530 1715 1586 Brix.
1739 1530 1807 1585 de
1829 1528 1950 1583 llae-
2056 1528 2349 1584 Pbilastrio
2373 1529 2678 1601 appositos,
2713 1538 2766 1584 et
2788 1530 3059 1586 interdum
3093 1532 3270 1587 minus
3296 1543 3479 1603 aptos,
3510 1533 3659 1589 uolui

332 1631 552 1690 resibus
588 1630 758 1698 liber,
808 1631 865 1685 in
921 1638 1069 1685 tomo
1118 1627 1184 1684 ιγ
1230 1627 1350 1683 Bib.
1393 1626 1498 1682 PP.
1542 1624 1697 1695 Bign.
1729 1621 1817 1679 ed.
1864 1635 1952 1677 se-
2056 1622 2313 1678 omittere
2345 1641 2359 1676 :
2391 1633 2652 1678 eteterum
2683 1622 3041 1693 appendicem
3075 1625 3189 1679 sive
3218 1625 3659 1696 supplementum

334 1725 553 1782 cundaa.
1972 1726 2019 1785 Β
2046 1718 2284 1774 recentis
2306 1718 2622 1788 scriptoris,
2651 1732 2774 1772 cum
2805 1733 2995 1788 parum
3023 1730 3338 1776 accuratum
3370 1722 3442 1776 sit
3470 1730 3525 1777 et
3552 1723 3665 1778 nul-

946 1828 1165 1870 sacuw
1204 1830 1333 1868 xvn.
2049 1808 2156 1864 lius
2207 1809 2579 1875 auctoritatis,
2637 1809 3003 1878 praetermisi,
3059 1810 3345 1870 additurus
3386 1814 3507 1883 ejus
3545 1815 3665 1872 loco

412 1909 574 1965 1611.
608 1907 959 1975 Helmstadii,
986 1924 1076 1979 per
1099 1905 1217 1960 Jac.
1261 1904 1500 1959 Lucium.
1534 1902 1692 1958 iit-4°.
1737 1901 1792 1958 S.
1826 1900 1950 1955 Phi-
2050 1898 2291 1955 libellum
2321 1900 2389 1955 de
2419 1900 2750 1968 haeresibus,
2776 1918 2936 1973 quem
2962 1903 3064 1958 sub
3098 1904 3410 1978 llieronymi
3442 1908 3665 1964 nomine

336 2000 511 2060 lastrii
546 2002 825 2072 catalogus
855 2000 1155 2055 Ilacresium
1190 2013 1331 2068 pene
1370 1998 1614 2052 omnium
1658 2011 1780 2050 cum
1824 2009 1951 2064 sup-
2014 2040 2017 2042 .
2050 1989 2311 2047 Claudius
2334 1992 2624 2048 Menardus
2648 1992 2837 2048 edidit.
2865 1995 2971 2051 Sed
2995 1996 3252 2052 nundinis
3274 2000 3665 2070 occupantibus

337 2097 613 2169 plemento
640 2096 836 2153 incerti
864 2094 1128 2158 auctoris,
1161 2094 1391 2149 cditore.
1421 2093 1509 2145 Jo.
1535 2110 1566 2145 a
1587 2089 1805 2145 Fucltte.
2051 2096 2180 2155 Opto
2209 2087 2362 2140 illum
2389 2086 2957 2159 Pseudo-llieronymi
2985 2088 3226 2144 libellum
3251 2103 3503 2162 separato
3532 2094 3665 2150 dare

413 2191 575 2247 1618.
599 2189 781 2245 Colon.
802 2189 1051 2260 Agripp.,
1077 2185 1255 2257 iit-fol.
1281 2184 1564 2240 Philastrii
1586 2183 1724 2237 liber
1737 2183 1805 2237 de
1830 2182 1950 2236 Haa-
2051 2178 2347 2245 volumine,
2374 2179 2617 2249 aliosque
2643 2178 2838 2234 breves
2865 2192 3079 2236 veteres
3102 2180 3169 2236 de
3194 2183 3462 2239 haereticis
3491 2188 3667 2256 scrip-

338 2284 557 2345 resibus
580 2322 597 2348 ,
628 2284 685 2339 in
719 2292 866 2339 torno
892 2281 959 2337 IV
989 2280 1127 2337 Bibl.
1161 2280 1266 2335 PP.
2054 2283 2199 2329 tores
2224 2269 2619 2342 illiadjungere
2639 2273 3079 2344 praemittereque
3107 2274 3546 2332 dissertationcm
3571 2295 3666 2349 op-

414 2376 573 2433 1621.
606 2374 951 2442 Helmuadii,
990 2390 1080 2444 per
1125 2371 1244 2427 Jac.
1284 2370 1524 2426 Lucium.
1571 2368 1744 2425 iri-4°.
1776 2368 1952 2438 Repe—
2052 2363 2284 2430 positam
2316 2362 2491 2418 errori
2521 2378 2585 2419 ac
2611 2364 2937 2435 praeiudicio,
2962 2382 3182 2434 eorum,
3217 2370 3307 2439 qui
3361 2370 3668 2428 hmresibus

341 2469 435 2526 ma
466 2468 787 2525 Fuchuana'
2052 2449 2491 2509 Christianorum
2522 2470 2819 2529 earumque
2850 2460 3196 2517 multitudine
3216 2478 3280 2517 ac
3298 2466 3561 2522 varietate
3592 2466 3667 2522 ita

415 2564 576 2622 16M.
594 2563 839 2629 Parisiis,
857 2563 985 2633 imp.
1011 2562 1165 2615 trium
1185 2558 1450 2629 bibliOpol.
1474 2557 1654 2626 in-fol.
1676 2555 1952 2610 Philastrii
2052 2561 2113 2601 se
2164 2549 2439 2616 patiuntur
2471 2547 2709 2616 oﬂ‘endi,
2742 2561 2802 2606 ut
2846 2551 2913 2607 de
2965 2552 3193 2609 veritate
3227 2555 3341 2626 ipsa
3392 2558 3671 2629 religionis

340 2656 412 2715 de
442 2656 753 2714 Haeresibus
793 2655 955 2720 liber,
1001 2654 1053 2709 in
1104 2661 1253 2708 tomo
1282 2650 1348 2706 IV
1400 2650 1539 2706 Bibl.
1572 2649 1679 2705 PP.
1712 2647 1871 2718 hujus
1899 2655 1956 2703 et
2049 2638 2325 2710 indignius
2358 2639 2486 2696 hinc
2515 2642 3021 2715 irreverentiusque
3052 2647 3344 2701 sentiant.»
3370 2649 3498 2706 Post
3527 2668 3669 2722 prtc~

341 2767 466 2823 qua:
495 2766 586 2807 an.
622 2749 763 2807 1654
794 2750 849 2805 in
881 2748 1039 2804 titulo
1071 2746 1232 2816 gerit.
2055 2728 2313 2823 lationem
2336 2731 2627 2803 subjicitur
2658 2733 2775 2789 Vita
2805 2735 2863 2791 S.
2894 2736 3169 2793 Philastrii
3198 2755 3292 2810 per
3308 2742 3377 2797 ’S.
3413 2742 3667 2800 Gauden-

417 2845 578 2902 1676,
623 2844 1047 2910 Ηειιηδιαάεενη
1078 2842 1245 2897 ίηάο,
1280 2840 1554 2911 Repetitio
1577 2839 1749 2895 altera
1776 2836 1955 2894 Fuch-
2055 2822 2213 2889 tium,
2232 2824 2488 2879 nimirum
2516 2841 2698 2881 sermo
2725 2828 2868 2883 illius
2887 2828 2937 2882 in
2962 2830 3334 2887 anniversario
3358 2834 3445 2891 die
3466 2837 3667 2891 solem-

344 2940 507 2997 ιίεηω
528 2938 620 2996 εδ,
2055 2917 2240 2972 nitatis
2268 2918 2387 2988 ejus
2412 2919 2527 2986 (le
2546 2936 2611 2974 an
2623 2921 2705 2975 nis
2724 2930 2848 2991 post
2867 2922 3075 2978 obitum
3101 2925 3400 3000 Pbilastrii)
3423 2931 3667 2994 habitus;

419 3033 578 3087 1677.
610 3029 884 3103 Lugduni,
931 3029 1075 3101 apud
1103 3028 1435 3091 Aniuom’os,
1466 3026 1646 3096 iit—fol.
1683 3027 1743 3082 S.
1773 3024 1955 3080 Phila-

2303 3011 2461 3065 nonia
2491 3011 2738 3081 quzedam
2793 3015 3138 3084 superiorum
3172 3019 3439 3076 editorum
3470 3022 3538 3081 de
3580 3012 3675 3083 ρυξ
3788 3012 3873 3019 Ηί

340 3127 463 3183 ειτίί
494 3126 632 3183 liber
661 3125 731 3181 de
782 3123 1113 3190 Hmresibus,
1157 3124 1211 3178 in
1253 3130 1403 3178 ιοηιο
1430 3120 1476 3177 v
1512 3118 1773 3176 Bibliom,
1806 3118 1949 3175 Max.
1980 3119 2026 3183 ρ
2058 3104 2205 3162 dem.
2251 3105 2403 3162 Nota:
2434 3108 2605 3163 textui
2658 3110 2943 3179 subjaccnt
2983 3112 3159 3167 multa
3206 3115 3271 3168 ad
3325 3116 3672 3180 illustrandns

344 3218 450 3278 pp.
476 3235 530 3292 ρ,
563 3216 825 3276 701-726,
2048 3201 2291 3257 auctoris
2304 3202 2607 3258 sententias
2626 3202 2862 3258 lectione
2876 3203 3239 3273 abundantes,
3261 3223 3665 3283 nonnumquam

939 3324 1159 3366 sucoso
1196 3323 1351 3363 xvtn.
2048 3294 2276 3351 criticae.

419 3406 580 3461 1721.
614 3402 905 3475 Hamburgi
925 3444 938 3470 ,
960 3410 1168 3473 sumptu
1195 3399 1395 3454 Theod.
1429 3398 1725 3469 ChristOplt.
1762 3396 1950 3470 Fetgc-
2122 3387 2511 3457 175ὃοιῖνίπὶιε,
2534 3404 2600 3443 ex
2618 3399 2824 3462 typogr.
2840 3390 2933 3447 Jo.
2957 3391 3147 3449 Maria:
3167 3394 3438 3457 Rizzardi.
3463 3401 3519 3457 S.
3538 3402 3668 3463 Phi-

344 3497 481 3566 neri,
507 3496 674 3553 in-8°.
700 3496 760 3554 s.
785 3495 1059 3551 PhilaStrii
1081 3509 1171 3564 ep.
1197 3493 1345 3547 Brix.
1376 3491 1445 3547 de
1475 3491 1785 3546 llmresibus
1814 3490 1951 3545 liber
2051 3481 2223 3537 lastrii
2262 3482 2455 3538 Brixiae
2491 3484 2737 3555 episcopi
2767 3485 2833 3540 de
2862 3486 3174 3545 Haeresibus
3202 3490 3340 3547 liber
3370 3510 3491 3551 cum
3525 3498 3668 3554 inlc-

343 3603 470 3645 cum
496 3586 972 3645 emendationibus
999 3595 1054 3640 et
1081 3586 1223 3640 notis
1254 3583 1343 3639 Jo.
1387 3583 1504 3637 Alb.
1539 3581 1772 3637 Fabricii
1799 3581 1954 3636 addi-
2054 3576 2166 3645 gris
2208 3576 2351 3630 notis
2395 3574 2485 3631 J0.
2532 3576 2727 3632 Alberti
2772 3578 3024 3635 Fabricii.
3081 3584 3445 3644 Accesserunt
3492 3591 3665 3649 Varia:

346 3680 524 3754 tisque
553 3680 826 3738 indicibus
856 3677 1325 3749 locupletissimis.
2056 3667 2346 3724 Lectiones
2375 3685 2441 3725 ex
2477 3684 2581 3726 ms.
2614 3671 2735 3726 cod.
2769 3672 3088 3732 Corbeiensi
3126 3689 3179 3734 et
3220 3678 3376 3736 Pauli
3419 3684 3665 3741 (ἐσίδω-αἱ

417 3775 758 3846 Quamquam
799 3773 932 3829 nulli
973 3770 1339 3842 suppetebant
1369 3767 1620 3823 Fabricio
1667 3768 1790 3823 libri
1822 3782 1953 3821 mss.
2055 3776 2252 3816 canon.
2284 3761 2433 3817 Brix.
2464 3763 2828 3835 Specilegium
2857 3785 2870 3820 :
2896 3768 2948 3821 in
2979 3767 3122 3840 Ang.
3154 3771 3287 3827 Mar.
3314 3775 3524 3843 Quirini
3548 3781 3663 3834 col-

345 3867 590 3941 solisque
633 3865 908 3924 ﬁdendum
958 3874 1077 3920 erat
1123 3862 1453 3918 editionibus
1501 3859 1803 3928 veteribus,
1850 3874 1957 3914 non
2058 3855 2291 3915 lectione
2318 3866 2427 3916 vet.
2458 3859 2563 3915 PP.
2594 3860 2861 3918 Brixiana:
2890 3862 3148 3921 Ecclesiae
3178 3869 3444 3937 p.1-185.

346 3974 540 4033 parum
598 3971 782 4017 tamen
829 3957 1170 4017 emendatior
1222 3954 1309 4009 hic
1360 3962 1587 4024 apparet
1636 3952 1958 4008 Philastrius

348 4080 3648 4121 -————-——————-————-———_——-‘——-—-—————————-——_—_

1252 4215 1582 4300 JOAN.
1660 4215 2159 4299 ALBERTI
2234 4217 2751 4305 FABRICII

1015 4359 1133 4419 AD
1182 4355 1535 4419 LIBRUM
1577 4355 1647 4416 S.
1701 4353 2238 4417 PHILASTBII
2283 4357 2396 4418 DE
2441 4358 2983 4425 H/ERESIBUS

1708 4520 2169 4595 PRIEFAT
2184 4523 2299 4595 ΙΟ

1224 4675 1395 4729 ANNO
1436 4676 1548 4729 1721
1586 4674 1876 4728 EDITIONI
1908 4678 2369 4733 HAMBURGENSI
2406 4683 2759 4741 PR/EMISSA.

426 4921 645 4977 Minime
699 4921 928 5011 poenitet
972 4934 1059 4976 me
1107 4920 1269 4977 horas
1309 4920 1569 4990 quasdam
1621 4921 1957 4979 recensendo
1982 4929 2036 4990 D
2060 4928 2276 4999 μηνείαι,
2308 4928 2392 4984 vel
2422 4926 2875 4989 hallucinationcs
2904 4934 3360 5011 qualescumque,
3394 4959 3485 5004 aut
3512 4967 3665 5009 erro-

349 5021 516 5112 atque
542 5010 940 5112 illustrandomS.
968 5011 1241 5112 Pliilastrii
1273 5011 1457 5066 libello
1480 5012 1955 5112 impert-disse,uan-
2062 5036 2173 5090 res,
2229 5024 2273 5077 si
2322 5022 2483 5079 modo
2528 5040 2777 5090 errores,
2825 5037 2951 5082 sunt
3000 5032 3142 5086 enim
3188 5010 3363 5105 capita
3416 5048 3657 5112 quaedam

352 5102 647 5199 Eiquiseimi
698 5112 820 5199 post
852 5102 1280 5199 :I‘ertulli‘anutn,
1324 5118 1484 5199 quem
1539 5103 1607 5159 de
1656 5104 1957 5163 hazresibus
2063 5113 2255 5186 (pauca
2280 5124 2456 5171 tamen
2485 5116 2601 5186 illa)
2630 5118 2680 5172 in
2709 5119 2908 5188 quibus
2926 5120 3042 5178 haec
3066 5124 3182 5194 ipsa
3207 5102 3365 5199 quam
3392 5102 3665 5197 haereseos

351 5193 495 5255 inter
524 5197 749 5255 Lalinos
778 5196 1042 5253 habemus
1073 5197 1385 5268 ScriPIOFiS-
2062 5209 2240 5278 arguit
2269 5208 2537 5264 sententia
2559 5250 2572 5275 ,
2601 5210 2787 5266 verior
2816 5212 2977 5269 etiam
3008 5193 3241 5276 videtur:

425 5290 586 5390 varia
613 5306 680 5390 cf
713 5289 807 5345 illo
832 5288 1087 5390 didicisse
1114 5306 1201 5390 me
1227 5292 1515 5390 proﬁteor,
1543 5293 1954 5390 doctrinamque
2137 5301 2308 5356 Pauca
2354 5300 2539 5356 itidem
2571 5300 2747 5358 adhuc
2793 5315 2919 5361 sunt
2948 5307 3066 5363 loca
3113 5311 3165 5365 in
3198 5315 3391 5383 quibus
3421 5329 3662 5390 optarem

353 5391 411 5438 et
436 5384 612 5438 zelum
642 5380 894 5437 Doctoris
923 5380 994 5451 pii
1034 5389 1089 5435 et
1116 5379 1392 5437 Christum
1422 5385 1655 5440 amantis
1698 5403 1803 5440 nun
1838 5402 1963 5457 pos—
2069 5392 2241 5447 lucem
2267 5408 2292 5445 a
2318 5392 2597 5449 codicibus
2620 5410 2749 5451 mss.
2775 5406 2829 5452 et
2855 5414 3005 5469 spem
3028 5403 3158 5459 mihi
3186 5379 3475 5479 aliquando
3502 5379 3665 5475 manu

354 5489 479 5532 sum
508 5490 617 5530 non
665 5474 921 5546 amplecti
968 5482 1023 5527 et
1050 5474 1437 5531 commendare
1472 5496 1485 5530 :
1522 5478 1650 5535 licet
1684 5480 1798 5549 jam
1835 5480 1962 5535 olim
2068 5486 2274 5541 exarati
2313 5487 2637 5558 exemplaris
2667 5506 2734 5544 ex
2780 5490 2929 5547 Italia
2958 5495 3236 5554 obtinendi
3274 5474 3406 5559 I‘ccit
3448 5506 3671 5568 illustris

356 5569 586 5641 pulchre
633 5569 979 5665 observatum
1027 5584 1054 5621 a
1097 5569 1155 5624 S.
1200 5570 1532 5642 Augustino,
1574 5582 1738 5647 atque
1766 5575 1889 5631 inde
1936 5592 1965 5631 a
2067 5578 2150 5633 vir
2171 5577 2455 5634 Gtsbertus
2483 5579 2754 5650 Cuperus,
2784 5584 2877 5638 sed
2903 5586 3188 5657 interjecto
3213 5601 3459 5665 tempore
3480 5600 3673 5659 iterum

355 5664 547 5721 multis
567 5673 683 5733 est,
712 5664 854 5720 inter
884 5663 1121 5760 h‘azreses
1151 5665 1219 5721 ab
1250 5666 1369 5736 ipso
1396 5668 1663 5738 proscribi
1690 5669 1817 5727 hinc
1841 5672 1966 5727 inde
2070 5672 2280 5727 monuit
2322 5687 2471 5742 spem
2503 5672 2646 5729 illam
2692 5689 2908 5732 omnem
2953 5683 3258 5740 evanuisse.
3311 5663 3497 5760 Itaque
3543 5696 3677 5754 solis

357 5772 471 5816 non
515 5771 720 5831 pattca,
750 5772 873 5829 qua)
914 5758 1152 5816 haereses
1191 5774 1300 5816 non
1336 5769 1497 5829 sunt,
1529 5763 1626 5819 sed
1654 5763 1742 5820 vel
1770 5786 1967 5846 παρερ-
2070 5763 2435 5834 editionibus,
2479 5764 2884 5827 Basileensibus
2909 5770 3212 5844 imprimis,
3245 5758 3495 5840 standum
3543 5786 3679 5843 mihi

649 5854 925 5919 PATROL.
973 5855 1117 5917 XII.
3030 5865 3110 5927 35
