4024 6192
366 261 507 318 1105

358 469 501 525 navi.

352 582 419 638 S.
451 583 732 657 Gregorius
762 590 987 661 Magnus
1026 595 1116 650 lib.
1170 597 1256 663 Vl,
1290 603 1506 673 epistola
1539 605 1628 671 15,
1683 608 1751 661 ad
1800 609 1960 664 Geor-

422 677 565 748 gium
619 681 791 749 presb.
850 694 896 738 et
949 684 1279 744 Theodorum
1333 692 1607 749 diaconum
1664 696 1957 755 Constanti-

423 772 645 841 nopolit.

417 883 522 941 Sed
550 902 620 943 ne
658 888 1006 949 dilectionem
1046 906 1283 953 vestram
1332 901 1382 955 in
1427 919 1544 959 mea
1582 906 1953 978 disputatione

345 977 625 1047 immorer,
678 982 809 1052 quid
862 984 932 1042 de
987 988 1087 1044 hac
1136 991 1329 1047 hmresi
1386 995 1696 1054 PHILASTER
1727 1001 1779 1056 in
1814 1003 1952 1060 libro

343 1087 507 1143 quem
537 1073 607 1129 de
652 1074 963 1135 Haeresibus
1011 1082 1253 1153 scripsit,
1303 1085 1517 1154 dixerit,
1572 1107 1946 1163 recognoscat.

341 1163 511 1236 Cujus
551 1167 666 1224 hate
709 1171 873 1227 verba
922 1185 1046 1229 sunt
1076 1176 1152 1249 (α)
1188 1197 1201 1232 :
1235 1178 1370 1233 Sunt
1395 1182 1625 1239 lueretici
1653 1190 1742 1256 qui
1771 1190 1948 1245 dicunt

342 1257 623 1316 Dominum
664 1265 721 1318 in
759 1265 1022 1337 infernum
1067 1270 1427 1340 descendisse,
1476 1287 1524 1331 et
1571 1281 1805 1336 omnibus
1833 1294 1948 1352 post

336 1365 553 1409 mortem
583 1359 737 1412 etiam
755 1359 950 1415 ibidem
971 1379 1027 1417 se
1051 1366 1335 1432 nuntiasse,
1362 1379 1417 1423 ut
1438 1374 1737 1442 conﬁtentes
1757 1375 1947 1432 ibidem

335 1448 699 1517 salvarentur;
732 1470 847 1508 cum
885 1456 981 1510 hoc
1010 1459 1077 1512 sit
1111 1462 1430 1516 contrarium
1464 1464 1655 1520 dicenti
1682 1470 1946 1540 prophetae

336 1536 549 1595 David:
574 1539 641 1597 In
667 1543 870 1613 inferno
894 1556 1063 1603 autem
1084 1552 1198 1621 quis
1212 1554 1539 1621 conﬁtebitur
1562 1536 1691 1614 tibi?
1711 1536 1941 1633 Et‘Apo-

333 1631 499 1686 stolas
527 1650 546 1687 :
577 1633 838 1707 Quotquot
862 1639 972 1694 sine
994 1642 1105 1713 lege
1131 1657 1496 1714 peccaverunt,
1528 1651 1636 1705 sine
1668 1653 1777 1725 lege
1806 1631 1943 1725 peri-

332 1721 478 1777 bunt.
536 1723 703 1795 Cujus
734 1729 917 1785 verbis
948 1731 1136 1787 beatus
1166 1750 1377 1806 quoque
1406 1721 1737 1810 Augustinus
1776 1721 1850 1817 (ὸ)
1886 1746 1936 1801 in

330 1830 399 1870 eo
428 1817 564 1872 libro
590 1822 907 1889 concordat,
938 1841 1098 1892 quem
1130 1828 1198 1881 de
1229 1828 1537 1886 llaeresibus
1561 1835 1803 1904 scripsit.

330 1907 397 1963 S.
429 1909 763 1983 Rampertus,
800 1924 1006 1970 tractat.
1048 1917 1111 1971 de
1150 1918 1514 1976 Translatione
1541 1923 1601 1979 S.
1636 1924 1931 1983 Pltilastrii.

402 1999 659 2067 Quamvis
678 2017 886 2060 certum
913 2008 1005 2073 sit,
1039 2007 1346 2065 divinorum
1375 2016 1662 2083 prmsentia
1686 2020 1932 2089 exempla

329 2094 736 2165 miraculorum,
770 2113 1003 2168 superna
1038 2102 1282 2159 radiasse
1308 2106 1644 2174 providentia
1676 2111 1730 2165 in
1760 2114 1934 2167 nostri

330 2188 658 2244 venerabilis
680 2206 831 2263 papa:
856 2195 1236 2263 translatione,
1264 2212 1451 2254 eorum
1479 2211 1657 2257 tamen
1682 2205 1933 2276 scriptio-

326 2279 414 2333 nis
444 2282 773 2339 necessitate
801 2327 814 2351 ,
858 2294 1039 2339 nostra
1072 2288 1219 2355 plebs
1251 2301 1394 2360 eget.
1429 2290 1554 2347 Htcc
1581 2296 1779 2350 etenim
1812 2313 1931 2366 pas-

326 2373 465 2441 sim,
514 2374 828 2448 all’atimque
874 2380 1132 2449 cvadeus,
1164 2385 1293 2455 :egri
1326 2388 1466 2458 vulgi
1502 2390 1657 2445 turba
1692 2392 1931 2464 undique

325 2470 683 2538 conveniens,
712 2483 766 2527 et
797 2486 1050 2545 percepta
1083 2479 1317 2535 sanitate
1340 2482 1577 2551 rediens,
1610 2485 1758 2542 mille
1786 2502 1928 2558 pra:-

326 2561 474 2619 dicat
493 2565 740 2622 vocibus.
768 2568 895 2623 Haec
914 2569 1213 2627 vicinorum
1238 2576 1378 2631 villa:
1402 2578 1667 2647 locorum,
1699 2597 1926 2652 quarum

324 2654 526 2709 iutirmi
558 2658 736 2712 varios
763 2670 1118 2733 secretosque
1148 2665 1412 2725 habentes
1445 2671 1755 2742 languores,
1788 2676 1929 2730 inter

326 2754 530 2802 tantam
563 2750 965 2810 multitudinem
1012 2758 1325 2815 venerabile
1368 2776 1566 2832 corpus
1613 2765 1876 2823 adeuntes
1909 2811 1923 2835 ,

323 2850 649 2912 procurante
674 2844 766 2898 Dei
791 2845 1189 2913 misericordia,
1221 2853 1427 2908 meritis
1449 2870 1662 2925 quoque
1680 2858 1923 2927 ejusdem

322 2935 497 2989 sancti
526 2938 984 3005 promerentibus,
1009 2956 1307 3014 eorumque
1341 2945 1443 3001 ﬁde
1475 2949 1830 3022 suffragante,
1858 2954 1926 3010 de

320 3026 435 3081 suis
467 3027 926 3086 invaletudinibus
956 3035 1405 3093 convalescentes
1439 3042 1746 3110 redierunt;
1782 3046 1922 3102 fama

322 3119 480 3175 nobis
518 3124 903 3192 renuntiante,
945 3127 1026 3181 eis
1074 3143 1371 3199 supernum
1419 3144 1641 3190 narrant
1692 3139 1922 3196 miracu-

322 3211 450 3277 lum,
476 3214 564 3285 qui
592 3230 779 3270 eorum
828 3217 1005 3287 pridie
1038 3235 1303 3277 noverant
1350 3225 1713 3297 inﬁrmitates,
1761 3242 1815 3287 et
1845 3243 1922 3289 tot

322 3313 489 3361 testes
513 3309 895 3366 miraculorum
918 3312 1011 3368 Dei
1032 3316 1322 3383 exsistunt,
1355 3321 1446 3389 qui
1479 3323 1625 3391 prius
1658 3339 1922 3384 noverant

318 3411 518 3467 argros,
546 3400 649 3454 nisi
680 3405 1061 3472 :egrotantium
1110 3407 1350 3465 titubans
1396 3411 1528 3467 fides
1558 3415 1781 3472 olliciat.
1812 3418 1917 3474 Sed

315 3491 443 3559 quia
470 3504 688 3547 suorum
723 3495 960 3561 testium,
993 3507 1049 3551 et
1078 3510 1319 3555 nostrum
1347 3506 1676 3572 generaliter
1702 3509 1918 3565 debitus

314 3581 564 3637 imminet
589 3585 803 3651 obitus;
832 3603 927 3657 pro
954 3587 1257 3646 futurorum
1284 3593 1561 3649 hominum
1593 3599 1911 3667 ignorantia,

313 3689 544 3744 quorum
573 3676 695 3731 tidei
732 3677 1073 3735 all‘ectionem
1104 3698 1231 3752 erga
1264 3687 1430 3739 nostri
1466 3690 1630 3756 patris
1652 3690 1913 3762 obsequia

311 3767 610 3823 Studiosam
643 3770 880 3826 futuram
912 3788 1034 3828 esse
1065 3789 1351 3843 speramus
1376 3820 1389 3842 ,
1422 3788 1583 3850 atque
1611 3782 1800 3839 audire
1829 3801 1915 3839 ar-

311 3859 685 3917 dentissimam
712 3904 727 3929 ,
762 3878 867 3918 non
911 3865 1087 3919 solum
1130 3867 1286 3922 linea:
1319 3869 1480 3937 fama,
1513 3875 1911 3942 generationis-

310 3966 416 4021 qtte
458 3961 736 4020 narrante,
771 3956 865 4010 sed
910 3956 1075 4012 etiam
1112 3961 1379 4030 scriptura
1411 3978 1439 4016 a
1473 3965 1628 4021 nobis
1652 4008 1666 4031 ,
1715 3969 1910 4038 quibus

310 4041 453 4098 Deus
477 4044 579 4099 hoc
612 4045 795 4102 videre
825 4050 1115 4114 concessit,
1156 4055 1486 4123 promulgata
1521 4067 1776 4124 testante,
1804 4062 1910 4116 sal-

310 4145 417 4192 tem
438 4154 603 4209 pauca
625 4140 693 4194 de
712 4141 959 4210 pluribus
988 4144 1287 4212 miraculis,
1316 4165 1436 4217 quae
1466 4149 1716 4208 Chri~tus
1746 4157 1906 4212 misc-

308 4233 601 4288 ricorditer
628 4237 792 4305 gessit
817 4276 832 4301 ,
862 4237 1264 4294 conﬂuentibus
1286 4244 1519 4298 catervis
1550 4246 1615 4300 ad
1646 4246 1904 4304 feretrum

306 4323 449 4380 beati
474 4326 744 4382 Philastrii
769 4329 1124 4396 confessttris,
1155 4334 1436 4400 amatoris,
1460 4345 1514 4391 et
1537 4338 1907 4406 praedicatoris

305 4418 407 4482 sui,
435 4418 706 4474 veraciter
736 4423 1199 4491 etcompcndiose
1230 4426 1472 4483 scribere
1488 4431 1755 4498 Optimum
1778 4447 1903 4490 cre-

306 4510 499 4568 dimus.
535 4513 861 4583 (Sermonem
894 4516 1148 4588 integrum
1194 4518 1380 4573 videsis
1404 4521 1456 4574 in
1480 4522 1707 4578 editione
1732 4524 1893 4578 Ram-

306 4605 482 4676 perii).

616 4742 1050 4817 Martyrologium
1073 4746 1367 4803 Romanum
1397 4752 1466 4807 18
1487 4753 1597 4823 jul.

371 4856 597 4925 Brixiae,
652 4858 858 4915 Natalis
904 4860 961 4916 S.
996 4860 1337 4930 Putusrmt,
1377 4865 1621 4932 ejusdem
1669 4869 1903 4926 civitatis

303 4950 565 5023 episcopi,
586 4953 677 5021 qui
701 4953 965 5009 adversus
989 4953 1301 5021 lttereticos,
1329 4958 1631 5025 prmsertim
1649 4960 1900 5029 Arianos,

301 5060 329 5100 a
355 5046 553 5117 quibus
574 5047 740 5102 multa
770 5062 960 5117 passus
982 5059 1086 5117 est,
1113 5049 1405 5119 plurimum
1429 5051 1630 5117 verbis,
1654 5054 1903 5123 scriptis—

300 5155 402 5210 que
432 5141 718 5212 pugnavit;
754 5141 967 5197 demum
1000 5143 1179 5199 clarus
1224 5144 1503 5201 miraculis
1531 5146 1818 5205 confessor
1845 5152 1898 5207 in

300 5246 431 5303 pace
452 5232 678 5304 quievit.

367 5419 446 5491 (α)
476 5418 611 5491 Cap.
648 5419 772 5491 122.

394 5490 444 5573 b)_
476 5490 612 5573 Cap,
735 5490 805 5573 de
831 5491 1039 5573 “teres.
1131 5571 1139 5573 _
1186 5563 1219 5573 Δ,

394 5495 444 5563 b)
476 5492 612 5561 Cap,
643 5492 710 5547 79
735 5492 805 5547 de
831 5492 1039 5547 Haeres.
1215 5568 1219 5573 '

368 5492 548 5641 Eclio
585 5561 745 5617 editis
780 5571 986 5641 tantum
1018 5571 1147 5615 sunt
1179 5563 1302 5629 122,
1338 5575 1394 5620 ut
1423 5582 1584 5637 supra
1616 5569 1683 5624 ad
1713 5573 1895 5641 Augu-

299 5636 429 5692 stini
459 5636 639 5688 locum
673 5634 874 5688 notavi.

370 5704 463 5777 (ά)
483 5705 537 5758 ltt
566 5704 726 5759 editis
754 5719 860 5777 non
885 5706 1068 5775 plures
1099 5717 1227 5761 sunt
1254 5724 1412 5777 quam
1446 5710 1568 5766 150.
1601 5712 1746 5767 Idem
1774 5714 1895 5769 Tri-

296 5776 556 5845 .t|temius,
589 5791 709 5847 cap.
740 5776 830 5845 95,
854 5777 1012 5832 etiam
1035 5776 1394 5850 Epiphanium
1418 5783 1493 5837 ait
1517 5784 1799 5853 scripsisse
1821 5786 1893 5841 de
1934 5846 1939 5853 ,

1440 282 1751 341 SELECTA
1786 286 2125 350 VETERUM
2157 294 2591 356 TESTIMONIA.

358 374 547 443 quitur
570 378 645 431 et
675 377 937 449 defendit,
969 399 1069 439 una
1118 400 1237 441 cum
1284 391 1537 447 omnibus
1566 410 1667 467 ego
1695 398 1956 455 condem-
1989 404 2042 463 Λ

3505 314 3669 371 .1106

2307 408 2485 465 Caesar
2505 411 2761 471 Baronius
2792 416 2945 473 Notis
2977 422 3045 474 ad
3075 421 3413 495 Martyrolog.

2136 500 2525 560 Exstatsermo
2548 508 2604 564 S.
2632 510 2916 568 Gaudentii
2958 517 3202 587 episcopi
3229 520 3346 588 ejus
3381 535 3664 577 successo-~

2062 600 2159 667 ris,
2192 617 2298 672 quo
2324 603 2658 662 describitur
2693 609 2801 664 vita
2844 612 3032 681 ipsius.
3058 613 3134 669 De
3156 615 3533 673 Translatione
3558 635 3658 673 au-

2063 698 2167 746 tem
2196 702 2282 748 est
2303 709 2483 750 sermo
2506 698 2810 769 Ramperti,
2845 704 3087 772 ejusdem
3112 704 3371 762 Ecclesia:
3395 709 3659 781 episc0pi.

2060 782 2235 839 Habet
2259 801 2321 840 ea
2363 790 2544 843 omnia
2574 790 2945 861 Lipomannus
2978 805 3107 851 tom.
3147 797 3187 852 ll
3212 808 3267 855 et
3307 801 3496 857 Surius
3523 814 3655 859 tom.

2055 874 2145 930 Ν.
2180 876 2326 933 Vixit
2355 880 2706 940 PHILASTRIUS
2737 888 2836 941 sub
2864 888 3173 945 Theodosio
3203 893 3459 961 Seniore;
3493 898 3662 953 inter-

2057 965 2264 1038 fuitque
2295 987 2399 1026 una
2449 989 2572 1028 cum
2622 976 2679 1032 S.
2717 979 3027 1048 Ambrosio,
3083 991 3405 1059 cmterisque
3452 991 3660 1045 sanctis

2054 1062 2325 1132 episcopis
2352 1067 2586 1123 concilio
2621 1068 2955 1139 Aquileiensi
2989 1074 3249 1134 adversus
3296 1082 3552 1148 Arianos,
3598 1093 3656 1136 ut

2052 1164 2275 1222 apparet
2303 1170 2369 1210 ex
2405 1156 2558 1212 Actis
2598 1159 2840 1231 ejusdem
2869 1168 3104 1222 concilii.
3138 1170 3385 1226 Meminit
3409 1173 3649 1242 ejusdem

2049 1243 2107 1301 S.
2130 1245 2462 1318 Augustinus
2489 1252 2629 1309 libro
2656 1254 2725 1310 de
2760 1256 3069 1317 llaeresibus
3091 1262 3158 1316 ad
3190 1263 3649 1330 Quodvultdeutn,

2048 1352 2218 1409 seque
2244 1357 2366 1396 eum
2401 1346 2616 1402 novisse
2657 1358 2927 1408 testatur:
2958 1354 3094 1411 obiit
3129 1366 3308 1414 autem
3346 1361 3487 1415 diem
3525 1378 3649 1417 cum

2046 1429 2223 1487 adhuc
2245 1445 2521 1504 superstes
2551 1450 2697 1495 esset
2722 1454 2941 1499 sanctus
2967 1448 3308 1518 Ambrosius,
3343 1462 3400 1506 ut
3426 1467 3653 1523 apparet

2044 1537 2112 1577 ex
2139 1538 2392 1582 sermone
2419 1528 2475 1584 S.
2510 1530 2798 1589 Gaudentii
2830 1537 2947 1606 ejus
2980 1544 3340 1609 successoris,
3376 1544 3562 1599 habito
3595 1548 3646 1601 in

2043 1613 2399 1675 Ordinatione
2445 1638 2564 1677 sua.
2609 1624 2767 1682 Unde
2803 1640 3019 1685 constat
3048 1634 3128 1687 vel
3175 1636 3496 1691 mendosum
3526 1654 3650 1693 esse

2042 1708 2307 1779 codicem,
2340 1715 2423 1767 vel
2457 1716 2527 1769 ab
2556 1717 2741 1788 aliquo
2770 1723 3206 1791 superadditum,
3236 1729 3379 1797 quod
3418 1728 3650 1785 habetur

1966 1807 2015 1867 Β
2042 1801 2184 1869 apud
2215 1803 2564 1862 Philastrium
2594 1813 2660 1865 de
2693 1812 2895 1870 llzcres.
2929 1832 3047 1886 cap.
3081 1819 3201 1885 111,
3235 1836 3261 1872 a
3292 1820 3512 1878 Christo
3544 1825 3648 1878 Do-

2041 1894 2191 1948 mino
2223 1912 2391 1963 usque
2415 1899 2482 1953 ad
2514 1901 2645 1957 illud
2671 1912 2884 1974 tempus
2910 1922 3031 1962 cum
3056 1925 3117 1964 ea
3142 1913 3406 1969 setiberet
3431 1957 3445 1980 ,
3477 1917 3649 1973 inter-

2039 1985 2278 2041 currisse
2316 2004 2489 2045 annos
2522 1993 2935 2065 quadringiutos
2987 2001 3237 2071 triginta;
3270 2019 3390 2058 cum
3438 2006 3649 2076 liquido

2039 2089 2296 2147 appareat
2353 2081 2410 2137 S.
2453 2082 2843 2156 Ambrosium,
2878 2092 2969 2161 qui
3020 2094 3068 2147 ei
3113 2098 3445 2165 supervixit,
3482 2100 3644 2172 longe

2037 2178 2162 2224 ante
2184 2186 2245 2225 ca
2278 2182 2519 2243 tempora
2549 2193 2613 2232 ex
2643 2178 2897 2237 humanis
2920 2184 3166 2253 desiisse,
3198 2188 3440 2248 Caesario
3460 2204 3516 2249 et
3538 2198 3638 2249 At-

2038 2261 2145 2318 tico
2189 2280 2331 2320 coss.
2391 2284 2533 2325 anno
2587 2272 2800 2330 Domini
2857 2283 3240 2337 trecentesimo
3285 2288 3641 2358 nonagesimo

2034 2358 2290 2427 septimo.
2325 2359 2515 2433 Confer
2543 2369 2778 2422 eumdem
2800 2370 3086 2427 Baronium
3115 2377 3185 2429 ad
3210 2378 3275 2431 Α.
3310 2378 3369 2433 C.
3401 2381 3527 2437 586.

2070 2451 2266 2507 Auctor
2306 2455 2623 2527 Appendicis
2669 2462 2738 2516 ad
2778 2462 3108 2536 Ildefonsttm
3158 2472 3220 2525 de
3248 2472 3600 2546 Scriptoribus

2617 2550 2820 2610 Eccles.
2854 2574 2973 2625 cap.
3005 2561 3061 2615 5.

2103 2638 2458 2699 PHILASTRIUS
2485 2645 2787 2703 Brixiensis
2831 2651 3120 2723 episcopus
3148 2674 3159 2708 :
3206 2655 3292 2711 hic
3324 2658 3481 2729 longe
3507 2671 3635 2717 ante

2030 2730 2404 2793 beatissimum
2424 2741 2803 2811 Augustimum
2832 2748 3001 2802 edidit
3018 2749 3211 2805 lihrutn
3232 2752 3295 2805 de
3313 2752 3633 2820 Htcresibus,

2028 2825 2270 2899 singulas
2315 2848 2558 2904 quasque
2587 2837 2968 2896 demonstrans
2990 2886 3004 2908 ,
3045 2847 3160 2901 sive
3191 2864 3311 2917 quae
3342 2852 3393 2904 in
3432 2854 3637 2923 pOpulo

2028 2917 2340 2977 Iudaeorum
2372 2936 2498 2981 ante
2531 2928 2957 2988 incarnationem
2987 2933 3187 2992 Christi
3215 2939 3461 3008 luerunt,
3498 2960 3634 3015 quas

2028 3013 2219 3084 viginti
2252 3026 2376 3071 octo
2404 3033 2725 3089 enumerat;
2757 3026 2872 3081 sive
2903 3044 3023 3098 qua:
3052 3042 3173 3101 post
3206 3034 3417 3091 Domini
3448 3038 3637 3093 Salva-

2027 3108 2161 3162 toris
2206 3110 2496 3167 adventum
2525 3115 2788 3173 adversus
2806 3119 3143 3179 Catholicam
3191 3127 3378 3184 Fidem
3426 3145 3633 3189 exorta:

1949 3196 1993 3257 C
2029 3210 2178 3267 sunt,
2215 3219 2349 3273 quas
2381 3206 2523 3262 idem
2553 3220 2769 3267 centum
2807 3214 2994 3283 viginti
3020 3227 3145 3272 octo
3175 3219 3245 3291 (ε)
3272 3236 3395 3276 esse
3423 3223 3629 3279 descri-

2025 3290 2104 3346 bit
2130 3310 2141 3346 :
2166 3293 2305 3349 sicut
2348 3305 2403 3350 et
2433 3298 2500 3353 de
2531 3315 2596 3355 eo
2623 3301 2765 3357 idem
2796 3305 2878 3359 vir
2907 3322 3115 3377 magna:
3152 3311 3343 3379 gloria:
3371 3316 3629 3385 Augusti-

2023 3399 2125 3438 nus
2174 3387 2441 3443 meminit.

2102 3474 2221 3531 Job.
2261 3478 2572 3537 Trit/temius
2603 3485 2666 3539 de
2693 3486 3052 3557 Scriptoribus
3076 3494 3276 3551 Eccles.
3307 3516 3423 3568 cap.
3458 3500 3548 3555 84.

2093 3567 2449 3627 PHILASTBIUS
2487 3577 2780 3648 episcopus
2824 3581 3155 3651 Brixiensis,
3203 3589 3286 3642 vir
3334 3591 3388 3645 in
3426 3591 3627 3649 divinis

2018 3658 2314 3732 Scripturis
2332 3666 2702 3735 doctissimus,
2726 3685 2780 3727 et
2808 3677 3150 3733 s:ecularium
3177 3680 3483 3740 litterarum
3516 3702 3625 3743 non

2020 3754 2272 3825 ignarus,
2318 3759 2480 3816 beato
2510 3762 2799 3819 Ambrosio
2842 3768 3228 3828 Mediolanensi
3275 3786 3329 3831 et
3373 3786 3533 3833 notus
3564 3791 3622 3836 et

2016 3848 2321 3915 familiaris,
2363 3854 2516 3923 cujus
2546 3857 2793 3913 meminit
2837 3860 2893 3916 S.
2928 3866 3260 3933 Augustinus
3302 3869 3354 3923 itt
3383 3871 3616 3940 quadam

2016 3940 2243 4009 epistola
2299 3945 2365 3999 ad
2422 3946 2899 4017 Quodvultdeum;
2950 3955 3168 4026 scripsit
3247 3975 3344 4029 pro
3384 3962 3622 4018 utilitate

2014 4037 2288 4091 communi
2314 4040 2561 4108 quaedam
2592 4044 2851 4112 praeclara
2890 4046 3181 4119 Opuscula,
3212 4068 3241 4106 e
3271 4054 3470 4124 quibus
3497 4058 3619 4111 nul-

2012 4126 2122 4183 lum
2168 4129 2237 4186 ad
2279 4148 2472 4188 manus
2513 4147 2726 4191 nostras
2772 4142 2988 4196 memini
3040 4147 3379 4213 pervenisse.
3421 4149 3619 4205 Fertur

2012 4220 2151 4289 eius,
2186 4222 2245 4277 Β.
2276 4225 2582 4297 Augustino
2624 4230 2711 4284 ubi
2740 4246 2903 4302 supra
2934 4242 3185 4304 testante,
3231 4238 3440 4309 insigne
3468 4241 3618 4312 Opus

2012 4316 2153 4383 quod
2188 4318 2407 4388 scripsit
2433 4338 2445 4373 :

2073 4406 2151 4461 De
2177 4423 2298 4464 CLVI
2322 4410 2401 4479 (d)
2433 4410 2727 4467 llreresibus
2755 4414 2844 4470 lib.
2879 4432 2894 4470 ι
2933 4418 3225 4474 Simoniani
3259 4441 3292 4477 a
3318 4422 3549 4481 Simone.

2079 4498 2287 4555 Caetera
2312 4517 2419 4556 non
2454 4502 2581 4557 vidi.
2606 4504 2815 4561 Claruit
2839 4509 2940 4563 sub
2968 4510 3279 4568 Theodosio
3302 4515 3433 4586 imp.
3465 4518 3612 4574 chri«

1923 4591 1977 4649 D
2002 4590 2357 4660 stianissimo,
2387 4609 2530 4649 anno
2552 4596 2763 4653 Domini
2784 4615 3048 4657 cccuxx.

2296 4684 2444 4739 Elius
2475 4684 2762 4756 Capreolus
2800 4692 2890 4749 lib.
2921 4709 2976 4748 ιιι
3010 4693 3151 4750 Hist.
3185 4696 3332 4753 Brix.

2081 4777 2215 4832 lluic
2246 4790 2425 4835 autem
2467 4785 2672 4855 (nempe
2714 4784 2988 4859 Faustino)
3024 4790 3378 4850 PHILASTRIUS
3424 4799 3609 4854 statim

2006 4873 2292 4940 sull'ectus,
2317 4875 2513 4930 Ariana
2545 4876 2739 4934 hatresi
2761 4888 2904 4947 orta,
2936 4882 3024 4937 ttbi
3054 4886 3342 4942 concilium
3378 4893 3609 4947 trecenti

2003 4978 2059 5023 et
2088 4968 2276 5025 decem
2310 4980 2433 5027 octo
2460 4973 2837 5042 episcoporum
2866 4975 2934 5029 ad
2966 4977 3137 5047 ipsam
3161 4985 3606 5051 examinandatn,

2004 5059 2391 5119 Constantinus
2416 5066 2505 5135 qui
2534 5065 2643 5134 jam
2675 5067 2748 5121 illi
2772 5080 3128 5126 consenserat
3154 5087 3432 5144 vocasset;
3462 5078 3608 5136 inter

2004 5170 2101 5211 eos
2127 5156 2439 5212 acutissime
2484 5158 2816 5227 disputavit:
2849 5159 3383 5239 diSputationemque
3430 5172 3605 5241 ipsam

2003 5247 2200 5304 deinde
2240 5249 2461 5319 scriptis
2504 5251 2800 5320 mandans,
2849 5268 2956 5309 non
3003 5271 3227 5327 parvam
3268 5261 3347 5316 rei
3375 5262 3605 5333 gloriam

2008 5431 2451 5515 breresibusﬁo,
2494 5451 2618 5493 cum
2662 5440 2723 5515 in
2752 5440 2925 5515 editis
2960 5458 3067 5499 non
3122 5446 3306 5515 plures
3358 5448 3611 5509 feruntur

2006 5519 2164 5593 quam
2318 5506 2498 5593 ldem_,
2554 5525 2674 5581 cap.
2708 5511 2846 5593 100,
2881 5514 3025 5570 inter
3054 5505 3370 5593 Hieronymi
3403 5505 3607 5593 scripla

2006 5577 2172 5660 refert
2221 5578 2416 5664 librum
2442 5580 2515 5659 de
2533 5577 3100 5664 .oct'oginta'quatuor.
3119 5577 3418 5645 hazre'sibus
3448 5577 3602 5664 cujus

2004 5648 2217 5731 initium
2248 5649 2544 5731 Simoniani
2588 5671 2619 5705 α
2652 5648 2887 5712 Simone.
2931 5657 3001 5712 At
3048 5658 3138 5715 ille
3172 5664 3459 5731 Augustini
3488 5648 3570 5721 est

2005 5734 2110 5773 non
2146 5720 2484 5793 Hieronymi.
3258 5720 3287 5731 “’
3321 5800 3339 5808 μ
3524 5780 3605 5831 [Α
