4024 6192
190 2886 435 3055 κ

451 294 589 353 1107

1673 292 1984 352 SANCTUS
2022 291 2475 353 PWSTRIUS

3597 288 3715 359 nos

443 410 658 468 cunctis
679 416 763 465 est
786 409 1013 479 adeptus
1040 408 1329 464 Brixianis.
1362 407 1438 464 De
1466 423 1573 479 quo
1602 408 1761 464 divus
1786 407 2042 480 Augusti-
2075 412 2124 469 Α
2155 408 2219 462 de
2266 408 2569 464 Senioribus
2596 410 2777 463 domus
2809 408 2993 474 Israel,
3028 420 3074 466 et
3098 410 3347 466 Jezonias
3369 410 3505 483 ﬁlius
3532 413 3715 484 Saphan

444 521 551 560 nus
599 506 653 559 in
704 504 933 573 epistola
976 503 1042 557 ad
1075 502 1519 569 Quodvultdenm
1563 503 1885 569 diaconum,
1934 504 2051 559 lucc

448 598 614 654 verba
660 597 891 652 scribit:
944 595 1225 650 Filastrius
1252 595 1541 650 Britaiensis
1588 597 1859 666 episcopus
1900 613 2049 667 quem

448 710 565 749 cum
600 694 745 747 beato
781 692 1052 746 Ambrosio
1096 690 1383 745 Mediolani
1426 692 1583 745 etiam
1612 691 1722 762 ipse
1762 691 1887 755 vidi,
1922 691 2053 745 scri-

444 786 547 857 psit
572 787 694 839 hinc
725 785 936 849 librum,
962 783 1180 839 ἡαπ-σιω
1205 783 1329 837 illas
1368 800 1470 837 non
1498 784 1907 856 praetermittens,
1936 797 2051 853 qnte

442 876 498 931 in
541 879 733 950 popqu
770 876 1076 931 Judteorum
1116 880 1326 948 fuerunt
1357 887 1473 930 ante
1502 876 1712 930 Domini
1750 876 2044 941 adventum,

443 986 629 1041 easque
654 971 837 1039 viginti
857 979 904 1025 et
934 980 1048 1024 octo
1078 971 1511 1024 commemoravit.

514 1062 917 1131 Cltristopltorus
950 1062 1177 1117 Sundtus
1207 1062 1272 1116 de
1302 1062 1515 1132 Origine
1545 1062 1753 1128 animat,
1778 1080 1831 1132 ρ.
1867 1063 1989 1118 Mi.

515 1158 875 1213 PRILASTRIUS
918 1157 1217 1212 Brixiensis
1239 1199 1253 1223 ,
1286 1158 1481 1211 hrcrcsi
1515 1156 1607 1221 97,
1649 1157 1784 1211 dicit
1810 1158 2047 1212 animam

443 1267 565 1309 esse
591 1261 833 1307 creatam
866 1259 993 1307 ante
1020 1266 1239 1322 corpus,
1271 1252 1432 1322 idque
1462 1267 1530 1307 ex
1562 1252 1791 1308 Psalmis
1815 1254 2007 1324 probat
2032 1273 2045 1310 :

444 1360 616 1416 porro
645 1359 795 1399 more
834 1343 1127 1414 Origenlco
1169 1346 1393 1415 exponit
1436 1345 1748 1401 interiorem
1770 1388 1783 1411 ,
1818 1356 1873 1402 et
1899 1357 2051 1404 exte-

442 1439 645 1493 riorem
693 1437 991 1505 hominem,
1030 1448 1086 1494 et
1115 1454 1331 1494 carnem
1360 1454 1621 1510 organum
1655 1439 1852 1495 animm
1886 1442 2051 1497 ratio-

443 1531 581 1585 nalis
613 1540 789 1584 vocat.
823 1530 937 1585 Non
972 1531 1153 1602 itaque
1190 1531 1496 1586 mirandum
1526 1547 1625 1586 cur
1654 1533 1857 1587 nullam
1906 1534 2050 1589 lece-

442 1623 516 1676 rit
544 1623 875 1677 mentionem
929 1624 1155 1679 haeresis
1184 1623 1651 1694 Origenistarum,
1700 1641 1821 1680 cum
1866 1634 2046 1681 tamen

440 1716 576 1769 alios
608 1718 692 1770 vel
724 1717 1029 1773 levissimos
1055 1733 1273 1774 errores
1295 1718 1599 1775 haeresibus
1629 1730 1937 1776 accenseat.

623 1808 711 1862 Jo.
736 1808 937 1864 Millius
962 1810 1183 1883 Prtefat.
1211 1813 1264 1865 in
1293 1829 1478 1866 novum
1501 1812 1641 1867 Test.
1677 1813 1703 1883 ς
1734 1814 1862 1870 851.

519 1901 830 1957 Ριιιωετιιη
878 1904 1165 1959 ritationcs
1206 1920 1395 1973 parum
1448 1922 1758 1971 moramur,
1802 1923 1925 1963 cum
1955 1924 2048 1965 ex-

447 2004 608 2065 cepto
644 1996 763 2049 loco
811 1996 902 2051 illo
935 1998 1125 2054 Matth.
1162 2014 1293 2066 xxtt,
1327 2000 1397 2056 29
1426 2018 1437 2053 :
1471 1999 1698 2055 Nescitis
1724 2001 2047 2071 Scripturas,

445 2098 493 2141 et
526 2089 763 2142 virtutem
816 2104 992 2143 earum
1033 2093 1316 2162 ignoratis;
1347 2101 1402 2147 et
1443 2093 1620 2149 altero
1665 2094 1796 2149 Luc.
1828 2109 1919 2159 xu,
1954 2093 2047 2161 49,

450 2198 603 2251 quam
618 2184 733 2238 colo
755 2194 810 2236 ut
837 2186 1152 2239 accendatur
1170 2188 1300 2257 (quo
1318 2187 1481 2242 modo
1507 2189 1669 2243 etiam
1696 2188 1863 2243 citant
1884 2188 2050 2243 Maxi-

444 2289 568 2329 mus
597 2275 977 2343 Tourinensis,
1008 2276 1307 2348 Remigius,
1344 2279 1590 2346 Ruﬁnus,
1635 2280 2047 2353 Hieronymus),

444 2371 628 2425 eteteri
660 2385 688 2423 a
738 2372 941 2427 nostris
970 2373 1253 2430 codicibus
1282 2372 1485 2431 diversi
1536 2376 1601 2430 ad
1633 2388 1854 2432 sensum
1902 2376 2050 2432 citati

445 2464 758 2532 videantur,
793 2468 877 2521 vel
906 2483 971 2521 ex
1004 2470 1286 2523 memoria.

574 2562 663 2615 .lo.
695 2562 948 2616 Seldenus
975 2562 1040 2616 de
1072 2554 1185 2617 Diis
1208 2563 1358 2634 Syris
1388 2575 1643 2636 syntagm.
1682 2583 1717 2632 ι,
1755 2582 1806 2634 p.
1839 2565 1930 2621 95.

521 2659 577 2713 In
612 2660 885 2730 plerisque
906 2661 1262 2716 Pnthsrmus
1287 2660 1403 2727 ille,
1423 2669 1480 2715 ut
1506 2662 1677 2716 semel
1702 2659 2050 2726 admoneam,

450 2754 586 2806 satis
610 2759 819 2808 temere
845 2752 913 2808 de
942 2752 1243 2809 haeresibus
1273 2768 1406 2823 quas
1435 2760 1593 2807 vocat
1621 2753 1725 2807 illis
1751 2754 2053 2821 priscorum

450 2845 740 2916 Syrorum.
776 2846 885 2902 Nec
912 2847 1137 2901 omnino
1160 2848 1304 2917 potis
1333 2856 1417 2902 est
1448 2846 1605 2903 [idem
1638 2862 1792 2902 suam
1821 2848 2058 2903 liberare

450 2938 502 2995 in
550 2940 616 2993 iis
646 2955 766 3010 qum
795 2944 1018 3008 smpius,
1057 2942 1204 2994 velut
1234 2942 1440 2995 somnia
1470 2942 1570 2997 sibi
1602 2942 1834 3012 ﬁngens,
1858 2942 1926 2996 dc
1967 2958 2059 2997 co-

453 3048 575 3087 rum
601 3031 795 3086 ritibus
826 3039 880 3085 et
909 3031 1221 3085 numinibus
1244 3031 1501 3087 audacter
1533 3033 1696 3086 nimis
1723 3033 1982 3088 obtrudit.

449 3124 712 3194 Josepltus
742 3124 978 3194 Scaliger
1000 3124 1230 3179 Elenclto
1244 3124 1541 3179 Triltazresii
1566 3125 1835 3180 Serariani
1861 3143 1975 3197 cap.
2006 3127 2056 3179 1.

2155 502 2316 555 stabat
2344 504 2397 555 in
2422 504 2589 555 medio
2611 520 2784 557 eorum
2808 507 3051 557 stantium
3085 516 3206 559 ante
3229 508 3451 573 picturas
3477 523 3494 561 :
3520 518 3561 561 et
3587 520 3717 563 unuse

2155 596 2367 665 quisque
2396 595 2611 649 habebat
2644 595 2962 650 tltnribulum
2992 598 3044 651 in
3078 610 3367 664 manusua,
3408 609 3453 653 et
3480 616 3625 669 vapor
3646 612 3717 655 tte-

2156 687 2291 741 bula:
2312 688 2375 740 de
2410 690 2558 742 thure
2584 688 2942 759 consurgebat.
2975 688 3041 742 Et
3065 690 3197 743 dixit
3228 692 3299 743 ad
3335 707 3414 746 me
3443 707 3461 746 :
3499 690 3634 747 Certe
3653 695 3718 749 si-

2156 782 2265 847 des,
2298 782 2374 851 ﬁli
2398 782 2645 850 hominis,
2670 800 2785 849 qua:
2813 784 3058 839 Seniores
3080 787 3264 840 domus
3288 786 3455 841 Israel
3483 790 3720 859 facientia
3802 832 3805 837 .

2157 878 2395 942 tenebris,
2453 879 2799 949 unusquisque
2848 880 2901 934 in
2955 880 3258 935 abscondito
3311 882 3492 935 cubilis
3539 883 3631 937 sui.
3676 882 3720 939 In

2154 971 2343 1027 erco
2371 990 2382 1028 :
2404 974 2454 1028 ἐν
2479 973 2671 1040 σκότει,
2698 974 2745 1028 ἐν
2765 983 2837 1046 τῷ
2860 984 3061 1032 κοιτῶνι
3086 984 3158 1046 τῷ
3190 984 3404 1051 κρυπτῷ
3429 978 3604 1049 αὐτῷν.
3631 976 3720 1032 Ne-

2154 1080 2256 1136 quc
2287 1064 2668 1140 Τρωγλοδύται,
2693 1084 2870 1138 neque
2899 1066 3173 1142 ’Υπὸγειοι,
3202 1068 3290 1124 vel
3307 1068 3721 1142 ’Δποχθόνιοιάἱρί

2155 1170 2405 1229 possunt,
2440 1160 2532 1215 ubi
2580 1161 2738 1215 null-.e
2790 1161 3068 1230 spelunca:
3112 1172 3236 1216 sunt
3266 1164 3400 1229 ,sed
3456 1164 3722 1235 penetralia

2154 1249 2369 1319 domus,
2402 1262 2455 1309 et
2485 1254 2666 1308 abdita
2698 1253 2988 1319 cubilium,
3019 1253 3357 1319 Muscicolas.
3393 1255 3445 1311 id
3468 1266 3563 1323 est,
3590 1269 3723 1313 Muto—

2153 1347 2361 1420 λὰτρας,
2410 1363 2441 1400 a
2492 1363 2669 1401 musca
2713 1347 3017 1413 Accaronis,
3065 1349 3259 1420 inquit,
3309 1351 3376 1405 ad
3420 1368 3565 1421 quam
3608 1353 3725 1405 misit

2157 1436 2411 1492 Oeltozias
2434 1456 2541 1492 rex.
2594 1438 2649 1493 In
2694 1438 2733 1493 ll
2765 1439 2896 1509 Reg.
2931 1456 2968 1503 ι,
2998 1440 3055 1505 2,
3095 1440 3296 1510 legitur
3331 1460 3342 1495 :
3377 1440 3476 1508 lte,
3506 1443 3725 1498 consulite

2153 1530 2439 1588 Beelzebub
2463 1532 2630 1586 Deum
2665 1533 2913 1589 Accaron.
2947 1534 3046 1589 Hic
3071 1536 3219 1590 nulla
3249 1545 3335 1592 est
3374 1551 3551 1591 musca
3580 1539 3723 1591 Acca-

2154 1626 2326 1694 ronis,
2357 1627 2452 1681 sed
2484 1627 2789 1681 Beelzebub
2812 1628 3132 1696 Accaronis,
3165 1644 3192 1681 a
3222 1643 3332 1698 quo
3363 1628 3724 1685 Beelzebubitzt

2155 1716 2262 1772 dici
2293 1715 2584 1772 debebant.
2616 1718 2721 1775 Sed
2747 1718 3075 1783 Beelzebub,
3110 1721 3162 1774 id
3195 1730 3283 1775 est
3313 1721 3451 1776 Deus
3481 1721 3679 1787 Muscas,
3702 1736 3724 1775 ι

2080 1812 2127 1872 Β
2156 1810 2431 1882 Scriptura
2485 1813 2705 1880 dicitur,
2739 1797 2890 1876 933:5
2921 1830 3015 1884 per
3054 1816 3466 1881 contumeliam,
3514 1826 3567 1869 ut
3608 1815 3719 1869 alibi

2156 1907 2513 1973 ostendimus,
2549 1923 2655 1963 non
2686 1908 2829 1979 quod
2859 1909 3202 1963 Accaronitm
3224 1911 3528 1965 eonomine
3553 1923 3723 1962 numen

2156 2014 2311 2054 suum
2341 2000 2706 2056 dehonestare
2736 2001 3008 2055 voluerint
3025 2001 3170 2073 (quis
3191 2002 3337 2055 enim
3361 2003 3419 2057 τὸ
3444 2002 3725 2073 «etram.

2156 2094 2424 2171 ὑϐρίζει);
2455 2094 2550 2148 sed
2582 2094 2735 2149 multi
2768 2104 2923 2148 erant
2956 2094 3726 2166 Baalim:etapudillasgentes

2158 2185 2517 2254 εἰδωλομανεῑς
2557 2202 2851 2257 numquam
2881 2186 3008 2241 Baal
3033 2186 3324 2243 dicebatur
3354 2188 3469 2241 sine
3509 2196 3726 2240 constru-

2158 2282 2323 2336 etivo.
2364 2281 2777 2348 Baal-Satnaim,
2808 2284 3073 2356 οὐράνιος,
3112 2281 3469 2347 Baal-Rcem,
3502 2282 3725 2355 Βροντεὺς,

2159 2390 2319 2443 quem
2347 2374 2575 2428 ridiculo
2604 2376 2823 2429 nomine
2853 2374 3131 2444 Scriptura
3169 2373 3537 2443 Baal-Phegor
3575 2381 3724 2435 vocat,

2159 2465 2304 2536 quod
2331 2474 2416 2521 est
2441 2466 2682 2539 Πορδεὺς,
2717 2481 2821 2521 non
2845 2470 3109 2544 Βροντεὺς.
3138 2466 3231 2522 Sic
3256 2466 3388 2521 illud
3419 2464 3729 2521 Accarouita-

2162 2574 2281 2612 rum
2342 2558 2568 2624 idolum,
2598 2558 2745 2628 quod
2798 2559 3151 2629 meoiudicio
3202 2558 3481 2614 dicebatur
3511 2554 3731 2611 Batti-Ze-

2160 2651 2367 2715 bahitn,
2400 2652 2544 2707 Deus
2576 2653 2941 2717 victimarum,
2974 2653 3439 2717 immolationum,
3472 2648 3729 2705 sacriﬁcio-

2161 2758 2320 2809 rum,
2365 2742 2591 2813 joculari
2648 2745 2912 2800 vocabulo
2974 2745 3265 2813 Scriptura
3322 2744 3529 2798 vocavit
3588 2742 3727 2795 Deum

2164 2833 2385 2899 Musca’,
2415 2835 2556 2902 quod
2589 2836 2639 2888 in
2671 2838 2871 2904 templo
2902 2836 3398 2907 llierosolymitano
3427 2852 3610 2890 muscm
3634 2849 3727 2887 car-

2166 2943 2265 2982 nes
2288 2928 2629 2984 victimarum
2658 2943 2763 2983 non
2789 2929 3141 2999 liguricbant,
3169 2946 3297 2984 cum
3328 2930 3729 2984 tamenGcntium

2166 3018 2287 3074 fana
2315 3035 2345 3073 a
2394 3020 2593 3075 muscis
2640 3020 3030 3076 infestarentur
3066 3034 3296 3091 propter
3326 3023 3560 3076 nidorem
3603 3020 3728 3073 ricti-

2172 3130 2404 3168 marum.
2453 3115 2582 3169 Ideo
2608 3116 2659 3170 in
2693 3116 2925 3171 Arcadia
2978 3116 3132 3171 heroi
3163 3119 3385 3173 cuidam
3418 3120 3635 3189 Myagio,
3657 3132 3732 3170 an-

528 3219 603 3272 De
635 3218 906 3272 [mrem-is
929 3217 1174 3287 Catatogi
1206 3216 1514 3273 prmum"
1538 3217 1781 3288 episcopi
1806 3218 2055 3273 Βνίχίεη.
2088 3204 2133 3265 C
2169 3215 2381 3275 tequam
2437 3206 2630 3261 hostiae
2678 3208 3046 3273 caederentur,
3102 3225 3192 3265 res
3251 3212 3428 3266 divina
3480 3211 3649 3274 ﬁebat,
3677 3222 3731 3263 ne

458 3314 555 3379 sis,
601 3313 761 3366 nimis
806 3311 915 3366 levi
968 3312 1189 3366 brachio
1219 3312 1511 3384 (Serarins)
1558 3312 1892 3382 defungitur.
1923 3312 2056 3367 Nam

458 3420 552 3457 eos
577 3406 881 3459 accuratius
921 3404 1197 3458 discutere
1221 3405 1485 3459 intererat
1505 3405 1645 3474 ejus,
1674 3405 1763 3475 qui
1794 3404 1861 3459 dc
1886 3403 2059 3460 hmrc-

456 3498 577 3551 ticis
629 3498 1053 3567 disputationem
1088 3496 1338 3551 instituit.
1385 3492 1494 3551 Nus
1540 3498 1605 3551 dc
1650 3498 1759 3551 illis
1788 3497 1921 3551 intra
1946 3512 2058 3552 am-

456 3593 602 3659 plius
646 3590 911 3644 dicemus.
965 3589 1172 3644 Interea
1207 3588 1469 3644 mendose
1523 3588 1902 3660 Heliognoslos
1955 3589 2060 3645 dici

460 3698 566 3737 non
615 3683 862 3752 negabit,
902 3683 992 3752 qui
1045 3682 1398 3737 mediocriter
1443 3682 1630 3736 Graece
1670 3682 1915 3738 eruditus
1953 3688 2057 3738 est.

460 3778 817 3850 ἰιλιογνῶσται
848 3779 1016 3845 enim,
1070 3793 1176 3833 non
1231 3777 1586 3851 Ἥλιόν-δωστοι
1617 3786 1763 3833 recta
1799 3778 1937 3833 ratio
1969 3792 2064 3846 p0-

460 3870 652 3933 stulat,
679 3885 836 3939 quam
868 3873 1134 3944 ἀναλογίαν
1159 3883 1376 3925 vocant.
1394 3871 1554 3941 Atqui
1586 3870 1627 3925 si
1660 3872 1769 3927 κατ’
1795 3871 2065 3943 ἀναλογίαν

460 3971 610 4017 recte
635 3962 856 4026 dicitur,
883 3977 988 4016 non
1019 3972 1197 4019 tamen
1225 3964 1340 4019 κατ’
1362 3962 1568 4018 ἔννοιαν.
1596 3961 1728 4017 Nam
1752 3962 2067 4040 Ἠλιολάτραι

459 4061 554 4108 aut
593 4054 896 4115 ’Πλιοσεϐεῖς
938 4053 1153 4109 dicendi
1191 4062 1365 4109 erant.
1409 4053 1447 4108 li
1480 4062 1636 4118 sunt,
1669 4056 1760 4124 qui
1799 4054 1864 4109 ad
1895 4057 2064 4110 solem

459 4146 731 4203 orientem
782 4146 1108 4214 adorabant,
1146 4154 1208 4201 ut
1245 4155 1329 4201 est
1381 4146 1522 4216 apud
1568 4146 1909 4201 Ezechielem
1942 4163 2064 4211 νιιι,

458 4240 728 4296 adversus
759 4241 1064 4296 institutum
1095 4241 1338 4296 divinum
1369 4241 1503 4312 legis
1531 4238 1800 4295 Mosaicm.
1833 4238 1916 4295 Ab
1950 4241 2069 4295 istis

456 4332 689 4404 profecti
712 4334 802 4403 qui
835 4334 1092 4406 Σαμψαῑοι
1122 4333 1468 4402 dicebantur,
1498 4334 1737 4400 lamin,
1759 4333 2066 4400 ἡλιάζοντες,

460 4429 721 4494 ἡλιασταί,
742 4429 954 4488 ἡλιακοί.
976 4427 1314 4500 Epiphanius
1340 4430 1532 4485 hmresi
1556 4428 1624 4484 55
1652 4447 1663 4482 :
1688 4428 1945 4501 Σαμψαῖοι
1966 4432 2067 4505 ’γὰρ

461 4524 825 4600 ἔρμηνεύονται
868 4525 1061 4582 ἡλιακοί
1104 4541 1115 4577 :
1158 4524 1403 4595 quamvis
1445 4524 1511 4579 de
1541 4524 1656 4579 sole
1697 4526 1910 4579 oriente
1939 4525 2070 4578 ado-

2165 3314 2367 3353 musca:
2398 3300 2463 3353 ad
2519 3316 2610 3355 eas
2659 3302 2999 3358 advolarent.
3060 3303 3385 3371 Pausanias,
3416 3306 3491 3360 Ἐν
3516 3307 3657 3376 ταύτῃ
3680 3310 3729 3377 τῇ

2165 3394 2450 3469 πανηγύρει
2500 3397 2745 3471 Μνιάγρῳ
2800 3399 3128 3473 προθύουσιν,
3158 3400 3501 3471 ὲπενχὸμίνοί
3543 3420 3590 3453 τε
3625 3398 3729 3451 κατὰ

2165 3501 2268 3548 τῶν
2297 3494 2490 3569 ἱερείων
2539 3502 2612 3564 τῷ
2653 3496 2800 3570 ἥρωι,
2834 3499 2918 3549 καὶ
2951 3496 3336 3568 ἐπικαλούμενοι
3364 3501 3447 3553 τὸν
3489 3500 3724 3569 Mair/por.

2166 3583 2359 3654 Itaque
2384 3584 2526 3655 quod
2556 3584 2825 3640 Ocltozias
2850 3604 2943 3641 rex
2979 3589 3191 3643 miserit
3213 3591 3460 3645 scitatum
3490 3588 3727 3643 oraculum

2172 3677 2481 3733 Beelzebub
2536 3678 2666 3733 idoli
2716 3682 3191 3745 Accaronitarutn,
3250 3682 3371 3738 ideo
3430 3681 3579 3735 ullam
3627 3679 3727 3729 hinc

2170 3767 2404 3824 heresin
2436 3768 2850 3826 Muscicolarum
2880 3783 3126 3827 exortam
3165 3772 3358 3837 fuisse,
3392 3787 3553 3842 neque
3577 3767 3721 3838 sequi-

2170 3869 2281 3926 tur,
2308 3878 2482 3933 neque
2514 3878 2701 3917 verum
2744 3874 2846 3919 est.
2879 3863 3031 3919 Unus
3074 3873 3284 3919 tantum
3312 3866 3437 3921 Baal
3476 3865 3583 3919 sine
3623 3874 3728 3915 con-

2172 3956 2438 4009 structivo
2494 3955 2881 4011 nominabatur
2909 3957 3023 4012 κατ’
3050 3957 3262 4030 item,
3297 3962 3441 4029 isque
3476 3965 3580 4012 erat
3603 3951 3727 4008 Baah

2172 4048 2435 4116 Samaim,
2485 4047 2554 4104 de
2603 4064 2711 4120 quo
2749 4049 2911 4105 toties
2962 4052 3015 4105 in
3083 4051 3387 4122 Scriptura.
3443 4048 3627 4118 Reliqui
3664 4043 3726 4098 dil

2176 4141 2432 4197 dicuntur
2454 4142 2657 4198 Baalim
2692 4144 2943 4199 absolute
2997 4146 3049 4199 in
3091 4145 3247 4201 libris
3288 4149 3475 4211 sacris,
3499 4157 3606 4199 eum
3631 4139 3724 4191 sin-

2176 4234 2285 4303 guli
2322 4233 2462 4304 apud
2493 4245 2685 4303 gentes
2735 4235 2867 4289 istas
2894 4250 3016 4290 cum
3064 4240 3434 4294 constructivo
3463 4249 3552 4291 suo
3577 4228 3726 4286 conri-

2176 4343 2454 4404 perentur.
2506 4334 2634 4390 Ideo
2698 4334 2921 4388 Baalitse
2951 4349 3059 4387 non
3113 4334 3383 4389 debebant
3431 4324 3654 4397 distingui
3700 4335 3722 4372 ε

2175 4426 2514 4492 Muscicolis,
2563 4424 2833 4495 siquidem
2892 4425 2996 4478 ulla
3066 4424 3474 4479 Muscicolarnm
3539 4412 3724 4471 heresis

2176 4520 2384 4575 luisset.
2419 4520 2524 4575 Sed
2572 4520 2672 4574 hos
2726 4519 2869 4573 male
2913 4518 3139 4573 divulsit
3188 4508 3719 4579 PhilastriusmtTro

456 4622 580 4669 rato
607 4616 795 4669 tacuit.
823 4614 928 4670 Sed
968 4616 1041 4669 illi
1073 4626 1229 4671 erant
1260 4616 1473 4682 Esseni,
1506 4624 1598 4671 aut
1629 4615 1697 4669 ab
1726 4616 1976 4683 Essenis,
2007 4622 2066 4670 ut
2092 4600 2147 4659 D
2172 4611 2419 4682 glodytas
2470 4628 2495 4663 a
2547 4610 2950 4665 Subterraneis.
3007 4611 3271 4675 Astaritre,
3314 4621 3361 4665 et
3396 4600 3721 4672 Reinphaitite’.

455 4707 698 4776 alibi‘(a)
725 4706 1027 4777 aperietur.
1057 4706 1248 4762 Kaiani
1278 4722 1445 4778 quare
1477 4723 1606 4764 usus
1638 4706 1872 4764 obtinuit
1896 4717 1953 4763 ut
1984 4710 2068 4763 di-

457 4809 717 4856 cerentur
764 4797 966 4869 potius,
1014 4814 1177 4871 quam
1222 4800 1495 4866 Kainiani,
1547 4809 1796 4871 qumrant
1841 4800 2061 4857 eruditi.

457 4892 704 4962 Namque
732 4893 817 4947 hic
864 4893 1128 4964 analogia:
1178 4893 1258 4949 vis
1314 4892 1452 4947 facta
1503 4904 1605 4948 cst.
1660 4892 1934 4948 Musoritm
1981 4903 2067 4948 est

459 4986 690 5043 barbara
740 4986 1096 5055 compositio,
1156 5002 1331 5059 neque
1379 4986 1505 5043 inde
1566 5002 1651 5042 mc
1704 4987 1812 5041 ulla
1868 4986 2061 5043 Gram-

460 5080 661 5138 matica
716 5082 987 5137 estricare
1042 5090 1239 5151 potest.
1302 5080 1684 5153 Troglodytaz,
1741 5079 1831 5151 qui
1885 5086 1940 5135 et
1980 5093 2071 5134 ca-

457 5175 573 5245 pite
615 5174 686 5227 22
727 5172 1081 5229 Subterranei
1128 5175 1417 5241 dicantur,
1468 5184 1520 5229 et
1569 5174 1687 5229 sine
1744 5173 1853 5228 ulla
1902 5181 2065 5228 causa

460 5283 493 5321 a
547 5266 843 5323 Philastrio
899 5266 1202 5337 iterantur,
1251 5284 1411 5341 quam
1470 5280 1599 5325 vere
1664 5278 1729 5324 ex
1764 5274 1890 5336 viti,
1956 5266 2015 5323 ll
2047 5308 2062 5335 ,

460 5361 532 5415 1‘2
589 5360 890 5417 Ezechielis
943 5361 1320 5430 deducantur,
1370 5363 1536 5418 verba
1600 5361 1876 5417 Philastrii
1942 5377 2062 5417 cum

458 5454 641 5509 verbis
673 5453 952 5525 propheta:
982 5455 1175 5510 collata
1206 5452 1366 5509 tidem
1399 5452 1646 5511 fecerint.
1690 5450 1792 5511 Ubi
1814 5498 1829 5522 ,
1863 5454 2060 5525 inquit,

457 5542 705 5603 Seniores
731 5564 849 5602 cum
895 5548 1176 5604 tlturibulis
1198 5591 1213 5617 ,
1243 5546 1389 5602 idola
1416 5546 1593 5602 colunt
1620 5545 1878 5617 speluncis
1917 5546 2065 5600 babi-

456 5648 621 5695 tantes
660 5641 851 5696 abditis
930 5642 1103 5697 Verba
1134 5642 1460 5711 Propheta:
1495 5640 1557 5695 Et
1594 5642 1920 5713 septuaginta
1966 5640 2063 5693 uiri

520 5758 599 5898 iii

628 5759 825 5828 Scalig.
856 5775 905 5814 ε.
939 5760 1030 5813 20.
1061 5760 1276 5816 etenchi
1302 5761 1596 5815 Trihaercs.

2173 4712 2303 4774 puto
2347 4701 2632 4778 ’Δο-τρίται.
2685 4701 2750 4755 Τὸ
2802 4699 2993 4779 ἄστρον
3049 4708 3138 4757 τοῦ
3187 4704 3299 4757 θεοῦ
3359 4702 3492 4771 ὑμῶν
3548 4689 3721 4761 ’νεμφάν

2172 4800 2351 4869 (Amos
2379 4814 2433 4865 v,
2480 4797 2585 4863 26;
2615 4797 2793 4849 Actor.
2843 4812 2933 4850 vn.
2963 4793 3077 4866 45).
3115 4796 3239 4852 Ideo
3290 4804 3560 4865 sequentes
3587 4784 3699 4840 llolo

2172 4889 2323 4945 clrittt
2350 4889 2491 4960 apud
2525 4888 2775 4944 eumdem
2807 4886 3184 4955 Philastrium,
3218 4889 3284 4943 ad
3313 4888 3442 4942 istas
3470 4881 3716 4954 pertinent.

2171 4998 2237 5044 ex
2261 4988 2455 5044 eodem
2487 4988 2608 5043 loco
2634 4986 2802 5044 Amos
2844 5003 2856 5040 :
2888 4985 3174 5044 Ἀνελάϐετε
3217 4994 3306 5047 τήν
3336 4989 3515 5044 σκηνὴν
3556 4974 3716 5044 καλὸχι

2177 5090 2206 5134 a
2228 5079 2424 5151 quibus
2452 5079 2736 5152 Topltetitaz
2762 5092 2866 5134 non
2895 5080 3067 5151 magis
3088 5079 3376 5150 separandi
3401 5081 3559 5136 erant,
3587 5080 3715 5139 quam

2177 5171 2508 5244 Troglodytte
2549 5188 2578 5226 a
2620 5172 3022 5228 Subterraneis.
3060 5173 3113 5226 ln
3149 5172 3267 5228 loco
3314 5166 3543 5239 Toplteth
3581 5156 3716 5228 siqui-

2173 5266 2297 5322 dem
2330 5267 2477 5321 idolo
2504 5266 2714 5321 Moloeb
2744 5266 2980 5320 infantes
3011 5266 3135 5336 igne
3162 5265 3536 5321 lustrabantur.
3560 5254 3717 5308 Putta-

2171 5362 2306 5427 rittc,
2339 5361 2533 5431 inquit,
2562 5360 2649 5428 qui
2676 5360 2939 5429 fodiebant
2970 5358 3063 5413 sibi
3087 5369 3286 5430 puteos,
3315 5357 3397 5426 qui
3425 5368 3514 5407 non
3542 5345 3715 5420 possunt

2174 5473 2356 5527 capere
2384 5470 2571 5525 aquam
2600 5453 2903 5508 salutarent.
2931 5453 3178 5524 Intelligo
3210 5466 3331 5508 esse
3363 5456 3533 5505 vocem
3561 5432 3712 5509 hybri-

2172 5526 2321 5612 dam,
2373 5556 2761 5618 puteoryctas,
2810 5547 2882 5618 (b)
2946 5547 3298 5616 compositam
3352 5548 3412 5599 ex
3464 5526 3630 5593 Latino
3670 5528 3712 5577 cl

2171 5640 2382 5697 Graeco.
2412 5640 2515 5696 Sed
2540 5639 2590 5694 in
2614 5639 2805 5696 Graeco
2830 5650 2911 5697 est
2938 5641 3147 5702 λάκκους
3165 5641 3356 5718 ὤρυξαν
3409 5627 3710 5706 Aorsorum:

633 5822 806 5882 Immo
834 5829 1142 5887 Puteoritas
1180 5832 1315 5886 dixit
1354 5832 1675 5887 Philastrius
1702 5873 1715 5897 ,
1764 5840 1824 5887 ut
1876 5830 2163 5891 Musoritas
2199 5839 2255 5888 et
2284 5822 2663 5890 Hermioritas.
