4024 6192
344 263 369 318 1
385 264 475 318 111
1632 256 1881 314 SANCTI
1920 254 2307 313 PHILASTRII
3511 255 3575 313 Η
3590 255 3664 315 l2

341 378 429 432 lis.
464 376 665 433 Verum
698 377 799 431 etsi
831 376 890 432 8.
917 375 1246 430 Philastrius
1272 375 1580 441 sanctitate,
1613 382 1668 428 et
1696 372 1941 428 doctrina
1972 377 2023 435 Α
2049 372 2225 428 Serm.
2257 371 2315 426 8.
2349 370 2638 426 Gaudentii
2669 370 3007 426 successoris
3041 369 3099 426 S.
3144 368 3448 439 Philastrii,
3487 384 3659 442 qpem

343 471 637 542 prmclarus
666 470 970 535 exstiterit,
1006 469 1110 523 hoc
1139 478 1315 525 tamen
1348 469 1466 540 ejus
1491 466 1637 538 Opus
1664 466 1728 520 de
1764 466 1943 521 ere-
2046 466 2109 520 de
2134 482 2229 519 sua
2260 464 2605 519 Ordinatione
2636 464 2825 519 habuit
2854 482 2867 517 :
2897 473 2953 518 at
2980 472 3169 519 notum
3209 471 3294 519 est
3325 461 3385 517 S.
3418 462 3661 519 Ambro-

342 565 484 618 sibus
508 571 689 630 caute,
718 572 774 619 et
799 577 922 618 cum
941 561 1147 633 judicio
1170 561 1488 633 quibusdam
1522 564 1573 615 in
1602 561 1738 615 locis
1767 560 1945 630 legen-
2045 559 2185 614 sium
2214 559 2513 630 emigrasse
2545 557 2787 612 Czesario
2833 566 2889 612 et
2931 558 3112 613 Attico
3140 556 3478 613 Consulibus
3508 572 3660 613 anno

348 656 503 721 dum,
544 654 688 725 quod
738 654 999 708 nonnulla
1047 653 1323 708 contineat
1363 668 1483 709 cum
1527 651 1741 722 placitis
1786 660 1947 705 recta:
2045 651 2145 706 sal.
2178 652 2304 707 597.
2335 651 2573 707 Consule
2610 651 2739 705 Not.
2773 651 2839 704 ad
2874 650 3037 705 Rom.
3082 649 3363 722 Martyrol.
3406 649 3479 706 18
3506 648 3663 705 Julii.

343 748 654 819 Theologiae
683 762 788 802 non
818 747 951 801 satis
972 745 1322 801 cohaerentia.
1353 745 1411 801 S.
1436 745 1771 815 Augustinus
1790 740 1942 813 praef.
2686 744 2887 799 Ηωνεδ.
2931 744 3022 800 69,

342 841 397 896 in
427 840 624 894 librum
650 854 809 894 suum
837 840 899 893 de
933 838 1228 893 eresibus
1258 838 1325 893 ad
1360 837 1797 905 Quodvultdeum
1826 851 1945 890 mo-
2121 838 2193 892 lbi
2228 839 2281 892 in
2314 844 2504 892 textu:
2539 854 2659 891 cum
2700 848 2746 892 et
2793 840 2845 891 in
2888 848 3061 893 ventre
3100 838 3417 907 sanctiﬁcati
3443 837 3576 904 sint,
3605 847 3668 893 ut

344 942 456 1000 net,
486 932 704 987 doctius
741 931 809 987 de
840 931 1143 986 haeresibus
1176 930 1577 1001 praescripsisse
1615 929 1674 985 S.
1718 927 1949 999 Epipha-
2054 930 2398 993 Patriam-hae.
2442 929 2739 999 PrOphette,
2782 929 3017 994 Judices,
3045 929 3323 995 Jeremt'as,
3348 939 3395 984 et
3424 928 3668 985 Joannes

343 1027 513 1093 nium,
545 1041 707 1097 quam
731 1025 787 1081 8.
823 1025 1197 1080 Philastrium.
2051 1023 2308 1089 Baptista,
2344 1032 2480 1089 etc.,
2514 1024 2692 1079 scribe
2740 1024 2792 1078 in
2833 1039 3003 1094 marg.
3040 1024 3214 1079 Caute
3257 1023 3429 1093 legas,
3458 1038 3588 1078 nam
3616 1024 3667 1079 si

982 1118 1184 1173 Haeres.
1226 1118 1317 1173 49.
2052 1119 2340 1188 loquamur
2359 1118 2427 1173 de
2457 1132 2585 1172 vera
2612 1116 3052 1173 sanctiﬁcatione
3071 1132 3101 1172 a
3122 1126 3354 1189 peccato
3377 1116 3666 1187 originali,

418 1216 558 1269 Ante
593 1212 807 1267 initium
837 1226 957 1281 cap.
992 1218 1192 1265 annota
1218 1227 1232 1261 :
1260 1208 1431 1265 Caute
1469 1210 1587 1279 lege
1625 1208 1728 1265 hoc
1767 1218 1948 1279 caput,
2051 1212 2341 1267 Jeremiam
2366 1253 2381 1277 ,
2413 1210 2682 1266 Joannem
2726 1210 3056 1281 Baptistam,
3082 1220 3137 1265 et
3164 1208 3477 1281 Deiparam,
3506 1208 3666 1264 solos

348 1322 471 1361 nam
501 1306 561 1362 S.
591 1305 926 1359 Philastrius
955 1302 1225 1358 existimat
1260 1302 1419 1373 primi
1450 1301 1684 1357 hominis
1714 1301 1948 1356 animam
2053 1305 2420 1360 sanctificatos
2446 1305 2499 1359 in
2522 1313 2679 1359 utero
2705 1303 2905 1359 docent
2931 1303 3224 1374 Theologi.

342 1403 553 1471 (desunt
581 1399 854 1469 nonnulla)
881 1414 1002 1454 cum
1020 1398 1121 1455 SS.
1139 1398 1242 1454 PP.
1264 1397 1438 1453 ferme
1460 1410 1672 1462 omnes,
1698 1396 1951 1465 etexpla-
2693 1397 2900 1454 litem.
2943 1398 3033 1453 79.

343 1502 564 1548 natores
593 1492 875 1549 Geneseos
901 1491 1135 1555 erudite,
1173 1492 1283 1561 pie,
1308 1490 1636 1557 orthodoxe,
1668 1489 1947 1555 historice,
2127 1494 2207 1548 Ad
2246 1493 2456 1548 initium
2486 1506 2607 1561 cap.
2641 1492 2854 1547 ascribe
2880 1510 2893 1545 :
2921 1490 3093 1546 Caute
3120 1488 3412 1562 legendum
3441 1499 3529 1545 est
3558 1489 3666 1544 hoc

344 1594 399 1640 et
428 1600 687 1657 germane
717 1586 1040 1655 spiraculum
1079 1586 1195 1639 vita:
1242 1585 1468 1654 praefato
1505 1584 1662 1650 loco,
1716 1582 1951 1638 animam
2057 1594 2235 1655 caput,
2270 1598 2444 1653 neque
2474 1578 2618 1638 enini
2651 1582 2878 1639 haeresis
2905 1593 3011 1649 est,
3042 1590 3135 1637 aut
3162 1596 3322 1637 error
3348 1581 3671 1638 existimare

346 1679 575 1733 rationis
605 1679 927 1749 participem
967 1678 1288 1748 intelligant.
1329 1677 1465 1731 Vide
1503 1676 1755 1731 Castrum
1789 1677 1883 1731 lib.
1919 1692 1954 1731 ιι
2061 1695 2167 1735 non
2199 1694 2388 1735 omnes
2417 1678 2670 1734 Psalmos
2697 1678 2874 1733 editos
2901 1693 2930 1732 a
2966 1677 3190 1743 Davide,
3217 1691 3341 1732 cum
3374 1675 3531 1732 multi
3555 1676 3665 1732 PP.

346 1770 608 1826 adversus
637 1773 897 1837 haereses,
928 1772 1095 1825 verbo
1121 1771 1329 1837 Anima,
1364 1770 1557 1825 hteresi
1582 1768 1636 1836 2,
1663 1778 1719 1825 et
1742 1770 1953 1826 Sixtum
1985 1764 2034 1823 B
2060 1782 2115 1828 et
2159 1772 2494 1828 recentiores
2541 1771 2643 1825 hoc
2688 1772 2955 1839 sentiant,
2989 1780 3045 1825 et
3090 1769 3272 1825 adhuc
3309 1770 3364 1824 in
3405 1770 3671 1840 opinione

349 1863 446 1918 lib.
480 1880 512 1917 ν
544 1864 680 1919 Bibl.
714 1863 1018 1919 annot.27.
2054 1868 2333 1923 doctorum
2377 1866 2477 1920 ista
2520 1866 2752 1936 qumstio
2797 1866 3115 1921 ventiletur.
3161 1864 3402 1920 Consule
3441 1862 3665 1921 Sixtum

986 1955 1187 2011 Haeres.
1229 1955 1321 2011 56.
2056 1962 2152 2017 lib.
2184 1978 2198 2016 ι
2227 1961 2367 2015 Bibl.
2411 1970 2466 2015 et
2505 1960 2735 2024 Psalm.,
2770 1959 3104 2029 lnterpretes
3135 1958 3191 2013 in
3230 1955 3668 2029 praefationibus.

423 2050 503 2105 Ad
542 2050 754 2105 initium
802 2065 927 2121 cap.
974 2051 1191 2106 ascribe
1222 2067 1236 2105 :
1265 2048 1441 2105 Caute
1472 2049 1593 2119 lege
1623 2049 1726 2104 hoc
1764 2058 1949 2119 caput,
2692 2072 2890 2127 Ηωνεε,
2934 2071 3026 2127 89,

356 2157 483 2198 nam
518 2144 577 2199 S.
614 2143 939 2199 Philastrius
971 2145 1025 2198 in
1060 2143 1250 2199 haeresi
1283 2143 1456 2213 ponit,
1487 2142 1803 2198 existimare
1828 2151 1953 2198 ante

351 2239 824 2294 constructionem
874 2240 1044 2294 turris
1103 2237 1271 2293 Babel
1320 2252 1485 2292 unam
1531 2244 1739 2292 tantum
1786 2236 1954 2292 fuisse

353 2331 592 2399 linguam
624 2330 675 2383 in
704 2328 943 2395 mundo,
974 2344 1096 2384 cum
1141 2338 1317 2384 tamen
1352 2328 1629 2399 Scriptura
1665 2336 1875 2394 sancta,
1902 2337 1956 2382 ct

354 2419 457 2476 SS.
486 2420 591 2474 PP.
624 2420 798 2475 ferme
828 2436 1043 2487 omnes,
1073 2436 1180 2475 non
1212 2420 1313 2476 nisi
1343 2436 1502 2475 unam
1531 2421 1770 2491 linguam
1815 2420 1959 2475 inter

354 2514 603 2569 homines
627 2514 796 2570 fuisse
817 2524 945 2570 ante
967 2514 1383 2570 :ediﬁcationem
1404 2514 1589 2582 Babel,
1612 2514 1959 2584 apertissime

354 2605 609 2662 doceant.
654 2608 858 2662 Addita
906 2608 1241 2663 recentiores
1267 2606 1466 2663 Cenes.
1509 2624 1564 2662 χι
1611 2607 1957 2677 interpretes,

353 2698 611 2756 CaStrum
660 2701 757 2757 lib.
811 2717 864 2755 1x
915 2700 1179 2757 adversus
1227 2701 1490 2769 haereses,
1523 2702 1693 2757 verbo
1737 2700 1960 2772 Lingua,

355 2792 572 2850 Sixtum
602 2795 698 2851 lib.
732 2812 765 2851 ν
796 2795 1022 2851 Bibliot.
1056 2805 1241 2850 annot.
1273 2796 1361 2851 87.

2130 2191 2213 2247 Ad
2266 2191 2482 2246 initium
2528 2204 2650 2260 cap.
2695 2189 2909 2244 ascribe
2947 2206 2958 2242 :
3006 2185 3179 2243 Caute
3225 2184 3521 2257 legendum
3568 2185 3673 2241 hoc

2059 2295 2246 2357 caput,
2281 2301 2404 2341 nam
2430 2300 2536 2339 non
2567 2294 2650 2339 est
2674 2284 2900 2339 haeresis
2929 2292 3123 2354 putare
3148 2280 3338 2336 stellas
3366 2294 3491 2335 esse
3530 2279 3676 2334 caelo

2060 2378 2274 2443 inﬁxas,
2333 2393 2455 2433 cum
2507 2375 2559 2431 id
2602 2374 2934 2445 philosophi,
2978 2371 3340 2445 peripatetici,
3387 2380 3445 2426 ct
3490 2378 3675 2426 astro-

2062 2471 2233 2537 nomi,
2279 2479 2447 2540 atque
2489 2467 2804 2525 scholastici
2852 2468 3087 2538 theologi
3132 2478 3350 2521 summo
3396 2477 3676 2519 consensu

2062 2563 2367 2628 afﬁrment;
2412 2562 2662 2634 quamvis
2702 2560 2949 2615 nonnulli
2990 2575 3059 2615 ex
3104 2557 3381 2615 veteribus
3424 2555 3531 2611 PP.
3564 2555 3678 2613 dis-

2063 2657 2323 2712 sentiant.
2354 2656 2491 2711 Vide
2524 2655 2582 2711 S.
2615 2654 2813 2709 Thom.
2850 2670 2865 2707 ι
2897 2670 2975 2724 p.,
3007 2670 3061 2726 q.
3092 2653 3184 2720 70,
3214 2660 3320 2707 art.
3357 2652 3409 2720 1,
3441 2650 3508 2706 ad
3535 2652 3591 2717 5,
3618 2660 3678 2706 et

2065 2750 2205 2806 Sixt.
2238 2750 2333 2805 lib.
2368 2765 2399 2804 v
2428 2748 2566 2804 Bibl.
2601 2757 2793 2804 aunot.
2823 2747 2913 2802 M.

993 2888 1199 2944 Iltzres.
1243 2888 1335 2945 es.

400 2978 401 2985 “
430 2977 504 3025 Ibi
530 2975 582 3025 in
604 2988 754 3025 lexln
782 2996 796 3025 ξ
824 2978 1092 3025 aDamr'na
1116 2996 1278 3025 usmm
1299 2996 1435 3025 nilne
1455 2981 1580 3025 anni
1601 2981 1721 3025 L50,
1753 2995 1965 3025 annona.

2713 2862 2911 2917 limes.
2954 2861 3042 2918 89.

2139 2976 2298 3025 Tolle
2329 2986 2511 3025 notam
2543 2992 2714 3025 mare.
2747 2976 2808 3025 111
2834 2976 2966 3025 Rea.
3000 2992 3042 3025 xi

400 2978 401 2985 ‘
428 2977 505 3031 lbi
530 2975 582 3031 in
604 2988 755 3033 textu
782 2996 796 3031 :
824 2978 1092 3033 aDomino
1116 2996 1278 3049 usque
1299 2996 1435 3034 nunc
1455 2981 1580 3035 anni
1601 2981 1727 3048 650,
1753 2995 1965 3052 appone
2139 2976 2298 3031 Tolle
2329 2986 2511 3032 notam
2543 2992 2714 3047 marg.
2746 2976 2809 3031 111
2834 2976 2966 3047 Reg.
3000 2991 3078 3042 xt,
3110 2988 3345 3031 uxorum
3383 2982 3440 3029 et
3474 2986 3677 3028 concu-

358 3071 412 3126 in
459 3085 633 3141 marg.
678 3089 690 3125 :
730 3071 975 3127 Latinius
1028 3075 1105 3127 vir
1149 3074 1383 3128 eruditus
1430 3075 1672 3129 mendum
1720 3075 1818 3128 hoc
1856 3076 1966 3129 loco
2072 3072 2318 3127 binarum
2362 3072 2673 3127 Salomonis
2720 3070 3122 3125 multitudinem
3163 3082 3513 3124 numerosam
3556 3082 3676 3139 my-

355 3162 605 3233 illapsum
636 3164 688 3216 in
718 3180 1008 3230 numerum,
1041 3166 1138 3220 levi
1170 3167 1459 3220 mutatione
1488 3168 1561 3220 ita
1595 3166 1964 3220 restituendum
1993 3158 2039 3220 C
2071 3165 2205 3219 stice
2244 3179 2367 3218 esse
2397 3163 2840 3233 intelligendam;
2882 3174 2937 3219 et
2969 3177 3175 3233 repone
3213 3180 3225 3215 :
3259 3160 3380 3216 Non
3423 3159 3678 3231 intelligit

360 3256 580 3324 putavit,
614 3254 722 3311 380
752 3273 763 3309 :
795 3272 917 3310 nam
945 3254 1005 3312 S.
1035 3256 1383 3313 Philastrium
1426 3272 1528 3312 non
1563 3257 1805 3328 potuisse
1838 3273 1963 3327 per-
2068 3257 2125 3313 S.
2162 3257 2485 3312 Philastrius
2512 3257 2579 3312 de
2611 3258 2732 3312 loco
2752 3256 2817 3311 111
2850 3257 2991 3327 Reg.
3026 3273 3099 3323 xi,
3133 3257 3190 3321 3,
3217 3270 3383 3325 quem
3416 3254 3677 3309 historice

359 3346 550 3401 venire
582 3346 651 3400 ad
698 3364 902 3403 annum
937 3348 1042 3404 450
1073 3349 1358 3419 perspicua
1390 3358 1475 3406 est
1495 3351 1664 3416 ratio;
1694 3350 1962 3419 siquidem
2063 3351 2439 3422 accipiendum
2464 3368 2570 3407 non
2590 3365 2669 3406 est
2690 3352 2941 3418 dubium,
2962 3350 3059 3407 sed
3076 3348 3675 3419 delocoCantic.vr,.7,

356 3440 492 3495 obiit
532 3442 830 3512 superstite
873 3442 923 3497 ei
968 3442 1027 3498 S.
1074 3442 1388 3509 Ambrosio,
1430 3455 1488 3499 ut
1527 3452 1736 3499 certum
1785 3456 1868 3500 est
1908 3444 1962 3499 in
2066 3463 2228 3517 quem
2257 3447 2486 3519 mystice
2514 3446 2760 3516 plerique
2792 3446 2897 3501 PP.
2933 3446 3389 3516 interpretantur.

360 3582 605 3655 monium
642 3582 711 3655 de
753 3581 1069 3655 Philastrio,
1100 3600 1205 3638 una
1242 3600 1363 3639 cum
1412 3584 1529 3654 ejus
1557 3600 1809 3647 censura.
1842 3601 1962 3655 qum
2073 3585 2199 3641 anni
2232 3584 2370 3641 1589
2398 3600 2493 3654 per
2518 3585 2879 3654 Margarinum
2930 3582 2999 3637 de
3044 3582 3093 3636 la
3139 3582 3333 3655 Bigne,
3364 3580 3671 3655 theologum

364 3653 625 3727 nonnulla
654 3654 933 3727 Philastrii
956 3654 1071 3708 loca
1090 3666 1249 3713 caute
1281 3650 1505 3727 legenda
1533 3672 1655 3712 esse
1683 3650 1960 3712 admonet.
2075 3650 2442 3712 Parisiensem
2482 3650 2850 3725 procu—ratam,
2882 3661 3169 3727 exstatque
3211 3650 3265 3707 in
3298 3650 3674 3727 (adiectaaq-

363 3724 701 3798 Hmcautem
734 3725 1187 3798 Brasichellensis
1225 3721 1456 3783 censura
1490 3728 1726 3784 refertur
1767 3731 1834 3782 ad
1881 3745 1968 3784 se-
2076 3746 2191 3782 rum
2229 3745 2445 3798 expurg.
2482 3721 2617 3798 'pag.
2670 3728 2772 3782 115
2801 3742 2998 3798 καφ,
3030 3721 3220 3798 Romae
3250 3726 3450 3798 primo,
3479 3721 3672 3778 deinde

363 3794 597 3850 cundum
638 3796 934 3852 editionem
968 3798 1331 3856 Parisiensem
1370 3800 1721 3856 Bibliotheca:
1750 3800 1970 3855 Patrum
2080 3794 2329 3871 Bergomi
2361 3794 2510 3872 tjpis'
2528 3794 2741 3854 Comini
2772 3794 3215 3863 Venturm1608,
3244 3795 3415 3851 iii-8°.

1146 4055 1795 4185 SANCTI
1887 4054 2907 4185 PHILASTRII

1452 4254 1983 4340 EPISCOPI
2054 4256 2602 4341 BRIXIANI

890 4410 1485 4557 LIBER
1578 4411 1848 4556 DE
1942 4412 3186 4561 HEERESIBUS.

1694 4696 1710 4727 ¹
1750 4712 2369 4787 PB/EFATIO.

1698 4631 2373 4661 Ἐ-

445 4906 519 4961 De
541 4905 826 4963 haereseon
859 4916 885 4945 τι
916 4907 1139 4963 diversa
1171 4908 1503 4978 pestilentia,
1531 4908 1801 4979 variisque
1822 4924 1975 4964 erro-
1999 4911 2054 4971 Ι)
2076 4908 2235 4964 Jesus
2270 4907 2521 4964 Salvator
2543 4907 2597 4963 in
2629 4922 2818 4975 carne,
2863 4908 3276 4979 pullulaverint,
3300 4906 3489 4965 dicere
3514 4921 3666 4978 opor-

368 4998 544 5067 rihus,
575 5002 666 5071 qui
688 5001 757 5057 ab
786 5002 999 5073 origine
1034 5002 1221 5058 mundi
1255 5004 1605 5067 emerserint,
1653 5010 1710 5058 et
1740 5004 1841 5058 sub
1879 5003 1973 5058 Ju-
2084 5011 2181 5067 tet,
2210 5017 2604 5071 numerumque
2630 5018 2817 5057 earum
2847 5004 3105 5073 paulatim
3152 5016 3456 5075 exponere,
3499 5001 3669 5057 inimi-

365 5088 502 5148 dmis
533 5091 897 5161 deﬁuxerint,
938 5103 995 5149 et
1016 5110 1083 5150 ex
1112 5110 1219 5166 quo
1273 5095 1424 5151 venit
1482 5095 1746 5150 Dominus
1787 5104 1972 5150 noster
2081 5110 2313 5165 cumque
2361 5097 2580 5151 humani
2626 5096 2849 5167 generis
2897 5096 3102 5166 perdici
3144 5095 3313 5151 fuisse
3363 5110 3393 5150 a
3443 5093 3667 5152 Ieremia

1216 5208 1373 5267 COD.
1415 5209 1524 5267 MS.
1566 5208 1921 5267 SANGERM.
1964 5208 2353 5266 LECTIONES
2395 5208 2814 5268 VARIANTES.

436 5325 454 5400 ξ
485 5325 557 5400 ¹Ιη
578 5338 669 5377 ms.
692 5326 949 5400 Sangernt.
988 5326 1157 5400 desunt
1180 5326 1499 5400 Praefatioet
1512 5325 1732 5400 animos;
1752 5326 1967 5392 sequitur
2075 5335 2294 5400 guuntur
2319 5340 2331 5375 :
2358 5326 2526 5400 hisque
2562 5326 2733 5400 incipit
2780 5327 3206 5400 vegois_:__lneipit
3238 5329 3366 5380 liber
3389 5328 3583 5382 Filastri
3605 5328 3664 5377 de

367 5386 627 5451 Catalogus
651 5386 821 5438 eorum
844 5390 929 5451 qui
952 5396 1067 5439 ante
1094 5390 1357 5440 adventum
1390 5386 1569 5442 Christi
1606 5386 1858 5443 haereseos
1898 5403 1970 5440 ar-
2075 5386 2378 5441 Haeresibus.
2405 5386 2523 5439 Post
2542 5386 2817 5452 passionem
2838 5390 3036 5451 Christi,
3063 5386 3152 5442 θεοῖ

1474 5494 1770 5551 FABRlCll
1810 5495 1900 5550 ET
1938 5495 2293 5554 GALEARDI
2334 5494 2569 5552 NOTAE.

444 5594 470 5621 η
503 5585 577 5640 De
601 5586 1015 5662 hereseon._Non
1040 5586 1353 5662 infrequens
1374 5587 1579 5662 Latinis
1604 5588 1961 5662 scriptoribus
2069 5602 2201 5662 soon
2221 5596 2279 5662 _ct
2304 5587 2663 5662 llalienticon,
2680 5586 3095 5662 Mythologicon
3120 5590 3411 5662 Fulgentii,
3434 5591 3666 5662 Petronii

370 5658 635 5736 esuusus
680 5659 905 5727 genitivi
950 5673 1108 5735 casus
1149 5659 1437 5736 ejusmodi
1461 5660 1719 5736 pluralis,
1766 5674 1962 5736 graecae
2050 5658 2340 5736 §atiricon
2368 5703 2382 5725 ,
2436 5668 2499 5736 et
2533 5658 2797 5736 Poeticon
2861 5658 3281 5736 As_tronomic6n
3323 5658 3404 5721 C.
3451 5659 3662 5736 Hygini.

366 5720 646 5793 ﬂexionis,
682 5720 753 5783 “ut
783 5725 1051 5787 testantur
1080 5731 1163 5786 vel
1191 5720 1315 5787 libri
1343 5720 1513 5787 Ovidii
1543 5720 1940 5801 Metamorpho-
2050 5730 2222 5785 Etiam
2248 5720 2437 5786 infrac.
2469 5729 2505 5783 2
2527 5732 2580 5799 9,
2613 5730 2882 5787 horrescas.
2921 5731 3141 5789 FABRIC.
3206 5754 3248 5806 ῃ

716 5972 863 6055 Ἃ
