4024 6192
320 224 464 283 HIS
1523 229 1726 289 LIBER
1771 232 1860 289 DE
1901 231 2334 290 HERESIBUS.
3479 233 3618 292 HM

318 337 580 408 propheta
641 347 664 374 α
713 351 818 394 non
870 338 1143 396 immerito
1172 352 1546 414 comparatum
1591 359 1909 414 agnoscere,
1938 351 1988 408 Α
2015 346 2264 418 quotidie
2303 362 2401 417 per
2439 347 2666 418 :enigma
2696 346 2959 418 compleri
2991 357 3013 385 ο
3045 346 3191 402 enim
3239 346 3618 418 cognoscimus

313 433 404 502 qui
455 447 580 487 cum
627 432 1071 491 infecunditatem
1102 437 1376 506 patiatur,
1427 440 1626 509 saepius
1679 441 1908 496 aliorum
2015 438 2358 510 prophetiam
2397 439 2646 496 Ieremia:
2673 439 2977 496 beatissimi
3021 441 3094 495 ita
3139 439 3412 495 dicentem
3453 439 3618 494 :Clao

314 524 497 580 furtim
532 523 676 580 fetus
699 525 986 593 incubans,
1027 527 1182 598 quasi
1214 544 1345 585 suos
1376 529 1488 600 jam
1520 530 1667 586 fovet
1693 547 1756 588 ac
1797 532 1914 588 vin-

313 617 459 673 dicat
491 617 632 672 lilios
662 634 835 689 usque
880 619 945 674 ad
1003 629 1216 691 tempus
1263 621 1511 692 aliquod;
1558 637 1787 695 cumque
1835 626 1916 680 eis

309 712 421 783 jam
461 721 678 784 tempus
719 713 899 770 aetatis
950 714 1273 771 discernens
1318 715 1346 754 δ
1402 717 1738 786 adcreverit,
1791 729 1916 773 tunc

314 805 533 862 omissis
561 817 581 845 ο
615 806 767 862 falsis
785 809 1123 877 parentibus,
1150 809 1269 880 jura
1301 820 1584 880 parentum
1608 826 1771 866 sensu
1798 827 1920 881 pro-

314 898 436 970 prio
460 899 811 956 recordantes
831 941 848 968 ,
878 900 1169 971 palamque
1194 902 1369 958 oculis
1392 902 1675 959 intuentes
1697 945 1711 967 ,
1763 905 1918 973 sequi

314 1004 411 1046 eos
447 991 686 1061 amplius
714 1006 820 1047 non
869 991 1246 1049 demorantur.
1275 993 1518 1063 Quorum
1543 1010 1706 1051 causa
1761 995 1918 1052 nobis

316 1082 621 1138 similitudo
648 1083 764 1140 iure
810 1084 1054 1139 nuntiata
1107 1096 1222 1152 est,
1272 1087 1415 1156 quod
1463 1087 1683 1144 diabolo
1725 1089 1917 1144 relicto

318 1173 611 1245 impietatis
653 1190 840 1242 causa,
869 1176 987 1246 ejus
1009 1176 1101 1248 qui
1145 1177 1332 1233 orbem
1387 1187 1654 1234 terrarum
1686 1196 1784 1234 sua
1815 1181 1917 1237 sub

315 1267 523 1324 ditioue
553 1284 676 1324 cum
708 1277 896 1326 tenere
936 1279 1186 1340 putaret,
1220 1281 1504 1343 postquam
1534 1288 1665 1330 vero
1695 1272 1914 1330 Christo

313 1373 541 1435 parente
592 1381 620 1419 a
681 1365 837 1421 nobis
865 1367 983 1423 viso
1013 1375 1070 1423 et
1099 1369 1401 1438 recognito,
1446 1369 1644 1424 omissa
1680 1368 1914 1427 falsitate

315 1459 554 1530 parentis
604 1460 1042 1529 meudacissimi,
1090 1461 1202 1532 jam
1259 1465 1372 1518 veri
1422 1463 1666 1534 parentis
1712 1462 1911 1519 Christi

316 1551 542 1624 vestigia
564 1552 718 1623 sequi
740 1553 916 1608 omnis
943 1553 1108 1609 homo
1127 1551 1152 1591 ιι
1182 1570 1287 1611 non
1316 1566 1558 1612 moratur
1576 1571 1910 1628 agnoscens:

2016 532 2172 587 mavit
2220 533 2424 604 perdix,
2453 533 2660 605 collegit
2695 550 2811 604 qua:
2854 550 2953 588 non
2986 533 3253 606 parturiit,
3299 532 3497 604 faciens
3523 531 3618 586 sibi

2017 626 2220 680 divitias
2249 641 2352 679 non
2377 641 2493 680 cum
2521 627 2780 697 sapientia
2800 669 2816 694 ,
2842 627 2897 680 in
2921 625 3090 681 medio
3117 624 3358 680 dierumf
3390 625 3622 681 derelin-

2014 729 2170 788 queut
2198 734 2336 784 eum,
2365 725 2414 772 et
2439 718 2490 772 in
2519 727 2779 790 postremo
2805 719 2901 772 erit
2927 719 3180 790 insipiens
3209 717 3449 789 (Jerem.
3482 732 3616 786 xvu,

2024 812 2138 881 11).
2173 811 2327 880 Quod
2351 826 2500 868 nunc
2535 811 2853 867 deserentes
2878 809 3121 881 quotidie
3154 819 3179 857 ε
3209 825 3397 865 omnes
3429 820 3623 880 gentes

2022 905 2383 961 idololatriam
2453 904 2791 960 mortiferam
2850 903 3087 970 inimici,
3136 901 3411 959 Christum
3452 902 3620 958 etiam

2019 1015 2204 1056 verum
2247 998 2533 1054 Dominum
2580 997 2648 1053 de
2678 997 2820 1068 Lege
2867 1007 2920 1052 et
2969 996 3258 1068 Prophetis
3293 995 3619 1064 audientes,

2018 1108 2253 1163 eumque
2274 1107 2399 1146 cum
2433 1091 2601 1147 Patre
2653 1106 2874 1160 semper
2928 1105 3052 1146 esse
3094 1089 3382 1146 credentes
3423 1106 3488 1146 ac
3535 1105 3624 1147 re-

2019 1184 2334 1251 cordautes,
2393 1198 2548 1254 teque
2575 1182 2642 1238 ad
2685 1199 2808 1239 eum
2841 1182 3021 1238 modis
3072 1182 3325 1237 omnibus
3353 1181 3381 1218 ιι
3411 1183 3619 1253 suppli-

2020 1293 2113 1334 ces
2145 1287 2436 1348 properant
2459 1276 2763 1346 pervolarc,
2784 1286 2842 1330 ut
2871 1275 3210 1346 compleatur
3239 1273 3525 1345 prOpbetia
3565 1273 3574 1310 ί
3605 1293 3617 1328 :

2026 1370 2452 1426 Recordabuutur
2481 1380 2526 1423 et
2555 1379 2914 1423 convertentur
2935 1369 3004 1422 ad
3032 1365 3314 1422 Dominum
3341 1365 3616 1422 Christum

2022 1481 2196 1520 omnes
2226 1465 2356 1534 fines
2377 1464 2510 1518 orbis
2541 1470 2795 1517 terrarum
2819 1461 2995 1533 (Psal.
3026 1476 3158 1528 xxu,
3189 1459 3303 1532 27).

1404 1673 1702 1730 FABRICII
1743 1675 1833 1730 ET
1874 1674 2229 1732 GALEARDI
2267 1675 2495 1731 NOTAE.

385 1789 426 1860 ‘_
454 1785 663 1860 Perdici
703 1803 734 1841 a
762 1785 992 1842 Ieremia
1023 1788 1293 1859 propheta.
1347 1787 1598 1860 Ieremia:
1641 1805 1748 1843 xvu
1769 1832 1783 1855 ,
1817 1791 1906 1845 11.
1943 1795 1990 1852 Β
2017 1790 2289 1846 editiones
2318 1791 2540 1844 amissis.
2559 1789 2650 1844 Sic
2680 1788 2816 1843 infra
2840 1786 3346 1860 paucisinterjectis
3372 1804 3384 1842 :
3406 1786 3616 1843 Omissa

313 1857 370 1914 S.
401 1857 722 1912 Ambrosius
750 1875 825 1922 vl,
855 1861 908 1926 5,
942 1860 993 1914 iu
1020 1857 1277 1916 llexaem.
1315 1878 1328 1915 :
1378 1859 1650 1916 Perdicem
1681 1871 1907 1914 astutam

311 1930 572 2003 nouimus,
603 1945 718 1998 qua:
741 1931 912 1985 aliena
957 1948 1050 1985 ova
1081 1932 1318 2003 diripiat,
1350 1933 1446 1985 hoc
1475 1943 1548 1986 est
1580 1932 1804 2000 pet-dicis
1829 1934 1902 1986 al-

308 2001 488 2074 terius,
519 2011 566 2054 et
591 2017 812 2070 corpore
840 2007 1009 2072 foveat
1037 2019 1152 2069 suo,
1188 2001 1278 2056 sed
1325 2004 1524 2074 fraudis
1552 2019 1661 2057 sua:
1681 2007 1907 2074 fructum

310 2070 494 2124 habere
538 2089 643 2125 non
691 2070 874 2143 posse,
920 2075 1044 2144 quia
1095 2091 1208 2127 cum
1255 2070 1491 2129 eduxerit
1539 2070 1710 2143 pullos
1758 2091 1903 2139 suos,

307 2144 496 2195 amittit
528 2160 640 2207 eos,
695 2145 817 2214 quia
846 2145 931 2198 ubi
967 2161 1136 2200 vocem
1166 2147 1278 2214 eius
1325 2146 1618 2211 audierint,
1653 2162 1766 2216 qua:
1815 2163 1908 2200 ora

309 2217 571 2284 generavit
600 2255 615 2278 ,
665 2216 849 2269 relicta
896 2232 956 2292 ea
997 2216 1064 2292 ad
1105 2216 1268 2292 illaut
1310 2234 1363 2272 se
1417 2221 1642 2292 naturali
1687 2218 1909 2292 quodam

306 2301 517 2361 munere
542 2297 586 2340 et
604 2303 785 2361 _amore
815 2287 1181 2361 co_nferuiz_t....
1223 2287 1398 2361 Hujus
1419 2289 1650 2343 imitator
1679 2299 1753 2342 est
1795 2289 1908 2342 dia-

312 2357 492 2422 bolus,
526 2359 614 2426 qui
651 2359 1006 2428 generationes
1047 2357 1318 2413 Creatoris
1354 2362 1533 2414 ceter-ui
1572 2376 1756 2427 rapere
1787 2376 1910 2413 con-

309 2428 489 2492 tendit,
520 2440 569 2482 et
597 2429 643 2481 si
669 2446 795 2500 quos
826 2431 1149 2500 insipientes,
1179 2441 1226 2484 et
1252 2448 1430 2484 sensus
1455 2432 1655 2500 praprii
1677 2441 1908 2484 carentes

307 2501 481 2574 uigore
505 2502 729 2574 potuerit
759 2517 1103 2574 congregare,
1131 2506 1307 2572 fovens
1339 2519 1424 2556 eos
1447 2502 1703 2556 illecebris
1724 2519 1910 2570 corpo-

309 2570 529 2644 ralibus,
563 2570 649 2626 ubi
675 2570 898 2644 primum
921 2570 1020 2626 voa:
1047 2570 1239 2627 Christi
1273 2574 1501 2641 parvulis
1530 2575 1686 2644 fuerit
1710 2575 1906 2644 infusa,

312 2643 582 2715 discedunt
599 2654 750 2711 atque
762 2641 830 2696 ad
843 2654 960 2698 ‘eam
977 2661 1030 2698 se
1048 2648 1318 2715 conferunt
1342 2641 1576 2708 matrem,
1601 2661 1716 2714 quae
1739 2641 1910 2714 pullos

311 2731 469 2786 suos,
516 2714 650 2786 sicut
694 2715 827 2774 avis.
860 2724 1090 2769 materno
1133 2714 1309 2770 amore
1331 2719 1710 2786 complectitur.
1763 2715 1907 2770 Idem

312 2785 569 2840 traditum
589 2784 990 2852 Cassiodorou,
1009 2787 1099 2847 14.
1124 2786 1252 2841 Var.
1280 2784 1478 2853 Epistl,
1503 2788 1735 2854 aliisque
1748 2803 1908 2856 quam

316 2856 562 2926 pluribus
584 2899 598 2920 ,
630 2872 859 2926 quorum
893 2858 1010 2912 loca
1041 2859 1264 2913 laudant
1316 2859 1624 2914 Cotelerius
1667 2859 1724 2913 in
1767 2859 1912 2914 n0tis

311 2925 378 3000 ad
411 2935 544 2981 tom.
577 2927 622 3000 ll,
652 2925 1061 3000 Monumentor.
1096 2930 1357 2985 Ecclesize
1385 2929 1586 2985 Graecae
1613 2945 1711 3000 pag
1782 2928 1909 2991 547,

313 2997 539 3053 Huctius
563 2999 630 3053 ad
665 2998 954 3067 Origenem
997 3016 1117 3069 pag.
1148 3002 1215 3057 16
1239 3016 1356 3069 seq.
1381 2997 1842 3056 Bochart'us'tom.
1869 3000 1913 3055 ll

316 3069 618 3140 llierozoici
653 3087 705 3140 p.
737 3070 827 3131 84,
861 3083 913 3126 et
954 3072 1187 3126 Allatius
1227 3073 1293 3126 ad
1330 3073 1672 3126 Eustathium
1724 3073 1913 3128 Antio-

313 3139 546 3214 ebenum
578 3157 631 3211 p.
655 3139 770 3196 7152
797 3157 912 3214 seq.
946 3142 1084 3214 Vide
1107 3153 1161 3197 et
1197 3143 1465 3198 Ambrosii
1500 3145 1662 3214 epist.
1709 3144 1797 3204 '59.,
1842 3145 1908 3198 ad

313 3211 600 3284 Irenteutn,
629 3222 758 3268 l0m.
794 3213 835 3267 ll
858 3211 907 3281 p.
934 3213 1038 3269 918
1067 3229 1206 3284 seq.,
1238 3217 1497 3269 Albanas.
1517 3211 1649 3269 tum.
1677 3216 1692 3269 Ι
1721 3214 1906 3283 ι›.565,

315 3282 465 3358 edit._
494 3284 698 3358 noviss.
763 3285 959 3358 Johan.
1010 3282 1304 3340 Cainernrii
1341 3287 1600 3358 Symbola
1660 3282 1756 3348 Illi,
1801 3289 1908 3351 68,

314 3353 701 3427 Combelisium
744 3357 810 3410 ad
846 3356 1192 3427 Hippolytum
1221 3358 1290 3411 de
1329 3353 1702 3414 Auli-Christo
1733 3375 1782 3412 c.
1818 3360 1910 3424 55,

315 3424 572 3499 micarum
606 3427 748 3482 notis
775 3427 840 3480 ad
870 3424 925 3482 S.
954 3424 1211 3482 Bas-ilium
1244 3439 1373 3483 tom.
1409 3429 1450 3493 Ι,
1482 3447 1534 3499 ρ.
1570 3429 1660 3484 44.
1691 3429 1912 3485 Fanum.

389 3495 414 3534 δ
459 3496 680 3570 Tempus
723 3499 890 3553 a’tatis
919 3500 1231 3554 discernens.
1257 3495 1496 3569 Tempus
1524 3515 1632 3570 quo
1660 3516 1757 3570 per
1784 3512 1912 3554 teta-

317 3577 427 3622 tem
460 3568 776 3624 discernere
828 3579 1057 3639 possunt
1089 3585 1250 3624 veros
1295 3586 1324 3624 a
1359 3568 1513 3625 falsis
1546 3568 1907 3639 parentibus.

315 3639 496 3712 Prima
525 3648 678 3704 artas,
736 3643 789 3695 in
845 3641 1062 3695 homine
1089 3657 1334 3712 quoque,
1361 3643 1575 3712 ignorat
1600 3641 1912 3698 discernere

315 3707 504 3765 dextra
537 3727 566 3765 a
607 3712 880 3779 sinistris,
917 3707 1171 3766 bonuuiu
1203 3707 1616 3767 malm—Confer
1664 3713 1909 3768 Grotium

317 3781 383 3836 ad
417 3782 574 3837 Deut.
635 3799 686 3851 I,
716 3783 820 3846 39,
874 3794 928 3837 et
957 3782 1110 3836 .Ionm
1141 3799 1212 3849 tv,
1247 3785 1333 3838 M.
1381 3784 1471 3839 Sic
1499 3785 1672 3854 prima
1728 3784 1913 3838 mundi

317 3862 448 3908 mtas
504 3867 610 3908 non
665 3854 848 3908 statim
908 3854 1192 3908 Dominum
1248 3870 1312 3909 ac
1361 3855 1707 3911 Servatoretn
1755 3871 1912 3910 suum

318 3924 535 3992 agnovit
555 3933 610 3980 et
630 3934 831 3980 sectata
859 3935 963 3990 est,
993 3926 1087 3979 sed
1117 3939 1268 3992 passa
1293 3941 1353 3980 se
1378 3942 1406 3979 a
1428 3925 1648 3981 diabolo
1673 3926 1738 3980 ad
1768 3927 1916 3982 varia

319 3994 642 4051 idololatria:
677 4006 734 4052 et
762 3995 1167 4067 superstitionis
1217 4012 1419 4068 genera
1448 3998 1677 4124 turpFiter
1698 3997 1914 4054 abduci.

1590 4085 1769 4124 ABBIC.

1590 4085 1742 4125 ABRIC
1753 4109 1769 4125 ο

394 4149 416 4176 ε
462 4138 679 4194 Omissis
733 4139 883 4212 falsis
931 4141 1253 4208 parentibus.
1299 4140 1472 4198 Minus
1522 4141 1662 4198 bene
1708 4142 1919 4212 priores

1938 3174 1984 3238 ρ
2017 3142 2115 3200 usu
2193 3145 2344 3215 plura
2411 3142 2570 3215 hujus
2617 3142 2740 3198 libri
2794 3143 2909 3196 loca
2963 3143 3218 3195 lectorem

2016 1863 2249 1932 falsitate
2268 1863 2500 1930 parentis
2527 1862 2932 1914 mendacissimi.
2962 1859 3182 1932 Fanum.

2082 1931 2108 1969 (¹
2153 1933 2335 1987 Omnis
2364 1935 2517 1986 homo
2545 1949 2646 1986 non
2679 1943 2928 1985 moratur.
2969 1931 3026 1985 ld
3061 1939 3147 1985 est
3175 1945 3337 1984 nemo
3368 1939 3618 1986 moratur

2011 2004 2101 2073 qui
2127 2007 2432 2073 agnoverit.
2467 2005 2537 2058 Ita
2567 2005 2710 2074 apud
2738 2002 2976 2058 Florituu
3002 2017 3061 2065 ll,
3104 2003 3192 2066 18,
3223 2018 3357 2074 unus
3385 2004 3464 2055 uir
3495 2000 3616 2055 Nu-

2011 2072 2272 2129 mantinus
2293 2091 2395 2128 non
2424 2075 2557 2146 fuit,
2605 2072 2704 2142 qui
2747 2076 2937 2128 catenis
2977 2075 3269 2146 duceretur.
3302 2072 3450 2127 Talin
3489 2084 3616 2127 sunt

2013 2147 2064 2199 in
2093 2147 2264 2200 sacris
2290 2142 2648 2208 scriptoribus
2676 2148 2806 2200 Luc.
2835 2163 2873 2211 1,
2899 2146 2987 2210 37,
3020 2143 3115 2199 οὒκ
3138 2142 3450 2204 ἀδυνατήσει
3468 2147 3615 2211 παρά

2013 2165 2064 2199 Ill
2093 2165 2264 2200 sacris
2290 2165 2648 2208 scrIDtorllms
2676 2165 2806 2200 Luc.
2835 2165 2873 2211 ι,
2899 2165 2987 2210 at,
3020 2167 3115 2199 ουκ
3138 2165 3450 2204 αουνατησει
3468 2167 3542 2200 πα

2009 2226 2082 2292 τῷ
2113 2225 2222 2294 Θεῷ
2251 2224 2353 2274 πᾶν
2379 2219 2547 2294 prima;
2578 2218 2735 2294 Boii}.
2761 2233 2824 2294 LII
2845 2259 2858 2282 ,
2891 2217 2983 2280 20,
3015 2215 3066 2282 ἐξ
3092 2215 3252 2292 ἔργων
3281 2216 3434 2288 νόμου
3461 2165 3576 2272 015g

2011 2288 2542 2366 uazoinaerut'rrrZoa
2574 2291 2726 2366 σᾴρξ.
2761 2288 2977 2366 FABRIC.

2087 2370 2110 2396 ε
2138 2358 2397 2432 Quotidie
2416 2377 2509 2432 per
2528 2357 2750 2432 mitigata
2779 2359 3059 2432 compleri.
3082 2357 3194 2412 [loc
3221 2367 3330 2432 est,
3353 2373 3450 2432 per
3471 2359 3614 2413 mul-

2011 2431 2296 2503 titudinem
2332 2429 2730 2503 ncophytor'um
2754 2430 2820 2503 ad
2854 2430 3153 2503 Ecclesium
3185 2429 3430 2503 quotidie
3457 2443 3614 2485 acce-

2010 2501 2255 2556 dentium
2279 2499 2632 2570 intelligimus
2656 2502 2891 2569 impleri,
2916 2501 3058 2570 quod
3088 2499 3348 2570 propheta
3375 2501 3614 2556 futurum

2012 2588 2134 2628 eSse
2193 2574 2480 2642 aenigmate
2510 2573 2741 2641 pcrdieis
2771 2573 3112 2641 signiﬁcavit.
3161 2571 3219 2625 lu
3269 2588 3430 2640 quam
3483 2587 3613 2626 sen-

2015 2647 2236 2699 tentiam
2265 2660 2388 2698 mox
2420 2647 2694 2714 subjuugit
2719 2662 2730 2700 :
2751 2644 2889 2714 quod
2909 2659 3046 2695 nunc
3075 2644 3361 2696 deserentes
3382 2643 3613 2713 quotidie

2012 2733 2185 2770 omnes
2203 2727 2380 2787 gentes
2402 2715 2754 2787 idololatriam
2769 2725 2876 2768 etc.
2905 2714 3072 2768 Porro
3097 2715 3220 2787 licet
3237 2715 3611 2787 commodiore

2013 2784 2452 2856 interpunctione
2498 2787 2674 2842 locum
2725 2786 2869 2840 hunc
2912 2784 3259 2854 nliquomodo
3295 2785 3507 2854 juvisse
3532 2786 3616 2839 vi-

2011 2858 2165 2924 deor,
2199 2866 2358 2912 antea
2389 2860 2536 2912 enim
2568 2858 2859 2928 conjuncta
2886 2867 3042 2928 erant
3063 2856 3261 2928 verba:
3314 2858 3612 2928 Agnoscens

2012 2931 2240 3000 quotidie
2288 2946 2377 3002 per
2418 2927 2681 3002 wnigma,
2707 2929 2902 3002 quibus
2953 2927 3611 3002 subjiciebatur’on-ypri,

2013 2997 2351 3056 constructio
2373 2997 2553 3056 tamen
2594 2997 2770 3054 adhuc
2802 2999 3092 3052 admodum
3119 2997 3295 3052 hiulca
3320 2997 3612 3067 atque‘im-

2015 3073 2192 3143 pedita
2225 3081 2332 3137 est,
2364 3072 2456 3127 sed
2483 3073 2696 3143 qualem
2727 3086 2851 3143 non
2880 3069 3109 3124 alienum
3142 3083 3263 3123 esse
3283 3083 3310 3122 a
3335 3069 3615 3143 Philastrii

3283 3141 3610 3196 edocebunt.

3231 3210 3448 3266 FABRIC.

2092 3286 2112 3325 ί
2160 3287 2521 3358 Derelinquent
2548 3303 2681 3340 eum.
2727 3283 2846 3358 Sic.
2870 3281 3035 3358 LXX,
3069 3298 3204 3358 quos
3237 3283 3324 3358 hic
3365 3283 3614 3352 sequitur

2017 3352 2556 3427 Philastriustulg.
2586 3373 2715 3410 vero
2742 3367 2796 3410 et
2824 3356 3114 3427 Pagniuus,
3144 3352 3462 3427 derelinquet
3503 3369 3609 3408 eas.

2015 3430 2220 3486 Confer
2275 3423 2663 3498 Hieronymum
2694 3428 2760 3481 ad
2809 3427 2950 3480 hunc
2995 3424 3248 3498 ,ΙεΓνηιὶιυ
3277 3423 3492 3498 locum,
3525 3426 3616 3498 qui

2019 3511 2246 3569 utroque
2287 3499 2448 3553 modo
2483 3495 2866 3553 testimonium
2920 3497 3195 3564 proliltetzu
3245 3496 3480 3569 profert;
3545 3495 3613 3550 de

2020 3565 2232 3627 narrata
2265 3579 2446 3624 autem
2474 3570 2708 3639 perdicis
2734 3569 3077 3639 proprietat_e_
3100 3565 3470 3639 consulendus
3495 3581 3614 3639 om-

2020 3644 2149 3698 nino
2179 3636 2536 3697 erudissimus
2563 3640 2863 3695 ilochartus
2885 3649 2993 3690 tom
3038 3637 3078 3691 ll
3105 3636 3409 3692 Hieroznici
3438 3652 3491 3706 p.
3519 3636 3612 3700 84,

2021 3715 2113 3777 85,
2140 3713 2229 3768 ubi
2248 3730 2354 3767 non
2380 3713 2648 3767 modicam
2670 3709 2793 3764 huic
2817 3709 3042 3764 Philastl
3059 3707 3093 3762 ii
3112 3708 3411 3778 przel'atioui
3437 3711 3613 3762 lucem

2023 3785 2272 3840 ali'undit.
2300 3783 2578 3840 Cumano.

2091 3867 2115 3903 ις
2161 3856 2350 3911 Omnes
2376 3866 2569 3927 gentes.
2603 3854 2678 3910 Ex
2719 3851 2997 3923 quibusvis
3044 3849 3292 3921 gentibus
3338 3850 3504 3907 etiam
3530 3865 3618 3906 re-

2018 3928 2340 3984 m0tissimis
2370 3924 2680 3996 quosdam.|

2092 4001 2121 4072 ’ξ
2161 3993 2454 4072 Supplices.
2489 4000 2627 4072 Male
2652 3993 2785 4072 edit.
2815 3995 3064 4072 llel_m_s_..
3096 3993 3376 4063 simplices.

2100 4069 2116 4108 ί
2167 4064 2470 4138 Propltetia.
2496 4070 2615 4138 Quo
2658 4070 2710 4124 iu
2743 4069 2862 4123 loco
2893 4066 3162 4122 Philaster
3184 4080 3382 4122 nomen
3412 4064 3620 4121 Christi

2021 4143 2404 4213 explicationis
2430 4157 2593 4198 causa
2617 4140 2864 4197 inseruit.

1605 4367 2316 4454 CATALOGUS

626 4482 906 4547 EOBUM
950 4483 1085 4560 QUI
1127 4484 1342 4546 ANTE
1387 4484 1837 4549 ADVENTUM
1873 4500 1899 4529 ἰ
1943 4488 2264 4552 CHRISTI
2307 4484 2748 4548 HIERESEOS
2792 4483 3308 4547 ARGUUNTUR.

889 4695 916 4735 ι’
943 4695 984 4752 Ι.
1025 4695 1329 4753 ΟΡΗΙἸίΕ.

398 4801 421 4828 ο
455 4790 619 4848 Primi
667 4800 792 4849 sunt
829 4791 1070 4863 Ophites,
1105 4789 1131 4829 ά
1162 4792 1254 4864 qui
1283 4791 1540 4849 dicuntur
1569 4791 1913 4861 Serpentini;

1942 4695 1994 4755 D
2023 4696 2110 4752 isti
2153 4697 2438 4754 colubrum
2467 4686 2802 4754 venerantur
2830 4697 3097 4764 dicentes,
3141 4694 3286 4768 quod
3340 4692 3429 4747 hic
3477 4691 3630 4764 prior

2027 4789 2242 4847 initium
2270 4791 2431 4848 nobis
2479 4791 2720 4849 scientiae
2752 4791 2877 4850 boni
2906 4802 2961 4848 et
2993 4788 3122 4848 mali
3157 4788 3419 4847 attulerit.
3470 4783 3629 4844 Unde

1424 4920 1723 4978 FABRICII
1767 4921 1854 4978 ET
1893 4921 2251 4979 GALEARDI
2293 4923 2524 4982 NOTAE.

396 5056 421 5082 ιι
453 5047 646 5101 Eorum
693 5046 783 5117 qui
824 5055 944 5101 ante
986 5046 1262 5101 adventum
1292 5043 1350 5117 (ς.
1380 5041 1638 5117 ρυιιιᾲωη
1682 5040 1921 5117 haereses

325 5133 392 5172 ex
425 5117 509 5173 his
537 5135 656 5187 quin
699 5112 868 5188 usque
893 5118 960 5173 ad
991 5125 1154 5187 caput
1179 5113 1696 5188 duodetrigesimum
1726 5127 1757 5166 a
1789 5112 1923 5188 Phi-

327 5190 496 5244 lastro
542 5184 877 5258 referuntur,
907 5205 1012 5244 non
1059 5184 1280 5243 luerunt
1332 5195 1457 5242 ante
1496 5184 1882 5258 adventttm_C.
1907 5224 1923 5248 ,

329 5277 504 5332 neque
535 5262 635 5316 sub
667 5254 890 5327 Judaeis,
923 5271 982 5314 ut
1023 5261 1074 5314 in
1096 5259 1331 5332 _p_ra:l‘at.
1361 5258 1630 5313 Philaster
1662 5254 1924 5332 loquitur,

327 5325 700 5397 deﬂuxerunt,
731 5332 858 5386 licet
879 5325 913 5386 ε
940 5325 1486 5385 νειθτῖΤεειίιῐηρηιο
1506 5341 1692 5382 ansam
1725 5325 1928 5380 erroris

329 5406 411 5458 sui
446 5405 727 5472 arripuere
767 5404 892 5474 (ἀπὸ
932 5404 1088 5474 νόμον
1124 5402 1172 5465 ἐξ
1210 5399 1463 5474 Ἰρυδαίων
1499 5401 1757 5474 yria-aaut.
1807 5397 1930 5474 Epi-

329 5423 411 5458 Slll
446 5423 727 5472 arripuere
767 5423 892 5474 temo
932 5423 1088 5473 νομου
1124 5423 1172 5465 ες
1228 5423 1463 5457 ιουοαιων
1535 5423 1757 5454 υσασαι.
1807 5423 1926 5466 lupt-

328 5476 492 5542 phan.
548 5478 817 5529 Ancorato
863 5487 982 5542 Cap.
1019 5472 1105 5535 12,
1151 5481 1188 5524 t.
1237 5472 1300 5534 ll,
1357 5487 1410 5542 p.
1461 5423 1590 5540 ig),
1646 5479 1704 5524 ut
1746 5469 1926 5542 sta_tim

327 5539 574 5615 Ophitas,
606 5555 664 5601 et
690 5544 873 5615 Cajaui
895 5586 910 5609 ,
932 5539 1312 5615 Sethianique.
1346 5539 1570 5615 {tectius
1593 5542 1777 5615 itaque
1801 5539 1936 5615 Ter-

338 5611 626 5681 ttilliunus,
659 5611 917 5683 qui’illos
953 5630 1001 5669 c.
1034 5613 1121 5668 45.
1163 5611 1317 5668 vocat
1342 5612 1604 5667 Judaismi
1645 5611 1929 5678 luereticos,

337 5688 476 5743 alios
506 5688 594 5757 qui
624 5702 687 5740 ea:
711 5683 990 5757 Evangelia
1017 5685 1245 5757 ageretici
1260 5699 1374 5757 esse
1395 5685 1664 5757 voluerunt
1703 5684 1834 5757 sive,
1877 5692 1936 5738 ut

341 5751 565 5816 Hieron.
585 5751 920 5824 verbisuta'r,
936 5756 1020 5826 "qui
1045 5751 1326 5826 Evangelia
1347 5755 1681 5810 laniaverant.
1712 5753 1927 5809 FABRIC.

2098 5038 2126 5078 δ
2150 5041 2278 5114 Ηέεο
2315 5043 2416 5098 tria
2451 5044 2628 5114 prima
2663 5042 2938 5114 Philastrii
2971 5042 3148 5114 capita
3171 5041 3395 5097 dederat
3436 5037 3628 5114 Fabri-

2026 5113 2144 5186 cius
2169 5111 2305 5169 Cod.
2342 5111 2697 5185 Pseudepigr.
2731 5124 2863 5170 tom.
2899 5113 2963 5180 V,
3013 5111 3066 5186 β.
3114 5114 3236 5178 156,
3265 5127 3388 5166 cum
3434 5111 3626 5166 iisdem

2031 5185 2202 5257 ferme
2230 5186 2373 5239 notis
2401 5202 2522 5253 quae
2556 5188 2641 5241 hic
2669 5185 3036 5257 apponuntur.
3072 5186 3353 5257 Gatmnn.

2108 5267 2129 5293 θ
2161 5255 2333 5327 Primi
2355 5252 2472 5310 sunt
2517 5252 2755 5326 Ophites.
2796 5257 2910 5312 Non
2941 5256 3205 5327 temporis
3251 5256 3497 5327 ratione,
3532 5252 3629 5327 sed

2032 5325 2266 5400 quodin
2295 5327 2470 5400 primo
2495 5324 2678 5382 statim
2715 5330 2980 5400 principio
3007 5324 3071 5383 ac
3107 5330 3291 5384 limine
3323 5326 3488 5400 veluti
3521 5324 3630 5392 pri-

2035 5399 2107 5450 mi
2149 5397 2269 5451 libri
2296 5399 2497 5471 veteris
2537 5395 2866 5454 Testainenti
2894 5395 3260 5471 'itnpegerunt.
3295 5395 3496 5453 )ientio
3537 5409 3631 5450 eo-

2041 5483 2159 5540 rum
2189 5467 2330 5538 apud
2371 5468 2727 5540 Augustinum
2764 5473 2832 5527 de
2881 5467 3220 5537 Hmres'ibus,
3262 5480 3316 5526 et
3347 5477 3628 5522 auctorem

2037 5538 2412 5613 Prmdestiuati
2443 5538 2566 5612 cap.
2598 5544 2687 5611 17,
2719 5545 2983 5613 aliOSque.
3015 5545 3234 5600 anntc.

2107 5608 2273 5687 d‘Qui
2300 5608 2542 5687 dicuntur
2579 5608 2891 5687 Serpentini.
2936 5615 2988 5687 Id
3038 5626 3122 5687 est
3161 5628 3391 5687 quorum
3434 5626 3634 5667 nomen

2038 5682 2230 5740 Latine
2260 5684 2332 5739 ita
2365 5684 2558 5757 efferre
2586 5682 2784 5753 possis.
2818 5687 2922 5741 Pro
2950 5682 3190 5757 Ophitis,‘
3210 5685 3326 5741 sive
3352 5695 3410 5739 ut
3439 5698 3634 5757 perpe-

2036 5769 2152 5810 ram
2187 5757 2238 5810 in
2271 5756 2830 5828 pseudo-Hieronymi
2872 5753 3109 5815 indiequ
3137 5753 3396 5815 scribitur
3428 5753 3630 5826 Offitist

3711 5805 3795 5863 ,Γ
