4024 6192
319 223 457 282 MSS

1626 211 1873 271 SANCTI
1912 211 2311 281 PHILASTRII.

3493 202 3650 260 N56

312 358 434 401 rum
480 340 630 395 illum
672 344 958 407 rogaverat
983 373 997 398 ,
1046 342 1108 388 ut
1134 344 1159 370 ι·
1188 332 1255 387 ad
1285 345 1409 389 eum
1442 331 1570 397 iret,
1600 341 1654 385 et
1684 330 1914 387 maleali-
1940 332 1990 392 Λ
2018 346 2110 397 no,
2136 339 2192 384 ιιι
2215 325 2527 383 immundus
2556 324 2781 395 spiritus
2804 324 2915 394 jam
2944 324 2993 378 ei
3016 322 3413 378 dominaretur.
3446 320 3648 375 Dubiis

314 444 470 491 ceret
514 432 713 504 papulo
740 429 1083 485 Jmlxeorum:
1134 435 1187 482 et
1230 426 1352 494 quia
1400 434 1459 479 ut
1492 422 1519 461 ι’
1550 424 1809 493 propheta
1860 422 1914 477 in

314 527 614 599 Seripturis
637 535 763 580 ante
785 522 1086 585 dicebatur,
1107 530 1423 585 contempto
1440 529 1619 573 autem
1646 524 1917 583 praecepto

315 621 532 678 Domini
564 618 632 672 ad
664 615 1153 688 pseudoprophetis
1198 623 1386 684 postea
1415 609 1701 665 descendit
1730 608 1920 663 interi-

317 726 434 771 tum
454 711 642 782 (Nunt.
665 726 777 773 χχι,
800 710 865 775 8;
886 707 1001 762 los.
1024 723 1141 773 xm,
1165 706 1283 775 ἓξ),
1313 716 1505 759 contra
1536 702 1633 756 Dei
1662 701 1917 771 populum

317 804 633 879 cogitando,
651 802 827 859 Judmi
852 814 907 855 ut
927 802 1119 871 pagani
1142 812 1163 838 υ
1186 798 1288 853 sub
1306 797 1411 853 hoc
1428 795 1694 851 voeabulo
1713 793 1919 849 idolum

316 900 589 955 facientes
638 896 843 966 ipsius,
895 890 921 929 ἀ
969 895 1153 947 colere
1203 890 1334 946 illud
1380 905 1489 943 non
1530 887 1880 942 desinebant.

318 991 514 1049 XXVI.
572 991 659 1046 DE
708 983 1144 1044 PYTHONISSA
1194 981 1541 1048 MlFLIERE,
1596 979 1920 1059 HIERbSlS

847 1081 929 1137 SU
940 1078 1157 1135 PERS'I'
1170 1076 1416 1133 ITIOSA.

395 1181 513 1237 Alia
541 1187 624 1234 est
646 1175 870 1231 hmresis
897 1174 965 1228 de
993 1171 1346 1243 Pythonissa,
1370 1184 1474 1239 qua
1492 1180 1514 1206 ε
1538 1168 1922 1237 eooperientes

320 1269 662 1330 vestimentis
686 1267 968 1321 mulierem
994 1306 1007 1329 ,
1040 1264 1108 1317 ab
1134 1278 1197 1318 ea
1226 1260 1472 1331 qua-dam
1503 1275 1766 1332 responsa
1794 1273 1919 1326 spe-

319 1370 513 1425 rabant
547 1364 565 1403 τ
603 1379 765 1434 posse
787 1360 1080 1429 consequi:
1117 1357 1260 1412 unde
1286 1367 1342 1411 et
1365 1357 1515 1409 aiunt
1545 1354 1920 1427 l‘ythonissam

321 1459 470 1517 illam
524 1455 669 1512 beati
713 1452 983 1510 Samuelis
1013 1450 1252 1505 animam
1300 1448 1371 1503 ab
1398 1448 1586 1502 inferis
1614 1446 1921 1510 excitasse;

321 1564 488 1621 atque
510 1549 637 1605 inde
660 1548 896 1601 maxime
919 1544 1066 1599 credi
1097 1557 1281 1613 posse.
1299 1542 1549 1596 homines
1571 1555 1743 1608 usque
1762 1537 1925 1593 hodie

321 1644 540 1716 plurimi
566 1640 911 1710 suspicantur
938 1678 955 1703 ,
1008 1650 1238 1705 qua:un
1264 1635 1474 1689 dixerat
1500 1632 1633 1702 Regi
1660 1631 1806 1688 Sauli
1836 1645 1925 1684 su-

2024 433 2078 478 et
2110 419 2542 477 claudicantibus
2571 420 2624 473 in
2674 418 2792 488 lege
2834 416 3043 481 divina,
3075 415 3218 486 quod
3256 414 3399 468 dixit
3444 413 3647 467 beatus

2025 515 2169 571 Itilius
2195 531 2209 570 :
2240 525 2329 567 aut
2362 512 2493 578 Deo,
2524 511 2639 565 Deo
2662 527 2681 565 :
2706 522 2796 565 aut
2827 508 2983 575 Baal,
3020 507 3151 562 Baal
3180 507 3270 576 (lli
3305 506 3439 577 Reg.
3474 520 3644 568 xv‘lil.

2022 606 2140 678 21).
2175 606 2276 674 Qui
2302 611 2442 660 enim
2479 604 2711 658 adhaeret
2744 600 2954 657 Christo
2976 641 2992 667 ,
3037 616 3199 654 unuut
3230 616 3419 670 corpus
3471 608 3550 652 est
3584 595 3647 667 (I

2023 701 2143 755 Cor.
2181 715 2255 765 γι,
2307 700 2418 770 Π),
2450 706 2507 753 et
2546 698 2638 767 qui
2691 694 2972 750 immundo
3026 693 3267 765 spiritui,
3302 706 3449 748 unus
3502 706 3642 746 cou-

2023 807 2219 849 sensus
2273 799 2380 847 est.
2439 789 2507 844 Et
2557 788 2748 845 Achab
2803 804 2895 842 rex
2942 785 3297 845 Judatorum.
3332 801 3460 840 cum
3517 798 3646 838 cre-

2022 886 2181 941 deret
2231 884 2475 940 Sedecia:
2529 891 2584 937 et
2641 880 2763 936 aliis
2808 881 2960 935 falsis
3018 878 3343 951 prophetis,
3409 892 3646 930 γει-ωηο

2024 998 2130 1052 que
2189 978 2510 1051 prophetam
2580 975 2796 1031 Domini
2865 975 3146 1030 Melanium
3207 983 3641 1037 contemneret,

2026 1076 2329 1143 interrogat
2379 1075 2639 1129 Dominus
2692 1071 3031 1127 immundum
3072 1070 3359 1142 spiritum,
3401 1067 3419 1108 ι
3453 1069 3645 1124 adhuc

2020 1170 2291 1226 bonitatis
2349 1168 2471 1224 loco
2537 1168 2650 1241 regi
2716 1183 2984 1223 concesso
3033 1184 3064 1223 a
3118 1166 3336 1222 Christo
3398 1166 3644 1220 Domino

2024 1279 2197 1335 usque
2247 1263 2313 1317 ad
2386 1271 2604 1333 tempus
2659 1261 2881 1330 aliquod
2918 1303 2932 1327 ,
2980 1270 3038 1315 ut
3095 1260 3140 1314 si
3201 1259 3362 1314 vellet
3408 1259 3649 1314 credere

2025 1356 2315 1425 Prophetas
2370 1369 2541 1420 vero,
2610 1354 2912 1424 procellam
2985 1351 3215 1423 periculi
3290 1351 3573 1407 detitaret
3626 1370 3643 1404 :

2025 1451 2071 1507 si
2137 1452 2352 1518 nollet,
2429 1451 2712 1521 magisque
2778 1448 3035 1504 crederet
3103 1446 3644 1518 pseudomnplietis,

2025 1546 2141 1600 sine
2169 1545 2337 1600 dubio
2373 1545 2674 1615 deperiret.
2722 1542 2800 1599 Ita
2851 1544 2995 1599 enim
3041 1544 3335 1613 interrogat
3375 1543 3647 1597 Dmninns

2026 1639 2369 1695 itmnuudmn
2413 1639 2709 1707 spiritum,
2748 1637 2982 1692 dicens:
3035 1636 3164 1702 Quis
3205 1636 3417 1689 seducet
3449 1634 3649 1708 Regem

322 1736 533 1807 perstiti
553 1731 821 1800 Propheta
845 1728 1216 1790 beatissimus,
1237 1743 1298 1780 ea
1318 1728 1481 1780 etiam
1506 1726 1558 1777 iu
1582 1722 1925 1788 execmionc,
1959 1727 2006 1787 Β
2035 1730 2210 1785 Achab
2245 1728 2606 1783 Israelilarum
2626 1771 2640 1794 ,
2667 1740 2723 1784 nt
2751 1727 2905 1782 vadat
2933 1728 2987 1782 in
3014 1744 3243 1797 pugnam
3268 1738 3316 1781 ει
3355 1727 3648 1793 interﬁcia-

326 1841 351 1875 6
377 1830 528 1899 quasi
560 1828 652 1882 Ι)νὶ
685 1827 879 1880 iterum
916 1836 1175 1891 responsa
1202 1862 1217 1886 ,
1250 1819 1457 1874 dixisse
1485 1817 1739 1887 cognosci
1762 1833 1922 1871 vera:

324 1938 559 1993 cumque
588 1916 809 1990 pluritni
852 1916 976 1969 huic
1006 1914 1352 1984 acquiescere
1382 1908 1666 1966 memlacio
1697 1908 1887 1963 malint
1910 1948 1925 1971 ,

319 2017 376 2073 in
406 2028 725 2087 perpetuum
750 2009 1088 2065 descendunt
1119 2007 1423 2066 interitum,
1455 2003 1482 2042 ὶι
1505 2021 1623 2058 cum
1653 2002 1925 2070 Pmpbeta

323 2110 505 2166 dicat:
534 2105 803 2162 Justorum
829 2103 1018 2157 animus
1041 2101 1095 2154 in
1120 2115 1277 2152 manu
1308 2096 1540 2152 Domini.
1564 2107 1609 2150 et
1639 2114 1739 2150 non
1763 2096 1927 2166 tangit

323 2219 411 2258 eas
450 2216 609 2255 mors.
648 2197 664 2236 ί
696 2195 981 2266 Quomodo
1010 2197 1191 2262 itaque
1217 2193 1396 2247 anima
1430 2191 1592 2262 impia
1628 2192 1768 2261 piam
1803 2206 1930 2244 san-

322 2304 579 2365 ctamque
618 2294 859 2345 animam
888 2328 901 2353 ,
947 2297 1002 2343 et
1035 2284 1358 2355 l’rophetam
1391 2284 1629 2338 maxime
1654 2323 1668 2345 ,
1717 2290 1932 2351 poterat

323 2390 394 2445 ab
436 2386 629 2443 int'eris
654 2382 940 2439 excitare?
968 2378 1077 2434 Sed
1105 2379 1229 2448 quia
1273 2376 1528 2447 ignorant
1554 2417 1568 2440 ,
1595 2375 1740 2443 quod
1785 2389 1935 2430 rece-

329 2482 525 2540 dentes
555 2478 751 2534 animae
778 2492 808 2530 a
837 2473 942 2529 lide
962 2471 1163 2528 ChriSti
1191 2470 1405 2526 Domini
1430 2512 1443 2535 ,
1484 2468 1696 2523 deditas
1720 2470 1831 2537 jam
1873 2484 1935 2523 se

325 2573 592 2645 impietati
625 2570 851 2631 faciunt,
881 2574 1045 2635 atque
1062 2564 1114 2621 ei
1140 2563 1289 2618 omni
1308 2578 1368 2617 se
1394 2561 1577 2617 Studio
1596 2562 1893 2631 subjiciunt
1918 2579 1930 2615 :

326 2668 455 2739 quia
490 2665 503 2717 i
541 2662 753 2720 arbitrii
780 2661 861 2715 sui
886 2668 969 2716 est
991 2657 1170 2714 oumis
1194 2656 1357 2710 homo
1380 2654 1522 2725 quod
1547 2654 1674 2709 velit
1696 2655 1939 2724 nteligat

330 2763 534 2831 facere,
562 2759 913 2832 permittente
935 2754 1066 2809 Deo.
1096 2750 1123 2789 ¹ί
1156 2750 1262 2807 Sed
1288 2751 1413 2821 quia
1443 2750 1671 2806 recessit
1697 2764 1729 2802 a
1755 2748 1939 2804 Domi-

2037 1834 2123 1881 tur
2146 1822 2172 1875 .9
2211 1821 2282 1875 Et
2323 1838 2437 1876 ecce
2466 1822 2766 1875 immundus
2807 1821 3023 1888 spiritus
3053 1820 3255 1874 adsertit
3283 1821 3500 1874 dicens:
3538 1819 3648 1890 Ego

2034 1915 2216 1968 vadunt
2239 1896 2287 1968 et
2318 1915 2530 1984 faciam.
2564 1912 2628 1966 Et
2660 1913 2732 1967 ait
2764 1910 3021 1966 Dominus
3042 1912 3109 1965 ad
3127 1910 3457 1965 immundum
3486 1912 3646 1979 spiri-

2035 2016 2177 2071 tum,
2204 2008 2459 2075 quomodo
2488 2008 2541 2060 id
2569 2006 2768 2077 facies?
2805 2003 2874 2058 Et
2895 2007 2968 2059 ait
2995 2005 3293 2082 immundus
3318 2005 3538 2073 spiritus
3584 2006 3651 2060 ad

2036 2098 2317 2154 Dominum
2336 2116 2355 2154 :
2386 2101 2577 2170 [nciam
2606 2116 2684 2154 me
2708 2100 2859 2168 quasi
2882 2100 3124 2170 angelum
3152 2099 3281 2152 lucis
3311 2110 3360 2152 et
3394 2098 3555 2153 verba
3581 2100 3648 2156 si-

2035 2194 2182 2247 milia
2225 2194 2435 2261 eloquar
2460 2234 2476 2258 ,
2529 2205 2574 2247 et
2618 2194 2804 2246 d':0ﬂttt
2834 2208 2951 2246 cum
2978 2192 3033 2245 in
3067 2192 3307 2260 pra‘linm
3329 2234 3343 2255 ,
3395 2204 3556 2259 atque
3585 2192 3650 2245 ibi

2033 2303 2149 2340 eum
2172 2285 2429 2352 deseram,
2453 2298 2498 2340 et
2529 2287 2601 2341 sic
2625 2287 2896 2340 morietur.
2933 2284 2997 2338 Et
3020 2286 3091 2340 ait
3122 2283 3383 2339 Dominus
3406 2287 3479 2338 ad
3499 2302 3653 2339 eum:

2044 2377 2210 2444 Vade,
2252 2380 2328 2432 sic
2360 2381 2519 2451 [acies
2548 2376 2615 2451 (ll
2640 2378 2987 2441 Paralmvm,
3015 2378 3127 2448 l9).
3156 2378 3393 2447 Ideoque
3424 2390 3480 2434 et
3506 2378 3655 2448 Apo-

2039 2472 2211 2526 Stolus
2241 2472 2347 2526 ait:
2372 2470 2491 2525 Non
2517 2488 2760 2542 magnum
2788 2483 2880 2534 est,
2909 2474 2953 2525 si
2984 2483 3031 2528 et
3063 2472 3292 2529 Satanas
3311 2474 3655 2544 trans/iguret

2038 2580 2091 2619 se
2115 2567 2249 2619 velut
2280 2564 2331 2619 in
2373 2566 2616 2636 angelum
2646 2566 2799 2629 luris,
2830 2582 2944 2618 cum
2970 2565 3136 2633 ipsius
3158 2565 3407 2620 satellites
3439 2566 3656 2634 transﬁ-

2039 2659 2377 2732 guranturﬂl
2397 2659 2518 2713 Cor.
2544 2675 2619 2726 ιιι,
2652 2660 2765 2728 li).
2796 2661 2859 2714 Et
2884 2659 2957 2714 ita
2982 2659 3262 2729 decipiunt
3286 2663 3491 2717 multos
3508 2663 3654 2729 visu,

2042 2753 2211 2809 verbo
2259 2763 2351 2808 aut
2399 2755 2811 2824 persuasionem
2843 2768 2952 2810 non
2982 2754 3212 2811 alterius
3257 2754 3358 2821 rei,
3390 2763 3420 2790 ιι
3446 2757 3653 2827 quippe

1441 2884 1736 2942 FABRICII
1776 2886 1866 2941 ET
1903 2886 2256 2944 GALEARDI
2295 2887 2526 2945 NOT/E.

409 3006 434 3035 α
474 2994 554 3051 Ad
581 3008 701 3049 eum
751 2992 865 3043 iret.
919 2989 1001 3043 Ad
1055 2990 1257 3058 Regem
1308 2999 1435 3057 puta
1484 2988 1735 3042 Balaenm
1766 2986 1926 3043 Num.
1960 2992 2005 3056 C

335 3086 445 3125 χχιι
472 3110 486 3129 ,
516 3070 580 3127 5;
609 3064 773 3134 igitur
814 3060 987 3134 magis
1031 3062 1315 3134 perspicue
1342 3058 1569 3134 dixisset
1597 3060 1665 3111 ad
1705 3075 1799 3134 se._
1823 3059 1931 3134 Sed

331 3145 590 3210 irequms
620 3131 930 3210 huiusmodi
958 3132 1226 3210 neglectio
1256 3131 1523 3210 reciproci
1555 3131 1893 3210 pronominis
1914 3174 1929 3197 ,

335 3223 390 3268 et
413 3201 649 3267 vicissim
679 3205 839 3275 hujus
867 3219 965 3272 pro
990 3201 1421 3258 demonstrativo
1442 3216 1572 3256 usus
1598 3201 1743 3275 apud
1763 3202 1935 3272 scrip-

335 3294 486 3339 tores
517 3285 673 3335 istius
699 3272 934 3332 maxime
966 3284 1019 3329 et
1047 3274 1389 3344 sequentium
1419 3283 1663 3327 :etatnm.
1690 3272 1781 3328 Sic
1815 3275 1930 3327 illit-

336 3355 465 3409 stris
502 3352 728 3407 liuetius
751 3347 1176 3401 commentarios
1201 3346 1268 3399 de
1290 3346 1397 3399 vita
1427 3360 1523 3398 sua
1552 3344 1832 3416 inscripsit
1871 3344 1937 3398 de

338 3426 488 3479 rebus
514 3422 581 3478 ad
608 3437 726 3475 eum
757 3418 1149 3488 pertinentibus.
1178 3416 1397 3472 Faamc.

412 3496 437 3534 ι’
476 3493 738 3565 Propheta
768 3491 819 3544 in
850 3490 1142 3565 scripturis
1183 3501 1300 3565 ante
1330 3490 1618 3565 dicebatur.
1653 3488 1713 3543 S.
1746 3487 1940 3543 Hiero-

338 3582 537 3640 nymus
554 3558 605 3618 in
631 3561 1030 3640 qu_:rstiouibt_ts
1050 3560 1334 3640 llebraicis
1348 3560 1413 3640 ad
1434 3558 1637 3640 Gencs.
1661 3575 1794 3619 xxii.
1814 3576 1937 3640 cum

340 3629 911 3695 Billaamuuidixisset
948 3632 1016 3686 ab
1048 3630 1290 3685 llebraﬁs
1322 3629 1507 3685 haberi
1534 3646 1632 3699 pro
1661 3647 1727 3684 eo
1752 3632 1841 3701 qui
1884 3630 1938 3685 in

335 3710 483 3764 libro
519 3708 621 3762 Job
664 3704 865 3759 dicitur
894 3703 1083 3766 lalibu,
1107 3713 1161 3756 et
1188 3718 1363 3770 genus
1388 3703 1605 3755 duxerit
1637 3716 1667 3754 a
1692 3701 1942 3757 Nachore

340 3778 637 3835 Abraltauti
667 3775 866 3829 fratre:
902 3773 1153 3836 Primum,
1177 3774 1375 3839 inquit,
1405 3774 1482 3824 uir
1507 3785 1715 3826 sanctus
1736 3782 1784 3825 et
1809 3770 1943 3826 Pro-

342 3851 519 3919 phetes
549 3847 641 3900 Dei
668 3845 849 3919 (Num.
883 3860 1028 3907 utr,
1057 3844 1091 3898 5
1121 3846 1262 3916 seq.)
1284 3861 1307 3919 ;_
1323 3853 1500 3919 postea
1533 3861 1623 3919 per
1646 3843 1941 3919 inobedien-

344 3914 468 3976 tiam
500 3932 545 3973 et
575 3914 889 3972 desiderium
919 3930 1186 3968 munerum
1208 3956 1222 3978 ,
1245 3914 1250 3916 ⁷
1274 3914 1398 3968 dum
1429 3914 1601 3969 Israel
1638 3916 1945 3969 maledicere

344 3993 509 4060 cumt,
539 3988 699 4042 diuini
729 3985 977 4040 vocabulo
1010 3984 1147 4111 ﬂos.
1175 3985 1397 4055 xnt,‘22)
1426 3997 1777 4053 nuncupatur.
1806 3987 1944 4041 Male

345 4066 484 4111 amid
517 4060 867 4111 Eucherium.
897 4057 986 4111 ubi
1069 4054 1338 4111 ieronvmi
1361 4056 1523 4110 verba
1552 4056 1835 4111 describit,
1866 4058 1944 4111 di-

345 4054 484 4131 apud
517 4060 867 4131 Eucherium,
897 4057 986 4112 ubi
1019 4054 1338 4131 ﬂicronymi
1361 4054 1523 4110 verba
1552 4056 1835 4123 describit,
1866 4058 1946 4111 di-

344 4126 449 4189 vini
476 4129 723 4187 vocabulo
750 4131 1005 4199 privatur.
1038 4126 1265 4199 Fausto.

420 4216 445 4244 ε
488 4204 600 4261 Sub
624 4204 720 4256 hoc
751 4197 1014 4255 uocabulo.
1060 4197 1239 4254 Baalis
1272 4199 1493 4253 nomine
1521 4197 1829 4253 Balaamum
1854 4215 1946 4256 eo-

347 4279 548 4340 leutes,
568 4274 711 4343 quod
744 4272 1091 4352 millusalius
1116 4268 1647 4352 antiquusscriptm'.
1683 4282 1942 4340 quantum

346 4348 564 4420 quidem
590 4341 694 4415 ego
724 4342 982 4409 memini,
1012 4341 1270 4397 traditum
1302 4342 1545 4412 reliquit.
1574 4341 1795 4396 Fsantc.

419 4417 445 4456 ιι
487 4416 667 4471 Colere
693 4415 827 4469 illud
853 4431 955 4469 non
983 4414 1299 4468 desinebant.
1334 4414 1391 4469 ld
1415 4425 1497 4468 cst
1522 4413 1805 4469 colebant:
1835 4413 1919 4469 for

346 4490 494 4545 mula
522 4486 779 4555 loquendi
802 4486 1073 4542 Pliilastro
1092 4500 1350 4555 perquam
1374 4484 1677 4541 familiaris.
1709 4485 1797 4541 Sic
1822 4502 1942 4557 cap.

350 4560 418 4617 14
439 4602 452 4623 ,
485 4559 628 4613 idola
660 4558 828 4612 colere
859 4575 958 4610 non
987 4557 1321 4623 desinebant;
1362 4572 1480 4625 cap.
1525 4558 1594 4613 16
1626 4574 1638 4611 :
1678 4557 1851 4613 Achab
1895 4569 1944 4613 et

347 4631 558 4685 Jcsabrl
590 4645 722 4685 uxor
749 4630 863 4699 ejus
893 4627 971 4681 illi
997 4628 1135 4681 idolo
1166 4630 1461 4695 sacriﬁcare
1492 4645 1591 4682 non
1619 4628 1942 4697 desinerent;

346 4722 468 4770 cap.
486 4703 589 4757 2'5;
617 4701 1033 4768 impietatemque
1053 4699 1320 4770 gentilium
1336 4700 1561 4753 colentes
1581 4701 1625 4753 ei
1651 4699 1838 4767 offerre
1858 4719 1943 4756 sa-

347 4767 548 4843 criﬁcia
576 4790 677 4826 non
698 4767 1025 4843 desinebant.
1055 4767 1273 4843 Fsuntc.

424 4840 447 4882 ί·
488 4843 848 4911 C00perientes
893 4841 1202 4896 vestimentis
1248 4840 1532 4911 mulierem.
1565 4840 1701 4894 Male
1731 4845 1942 4911 accepit

347 4910 619 4973 Pliilaster
647 4913 789 4984 quod
822 4914 837 4967 l
866 4913 1014 4968 Sam.
1050 4928 1213 4966 xxvm
1240 4910 1458 4984 legitur,
1487 4911 1708 4984 Saulqu
1737 4910 1937 4984 coope-

346 4988 524 5043 ruisse
545 5000 628 5051 se,
659 4981 711 5039 et
740 4986 960 5040 mutatis
985 4984 1320 5039 vestimentis
1344 4981 1508 5037 alium
1537 4998 1597 5109 ire
1627 4983 1934 5039 simulasse.

1582 5070 1756 5109 same.

1582 5070 1756 5110 ABRIC.

422 5130 440 5168 ί
484 5128 648 5185 Posse
685 5129 948 5197 consequi.
980 5127 1202 5182 Plenius
1231 5137 1349 5183 erat
1388 5143 1538 5196 posse
1576 5144 1631 5180 se
1672 5129 1933 5197 consequi.

343 5201 415 5259 Et
432 5202 660 5255 fortasse
683 5199 938 5254 librarius
960 5200 1222 5269 syllabam
1246 5200 1493 5255 eamdem
1512 5215 1631 5268 quae
1656 5201 1933 5269 praecedit,

343 5282 595 5342 repetere
626 5272 888 5342 neglexit.
929 5269 1147 5325 FABRIC.

419 5354 443 5391 s
476 5344 638 5411 Quasi
660 5340 757 5396 Dei
780 5344 968 5396 iterant
1008 5358 1278 5409 responsa,
1308 5343 1499 5396 dixisse
1528 5345 1765 5413 cognosci
1790 5360 1931 5398 vera.

346 5416 494 5471 Sicut
535 5415 626 5469 llei
660 5428 916 5483 reSptha
950 5428 1071 5468 esse
1096 5415 1590 5483 cumprobabantur
1613 5455 1626 5475 ,
1675 5432 1796 5484 quae
1838 5415 1936 5471 Sa-

346 5487 489 5542 muel
517 5487 732 5556 Spiraus
777 5486 956 5541 adhuc
981 5484 1132 5542 Sauli
1170 5485 1402 5540 dixerat.
1434 5484 1490 5538 lu
1522 5487 1791 5556 prioribus
1821 5485 1934 5539 edi-

344 5555 582 5615 tiouibus
610 5559 762 5614 locus
793 5557 879 5611 hic
905 5564 1182 5624 corrupte,
1211 5569 1267 5611 ut
1292 5556 1420 5610 milii
1444 5555 1661 5625 quidem
1698 5556 1931 5622 videtur,

340 5630 621 5699 legebatur
640 5634 733 5700 sic
744 5647 755 5680 :
791 5630 954 5692 Quasi
977 5630 1024 5683 ei
1050 5630 1234 5685 iterum
1251 5643 1499 5700 responsa
1527 5627 1719 5685 dixisse
1742 5643 1936 5699 coquo-

336 5698 499 5763 scitur
524 5713 661 5754 vera.
693 5698 917 5755 Fnatc.

2108 2987 2137 3025 h
2178 2988 2304 3044 Cum
2339 2991 2590 3058 propheta
2616 2989 2775 3043 dicat.
2812 2990 2991 3044 Verba
3022 2998 3151 3045 sunt
3185 2990 3235 3044 in
3265 2990 3567 3059 Sapientia:
3592 2992 3653 3047 lia

2037 3060 2158 3123 bro,
2176 3076 2395 3127 cap.1u,
2416 3063 2467 3121 l.
2487 3062 2642 3130 cujus
2666 3062 2786 3115 libri
2809 3072 3088 3117 auctorem
3109 3063 3429 3130 prophetam
3454 3074 3651 3121 \ocaut

2038 3133 2200 3187 etiam
2223 3133 2314 3186 alii
2360 3147 2568 3187 veteres
2594 3134 2731 3187 lwne
2755 3136 2929 3196 multi,
2955 3144 3013 3186 ut
3042 3132 3265 3189 Lucifer
3304 3134 3653 3193 Calai-itanus

2037 3219 2098 3257 es
2130 3203 2223 3257 illo
2267 3204 2407 3257 hunc
2457 3206 2628 3269 ipsum
2656 3204 2835 3260 locum
2887 3206 3170 3267 prolerens
3204 3220 3324 3274 pag.
3359 3207 3462 3260 itu
3496 3225 3510 3259 ε
3561 3224 3653 3264 οτι

2040 3273 2335 3330 Salomonis
2364 3275 2589 3341 Spiritus
2615 3274 2841 3330 Sanctus
2867 3278 3025 3338 dicit;
3046 3291 3191 3335 mox.
3217 3273 3345 3329 dicit
3373 3277 3651 3347 Scriptura

2039 3362 2223 3407 sacra;
2254 3355 2415 3413 atque
2483 3348 2678 3399 iterum
2730 3362 2781 3415 p.
2835 3348 2958 3413 l95,
2992 3348 3258 3416 loquitur,
3309 3347 3513 3411 inquit,
3562 3366 3653 3405 ore

2041 3416 2320 3483 Propheta:
2352 3417 2834 3487 SpiritusSanrtus.
2864 3418 3177 3473 DoctiSsimi
3229 3424 3434 3486 quique
3465 3430 3647 3475 tamen

2040 3488 2236 3545 cumS.
2272 3488 2621 3559 Hieronymo,
2660 3490 2981 3559 Augustino.
3007 3490 3243 3544 Euscbo
3266 3501 3318 3542 et
3346 3491 3550 3544 Basilio
3578 3492 3646 3546 Μ.

2040 3562 2146 3630 (ne
2169 3559 2237 3615 de
2266 3559 2467 3614 Judaeis
2492 3559 2694 3627 (licam)
2737 3572 2789 3613 ct
2818 3576 2846 3611 a
2878 3561 3175 3617 Salomone.
3204 3569 3258 3614 et
3280 3577 3308 3612 a
3342 3559 3646 3629 Propheta,

2042 3633 2304 3694 scriptum
2338 3641 2621 3699 negarunt.
2657 3630 2763 3685 l’ro
2794 3632 3008 3696 verbis,
3047 3630 3112 3686 In
3145 3648 3301 3684 manu
3337 3631 3567 3693 Domini.
3600 3645 3650 3690 et

2043 3719 2143 3780 non
2174 3703 2337 3780 tangit
2367 3720 2455 3756 ras
2482 3719 2653 3780 inors;
2685 3703 2735 3780 iu
2763 3701 2957 3758 Graeco
2987 3714 3104 3780 est._
3126 3705 3173 3780 ἐγ
3198 3706 3345 3780 χειρὶ
3368 3714 3533 3771 Θεοῦ,
3567 3710 3651 3762 καὶ

2043 3775 2102 3830 οὐ
2134 3780 2202 3845 μή
2239 3774 2435 3845 ἅψηται
2469 3776 2633 3845 wka
2676 3776 2931 3843 Βὰσανος;
2966 3776 3107 3845 apud
3146 3774 3501 3841 Luciferum,
3534 3789 3648 3830 tor-

2044 3843 2271 3898 mentum
2289 3843 2511 3899 'malitia:
2565 3843 2784 3901 FABRIC.

2124 3914 2141 3953 ί
2186 3916 2454 3989 Quomodo
2477 3918 2644 3985 itaque
2680 3916 2854 3970 anima
2876 3918 3058 3986 impia.
3083 3917 3331 3974 Solidum
3361 3934 3648 3989 argumen-

2047 3996 2157 4041 tum
2173 4001 2279 4052 quo
2299 3988 2564 4042 Plnlaster
2585 3990 2778 4057 prohat
2802 4005 2906 4042 non
2926 3989 3093 4045 fuisse
3107 4005 3292 4043 verum
3310 3988 3645 4056 Samuelem,

2046 4074 2205 4126 quem
2234 4073 2360 4129 saga
2392 4059 2640 4113 Endorea
2684 4059 2738 4115 in
2778 4072 3128 4125 consitectum
3161 4061 3342 4116 Saulis
3371 4062 3643 4127 produxit.

2051 4130 2252 4184 I‘Iodem
2272 4139 2593 4199 argumento
2611 4130 2780 4186 utitur
2792 4131 3158 4187 Tertullinnus
3176 4148 3226 4186 c.
3248 4133 3317 4187 57
3334 4133 3402 4187 de
3426 4136 3646 4195 Anima,

2047 4199 2342 4290 Gregorius
2373 4202 2650 4290 Nyssenlus
2672 4202 3000 4290 Epistula-ad
3020 4204 3422 4290 .Tlte‘ndosium,
3448 4204 3649 4290 aliique

2048 4288 2277 4347 quorum
2312 4273 2433 4347 loca
2458 4274 2709 4347 produxit
2730 4273 2841 4347 L_eo
2868 4274 3102 4330 Allatius
3130 4276 3413 4347 Syntagm.
3445 4274 3513 4330 de
3534 4273 3647 4330 Eoo

1970 4386 2025 4447 1)
2049 4345 2406 4447 sariri-‘33:?
2517 4345 2599 4447 1.9.
2608 4344 2975 4447 δειεηξέιεεξιξ

2124 4418 2138 4465 ι
2180 4414 2392 4470 Arbitrii
2417 4418 2498 4470 sui
2526 4426 2599 4470 est
2644 4416 2811 4469 omnis
2862 4419 3032 4471 homo.
3057 4418 3377 4474 Communis
3404 4417 3521 4473 iure
3552 4417 3647 4472 doc

2047 4488 2229 4541 ctrina
2251 4486 2560 4542 GI’iBCOl'lllll
2587 4486 3012 4556 Latinorumque
3034 4493 3363 4560 scriptorum
3390 4504 3515 4545 ante
3538 4492 3646 4543 Au-

2044 4560 2354 4627 gustinuru.
2408 4560 2477 4610 ita
2527 4568 2704 4611 tamen
2756 4570 2810 4612 ut
2867 4560 3168 4617 faterentur
3215 4578 3339 4614 cum
3382 4562 3643 4625 Apostolu

2046 4632 2213 4685 Deum
2245 4644 2368 4704 esse
2391 4628 2596 4704 quidet
2623 4628 2763 4685 velle
2789 4647 2852 4685 ac
2881 4633 3163 4704 perlicere.
3196 4633 3251 4688 S.
3283 4632 3645 4704 Hieronymus

2043 4710 2239 4770 qumst.
2275 4701 2440 4755 llebr.
2476 4701 2527 4754 in
2559 4700 2760 4756 Genes.
2794 4717 2869 4763 ιν.
2898 4704 2961 4755 ti:
3001 4703 3195 4758 Verum
3224 4704 3348 4772 quia
3376 4700 3525 4757 liberi
3550 4720 3643 4756 ar-

2042 4773 2177 4827 bitrii
2209 4789 2279 4840 es,
2317 4788 2495 4827 moneo
2546 4783 2599 4825 ut
2629 4789 2730 4827 non
2759 4774 2849 4827 tibi
2877 4785 3145 4840 peccatum
3172 4816 3186 4839 ,
3228 4776 3318 4828 sed
3349 4787 3403 4827 tu
3436 4784 3644 4841 peccato

2042 4845 2344 4898 domineris.
2382 4844 2622 4910 lieSpit'll.
2642 4855 2821 4900 autem
2854 4844 3123 4901 Philastcr
3147 4846 3310 4902 verba
3340 4844 3645 4901 Siracbida:

2040 4931 2130 4985 xv,
2168 4914 2234 4968 M
2264 4931 2373 4985 seq.
2413 4914 2631 4971 FABRIC.

2113 4984 2139 5025 ι
2173 4987 2281 5041 Sed
2309 4984 2429 5054 quia
2461 4988 2667 5041 recessit
2696 5003 2728 5039 a
2755 4984 3001 5043 Domino.
3035 4987 3163 5045 Saul
3194 4987 3484 5055 nimirum,
3517 5003 3641 5044 nam

2039 5055 2109 5111 de
2134 5072 2202 5113 eo
2233 5073 2413 5113 sermo
2440 5071 2543 5113 ρει.
2575 5059 2796 5114 ΙθΑιιιιιο.

2118 5128 2135 5167 1
2169 5130 2352 5183 Adhuc
2382 5129 2625 5184 bonitatis
2654 5131 2787 5184 loco.
2823 5130 2956 5184 Dato
2984 5131 3163 5186 adhuc
3193 5129 3241 5183 ei
3267 5130 3442 5199 spatio
3467 5132 3641 5202 pani-

2041 5202 2247 5271 lentim,
2280 5212 2333 5255 ct
2366 5203 2489 5254 boni
2516 5202 2729 5255 con~ilii
2762 5201 3147 5271 amplectendi.
3172 5202 3394 5258 Fssntc.

2109 5281 2148 5307 ω
2188 5270 2311 5324 Non
2350 5273 2565 5326 alterius
2604 5273 2695 5325 rei.
2740 5270 2910 5341 Quam
2952 5273 3109 5328 bona:
3149 5276 3379 5338 scilicet,
3426 5284 3482 5327 ιιι
3512 5290 3637 5329 mox

2037 5342 2186 5397 addit
2230 5359 2244 5396 :
2294 5342 2495 5396 Visibus
2528 5344 2676 5413 quasi
2716 5344 2859 5398 bonis
2885 5356 2930 5398 et
2962 5361 3062 5399 non
3092 5346 3264 5400 malis.
3301 5347 3372 5397 lta
3402 5343 3639 5401 dicimus

2036 5415 2082 5467 si
2120 5430 2266 5487 secus
2300 5414 2801 5487 aliquid_accrderit,
2847 5415 2934 5471 vel
2975 5432 3123 5473 secus
3160 5418 3409 5487 rogitare,
3452 5432 3554 5487 pro
3585 5418 3637 5472 in

2037 5486 2231 5539 malum
2261 5499 2474 5549 partem.
2508 5484 2730 5542 FABRIC.

2108 5565 2135 5591 ιι
2177 5557 2383 5623 Quippe
2421 5556 2532 5611 visu
2571 5560 2721 5628 quasi
2748 5559 3033 5615 verisimili.
3065 5559 3321 5616 Fortasse
3347 5562 3639 5616 verisimilis

2038 5627 2347 5698 legendum.
2390 5629 2498 5685 Aut
2541 5627 2670 5686 vero
2712 5632 3054 5687 referendum
3098 5632 3229 5685 illud
3273 5633 3541 5687 verisimili
3572 5636 3639 5686 ad

2037 5714 2101 5755 ea
2139 5714 2261 5773 quae
2302 5700 2700 5771 praecedebant,
2734 5704 2882 5759 verbo
2909 5712 2999 5757 aut
3025 5719 3239 5774 persnas
3255 5720 3377 5760 one.
3411 5703 3634 5763 Fatue.
