4052 6192
383 303 530 368 £203

1695 297 1943 359 SANC'I'I
1981 295 2373 358 PHILASTB“

3559 285 3711 349 ΒΜ

379 427 396 456 ¹
430 422 683 493 quodam,
716 423 804 494 qui
835 434 1026 478 omnes
1053 418 1308 475 laudabat
1339 417 1581 474 haereses
1605 460 1620 485 ,
1652 418 1844 474 dicens
1867 433 1985 472 om-
2010 418 2060 480 Α
2090 433 2193 472 non
2226 414 2657 487 cognoscebatur
2687 429 2714 467 a
2743 411 2946 468 JlldtPlS
2971 411 3059 483 qui
3091 417 3210 466 erat
3241 411 3292 466 in
3319 423 3490 466 carne
3516 411 3710 480 passi-

387 535 484 574 nes
516 519 656 573 bene
680 516 903 578 sentire,
933 525 988 571 et
1017 515 1288 571 neminem
1318 530 1507 570 errare
1528 531 1594 569 ex
1621 514 1724 582 eis,
1746 515 1840 568 sed
1871 530 1988 568 am-

394 611 580 665 bulare
607 610 746 665 bene
772 623 966 663 omnes
994 608 1149 675 illos,
1183 618 1237 663 et
1285 607 1428 662 male
1466 620 1561 663 eos
1608 621 1714 662 non
1761 605 1988 661 credere

387 703 682 758 sentiebat.
707 701 763 758 Si
797 702 979 772 itaque
1005 716 1197 757 omnes
1235 700 1525 765 laudabat,
1568 714 1730 770 quem
1775 700 1989 768 vitupe-

389 794 576 849 rabat?
602 795 743 863 Ergo
774 810 880 847 non
922 804 1070 848 tenet
1095 791 1242 864 quod
1283 807 1469 846 verum
1503 800 1604 845 est.
1637 791 1704 844 Et
1736 800 1760 827 ι
1797 790 1988 844 Photi-

391 903 494 941 nus
523 902 653 956 ergo
669 885 978 960 laudandus
1006 893 1091 940 est
1113 884 1421 949 hmretieus,
1451 884 1540 954 qui
1569 882 1849 939 Christum
1885 885 1989 939 Do-

393 981 600 1033 minum
631 987 793 1048 negat
817 992 937 1032 esse
958 985 1085 1031 ante
1121 977 1318 1031 saecula
1346 993 1467 1030 cum
1499 976 1678 1030 Patre.
1709 977 1766 1030 Et
1813 977 1991 1030 omnis

393 1071 644 1130 harresis,
677 1084 800 1140 qua:
829 1067 1171 1139 blaSphemat
1195 1079 1289 1123 aut
1321 1071 1370 1122 in
1401 1068 1636 1131 Patrem,
1670 1079 1762 1123 aut
1808 1069 1859 1123 in
1901 1070 1992 1123 Fi-

392 1164 548 1228 lium,
579 1171 671 1216 aut
699 1162 753 1216 in
775 1160 1060 1230 Spiritum.
1092 1160 1203 1215 Cur
1231 1161 1416 1230 itaque
1448 1159 1794 1230 blasphemos
1819 1162 1993 1216 barre-

394 1260 530 1313 ticos
558 1256 764 1321 laudat,
793 1269 916 1309 cum
941 1268 1037 1309 eos
1064 1253 1316 1309 Christus
1341 1253 1600 1308 Dominus
1630 1270 1695 1308 ex
1742 1256 1844 1309 hoc
1881 1255 1994 1324 jam

394 1353 596 1408 saeculo
619 1351 986 1416 damnaverit,
1031 1349 1220 1404 dicens
1251 1366 1264 1403 :
1295 1364 1403 1403 non
1443 1348 1644 1404 dimitti
1686 1349 1998 1404 hominibus

395 1447 792 1519 blasphemiam
824 1445 879 1500 in
909 1445 1169 1515 Spiritum
1200 1452 1447 1499 sanctum
1491 1444 2000 1514 blaSphemantibus

315 1590 319 1594 .
395 1552 450 1595 et
499 1537 1013 1611 perseverantibus,
1063 1552 1239 1608 neque
1294 1537 1421 1602 hic,
1453 1552 1628 1607 neque
1665 1539 1684 1567 ²
1721 1537 1773 1591 in
1821 1538 2002 1591 futuro

399 1634 618 1709 (Matth.
646 1650 739 1699 xu,
772 1634 862 1704 51)
891 1633 913 1686 ?
944 1633 1172 1702 Propter
1193 1632 1338 1702 quod
1369 1640 1584 1686 constat
1613 1642 1666 1686 et
1695 1632 1853 1687 istum
1882 1648 2003 1688 esse

400 1730 742 1790 haereticnm,
775 1729 885 1780 imo
908 1727 1086 1796 potius
1110 1727 1245 1780 nihil
1274 1730 1443 1792 seire;
1474 1727 1563 1796 qni
1588 1740 1682 1781 eos
1705 1727 2003 1783 laudandos

402 1839 509 1876 non
544 1820 934 1889 vituperandos
955 1828 1009 1873 et
1038 1820 1378 1889 abjicicndos
1403 1819 1751 1888 judicaverit.

500 1913 659 1969 XCII.
704 1913 794 1967 DE
839 1912 1232 1968 DIVINITATE
1271 1911 1542 1967 CHRISTI
1585 1911 1928 1968 llx’EllESlS.

479 2009 596 2064 Alia
624 2018 707 2063 est
737 2007 982 2071 haeresis,
1011 2022 1132 2075 qum
1157 2005 1285 2062 dicit
1305 2003 1333 2042 ι)
1365 2004 1710 2058 Divinitatem
1741 2004 2005 2070 doluisse,

406 2119 528 2159 cum
561 2115 691 2156 caro
735 2108 1015 2171 pateretur
1062 2099 1112 2152 in
1154 2113 1318 2154 cruce
1348 2097 1636 2166 conjuncta
1678 2097 1958 2152 Divinitati
1992 2116 2003 2152 ε

410 2199 430 2228 ³
459 2211 650 2252 errans
678 2196 729 2248 in
779 2210 844 2248 eo
867 2235 881 2259 ,
919 2189 1064 2262 quod
1097 2207 1203 2247 non
1241 2192 1416 2247 solum
1459 2191 1721 2245 Divinitas
1763 2193 1870 2260 pati
1901 2208 2008 2246 non

405 2298 587 2361 potest
617 2287 956 2351 naturaliter,
992 2301 1094 2340 nec
1137 2286 1331 2350 teneri,
1373 2299 1548 2354 neque
1588 2284 2011 2350 videri;'vernm

409 2383 574 2437 etiam
609 2395 710 2434 nec
742 2379 918 2434 anima
953 2378 1218 2446 hominis,
1249 2395 1371 2449 quae
1397 2394 1425 2431 a
1457 2377 1570 2433 Deo
1614 2377 1751 2433 facta
1781 2388 1895 2444 est,
1927 2379 2014 2433 di-

411 2482 572 2527 cente
601 2472 858 2527 Domino:
888 2482 908 2508 ε
929 2470 1106 2524 Nolite
1125 2473 1301 2524 timere
1323 2487 1406 2523 eos
1427 2471 1514 2540 qui
1537 2471 1779 2524 occidunt
1802 2488 2013 2540 corpus,

411 2567 639 2619 animam
670 2573 840 2617 autem
868 2580 967 2617 non
1013 2574 1225 2636 possunt
1256 2564 1527 2628 occidere;
1555 2562 1647 2618 aed
1686 2558 1856 2616 timete
1881 2563 2017 2616 hunc

413 2660 603 2722 potius,
629 2657 717 2727 qui
747 2666 911 2725 potest
953 2658 1178 2709 animam
1210 2665 1254 2709 et
1285 2673 1476 2724 corpus
1506 2656 1722 2726 perdere
1750 2658 1801 2709 in
1829 2655 2017 2726 gehen-

412 2765 532 2800 nam
563 2747 778 2817 (Matth.
829 2763 858 2800 χ
879 2790 890 2808 ,
921 2746 1036 2818 28).
1071 2747 1267 2800 Errant
1296 2748 1477 2816 itaque
1519 2746 1692 2801 tnodis
1721 2748 1977 2802 omnibus
1999 2788 2015 2812 ,

411 2840 502 2908 qui
533 2841 721 2892 dicunt
746 2839 1092 2893 Divinitatetn
1124 2839 1323 2893 Christi
1356 2838 1377 2869 ’⁸
1416 2855 1538 2894 esse
1567 2848 1756 2893 natura
1789 2839 2019 2909 passibi-

415 2931 558 2993 letn,
605 2941 659 2984 et
708 2932 870 3000 impie
916 2931 1155 2988 sentiunt
1195 2941 1288 2985 aut
1334 2931 1729 2999 dolttissc,-aut
1773 2933 2014 2999 ﬂeviSse,

414 3022 433 3049 ⁵
464 3029 556 3073 aut
584 3021 913 3090 ingemuisse
949 3040 959 3073 :
1016 3024 1194 3092 passio
1236 3024 1379 3078 enim
1411 3022 1612 3077 Christi
1643 3034 1724 3078 est
1751 3024 2015 3089 carnalis,

414 3111 439 3150 ἀ
471 3112 792 3169 naturaliter
820 3129 976 3167 carne
1019 3129 1126 3168 non
1168 3114 1459 3170 ltivinitate
1501 3115 1744 3170 dolente.
1780 3115 2015 3186 Ideoque

2089 511 2185 564 bili
2217 509 2510 580 loquendo,
2541 509 2631 579 qui
2656 506 2723 562 de
2757 507 2899 576 Lege
2935 516 2991 562 et
3039 505 3326 575 Prottltetis
3360 505 3502 561 Dens
3535 518 3712 558 verus

2089 602 2457 667 nuntiabatur,
2492 602 2784 671 palamque
2828 601 2880 653 in
2923 614 3087 654 carne
3125 608 3390 652 venturus
3434 595 3713 666 przedica-

2091 696 2272 761 batur,
2307 696 2523 750 dicente
2553 695 2823 764 Propheta
2854 712 2865 746 :
2905 704 2926 730 θ
2955 693 3093 748 Deut
3121 692 3294 762 palam
3323 693 3485 748 ueniet
3513 690 3711 763 (Paul.

2090 804 2142 853 ι..
2175 787 2250 859 5).
2280 787 2347 841 Ει
2377 787 2573 841 iterum
2599 786 2792 842 eodem
2825 785 3091 857 propheta
3129 784 3296 840 David
3330 802 3344 837 :
3373 782 3394 821 ε
3442 782 3714 837 Dominus

2095 897 2218 953 pars
2262 879 2579 933 hrereditatis
2625 894 2770 945 mere,
2821 887 2867 933 et
2898 879 3075 932 colicis
3123 879 3220 931 mei
3265 875 3438 947 (Psal.
3470 892 3584 942 xvr,
3619 876 3710 945 5).

2099 985 2123 1023 ε
2153 975 2256 1044 Qui
2284 981 2366 1029 est
2395 974 2536 1028 enim
2568 973 2730 1040 calix,
2755 973 2859 1027 nisi
2889 973 3008 1042 ejus
3041 969 3261 1042 passio?
3289 969 3380 1040 qui
3414 979 3582 1023 tanta:
3611 967 3716 1022 bo-

2100 1070 2286 1122 nitatis
2317 1081 2513 1121 munus
2554 1076 2606 1121 et
2653 1067 2962 1121 clementia:
3008 1065 3248 1120 humano
3296 1063 3489 1133 generi
3518 1061 3714 1116 confe~

2100 1177 2248 1226 rens,
2272 1161 2338 1216 ab
2359 1161 2670 1216 Judmorum
2687 1162 2708 1192 ⁸
2730 1160 3075 1230 iniquissimo
3100 1157 3456 1228 ignorabatur
3481 1154 3715 1225 populo.

2103 1255 2299 1310 Passus
2331 1255 2511 1324 itaque
2556 1254 2685 1308 est"
2714 1267 2880 1307 carne
2927 1250 3208 1322 passibili,
3254 1263 3360 1303 non
3412 1247 3720 1302 Divinitate

2103 1346 2427 1402 naturaliter
2449 1344 2800 1415 impassibili;
2827 1346 2916 1415 qni
2943 1352 2997 1398 et
3023 1342 3353 1414 agnoscitur,
3381 1349 3434 1396 et
3463 1338 3724 1394 creditur

2105 1455 2212 1495 non
2245 1437 2469 1493 absente
2517 1447 2694 1491 tamen
2737 1435 3064 1498 Dii-initate,
3113 1432 3210 1488 sed
3254 1431 3543 1502 conjuncta
3588 1443 3720 1483 cum

2103 1546 2334 1602 corpore
2361 1531 2564 1602 pariter
2585 1537 2809 1599 prapter
2831 1526 2858 1564 ¹ι
2879 1527 3196 1599 mysterium
3222 1521 3723 1579 consummationis

2107 1632 2364 1680 statutum
2393 1637 2459 1676 ac
2487 1621 2766 1677 deﬁnitum
2796 1629 2977 1674 antea.
3009 1617 3164 1686 Quod
3193 1616 3377 1672 sciens
3417 1613 3724 1683 Apostolus

2110 1732 2214 1771 non
2242 1715 2512 1785 separavit
2535 1714 2588 1767 in
2617 1727 2784 1767 cruce
2812 1712 3163 1765 Divinitatem
3193 1725 3222 1762 a
3255 1722 3455 1773 carne,
3484 1706 3722 1760 dicens:

2111 1810 2169 1865 Si
2196 1810 2331 1862 enim
2358 1807 2730 1878 cognovissent,
2766 1820 3042 1874 numquam
3075 1801 3090 1838 ί
3124 1800 3399 1855 Dominum
3427 1798 3727 1873 nrnjestatis

2110 1901 2484 1972 cruri/Exierant
2509 1897 2560 1971 (1
2593 1897 2715 1951 Cor.
2761 1912 2817 1959 ιι.
2854 1896 2944 1968 8).
2976 1893 3179 1950 Paulus
3223 1894 3403 1962 itaque
3429 1888 3728 1959 conjunxit

2111 2005 2427 2063 utrumque,
2453 1991 2729 2044 utChristi
2761 1989 3060 2044 bonitatem
3085 1997 3138 2042 et
3161 1985 3598 2041 misericordiam
3626 1997 3731 2037 no-

2115 2087 2199 2142 bis
2217 2085 2590 2140 manil‘ustaret
2612 2083 3005 2153 plenissimam.
3028 2082 3220 2135 Petrus
3235 2091 3415 2133 autem
3440 2076 3732 2147 apostolus

2115 2178 2260 2250 quod
2293 2187 2484 2232 natura
2518 2185 2598 2232 est
2627 2175 2882 2245 passibile
2905 2217 2918 2240 ,
2962 2184 3018 2230 et
3043 2173 3188 2243 quod
3234 2183 3313 2227 εει
3346 2169 3689 2240 impassibile
3711 2208 3731 2234 ,

2115 2271 2298 2326 docuit
2326 2285 2391 2324 ex
2427 2281 2636 2346 aperto,
2665 2268 2853 2322 dicens
2883 2285 2896 2321 :
2931 2268 2944 2316 i
2984 2266 3226 2319 Mortuus
3256 2265 3464 2332 quidem
3505 2273 3578 2316 est
3614 2277 3735 2316 cor-

2114 2383 2275 2445 pore,
2321 2364 2604 2434 vrriﬁcatus
2647 2375 2818 2417 autem
2865 2361 3092 2432 Spiritu.
3129 2360 3313 2428 Neque
3359 2373 3491 2428 ergo
3535 2372 3672 2411 caro
3700 2371 3733 2410 a

2121 2459 2432 2522 Divinitate,
2462 2471 2561 2510 nec
2604 2455 2870 2510 Divinitas
2911 2470 2938 2508 a
2971 2469 3138 2508 carne
3181 2453 3402 2518 aberat,
3444 2466 3571 2506 cum
3601 2465 3735 2504 caro

2124 2559 2398 2622 pateretur
2428 2551 2658 2605 humana
2704 2547 3046 2612 naturaliter,
3081 2547 3102 2576 ⁸
3149 2555 3202 2600 et
3231 2547 3281 2600 in
3316 2544 3418 2599 hoc
3443 2545 3562 2612 ipsa
3601 2559 3733 2614 per-

2121 2647 2371 2700 mittente
2394 2643 2600 2700 Christi
2629 2642 2942 2706 Divinitate,
2976 2640 3298 2712 mysterium
3328 2649 3532 2694 nostra:
3562 2652 3736 2692 causa

2121 2742 2312 2795 salutis
2340 2739 2820 2795 consummabatnr
2851 2752 2881 2790 a
2915 2737 3166 2801 Domino,
3214 2746 3270 2789 ttt
3299 2735 3455 2804 plena
3492 2734 3737 2789 dcvictio

2125 2835 2274 2887 lieret
2305 2831 2533 2893 inimici,
2565 2844 2622 2884 ut
2655 2832 2703 2883 in
2734 2845 2841 2900 quo
2875 2827 3158 2882 videbatur
3190 2836 3244 2878 ut
3277 2826 3440 2879 homo
3469 2826 3605 2894 pati,
3640 2827 3736 2894 qui

2126 2927 2265 2980 Deus
2293 2935 2409 2979 erat
2442 2926 2491 2976 in
2522 2937 2707 2988 carne,
2752 2935 2862 2975 non
2892 2919 2993 2973 sibi
3023 2917 3119 2974 sed
3151 2918 3306 2972 nobis
3342 2917 3457 2986 jam
3489 2917 3737 2970 vinceret

2125 3018 2436 3080 inimicum;
2467 3017 2494 3056 k
2527 3016 2794 3085 nobisque
2832 3021 2958 3067 ante
2988 3012 3238 3077 devictis,
3271 3010 3326 3066 in
3353 3012 3436 3086 sui
3481 3012 3737 3081 passione

2068 3102 2090 3126 ³
2127 3113 2178 3165 in
2230 3126 2354 3166 eum
2400 3110 2747 3165 credentibus
2790 3105 3045 3161 vincendi
3099 3104 3395 3174 potentiam
3449 3105 3734 3174 aperiret,

1246 3291 1403 3349 COD.
1448 3293 1561 3348 MS.
1603 3292 1958 3352 SANGERM.
2005 3289 2390 3352 LECTIONES
2431 3283 2847 3343 VARIANTES.

480 3482 497 3552 ξ
532 3480 742 3552 quodam
764 3480 965 3531 homine
991 3485 1133 3544 qui...
1159 3479 1371 3530 credere
1390 3494 1486 3529 non

479 3544 498 3573 ²
537 3546 582 3590 in
607 3544 772 3592 futuro

481 3605 500 3635 ³
535 3613 760 3654 errantes
783 3604 912 3666 quod

477 3667 499 3696 ’⁵
533 3679 647 3717 esse
673 3676 896 3715 naturam

481 3729 502 3759 ⁵
536 3734 619 3778 aut
641 3729 896 3791 gemuisse

2187 3482 2208 3512 ο
2244 3479 2548 3542 nequissimo

2184 3544 2204 3574 ⁷
2237 3537 2389 3592 carne
2413 3537 2631 3604 passibili
2656 3552 2752 3589 non
2776 3541 2858 3602 qni
2893 3546 2945 3590 et
2981 3540 3249 3602 ignoscitur
3282 3546 3335 3590 et
3366 3539 3589 3592 creditur
3635 3554 3732 3590 non

2115 3605 2283 3668 juncta
2304 3617 2415 3668 cum
2437 3615 2644 3668 corpore

2182 3668 2203 3699 ³
2239 3669 2356 3718 etin
2380 3667 2471 3715 hoc
2496 3665 2600 3727 ipso

1523 3913 1817 3972 FABRICII
1858 3916 1948 3972 ET
1986 3916 2346 3974 GALEARDI
2385 3915 2617 3974 NOTAE.

414 4092 552 4148 adeo
600 4107 706 4146 non
749 4088 953 4146 oll‘endi
1002 4089 1235 4157 Numen,
1270 4103 1328 4145 ut
1374 4095 1534 4148 etiam
1583 4095 1903 4152 delectetur.
1960 4099 2014 4153 ln

413 4163 661 4289 ea7t_ndem
684 4162 1009 4218 sententiam
1034 4161 1399 4234 Symmachus
1416 4164 1556 4234 apud
1576 4165 1930 4223 Prudentium
1956 4185 2014 4233 ll,

419 4237 450 4289 7
491 4243 526 4289 2
555 4255 569 4289 :

430 4255 569 4291 tlz:

508 4326 740 4376 Persistit
764 4333 946 4383 tamen,
970 4325 1216 4375 aﬂirmans
1238 4327 1338 4376 iter
1363 4338 1476 4377 esse
1499 4327 1657 4377 viandi

508 4388 817 4452 multiﬁdum,
849 4390 1155 4452 variumque,
1185 4388 1321 4436 Deus
1352 4402 1461 4438 cum
1484 4392 1720 4452 quaeritur
1745 4404 1890 4444 unus.

508 4451 634 4512 lliuc
656 4449 895 4507 alios,'ast
917 4449 1030 4499 inde
1059 4449 1178 4499 alios
1202 4465 1468 4512 properare
1494 4449 1720 4502 seorsum

507 4511 764 4591 Quemque
783 4511 1416 4591 Aperianljract‘usproprios.
1445 4514 1533 4587 sed
1557 4519 1765 4578 eomp’tla
1791 4516 1968 4567 eodem

507 4572 633 4624 Fine
657 4572 899 4624 cbarctarl
916 4613 929 4636 ,
953 4572 1097 4623 simul
1122 4572 1500 4626 ct'concurrere
1523 4578 1572 4625 in
1599 4572 1765 4626 unum.

1727 4641 1921 4691 Fanum.

487 4752 514 4779 ει
548 4741 823 4812 Photinus.
857 4739 934 4812 De
961 4738 1116 4812 cujus
1139 4739 1331 4812 hafresi
1362 4757 1523 4812 supra
1551 4759 1600 4797 c.
1632 4744 1722 4800 65.
1759 4745 1977 4804 Faemc.

479 4813 506 4852 ι)
539 4811 869 4866 Divinitatent
897 4810 1148 4864 doluisse.
1176 4811 1348 4866 Error
1371 4810 1458 4869 hic
1483 4823 1702 4868 notatus
1723 4821 2009 4884 {speciatim

409 4885 464 4939 in
495 4884 592 4950 iis,
630 4885 728 4956 qni
751 4901 778 4937 a
813 4884 1030 4956 Christo
1061 4897 1281 4956 carnem
1315 4884 1434 4937 sine
1462 4886 1641 4937 anima
1672 4901 2013 4956 susceptam.

411 4965 467 5011 et
498 4957 617 5012 loco
650 4955 850 5028 animze
885 4952 1050 5028 fuisse
1094 4953 1174 5028 illi
1200 4953 1377 5028 Aac/ou
1426 4955 1760 5023 docuerunt,
1799 4952 1849 5012 ut
1899 4961 2010 5015 dixi

409 5042 574 5095 supra
606 5025 672 5079 ad
705 5041 754 5078 c.
790 5023 876 5080 69.
909 5023 1306 5094 ΤΙιεορΙιοιιὶιαέ
1330 5037 1486 5080 vocat
1507 5034 1694 5081 auctor
1722 5031 2009 5086 l’rmdesti-

412 5100 524 5154 nati
567 5114 686 5164 cap.
722 5097 839 5169 75;
865 5095 1291 5169 Theopassianos
1337 5097 1569 5160 Danzeus
1615 5099 1680 5151 ad
1721 5100 2005 5169 Augustin.

412 5181 533 5296 ian.
565 5171 662 5233 75;
693 5167 999 5237 Nicephoro
1031 5183 1119 5236 xv,
1150 5167 1243 5231 ‘28,
1275 5169 1508 5241 aliisque
1531 5211 1544 5237 ,
1594 5167 2000 5244 Theopoéchitte.

463 5255 638 5296 ABRIC.
1745 5253 1750 5258 ·

463 5255 638 5296 ABRIC.
1745 5253 1750 5258 ’

489 5324 510 5350 ο
548 5311 726 5368 Nolite
749 5312 1000 5385 timere...
1028 5306 1110 5385 Ex
1133 5307 1246 5385 ‘hoc
1273 5310 1390 5366 loco
1422 5321 1602 5372 tamen
1636 5314 1777 5368 male
1804 5314 2008 5385 colligit,

411 5382 680 5440 Philauer
706 5384 941 5436 animam
970 5379 1145 5442 dolori
1177 5398 1282 5435 non
1313 5397 1436 5438 esse
1460 5385 1773 5446 obnoxiam,
1810 5396 1864 5448 et
1892 5379 2006 5441 ani-

408 5470 554 5508 mam
585 5453 786 5509 Christi
828 5451 1070 5510 doluisse
1103 5454 1219 5521 ipse
1247 5467 1300 5508 c.
1344 5454 1412 5510 69
1445 5467 1592 5511 recte
1625 5467 1903 5512 notaverat
1932 5474 2001 5514 ex

413 5526 602 5580 Matth.
632 5541 782 5589 xxvr,
815 5525 902 5579 58.
936 5523 1154 5586 Fauste.

447 5618 450 5623 ε
482 5593 507 5633 ιι
535 5595 856 5650 Naturaliter
870 5594 1386 5666 carueNocabulum
1407 5613 1561 5652 carne
1579 5597 1823 5666 adjunxi,
1841 5613 2004 5653 sensu

411 5665 544 5719 illud
581 5669 913 5736 requirente.
966 5662 1182 5730 FABRIC.
1213 5697 1282 5706 —
1313 5662 1864 5733 Naturahter'carne,
1901 5687 2002 5725 non

410 5737 674 5790 divinitate
740 5738 962 5791 dolente.
1027 5737 1218 5792 Subdit
1279 5738 1556 5793 Fabricius
1607 5759 1620 5796 :
1689 5741 2005 5795 Vocabulum

408 5821 583 5882 canas
605 5808 843 5876 adjunxi,
867 5823 1020 5882 sensu
1041 5808 1173 5882 illud
1195 5811 1503 5877 requirente.
1531 5813 1715 5874 llecte,
1743 5826 1865 5865 nam
1891 5813 2005 5882 ipse

405 5875 730 5936 Philastrtus
761 5878 917 5945 paulo
952 5886 1104 5952 post:
1135 5875 1327 5936 Passus
1359 5882 1529 5952 itaque
1557 5893 1629 5935 est
1655 5898 1811 5938 carne
1837 5875 2004 5958 passi-

2047 4208 2100 4268 D
2125 4187 2400 4268 imi???

2125 4098 2234 4166 bili,
2251 4115 2358 4154 non
2382 4101 2660 4158 divinitate
2683 4103 2985 4180 naturaliter
3004 4105 3336 4180 impossibili;
3353 4115 3408 4180 et
3433 4120 3554 4178 pag.
3583 4123 3733 4180 seq.,

2429 4184 2691 4243 pateretur
2730 4175 2956 4229 hmnana
2983 4177 3313 4231 naturaliter.
3342 4175 3629 4234 (Iustino.
3661 4175 3733 4221 '—

2129 4241 2435 4312 (Fabricius
2458 4249 2664 4312 putavit
2689 4247 3008 4300 vocabulum
3036 4264 3192 4302 carne
3211 4247 3546 4312 addendum,
3567 4268 3734 4307 sensu

2129 4314 2258 4368 illud
2295 4318 2626 4383 requirente.
2657 4317 2760 4372 Sed
2792 4318 3024 4384 frustra,
3057 4327 3114 4373 nt
3145 4317 3381 4373 videtur.
3430 4319 3548 4374 Mox
3582 4323 3731 4376 eiiim

2125 4396 2346 4440 sanctus
2376 4389 2536 4462 Pater
2566 4390 2811 4462 eamdem
2831 4392 3166 4462 sententiam
3210 4400 3494 4457 repetens,
3525 4395 3730 4462 impor-

2127 4465 2312 4530 tunum
2337 4473 2457 4512 esse
2482 4460 2618 4530 illud
2635 4477 2788 4514 carne
2808 4461 3168 4516 demonstrat.
3193 4462 3285 4515 Sic
3309 4479 3543 4530 namque
3569 4460 3732 4528 patilo

2125 4537 2251 4595 pOst
2284 4528 2519 4598 loquitur
2548 4549 2559 4584 :
2594 4529 2790 4586 Passus
2833 4532 3003 4601 itaque
3031 4541 3104 4584 est
3150 4549 3304 4586 carne
3331 4528 3591 4600 possibili,
3623 4550 3730 4591 nos

2125 4613 2427 4653 mvmtrns
2484 4617 2864 4658 nuntiant-tan
2922 4617 3256 4658 llPASSlBlLl.
3316 4605 3447 4670 Quae
3499 4606 3727 4673 quidem

2126 4675 2429 4740 posteriora
2461 4675 2623 4727 verba
2656 4675 2924 4740 prioribus
2944 4716 2958 4738 ,
2988 4677 3293 4730 naturaliter
3320 4691 3424 4728 non
3454 4675 3726 4734 divinitate

2123 4739 2343 4816 dolente,
2376 4744 2620 4816 apprime
2643 4739 2974 4816 Concutiunt,
2991 4746 3296 4816 causam)

2198 4821 2221 4848 ε
2256 4812 2394 4867 Deus
2427 4815 2600 4879 palam
2627 4819 2806 4870 veniet.
2841 4815 3008 4878 LXX,
3030 4813 3167 4879 Ἥξει
3191 4816 3216 4872 ὁ
3238 4812 3360 4880 eis;
3386 4820 3525 4890 ἡμῶν
3556 4823 3644 4874 καὶ
3672 4823 3729 4876 οὐ

2198 4890 2608 4940 ρασιωπήσεται.
2642 4887 2856 4940 FABth.

2118 4904 2608 4941 παρασιωπησεται.
2642 4904 2669 4940 I‘
2687 4904 2856 4941 ΛΒΒΙΟ.

2195 4904 2608 4953 ρασιωπησεται.
2642 4902 2669 4940 l‘
2687 4902 2856 4943 ABRtC.

2195 4957 2212 4995 ί
2244 4953 2498 5037 Dominus
2529 4976 2648 5029 pars
2675 4959 3018 5037 luererlitatis.
3048 4958 3214 5025 LXX,
3249 4963 3430 5037 ιὲὂριος
3458 4966 3606 5037 μερὶς
3635 4973 3730 5025 τῆς

2117 5027 2447 5106 κληρᾳγοιιτιίας
2477 5027 2578 5106 μόῃ
2603 5034 2694 5106 καὶ.
2713 5039 2805 5106 ⁸ςοῦ
2833 5033 3080 5106 ποτηρίῳ
3110 5053 3233 5106 pou.
3264 5027 3486 5106 ᾸΒιιιό.

2192 5100 2217 5146 ιξ
2249 5100 2448 5172 ριιὶίεδι
2470 5102 2617 5172 θεαιὶπ
2647 5104 2746 5154 nisi
2781 5106 2894 5172 ejus
2923 5100 3120 5170 passio.
3155 5104 3228 5157 lix
3267 5103 3452 5158 Matth.
3489 5120 3598 5163 xx.
3629 5102 3726 5158 ἓξ.

2117 5170 2320 5244 Co_nle_r_
2345 5171 2403 5225 S.
2439 5171 2649 5234 Maximi
2685 5170 2846 5240 opera
2881 5182 3013 5228 tom.
3047 5173 3088 5238 l,
3125 5190 3177 5242 p.
3211 5173 3278 5229 75
3307 5191 3421 5244 seq.
3463 5173 3688 5234 ΡΑωιιε.

2190 5237 2212 5276 ¹³
2264 5240 2574 5314 Mysterium
2621 5237 3292 5312 consummationis.'lnl'ra
3347 5237 3450 5300 hoc
3499 5250 3725 5315 capite:

2116 5310 2424 5382 Mysterium
2455 5323 2640 5366 nostra:
2675 5331 2833 5367 causa
2865 5317 3048 5369 salutis
3073 5317 3528 5370 ronsummabatur
3557 5310 3589 5369 ἀ
3617 5317 3725 5370 Do-

2114 5385 2254 5456 mino
2279 5397 2329 5438 ut
2358 5385 2510 5456 plena
2539 5386 2755 5440 deviclio
2787 5387 2931 5456 ﬁeret
2955 5388 3174 5442 inimici.
3205 5389 3284 5443 Ex
3307 5385 3464 5443 Joan.
3491 5405 3604 5452 ιιι,
3629 5389 3722 5446 50.

2113 5454 2406 5512 τετέλεσται
2439 5454 2655 5518 FABRIC.

2192 5536 2228 5604 1‘
2264 5527 2540 5604 Dominum
2601 5530 2902 5604 majestatia.
2948 5531 3127 5604 Ξύριον
3156 5538 3249 5591 τῆς·
3295 5528 3462 5596 δόξης.
3517 5526 3724 5587 Conrel'

2113 5595 2379 5669 Alcimum
2415 5599 2631 5650 Avitum
2666 5595 2828 5669 epist.
2861 5601 2914 5654 ὅ.
2950 5595 3170 5655 ΕᾸΒιιις.

2187 5668 2201 5716 l
2246 5667 2808 5751 Morti-utiquam?"
2843 5671 3044 5751 Gut-“cn
3077 5674 3380 5736 θανατωθεὶς
3409 5675 3502 5746 μὲν
3526 5678 3718 5751 σαρκὶ,

2113 5741 2437 5815 ζωρπριηθεὶς
2460 5739 2611 5813 δέίτῷ
2638 5745 2913 5815 πνεύματι.
2943 5739 3166 5815 Fannia.

2187 5811 2212 5885 ιξ
2239 5811 2502 5881 Nobisque
2521 5811 2639 5885 jam
2667 5811 2786 5868 ante
2815 5815 3044 5885 devictis.
3079 5813 3370 5885 Vincendis
3392 5814 3571 5884 facile,
3601 5817 3712 5874 nisi

2115 5881 2283 5955 ipsius
2310 5898 2415 5962 ope
2438 5897 2492 5939 et
2521 5881 2725 5941 auxilio
2755 5883 3189 5946 defenderemur.
3224 5883 3444 5948 Faenio.
