4052 6192
341 312 478 372 120)

1583 311 1792 370 LIBER
1831 312 1920 369 DE
1960 310 2379 379 HERESIBUS
2393 354 2405 367 .

3513 312 3653 371 1210

338 443 535 501 aquam
582 444 610 484 a
666 430 914 486 Domino.
966 430 1033 485 Et
1083 441 1106 469 ει
1141 422 1258 489 tres
1308 431 1459 502 pueri
1508 430 1714 487 itidem.
1751 428 1778 468 ιι
1824 429 1939 485 Alia
1970 436 2169 495 Acum
2223 430 2354 485 dicit
2410 431 2553 485 enim
2597 430 2875 502 faciamus,
2922 430 3190 501 promittit
3223 430 3491 486 iacturum
3549 446 3650 500 se,

336 522 521 595 itaque
550 534 633 581 est
664 533 827 589 terra,
857 541 976 592 qua:
1002 527 1244 582 continet
1273 529 1525 581 universa
1546 566 1560 591 ,
1613 532 1667 578 et
1714 524 1817 577 alia
1856 533 1939 579 est

336 630 458 686 qum.
478 630 641 684 super
674 631 866 686 aquam
892 614 1115 671 laudata
1134 627 1248 683 est,
1275 618 1474 687 quippe
1506 618 1604 671 ista
1640 631 1760 686 qua:
1789 615 1941 669 habi-

338 714 484 761 tatur
508 722 536 759 a
570 706 750 774 nobis,
782 707 850 762 de
877 723 979 778 qua
1007 710 1082 762 ait
1112 709 1383 779 Propheta
1420 726 1432 763 :
1463 710 1550 777 qui
1574 708 1810 779 fundasti
1831 716 1936 761 ter-

335 815 450 852 ram
477 816 634 867 super
662 817 847 869 aquam
880 800 1053 873 (Psal.
1086 818 1274 869 cum,
1308 804 1388 871 6).
1420 802 1534 857 Non
1577 804 1722 857 illam
1754 804 1937 871 utique

335 892 588 962 primam.
622 894 637 925 ¹
665 894 816 949 Hauc
846 895 1027 966 itaque
1054 906 1077 936 ε
1109 896 1360 952 renovari
1389 906 1442 951 et
1465 896 1678 966 purgari
1712 910 1938 951 necesse

338 996 446 1050 est,
474 982 500 1023 ἀ
528 1002 691 1057 quam
715 998 769 1043 et
798 990 1004 1044 moveri
1026 1006 1170 1060 smpe
1184 993 1562 1061 cognoscimus
1587 999 1743 1043 terrae
1764 1000 1935 1054 motu,

339 1079 409 1135 de
440 1097 541 1149 qua
576 1081 652 1135 ait
680 1083 942 1137 Dominus
976 1102 988 1137 :
1026 1094 1049 1122 ε
1076 1083 1188 1155 Ego
1216 1086 1402 1151 faciam
1433 1100 1617 1139 navum
1644 1083 1858 1147 ctelum,
1890 1093 1938 1137 et

340 1189 523 1227 noram
553 1183 743 1227 terram
768 1172 925 1245 (Isai.
951 1192 1076 1243 va,
1104 1178 1213 1246 l7).
1243 1177 1521 1231 Etiterum
1549 1175 1805 1230 Dominus
1826 1176 1933 1230 ait:

343 1264 539 1320 Ctelum
565 1278 613 1321 et
644 1278 836 1323 terram
884 1272 1104 1325 transire
1129 1312 1143 1337 ,
1189 1271 1242 1325 in
1276 1269 1569 1340 Evangelia
1617 1268 1770 1341 (Luc.
1822 1285 1933 1335 nl,

341 1359 455 1431 55).
492 1359 618 1415 llme
652 1372 793 1415 terra
827 1363 1007 1432 itaque
1038 1363 1203 1418 veluti
1228 1364 1295 1418 de
1317 1364 1591 1418 radicibus
1618 1364 1761 1417 illius
1794 1364 1937 1433 prio-

342 1454 416 1508 ris
468 1455 815 1524 cognoscitur
878 1456 1081 1512 habere
1141 1457 1542 1523 substantiam,
1593 1472 1714 1527 quas
1774 1470 1937 1525 Supra

342 1560 533 1615 aquam
563 1547 860 1615 subsistere
886 1547 1035 1617 jussa
1068 1557 1173 1613 est,
1208 1563 1330 1618 qua:
1371 1547 1390 1586 τ
1433 1550 1656 1619 copiose
1702 1550 1937 1605 humano

342 1638 527 1708 generi
558 1639 779 1695 exhibet
801 1640 1085 1696 alimenta.

544 1729 755 1786 XCVII.
800 1731 1122 1790 "IERESIS
1164 1733 1250 1789 DE
1288 1734 1573 1790 IMAGINE
1617 1734 1725 1789 DEI

750 1824 815 1880 IN
855 1827 1177 1881 CURPORE
1216 1826 1523 1883 HUMANO.

413 1918 433 1948 ¹
467 1925 491 1963 8
528 1916 761 1972 llaercsis
804 1927 888 1972 est
937 1936 1188 1989 quoque,
1232 1935 1355 1991 qua:
1400 1921 1534 1975 dicit
1571 1929 1696 1976 ante
1736 1937 1936 1992 corpus

341 2007 509 2064 fuisse
542 2011 777 2065 hominis
807 2010 1028 2077 factum,
1061 2030 1167 2066 non
1198 2016 1433 2067 animam
1461 2031 1475 2079 ;
1506 2024 1560 2069 et
1591 2014 1734 2085 quod
1761 2017 1937 2087 imago

342 2099 434 2155 Dei
457 2116 657 2172 corpus
687 2104 779 2161 sit.
830 2118 939 2158 non
985 2104 1163 2158 anima
1201 2103 1478 2169 hominis;
1530 2117 1584 2161 et
1628 2108 1769 2174 quod
1803 2104 1827 2142 ιι
1854 2123 1939 2162 se-

338 2194 575 2250 cundum
609 2196 1148 2265 prmdestinationem
1177 2196 1381 2252 dixerit
1431 2198 1451 2227 ³
1480 2199 1553 2253 ita
1594 2201 1890 2255 arbitratur
1923 2244 1937 2267 ,

348 2285 360 2322 ί
395 2301 516 2341 cum
548 2287 693 2342 dicat
722 2288 1001 2358 Scriptura
1039 2308 1052 2343 :
1091 2288 1157 2343 Et
1189 2292 1309 2357 fecit
1366 2290 1507 2347 Deus
1558 2294 1839 2361 hominem,
1870 2296 1938 2350 ad

338 2380 619 2453 imaginem
644 2398 791 2436 suout
820 2383 936 2451 [ecit
962 2400 1099 2449 eum,
1132 2386 1416 2439 masculum
1457 2397 1506 2439 et
1547 2390 1791 2457 [emittam
1819 2393 1937 2459 fecit

340 2490 424 2528 eos
448 2474 600 2547 (Gen.
638 2492 674 2542 I,
705 2476 817 2546 27).
856 2476 873 2506 "
898 2477 1181 2549 ignorans,
1226 2480 1495 2550 PrOpIieta
1530 2482 1657 2555 quid
1688 2485 1889 2542 dixerit
1922 2505 1935 2553 ;

2041 538 2275 594 cumque
2306 524 2435 579 dicit
2468 542 2480 577 :
2516 525 2638 595 fecit
2665 522 2827 591 Deus,
2876 525 2988 594 jam
3028 539 3165 596 opus
3192 524 3395 581 factum
3421 525 3647 582 demon-

2042 627 2198 682 strat,
2234 626 2291 673 et
2320 618 2518 673 factum
2548 636 2655 673 non
2680 634 2923 686 carnem,
2956 620 3049 675 sed
3094 620 3329 676 animam
3355 664 3369 689 ,
3404 638 3525 691 qua:
3558 637 3650 678 ra-

2042 714 2258 770 tionalis
2290 725 2372 771 est
2403 715 2721 770 declaravit.
2763 714 2897 771 Nam
2942 716 3087 787 quod
3134 732 3260 771 caro
3307 717 3425 771 sine
3470 716 3648 772 anima

2040 824 2149 863 non
2184 810 2356 879 possit
2388 809 2587 879 eloqui,
2624 825 2730 864 non
2758 819 2842 864 est
2870 808 3093 864 dubium
3127 827 3140 863 :
3172 825 3303 880 ergo
3333 825 3463 865 caro
3495 826 3645 882 orga-

2042 920 2168 958 num
2198 905 2217 935 ⁵
2249 904 2442 959 anima:
2492 913 2578 960 est
2630 896 2936 962 rationalis.
2983 904 3280 961 Masculum
3320 917 3367 962 et
3401 908 3644 977 feminam

2040 1011 2163 1051 cum
2192 996 2322 1051 dicit
2352 997 2657 1065 Scriptura,
2693 998 2706 1047 i
2746 1014 2852 1052 non
2884 998 2969 1052 hic
2990 1013 3281 1069 corporum
3305 1014 3523 1065 sexum,-
3547 999 3643 1055 sed

2039 1093 2237 1147 animae
2281 1092 2647 1160 dominantis,
2702 1105 2758 1151 et
2807 1094 3140 1164 subiacentis
3195 1094 3437 1151 declarat
3499 1095 3641 1151 indi-

2040 1184 2206 1239 cium.
2242 1182 2263 1221 ι
2303 1187 2365 1241 Et
2390 1187 2533 1257 quod
2568 1203 2673 1241 non
2707 1202 2940 1258 corpora
2972 1188 3080 1243 sint
3112 1196 3242 1243 ante
3276 1187 3414 1242 facta
3454 1187 3643 1258 jacen-

2041 1279 2137 1343 tia,
2190 1278 2329 1334 sicut
2380 1279 2597 1348 quidam
2654 1280 2927 1335 mstimant
2974 1281 3367 1351 imprudentes,
3410 1298 3517 1335 non
3561 1290 3645 1337 est

2040 1367 2372 1439 ambiguum,
2405 1385 2526 1425 cum
2557 1386 2686 1426 caro
2734 1370 2885 1437 Adae,
2915 1386 2979 1425 ac
3012 1370 3256 1425 mulieris
3285 1380 3469 1440 postea
3502 1369 3640 1426 facta

2040 1463 2109 1518 sit
2136 1480 2149 1527 ;
2182 1479 2303 1518 nam
2332 1465 2564 1533 septimo
2593 1464 2681 1520 die
2708 1464 2840 1519 dicit
2887 1465 3167 1534 Scriptura
3214 1464 3283 1521 de
3324 1466 3493 1520 Adam
3522 1465 3591 1518 ita
3624 1483 3638 1518 :

2042 1554 2109 1610 Et
2134 1556 2333 1624 accepit
2368 1554 2622 1610 Dominus
2648 1566 2839 1610 terram
2866 1556 2930 1611 tle
2958 1557 3101 1622 limo,
3148 1566 3196 1609 et
3242 1557 3515 1625 plasmauit
3547 1554 3641 1609 Ito-

2040 1651 2225 1703 minem
2249 1666 2398 1720 quem
2422 1651 2562 1720 fecit.
2596 1651 2759 1706 Vides
2790 1665 2924 1720 ergo
2954 1648 3232 1719 quomodo
3290 1649 3492 1704 factum
3543 1648 3641 1704 ho-

2042 1744 2266 1808 minem,
2299 1744 2348 1797 id
2380 1758 2461 1799 e51
2489 1745 2725 1799 animam
2753 1755 2878 1799 ante
2912 1744 3150 1800 ostendit
3181 1743 3557 1799 rationabilem
3587 1751 3644 1799 et

1968 1853 2015 1912 Β
2043 1837 2407 1892 immortalem
2455 1852 2577 1893 esse
2615 1850 2852 1893 creatam
2898 1854 2927 1893 a
2978 1838 3240 1905 Domino,
3289 1854 3410 1908 qua:
3456 1838 3641 1909 utique

2043 1932 2219 1999 imago
2249 1930 2339 1984 Dei
2372 1938 2456 1984 est
2484 1932 2753 2001 appellata
2788 1949 2802 1986 :
2843 1942 3046 1987 terram
3088 1942 3269 1987 autem
3292 1930 3361 1986 de
3389 1930 3517 1984 limo
3548 1943 3643 1984 ac-

2041 2036 2251 2093 ceptam
2282 2025 2592 2095 adjunctam
2643 2029 2859 2093 animm,
2888 2027 2937 2083 id
2967 2038 3047 2083 est
3089 2030 3419 2084 exteriorem
3462 2026 3645 2081 homi-

2043 2132 2190 2184 nem,
2223 2132 2421 2187 eorpus
2448 2118 2641 2190 fragile
2689 2120 2781 2175 die
2822 2121 3068 2191 sequenti
3102 2118 3473 2176 manifeslavit
3501 2118 3645 2188 plas-

2043 2220 2266 2274 matum,
2302 2211 2321 2242 °
2341 2226 2405 2267 ac
2438 2213 2681 2267 immisso
2708 2228 2907 2283 sopore
2935 2214 2985 2267 in
3020 2212 3215 2278 Adam,
3246 2221 3545 2281 posteaque
3574 2208 3645 2265 de

2043 2313 2195 2357 costa
2222 2303 2338 2372 ejus
2364 2305 2641 2374 accepisse
2686 2304 2995 2370 Dominum,
3028 2314 3081 2360 et
3112 2305 3307 2360 iecisse
3354 2302 3641 2358 mulierem

2046 2397 2324 2467 Scriptura
2349 2407 2579 2454 testatur
2633 2414 2696 2454 ac
2754 2400 3052 2471 praedicat:
3096 2412 3153 2455 et
3199 2408 3257 2453 ut
3296 2399 3527 2469 primum
3572 2395 3644 2451 sit

2057 2489 2073 2527 ι
2108 2491 2284 2546 anima
2311 2492 2476 2561 laeta,
2512 2494 2564 2550 id
2603 2505 2686 2552 est
2716 2505 2872 2551 sexto
2903 2495 3026 2551 die:
3052 2496 3141 2551 die
3178 2504 3358 2551 autem
3385 2494 3640 2564 septimo,

1188 2622 1341 2679 COD.
1384 2624 1500 2682 MS.
1540 2626 1891 2684 SANGERM.
1938 2630 2322 2689 LECTIONES
2366 2634 2786 2691 VARIANTES.

405 2737 422 2805 ξ
458 2735 581 2805 banc
603 2738 768 2805 itaque
788 2742 1012 2805 renovari
1041 2752 1095 2789 se
1121 2744 1518 2802 cognoscimus...
1542 2742 1647 2805 Ego
1673 2742 1796 2793 facio

404 2799 423 2863 ξ
460 2799 564 2863 Alia
593 2799 895 2863 eschaeresis
925 2815 1035 2863 quae

408 2861 427 2891 ³
458 2861 645 2911 dixerit
670 2861 865 2912 Domini
891 2861 957 2913 ita
980 2866 1280 2916 arbitrantur

2108 2749 2129 2814 ᾗ
2165 2749 2477 2814 Ignorantes,
2501 2753 2802 2814 prepbeta...
2825 2749 3128 2802 rationabilis

2106 2812 2127 2843 ⁸
2160 2814 2333 2863 animae
2358 2822 2433 2863 est
2462 2812 2535 2862 rei
2555 2812 2855 2865 rationabilis

2107 2874 2127 2903 °
2161 2888 2218 2923 ac
2240 2876 2311 2924 sic
2330 2878 2549 2927 immisso

1427 2998 1725 3055 FABRiCll
1767 2999 1860 3055 ΕΤ
1900 3000 2257 3058 GALEARDI
2295 3002 2525 3059 ΝΟΤΕ.

416 3121 440 3149 η
478 3112 601 3166 Tres
626 3114 771 3185 pueri
803 3114 1004 3166 itidem.
1044 3112 1104 3167 lli
1134 3113 1188 3167 in
1219 3111 1473 3167 Carmine
1514 3128 1612 3167 suo
1642 3113 1784 3167 inter
1815 3114 1951 3168 alias
1977 3112 2023 3174 C
2056 3132 2163 3181 ma,
2193 3133 2356 3180 neque
2383 3117 2518 3171 illud
2555 3118 2693 3185 quod
2719 3118 2913 3171 dictum
2943 3127 3038 3179 est,
3073 3116 3373 3172 masculum
3403 3126 3457 3170 et
3486 3116 3645 3170 femi-

344 3199 431 3239 res
456 3184 670 3239 creatas
708 3186 873 3241 etiam
901 3199 1071 3254 aquas
1126 3186 1370 3239 excitant
1421 3184 1485 3237 ad
1532 3186 1718 3238 laudes
1747 3186 1951 3239 Condi-

347 3257 482 3381 ἱρῆς
534 3256 920 3321 celebrandas,
952 3271 1095 3311 Vers.
1135 3258 1223 3321 Η,
1259 3258 1534 3330 εὐλογεῖτε,
1564 3256 1734 3313 ὕδατα
1758 3260 1947 3315 πάντα.

394 3342 566 3381 ABRIC.

394 3342 566 3382 ABRIC.

419 3398 446 3437 ἲ»
472 3400 588 3472 Alia
610 3410 875 3472 estuterra.
910 3400 985 3454 De
1018 3400 1118 3455 hac
1145 3400 1344 3472 duplici
1378 3409 1517 3455 terra
1548 3399 1751 3455 dictum
1775 3401 1953 3471 capite

350 3470 655 3537 Sllpt‘l‘lotl'e.
693 3470 909 3527 Fannio.

423 3552 451 3613 ογ
478 3539 734 3595 Reuovari
785 3554 829 3595 et
873 3544 1109 3613 purgari.
1142 3544 1199 3596 In
1242 3544 1713 3597 Consummalione
1741 3544 1945 3598 szeculi.

354 3612 490 3665 Υἱός·
519 3628 635 3680 ψιτιι
658 3629 818 3676 snpra
849 3612 983 3678 cap.
1004 3614 1093 3667 80.
1127 3614 1342 3667 FABRIC.

423 3682 446 3721 ἀ
484 3684 650 3747 Quam
680 3696 727 3736 et
749 3686 964 3737 moveri.
991 3684 1127 3739 Vide
1155 3702 1273 3750 qna-
1302 3686 1367 3737 ad
1408 3700 1526 3753 cap.
1566 3684 1688 3739 102.
1728 3685 1948 3742 anntc.

351 3827 393 3881 Ρ
424 3767 445 3792 '-‘
474 3754 638 3810 LXX.
666 3754 849 3812 Ἔσται
872 3758 969 3833 γὰρ
1001 3758 1026 3812 ὁ
1057 3760 1269 3833 οὐρανὸς
1302 3759 1470 3817 καινὸς
1499 3761 1579 3811 καὶ
1608 3759 1637 3815 ἡ
1670 3766 1734 3830 γῆ
1784 3764 1944 3818 καινή.

397 3843 571 3881 ABRIC.

397 3843 571 3883 ABRIC.

426 3900 444 3937 τ
478 3900 714 3968 Capiose.
762 3900 900 3954 Male
929 3899 1198 3955 editiones
1244 3899 1515 3967 qitmtlam,
1550 3899 1788 3969 Capioso.
1844 3900 1949 3955 FA-

350 3986 485 4027 BRIC.
521 4002 585 4011 —
616 3969 853 4041 Copiose.
888 3971 1021 4025 Male
1054 3972 1105 4026 in
1136 3972 1455 4031 quibusdam
1489 3972 1819 4026 editionilms
1854 3988 1950 4040 pro

350 4046 558 4111 copiose
580 4044 681 4107 logi
712 4044 919 4108 copioso
946 4053 1123 4097 monet
1148 4043 1448 4106 Falli‘lClllS,
1482 4060 1669 4096 verum
1702 4059 1945 4105 qna-nam

353 4116 457 4169 sint
492 4114 760 4169 editiones
792 4117 907 4167 ista:
936 4131 1040 4167 non
1072 4123 1316 4168 annotat.
1350 4114 1600 4169 Profecto
1625 4115 1950 4169 Basileeusis

354 4186 523 4239 editio
547 4185 796 4241 Sirhardi
851 4196 996 4239 recte
1047 4186 1203 4241 habet
1237 4188 1441 4252 capiose
1463 4228 1476 4244 .
1507 4187 1751 4253 quamvis
1782 4196 1836 4239 et
1862 4204 1949 4239 co-

355 4258 501 4324 pioso
533 4256 633 4325 legi
678 4256 847 4321 possit
870 4272 976 4309 non
1007 4262 1230 4311 omnino
1260 4258 1421 4311 male.
1452 4257 1729 4312 GALEARD.

427 4336 451 4375 Β
484 4326 711 4381 Ha'resis
740 4339 811 4380 est
842 4344 1062 4397 quoque.
1102 4330 1321 4382 Anctori
1369 4327 1745 4382 Pt'mtlestiiiziti
1782 4342 1830 4381 c.
1879 4327 1946 4383 76

353 4411 618 4452 VnCanlnr
651 4397 1105 4464 Homnncionitte,
1166 4416 1351 4465 parum
1401 4411 1526 4467 apto
1578 4399 1863 4463 voeabula,
1893 4409 1948 4454 et

348 4485 457 4539 quo
486 4470 553 4523 ab
580 4470 699 4523 aliis
723 4480 936 4524 constat
989 4484 1109 4525 esse
1160 4470 1357 4531 dietos.
1405 4472 1493 4538 qui
1541 4468 1814 4525 Chrismm
1846 4487 1941 4537 pro

351 4520 503 4595 diem
526 4520 744 4595 nomine
774 4520 1107 4605 isiussi};
1125 4520 1292 4594 "(iis
1312 4520 1579 4595 animi
1610 4520 1941 4597 laniat—mret
1970 4520 2021 4579 D

352 4612 667 4681 Serapionis
724 4614 903 4665 statim
951 4614 1051 4667 sub
1078 4613 1285 4666 initium
1335 4612 1495 4667 iidem
1540 4614 1796 4667 dicuntur
1830 4612 1943 4666 llo-

350 4687 721 4739 muncionates.
748 4683 979 4737 Dantrns
1001 4686 1215 4755 quidem
1242 4695 1389 4736 nutat
1418 4685 1466 4737 in
1492 4684 1668 4738 indice
1691 4687 1779 4753 qui
1805 4700 1942 4753 prm-

354 4756 490 4809 lixus
513 4767 597 4811 est
632 4757 770 4809 libro
791 4755 1073 4823 Augustini
1104 4756 1171 4808 de
1198 4755 1507 4809 "'l‘l‘t’SiIlUS
1546 4758 1640 4809 hos
1668 4755 1940 4809 Pbilastrii

353 4829 639 4881 bmrctictis
668 4826 967 4881 Melitonios
997 4828 1277 4895 appellari.
1305 4828 1409 4880 Sed
1446 4828 1495 4879 iu
1526 4826 1703 4879 indice
1726 4827 1939 4893 qualem

353 4907 485 4951 tom.
512 4899 575 4951 VI
614 4915 839 4967 operum
867 4899 1147 4967 Augustini
1170 4898 1508 4951 antelihrum
1530 4899 1595 4950 de
1631 4898 1941 4951 llmiesihus

354 4969 640 5024 ediderunt
685 4969 1039 5035 lienctlictini,
1090 4969 1235 5023 nulla
1280 4968 1677 5021 Melitoniorum
1714 4969 1937 5032 mentio,

354 5050 409 5093 et
437 5048 641 5093 tantum
676 5040 822 5106 legas
855 5060 869 5095 :
903 5039 1189 5105 Imaqinem
1226 5038 1318 5092 Dei
1346 5055 1447 5093 non
1476 5056 1583 5092 esse
1611 5042 1835 5092 animum
1863 5042 1944 5093 di-

355 5124 543 5165 centes.
596 5110 817 5165 FADRIC.
842 5142 911 5151 —-—
939 5112 1168 5167 "tri-esis
1202 5121 1275 5164 est
1304 5126 1519 5180 quoque.
1574 5110 1770 5164 llabuit
1814 5110 1907 5163 Phi
1929 5142 1941 5152 ο

358 5184 576 5236 lastrius
607 5184 656 5236 in
693 5187 791 5235 hac
842 5186 1148 5247 sententia,
1203 5199 1304 5251 qua
1362 5185 1596 5235 animam
1652 5182 1940 5235 humanam

357 5264 481 5308 ante
510 5268 710 5321 corpus
743 5254 908 5307 fuisse
936 5256 1211 5307 conditam
1237 5253 1600 5317 existimavit,
1652 5254 1833 5321 plures
1876 5268 1943 5307 ex

360 5325 611 5380 Patrihus
665 5324 769 5377 sibi
818 5329 1240 5389 consentientes,
1272 5326 1420 5379 inter
1445 5342 1582 5393 quos
1617 5328 1946 5393 Augintinus

358 5413 429 5450 vn
460 5397 527 5450 tle
558 5397 782 5458 Genesi,
841 5397 905 5448 ad
956 5396 1057 5467 litt.
1101 5396 1193 5457 9.4,
1227 5400 1340 5451 lure
1372 5396 1532 5452 habet
1568 5415 1581 5448 :
1640 5394 1784 5449 Illud
1824 5411 1947 5467 ergo

358 5469 640 5531 rideamus,
701 5479 872 5520 utrum
930 5466 1149 5533 forsitan
1218 5482 1390 5519 verum
1434 5485 1541 5521 esse
1582 5469 1763 5535 possit.
1812 5466 1949 5533 quod

357 5552 492 5594 certe
514 5542 752 5592 Itmnauaz
774 5538 1005 5605 apiitioui
1028 5536 1349 5590 tolerabilius
1372 5539 1497 5592 mihi
1524 5540 1738 5601 videtur,
1778 5536 1947 5591 Deum

358 5611 409 5663 in
440 5611 543 5664 illis
568 5610 747 5680 primis
790 5608 1027 5673 aperibus
1050 5623 1167 5677 qnw
1188 5608 1343 5661 simul
1378 5613 1550 5663 omnia
1595 5611 1806 5674 creavit,
1838 5611 1951 5664 ani-

359 5698 494 5733 mant
514 5692 662 5734 etiam
687 5682 966 5733 humanam
996 5696 1211 5739 creasse,
1237 5696 1392 5746 quam
1428 5698 1518 5734 sua
1542 5691 1765 5750 tt‘mpore
1796 5699 1952 5733 ntem-

362 5752 466 5806 bris
490 5752 935 5823 exlimart'ormati
983 5750 1218 5821 corporis
1256 5751 1567 5819 inspiraret;
1617 5771 1736 5806 nam
1792 5769 1953 5823 neque

362 5824 494 5878 illud
518 5820 654 5895 quod
678 5822 870 5878 dictum
893 5824 965 5878 est
990 5822 1055 5878 ad
1078 5820 1377 5892 imaginem
1427 5828 1600 5885 suam,
1632 5825 1732 5877 nisi
1760 5826 1811 5877 in
1836 5820 1949 5877 uui-

2057 3204 2201 3250 nam,
2231 3191 2330 3261 nisi
2357 3192 2411 3242 in
2438 3205 2652 3261 corpore
2671 3198 2806 3243 recte
2828 3190 3189 3256 intelligimus.
3216 3186 3473 3261 Credetur
3500 3204 3640 3255 ergo,

2054 3260 2098 3312 si
2119 3261 2264 3314 nulla
2293 3259 2679 3331 Scripturarum
2696 3262 2998 3323 auctoritas,
3017 3276 3104 3311 seu
3127 3259 3353 3312 veritatis
3375 3259 3509 3310 ratio
3522 3274 3647 3331 con-

2054 3330 2283 3397 tradicit,
2320 3333 2575 3384 hominem
2632 3334 2704 3385 ita
2757 3334 2945 3398 factum
3000 3341 3144 3383 sexto
3195 3332 3299 3395 die,
3336 3340 3390 3381 ut
3418 3330 3647 3399 corporis

2053 3402 2256 3470 quide
2307 3403 2519 3453 humani
2573 3404 2707 3455 ratio
2738 3402 2965 3454 causalis
3014 3402 3067 3453 in
3128 3401 3387 3454 elementis
3436 3398 3640 3465 mundi,

2054 3472 2227 3526 animo
2252 3488 2370 3526 vero
2393 3477 2498 3533 iam
2526 3474 2639 3541 ipsa
2669 3483 2952 3534 crearetur,
2990 3474 3120 3525 sicut
3147 3472 3382 3540 primitus
3408 3470 3644 3523 conditus

2054 3554 2128 3596 est
2149 3546 2293 3608 dies;
2321 3556 2366 3597 et
2396 3556 2568 3599 creata
2606 3546 2781 3598 lateret
2808 3545 2861 3597 in
2890 3543 3125 3614 operibus
3158 3542 3273 3607 Del,
3321 3544 3481 3595 donec
3529 3559 3639 3595 rain

2052 3631 2147 3668 suo
2171 3625 2393 3683 tempore
2415 3617 2701 3684 sui/iuncto,
2734 3618 2829 3668 Itoc
2854 3626 2930 3668 est
2962 3616 3287 3677 inspirando,
3334 3617 3553 3681 formato
3580 3629 3643 3684 ex

2055 3686 2177 3739 limo
2207 3688 2413 3755 corpori
2439 3683 2702 3741 Insereret.
2741 3687 2833 3740 llis
2862 3684 3061 3741 similia
3126 3688 3287 3738 tradit
3334 3684 3566 3736 llifarius
3588 3683 3640 3736 in

2055 3772 2137 3825 ps.
2166 3773 2347 3821 cxxtx,
2381 3758 2675 3822 Gregorius
2704 3759 2889 3829 Nyssa:
2916 3758 3203 3824 episcopus
3246 3772 3285 3829 n_
3322 3755 3639 3829 Philmopli.

2053 3830 2106 3891 ti,
2139 3830 2358 3896 aliique,
2391 3829 2587 3896 quibus
2617 3825 2919 3895 refragatur
2944 3831 3241 3881 anetoritas
3265 3825 3463 3881 Leuiiis
3494 3841 3643 3895 papa:

2054 3900 2072 3954 l
2104 3901 2243 3969 apud
2281 3899 2419 3955 Sixl.
2452 3901 2578 3956 Son.
2614 3900 2752 3955 Bibl.
2784 3903 2998 3955 Sanetm
3027 3911 3213 3952 annot.
3240 3897 3345 3952 9.08
3374 3911 3640 3962 eXIrema,

2056 3973 2143 4025 ubi
2190 3981 2514 4026 sententiam
2566 3971 2809 4042 Gregorii
2872 3971 3101 4041 Nysseni
3157 3986 3256 4024 ccn
3307 3969 3640 4024 Platonicum

2057 4046 2370 4111 ligmeutum
2401 4044 2658 4112 sugillat;
2692 4056 2769 4096 ast
2796 4059 2913 4098 eam
2948 4053 3098 4112 extra
3126 4042 3529 4096 Platonicotum
3559 4056 3643 4094 er~

2053 4129 2211 4169 rores
2247 4111 2619 4169 colloc:indam
2652 4130 2771 4169 esse
2800 4115 3007 4169 lliOntlil
3040 4111 3347 4167 Cotelcrius
3370 4113 3435 4165 ad
3466 4112 3640 4167 Reco-

2051 4186 2184 4255 guit.
2212 4188 2381 4241 Clem.
2411 4206 2461 4253 p.
2492 4186 2619 4241 43'3.
2649 4186 2932 4243 GsLEAnn.

2126 4254 2149 4293 ¹³
2185 4259 2477 4311 Secundum
2500 4260 3017 4324 prtrdestinutimtem.
3046 4256 3207 4318 Quasi
3236 4254 3411 4307 Moses
3433 4261 3640 4324 tantum

2053 4330 2340 4383 consilium
2376 4330 2470 4383 Dei
2493 4322 2830 4397 exposuerit,
2858 4340 3020 4395 atque
3050 4326 3214 4378 Vciba
3250 4335 3300 4378 et
3323 4326 3443 4395 fecit
3479 4322 3641 4397 Deus,

2054 4415 2158 4454 non
2188 4402 2441 4455 denotant
2473 4394 2599 4469 quid
2631 4399 2841 4461 iecerit,
2868 4400 2959 4452 :ed
2992 4398 3118 4466 quid
3153 4394 3330 4451 facere
3361 4394 3644 4464 pra-desti-

2053 4474 2281 4526 naverit.
2319 4470 2536 4525 FABRIC.

2126 4542 2140 4579 ί
2176 4542 2300 4595 Cum
2334 4544 2487 4595 dicat.
2518 4540 2695 4595 Malim
2722 4540 2903 4608 legere
2933 4555 3047 4592 cum
3074 4539 3218 4591 dicit.
3278 4537 3413 4603 Quia
3462 4547 3641 4590 tamen

2044 4623 2099 4667 et
2124 4615 2351 4667 altermn
2385 4614 2512 4665 ferri
2549 4622 2746 4678 potest,
2778 4612 3207 4681 repugnantibus
3240 4610 3393 4665 lzbris
3431 4616 3646 4661 mutare

2047 4685 2176 4738 nihil
2210 4684 2371 4736 volui.
2414 4683 2633 4738 FABRIC.

2122 4756 2133 4804 i
2166 4753 2287 4807 Non
2312 4756 2395 4807 ltic
2416 4772 2689 4817 corporum
2712 4771 2907 4808 sexum.
2938 4754 3147 4807 Paucos
3166 4751 3266 4805 sibi
3296 4750 3466 4805 hacin
3490 4760 3644 4821 parte

2046 4826 2412 4879 assentientes
2444 4828 2769 4881 l’hilastrins
2796 4826 3035 4881 habebit.
3069 4823 3287 4878 FABRIC.

2119 4895 2141 4933 ¹ί
2206 4896 2269 4950 Et
2313 4899 2449 4965 quod
2495 4915 2594 4951 non
2633 4914 2851 4965 corpora
2890 4898 2991 4951 sint
3046 4907 3164 4948 ante
3204 4896 3340 4962 facta
3383 4894 3639 4966 jacentia.

2045 4969 2249 5037 Aperte
2275 4970 2468 5023 falsum
2503 4987 2624 5024 esse
2656 4973 2798 5038 quod
2840 4968 2942 5022 hoc
2979 4971 3099 5019 loco
3150 4966 3474 5020 l’ltiIaSIrins
3524 4981 3643 5033 per-

2050 5040 2241 5111 tendit,
2278 5057 2382 5094 non
2412 5044 2624 5095 dubitat
2651 5046 2925 5094 attirmare
2958 5039 3243 5111 Petavius.
3294 5054 3453 5111 quem
3485 5038 3640 5090 vide-

2047 5108 2124 5167 sis
2158 5112 2297 5165 libro
2324 5128 2357 5165 ιι
2394 5111 2923 5176 Dogmatum'l‘lieol.
2954 5110 3023 5165 de
3045 5108 3266 5180 apilirio
3293 5125 3386 5163 ses
3426 5109 3639 5163 dierum

2045 5198 2165 5249 cap.
2200 5182 2255 5247 4,
2290 5183 2316 5253 ξ
2351 5184 2433 5238 16.
2468 5184 2686 5237 FABRIC.

2124 5254 2140 5293 1
2177 5256 2361 5307 Anima
2389 5267 2533 5307 sexto
2561 5256 2663 5316 (lie,
2693 5258 2911 5321 septimo
2945 5272 3152 5323 corpus.
3188 5253 3385 5307 ltt-rnm
3419 5253 3646 5306 iterum-

2048 5342 2153 5394 que
2183 5326 2285 5378 lim:
2316 5327 2493 5394 capite
2540 5324 2867 5380 Philostrius
2900 5328 3093 5395 iugi-rit
3131 5328 3444 5394 opinionem
3488 5338 3639 5377 suam

2050 5397 2424 5450 incredibilem
2457 5408 2510 5449 et
2542 5396 2868 5451 contrariam
2898 5401 3174 5452 coinmnni
3204 5396 3511 5457 sentcnlize.
3546 5411 3643 5448 nec

2053 5471 2231 5522 minus
2262 5468 2545 5522 adversam
2573 5471 2711 5522 sacri
2743 5470 3042 5538 Scriptoris
3070 5468 3250 5523 verbis
3277 5469 3521 5527 disertis,
3555 5470 3646 5529 qui

2052 5539 2220 5593 Deum
2251 5540 2340 5593 die
2368 5540 2599 5609 St‘plillto
2628 5540 2759 5594 nihil
2792 5556 3036 5605 creasse,
3090 5541 3185 5594 sed
3239 5539 3421 5593 omnia
3479 5554 3645 5607 Opera

2052 5626 2145 5665 sua
2179 5609 2479 5664 ahSoIri-se
2508 5614 2596 5665 die
2625 5620 2799 5676 sexta,
2828 5611 3055 5677 septima
3088 5622 3269 5665 autem
3301 5612 3369 5663 ab
3395 5610 3649 5673 omnibus

2054 5684 2313 5753 operibus
2341 5682 2454 5735 suis
2485 5684 2760 5752 quievisse
2791 5684 2980 5737 scribit
3011 5683 3214 5737 Gi'tieS.
3248 5699 3308 5744 ll,
3332 5682 3387 5737 2.
3424 5682 3495 5736 At
3517 5696 3651 5751 quo—

2056 5752 2198 5808 niam
2228 5752 2432 5808 Genes.
2478 5770 2535 5816 tt,
2579 5755 2633 5818 7,
2688 5756 2936 5823 srqnilur
3005 5760 3085 5810 καὶ
3115 5754 3333 5810 ἔπλασεν
3364 5754 3389 5809 ὁ
3420 5755 3658 5822 etans...

2057 5824 2313 5895 ἄνθρνριττον
2346 5832 2477 5894 χοῦν
2508 5827 2610 5883 ἀπὸ
2642 5834 2733 5888 τῆς
2787 5834 2901 5897 γῆς,
2939 5825 3063 5881 hinc
3115 5827 3245 5883 illud
3290 5826 3379 5882 die
3422 5824 3658 5898 septimo
