4052 6192
382 221 513 279 1Ξ41

485 342 717 401 CXVIII.
748 344 1068 404 IIERESIS
1107 342 1388 407 CULPAM
1428 350 1758 411 FILIORUM
1802 357 1865 411 IN

686 438 1056 496 PAREN'I'ES
1093 441 1672 503 TRANSFUNDENS.

451 531 547 587 Est
572 533 959 604 hmresis,qn:c
997 544 1020 571 ³
1047 535 1100 589 in
1128 534 1315 591 Exodo
1337 552 1459 593 cum
1480 540 1636 595 audit
1665 542 1809 611 quod
1839 542 1972 601 Mosi

376 627 677 681 occurrerit
722 628 947 697 angelus
988 628 1041 684 in
1090 629 1399 688 diversorio
1449 635 1537 689 ubi
1579 636 1970 707 applicaverat,

375 734 607 789 eumque
634 720 799 776 vellet
846 721 1182 790 interficere,
1224 741 1331 780 non
1371 726 1490 797 ejus
1514 726 1683 783 lilium
1712 732 1804 802 qui
1836 747 1972 787 non-

372 811 502 867 dum
533 812 705 868 fuerat
736 812 1126 882 circumcisus;
1170 833 1277 873 non
1311 833 1534 890 parvum
1583 822 1710 879 hinc
1749 824 1850 881 sibi
1880 841 1970 881 as-

374 910 540 963 sumit
568 908 905 964 scandalum.
957 910 1013 968 Si
1046 912 1193 967 enim
1235 922 1291 968 et
1338 914 1409 969 ita
1455 916 1575 985 quis
1601 917 1717 972 vult
1744 922 1969 985 sentire,

374 1002 519 1072 quod
548 1002 723 1057 minas
778 1004 860 1059 eis
891 1004 1149 1061 tendebat
1185 1008 1443 1078 angelus,
1496 1012 1621 1080 quia
1680 1014 1969 1069 transactis

374 1092 564 1149 diebus
592 1095 835 1160 statutis,
869 1095 921 1151 id
949 1106 1035 1153 est
1064 1099 1079 1129 ί
1104 1109 1253 1165 octo,
1286 1100 1341 1154 in
1364 1116 1471 1172 quo
1512 1111 1831 1172 oportuerat
1857 1104 1967 1160 cir-

372 1187 606 1242 cumcidi
637 1189 960 1253 masculum,
985 1205 1094 1245 non
1148 1190 1430 1259 fecissent,
1480 1194 1684 1266 Deique
1730 1211 1969 1267 pracep-

373 1289 486 1334 tum
540 1280 611 1334 ita
654 1283 1115 1351 contempsissent
1147 1302 1159 1338 :
1187 1284 1537 1357 ideoque’in
1598 1304 1762 1358 parva
1806 1298 1967 1347 aetate

370 1376 790 1430 constitutorum
825 1377 983 1448 culpa
1013 1378 1248 1435 filiorum
1279 1395 1385 1436 non
1419 1394 1501 1437 est
1531 1382 1768 1446 illorum.
1796 1401 1967 1455 quan-

372 1476 482 1521 tum
514 1464 542 1504 δ
572 1478 854 1536 parentum
897 1484 1113 1534 eorum,
1143 1481 1202 1526 ut
1237 1474 1500 1543 scriptum
1528 1481 1633 1530 est.
1663 1475 1814 1532 Unde
1839 1491 1963 1533 cum

368 1561 718 1632 intelligeret,
742 1564 884 1633 quod
910 1564 1067 1634 culpa
1098 1576 1243 1622 esset
1272 1578 1560 1637 parentum
1592 1584 1697 1624 non
1718 1570 1961 1637 infantis,

367 1656 564 1722 statim,
614 1656 809 1726 inquit,
841 1669 861 1696 ο
888 1670 1097 1729 accepto
1151 1662 1352 1716 calculo
1389 1663 1712 1718 circumcidit
1742 1682 1962 1735 puerum

1620 234 1821 291 LIBER
1863 236 1950 293 DE
1994 237 2429 305 HAIRESIBUS.

3537 264 3559 319 i
3570 264 3676 320 242

2000 373 2053 433 Α
2113 362 2303 419 CXIX.
2356 364 2672 425 IIERESIS
2714 368 2799 425 DE
2838 368 3045 429 LIBRO
3084 370 3634 437 DEUTERONOMII.

2151 457 2287 512 Sunt
2318 459 2557 529 quidam,
2585 466 2676 531 qui
2717 463 3000 520 turbantur
3025 474 3048 511 Β
3077 465 3318 524 limretici
3359 468 3427 525 de
3482 472 3674 530 Dente-

2079 551 2351 619 ronnmio,
2413 554 2468 607 in
2521 570 2629 625 quo
2661 556 2837 612 Moses
2868 556 3040 614 hcum
3082 561 3260 615 exiret
3297 562 3366 619 de
3418 548 3672 636 corpore,

2079 642 2330 715 huncque
2360 646 2556 702 librum
2585 649 2961 707 conscriberet
2988 653 3057 708 de
3095 663 3328 723 quatuor
3375 657 3533 714 libris
3590 675 3676 715 re-

2078 735 2336 805 petendo,
2372 738 2423 793 in
2455 754 2565 809 quo
2592 741 2757 796 veluti
2789 742 2987 812 prioris
3015 744 3175 817 Legis
3197 745 3538 804 ﬁrmamenta
3570 750 3671 807 de-

2076 829 2343 896 ccrnit,i
2390 831 2704 904 Christique
2772 836 3049 893 carnalem
3103 838 3123 869 ³
3154 842 3502 910 praesentiam
3555 843 3674 914 plus

2073 930 2435 991 contestatur,
2463 939 2569 980 non
2618 941 2787 997 parvo
2816 928 3091 985 ducuntur
3130 946 3320 987 errore
3355 934 3515 989 aliter
3540 951 3667 991 sen-

2075 1018 2296 1073 tientes.
2328 1018 2348 1048 ⁸
2369 1018 2503 1073 Nam
2545 1036 2665 1089 qua:
2684 1022 2734 1076 in
2757 1021 2923 1092 Lege,
2956 1022 3008 1078 id
3034 1032 3121 1079 est
3150 1025 3202 1080 in
3240 1025 3453 1091 Exodo.
3486 1030 3662 1101 scrip-

2074 1116 2123 1163 ta
2152 1119 2299 1174 sunt,
2331 1110 2519 1167 eadem
2543 1122 2599 1167 et
2626 1112 2678 1167 in
2712 1112 2829 1183 ipso
2861 1113 2874 1165 i
2918 1114 3059 1169 libro
3080 1117 3459 1185 continentur;
3493 1122 3669 1177 solum

2072 1210 2256 1257 autem
2289 1202 2393 1258 hoc
2414 1201 2631 1259 videtur
2658 1204 2781 1275 plus
2806 1204 2875 1260 ab
2900 1221 2966 1260 eo
2992 1206 3219 1273 dictum,
3252 1211 3377 1279 quia
3420 1210 3670 1268 addidit:

2072 1293 2389 1365 Propltetam
2436 1297 2577 1352 vobis
2626 1297 2891 1353 suscitabit
2936 1298 3191 1355 Dominus
3243 1299 3381 1356 Deus
3408 1314 3573 1358 vester
3611 1306 3675 1361 de

2068 1391 2318 1461 fratribus
2351 1392 2561 1456 nostris,
2591 1392 2722 1446 sicut
2772 1408 2872 1457 me,
2903 1392 3125 1448 audietis
3151 1410 3268 1448 eum
3300 1392 3484 1467 (Deut.
3520 1412 3673 1463 svnt,

2073 1486 2161 1551 I5,
2200 1486 2315 1556 18);
2347 1486 2447 1541 erit
2492 1496 2665 1540 autem
2694 1488 2740 1541 si
2781 1488 2894 1556 quis
2921 1503 3037 1541 eum
3067 1504 3171 1543 non
3202 1490 3447 1557 audierit,
3481 1492 3675 1545 radici-

2065 1588 2151 1632 tus
2172 1578 2722 1650 eradicabitur(lbid.,
2761 1580 2872 1651 19).
2905 1580 3132 1650 Quidam
3159 1584 3304 1639 enim
3352 1595 3542 1655 putant
3562 1588 3583 1617 ⁵
3604 1586 3673 1642 de

2068 1670 2494 1727 Deuleronomio
2532 1672 2737 1727 dictum
2769 1674 2953 1740 abeo,
2974 1674 3122 1745 quod
3142 1684 3197 1729 et
3250 1678 3302 1730 in
3337 1676 3455 1747 ipso
3488 1677 3667 1749 (Deut.

366 1749 394 1825 ιξ
421 1759 583 1805 mater
613 1753 746 1823 ejus,
780 1757 933 1826 cujus
960 1755 1072 1809 visu
1103 1758 1376 1827 sanguinis
1420 1759 1562 1813 illico
1596 1768 1618 1795 ε
1640 1762 1851 1815 recessit
1900 1762 1962 1815 ab
1992 1755 2040 1814 Β
2070 1780 2124 1829 v,
2155 1765 2223 1835 5)
2254 1766 2529 1833 acceperit
2563 1766 2614 1819 in
2643 1775 2829 1821 monte
2867 1766 3062 1821 iterum
3094 1767 3308 1822 tabulas
3333 1770 3675 1843 conscriptas

365 1842 543 1898 eodem
563 1846 779 1915 angelus
810 1845 1008 1917 (Exod.
1031 1863 1107 1915 iv,
1128 1848 1199 1904 25
1218 1893 1232 1917 ,
1254 1849 1370 1921 96),
1404 1854 1701 1922 mortisque
1744 1868 1959 1924 poenam

367 1951 528 2004 quam
561 1937 610 1991 ei
639 1937 951 1993 minabatur
979 1938 1201 2008 inferre,
1250 1943 1397 1997 omni
1434 1944 1595 1999 modo
1624 1954 1958 2001 removerat.

365 2027 482 2084 Non
511 2029 654 2084 enim
679 2029 854 2086 Moses
882 2032 933 2085 in
962 2032 1053 2087 illa
1076 2033 1207 2088 hora
1230 2034 1561 2106 dignoscitur
1579 2038 1957 2107 circumcisus,

368 2117 389 2158 ί
422 2122 558 2175 sicut
584 2120 805 2191 quidam
852 2125 1177 2193 opinantur,
1216 2128 1312 2183 sed
1358 2131 1497 2185 filius
1533 2131 1702 2200 ipsius
1732 2144 1815 2188 est
1856 2135 1960 2188 cir-

363 2212 670 2279 cumcisus;
695 2216 821 2285 quia
861 2218 1005 2287 quod
1036 2227 1164 2275 ante
1204 2220 1306 2276 sub
1350 2220 1679 2280 Patriarchis
1721 2235 1775 2281 et
1818 2226 1961 2297 Lege

356 2303 673 2373 jubebatur,
729 2307 882 2363 tardo
923 2326 1132 2380 opere,
1186 2329 1292 2367 non
1338 2316 1510 2372 veloci
1563 2318 1888 2387 implebatur
1929 2335 1959 2375 a

360 2398 584 2563 populo,
615 2409 712 2455 aut
736 2404 1051 2472 parentibus
1081 2411 1463 2477 quorumdam,
1491 2420 1548 2465 ut
1584 2412 1846 2482 scriptum
1878 2423 1963 2469 est

384 2492 497 2548 Jos.
526 2510 580 2563 ν,
604 2494 658 2563 5,
692 2495 770 2563 7).

384 2492 497 2548 Jos.
526 2510 580 2564 ν,
604 2494 658 2564 5,
692 2495 770 2566 7).

2071 1856 2335 1927 lapideas,
2366 1872 2488 1912 cum
2521 1857 2575 1911 in
2630 1857 2819 1914 Exodo
2845 1859 2928 1915 bis
2961 1856 3162 1930 (Exod.
3195 1876 3343 1928 xxrv,
3384 1862 3500 1929 12);
3545 1878 3674 1935 cog-

2070 1949 2313 2003 noscitur
2356 1952 2660 2021 accepisse,
2709 1958 2871 2023 atque
2926 1952 2979 2006 in
3036 1964 3279 2009 montem
3335 1956 3672 2012 ascendisse.

2072 2042 2093 2077 κ
2126 2040 2375 2097 Rationis
2399 2043 2705 2113 estitaque,
2740 2052 2797 2097 ut
2824 2044 2970 2114 quod
3000 2044 3018 2083 ι
3051 2045 3209 2117 Legis
3227 2057 3282 2102 et
3308 2048 3498 2116 gratia:
3528 2060 3665 2117 erat,

2069 2136 2510 2191 manifestaretur
2558 2137 2628 2191 de
2677 2136 2891 2192 Christo
2944 2138 3214 2204 Domino;
3245 2148 3284 2175 ιη
3317 2151 3374 2193 ut
3418 2140 3562 2210 quod
3611 2142 3666 2197 in

2068 2228 2211 2299 Lege
2243 2244 2339 2299 per
2387 2230 2630 2284 umbram
2681 2231 3012 2298 celebratur,
3045 2232 3066 2263 ⁶
3095 2232 3149 2287 in
3191 2231 3413 2288 Christo
3464 2236 3679 2292 carnali

2070 2322 2359 2392 praesentia
2389 2320 2582 2377 diffusa
2606 2322 2817 2379 caalesd
2843 2324 3014 2392 gratia
3046 2340 3114 2380 ex
3145 2324 3499 2380 credentibus
3531 2342 3671 2381 nun-

2071 2415 2322 2480 tiaretur,
2368 2415 2653 2486 ipsumque
2702 2416 2753 2470 in
2810 2416 2948 2473 libro
3002 2418 3371 2490 conscriptum
3419 2418 3672 2477 omnibus

2072 2507 2216 2563 velut
2245 2508 2556 2564 testimonio
2578 2509 2905 2565 traderetur.

1221 2678 1379 2737 COD.
1421 2680 1533 2736 MS.
1574 2681 1927 2741 SANGERM.
1968 2682 2357 2744 LECTIONES
2395 2685 2819 2745 VARIANTES.

424 2815 439 2881 ξ
475 2820 601 2881 octo,
627 2813 678 2881 in
702 2825 800 2877 quo
822 2819 995 2867 octavo
1017 2821 1306 2881 Oportuerat

422 2878 443 2906 ¹
479 2877 528 2925 in
553 2878 657 2939 pari
680 2885 831 2927 aetate

425 2940 443 2968 ³
478 2941 795 3003 praesentiam
818 2948 1124 2995 contestatur

2121 2824 2147 2919 ζ
2178 2823 2538 2919 Eamqpe‘inm
2558 2825 2733 2919 Exgdo
2754 2840 2867 2889 qum
2890 2832 3008 2877 ante
3029 2829 3213 2893 scripta
3237 2837 3352 2880 sunt

2124 2889 2142 2919 ⁵
2178 2887 2350 2950 putarit
2373 2887 2812 2939 Deuteronomiuin
3132 2887 3147 2893 ’

2124 2950 2144 2979 ⁸
2178 2951 2231 3000 in
2254 2950 2495 3001 Christi...
2521 2951 2744 3004 caelestis
2769 2954 2996 3015 gratia...
3023 2954 3228 3017 ipsoilue

1462 3114 1757 3173 FABRICII
1798 3116 1886 3173 ET
1925 3115 2284 3174 GALEARDI
2323 3116 2560 3175 NOTAE.

432 3268 453 3295 ιι
490 3259 555 3314 1η
585 3256 793 3333 Exodo.
826 3274 904 3333 IV_,
934 3258 1029 3324 24,
1066 3258 1132 3333 ad
1160 3273 1331 3333 quem
1353 3258 1532 3333 locum
1564 3271 1762 3333 prmter
1792 3261 1959 3315 inter-
1985 3260 2030 3323 C
2066 3260 2216 3333 hisce
2242 3263 2531 3333 anonymis
2564 3261 2827 3333 rejectum
2860 3262 3029 3319 fuisse
3060 3262 3565 3329 Deuteronomium,
3596 3280 3664 3320 eo

360 3340 541 3399 preles
590 3330 923 3387 conferenda
968 3340 1053 3386 est
1089 3330 1245 3385 Joan.
1293 3330 1660 3386 Frischmutlii
1700 3333 1954 3396 diatriba,

357 3411 413 3457 et
453 3402 810 3472 Vesperarum
859 3401 1399 3458 Gorinchemensium
1451 3413 1639 3529 auctgr
1683 3420 1735 3471 p.
1769 3404 1803 3457 5
1832 3419 1953 3473 seq.

510 3524 517 3529 ι
1621 3489 1797 3529 ABRIC.

508 3524 517 3531 ι
1576 3489 1797 3529 ι’ἈΒΒΙϐ.

428 3544 453 3582 b
486 3544 772 3617 Parentum
824 3560 1017 3611 eorum,
1068 3557 1124 3600 ut
1155 3549 1407 3617 scriptum
1454 3557 1549 3599 est.
1618 3546 1957 3617 Exscinden-

354 3616 484 3671 dum
516 3615 768 3671 nimirum
802 3630 925 3670 esse
956 3633 1102 3679 eum,
1148 3619 1237 3687 qui
1264 3615 1432 3671 lilium
1457 3631 1613 3671 suum
1648 3626 1841 3670 octavo
1866 3616 1955 3672 die

356 3703 463 3744 non
494 3687 948 3743 circnmcidisset.
1010 3687 1209 3743 Gcnes.
1258 3703 1395 3753 xvn,
1428 3688 1515 3742 ﬂ.
1554 3687 1771 3741 FABRIC.

428 3770 451 3799 ε
482 3760 705 3828 Accepto
747 3758 949 3813 calculo
993 3760 1315 3814 circumcidit
1354 3775 1593 3829 puerum.
1627 3762 1715 3813 Sic
1766 3756 1949 3826 LXX,

354 3834 539 3905 ψῆφον,
566 3831 1020 3905 calculnm,quos
1068 3832 1119 3886 in
1154 3832 1253 3905 hac
1281 3846 1415 3885 voce
1440 3830 1706 3905 ⁸εξρςιιιίωι·
1737 3831 1951 3905 Philas-

354 3902 529 3969 trius,
578 3914 774 3959 caetera
834 3903 991 3956 aliter
1048 3904 1381 3972 exprimens.
1440 3902 1706 3957 Heliraica
1773 3902 1952 3972 versio

352 3972 614 4041 Pagnini,
642 3986 879 4045 petram;
912 3971 1495 4045 Vulg.,acutissimam
1551 3984 1770 4043 petram.
1824 3971 1948 4027 Cul-

354 4047 533 4099 tellum
575 4048 832 4112 petrinum
884 4046 1285 4101 circumcisioni
1334 4047 1632 4100 adhibitmn
1685 4054 1949 4099 memorat

350 4116 682 4187 Augustinus
712 4134 746 4172 ll
776 4118 843 4172 de
878 4116 1089 4172 I’ecCat.
1122 4120 1258 4188 orig.
1304 4127 1494 4172 coiitra
1528 4117 1801 4185 Pelagium
1854 4115 1945 4188 '50,

350 4203 456 4242 non
503 4188 647 4257 quod
698 4193 1063 4244 necessarium
1115 4188 1277 4243 fuerit
1329 4190 1540 4258 pctrino
1580 4189 1800 4242 cultello
1848 4187 1946 4253 uti,

348 4259 443 4313 sed
486 4259 761 4313 festinanti
821 4261 979 4314 matri
1008 4262 1130 4315 talis
1179 4261 1358 4314 culter
1406 4260 1639 4327 primum
1686 4260 1941 4321 occurrit,

348 4344 470 4384 cum
520 4329 639 4385 haec
680 4331 825 4385 circa
875 4333 1131 4387 Arabiam
1190 4332 1453 4386 Peli-team
1502 4342 1822 4401 agerentur,
1856 4331 1943 4383 ubi

350 4401 523 4470 major
556 4414 828 4470 petrarum
859 4419 1018 4469 quam
1064 4403 1194 4457 ferri
1228 4405 1382 4471 copia
1432 4414 1534 4461 est.
1590 4411 1643 4455 ct
1689 4417 1818 4455 usus
1840 4443 1853 4464 ,
1888 4413 1947 4455 ut

350 4485 500 4528 recte
538 4485 781 4529 nctatnm
807 4489 837 4527 a
872 4474 1004 4543 Lap.
1042 4475 1093 4528 in
1129 4474 1304 4528 Exod.
1336 4489 1409 4535 iv,
1460 4474 1552 4528 25.
1588 4473 1663 4527 De
1716 4472 1943 4541 lapideis

348 4545 560 4609 cultris,
592 4554 699 4599 tam
747 4550 917 4599 sacris
945 4561 1105 4615 quam
1160 4546 1399 4613 profanis
1446 4546 1633 4599 USIIIUS
1658 4543 1939 4607 adhibitis,

352 4617 501 4683 plura
532 4616 675 4688 apud
701 4618 1034 4688 Stephanum
1061 4616 1328 4688 Morinum
1358 4616 1602 4688 Exercit.
1629 4616 1696 4669 de
1721 4616 1943 4684 Linguis

351 4698 488 4755 part.
516 4687 580 4745 ιιζ
598 4704 644 4741 c.
670 4688 724 4753 9,
751 4706 798 4755 p.
824 4687 930 4744 288
953 4702 1104 4758 Seqq.
1134 4687 1344 4742 Videsis
1368 4687 1701 4742 Munsternm
1726 4702 1942 4756 quioque

348 4773 411 4813 ac
436 4758 685 4815 Drusium
720 4762 771 4813 in
802 4759 1018 4814 Criticis
1045 4760 1214 4814 sacris
1242 4759 1355 4813 los.
1382 4776 1414 4813 v
1433 4801 1448 4823 ,
1474 4759 1527 4812 9.
1555 4758 1831 4813 (lacuna.

418 4829 442 4865 ’ἶ
481 4830 648 4905 blater
680 4835 813 4905 ejus.
847 4830 1093 4905 Scpliora
1128 4847 1263 4905 uxor
1291 4829 1475 4905 Mosis.
1502 4829 1719 4883 FABRIC.

425 4912 445 4936 θ
483 4901 623 4956 LXX
648 4900 731 4958 κᾰὶ
757 4904 971 4962 ἀπῆλθεν
1003 4903 1093 4958 ἀπ’
1122 4904 1299 4957 αὐτοῦ.
1337 4900 1555 4955 FABRIC.

429 4969 629 5026 'Sicut
675 4976 887 5043 quidam
943 4976 1240 5043 apinantur.
1306 4973 1395 5027 ESt
1426 4973 1564 5043 haec
1604 4972 1767 5026 etiam
1825 4986 1947 5025 sen-

350 5043 514 5097 tentia
568 5042 765 5098 eruditi
819 5046 915 5100 viri
964 5042 1260 5100 llermanni
1319 5045 1388 5097 ab
1424 5042 1616 5105 Hardt,
1668 5058 1852 5111 quem,
1885 5043 1944 5108 {si

354 5114 548 5183 placet,
581 5116 703 5168 vide
729 5116 779 5168 in
813 5117 951 5171 libro
982 5117 1051 5173 de
1068 5114 1487 5171 circumcisione
1520 5112 1831 5168 Judwornm
1859 5128 1949 5167 ca-

352 5186 461 5256 pite
491 5184 545 5256 ii.
590 5184 806 5239 FABRIC.

424 5264 447 5303 ε
480 5254 728 5309 Ηιιθνειὲεί
771 5256 833 5308 de
880 5254 1299 5314 Deutcronomio.
1350 5258 1652 5313 Obscurum
1697 5266 1781 5311 est
1820 5258 1948 5325 quid

352 5330 451 5382 hac
500 5328 692 5382 liicresi
753 5326 853 5380 sibi
903 5328 1035 5381 velit
1090 5330 1428 5396 Pliilastrius,
1472 5329 1575 5382 nisi
1629 5327 1767 5382 forte
1813 5328 1941 5383 illud

349 5401 489 5471 quod
522 5399 828 5471 erraverint
872 5400 963 5469 qui
1006 5400 1383 5457 existimarunt
1429 5401 1482 5456 iu
1518 5400 1944 5455 DeuterOnomio

351 5468 459 5526 lion
488 5471 657 5539 repeti
688 5468 1042 5539 eadem’qua:
1084 5474 1454 5542 superioribus
1507 5481 1738 5542 quatuor
1789 5472 1942 5525 libris

350 5545 553 5611 scripta
581 5542 820 5615 nuerunt,
848 5541 1131 5615 sed__tradi
1160 5558 1276 5615 quae
1320 5554 1443 5615 post
1488 5541 1576 5597 illa
1603 5543 1770 5615 Moysi
1801 5546 1943 5598 acci-

349 5610 579 5668 diSscnt.
613 5611 832 5666 FABRIC.
865 5610 1183 5667 —eretici
1218 5613 1282 5666 de
1320 5610 1740 5669 Deuteronomib.
1777 5615 1936 5669 Vide-

353 5698 437 5756 tur
466 5682 714 5738 Fabricio
736 5686 1025 5739 obscurum
1050 5684 1176 5756 quid
1203 5685 1305 5739 sibi
1356 5687 1456 5743 hac
1486 5686 1677 5742 hzeresi
1713 5687 1945 5741 voluerit

354 5746 697 5817 Philastritts,
753 5770 874 5811 cum
925 5746 1287 5827 satis-aperte
1317 5757 1533 5823 innuat,
1568 5759 1635 5809 ab
1668 5757 1941 5815 hmreticis

1974 4649 2023 4710 ο
2054 4649 2209 4739 Deut‘:

2063 3332 2205 3401 quod
2234 3331 2411 3387 Moses
2439 3334 2497 3407 in
2542 3348 2609 3407 eo
2650 3331 2845 3388 Christi
2889 3335 3153 3407 carnalem
3182 3336 3513 3407 prcesentiam
3542 3338 3665 3407 plus

2062 3411 2419 3488 iantestatur,‘
2447 3404 2579 3458 dicit
2626 3407 2771 3458 enim
2801 3420 2927 3487 tuo;
2987 3404 3128 3488 quod
3186 3404 3381 3459 eadem
3433 3404 3580 3488 quae“
3609 3409 3663 3463 in

2061 3472 2257 3528 Exodo
2309 3474 2541 3545 scripta
2579 3483 2739 3541 sunt,
2799 3476 2852 3529 in
2905 3472 3020 3545 ipso
3061 3472 3469 3530 Deuteronomii
3528 3478 3665 3533 libro

2060 3546 2433 3609 continentur,
2463 3544 2632 3597 solum
2663 3557 2834 3599 autem
2858 3544 2955 3600 hoc
2992 3548 3197 3601 videtur
3228 3550 3345 3611 plus
3376 3548 3437 3600 ab
3466 3564 3524 3601 eo
3552 3550 3663 3604 dic-

2059 3626 2166 3669 tum
2187 3616 2317 3739 grtia
2342 3614 2546 3668 addidit
2570 3632 2586 3669 :
2615 3614 2937 3683 PrOphetam
2966 3620 3105 3672 vobis
3159 3619 3429 3672 suscitabit
3480 3618 3664 3673 Darni-

2059 3703 2154 3739 nus
2237 3703 2328 3739 eus
2350 3699 2512 3739 vester
2541 3689 2604 3739 de
2626 3688 2871 3739 fratribus
2900 3690 3126 3739 nostris:
3148 3689 3348 3739 deinde
3378 3692 3660 3739 coiielurlit

2058 3703 2154 3740 nus
2187 3688 2328 3740 Deus
2350 3699 2512 3741 vester
2541 3689 2604 3740 de
2624 3688 2871 3755 fratribus
2900 3690 3126 3755 nostris;
3148 3689 3348 3743 deinde
3378 3692 3660 3746 concludit

2057 3760 2390 3813 conveniens
2426 3759 2609 3822 fuisse,
2632 3769 2688 3812 ut
2710 3762 2848 3825 quod
2879 3760 3028 3828 Legis
3070 3770 3117 3814 et
3141 3758 3339 3814 Gratia:
3366 3771 3477 3813 erat
3500 3803 3515 3826 ,
3553 3780 3661 3814 ma-

2056 3831 2387 3903 nifestaretur
2441 3831 2506 3903 dc
2562 3828 2768 3903 Christo
2830 3831 3084 3898 Domino,
3143 3832 3461 3903 ipsoquerin
3530 3834 3662 3887 libro

2057 3901 2487 3973 (Di-uteronomii
2534 3901 2767 4027 scilicet?
2821 3904 3170 3970 conscriptum
3229 3901 3467 3957 omnibus
3522 3905 3659 3957 velut

2057 3974 2347 4026 testimonio
2376 3972 2682 4026 traderetur.
2768 3988 2833 4027 oc
2864 3990 3027 4027 norro
3057 3976 3403 4027 referendum
3429 3976 3659 4027 fortasse

2056 3972 2347 4026 testimonio
2376 3972 2682 4026 traderetur.
2722 3972 2833 4027 Hoc
2864 3990 3027 4041 porro
3057 3976 3403 4029 referendum
3429 3976 3661 4029 fortasse

2054 4044 2118 4097 ad
2147 4045 2543 4117 Samaritanus,
2574 4059 2711 4114 quos
2741 4042 2952 4099 dixerat
2980 4061 3165 4117 supra,
3194 4062 3314 4116 cap.
3340 4048 3411 4117 7,7
3430 4057 3661 4117 quatuor

2054 4125 2256 4169 tantum
2294 4114 2461 4185 Moysi
2488 4116 2966 4186 lilirosirecipere;
3000 4114 3122 4172 nam
3156 4129 3209 4171 et
3254 4114 3355 4186 ipsi
3379 4116 3656 4171 Christum

2053 4186 2341 4240 Dominum
2387 4188 2457 4239 uti
2512 4186 2609 4241 Dei
2659 4185 2853 4242 Filium
2900 4204 3005 4241 non
3049 4185 3465 4255 exspettahant,
3510 4188 3655 4255 quod

2053 4258 2377 4313 I‘Iiilastrius
2408 4257 2612 4312 ibidem
2645 4268 2876 4311 testatur
2907 4276 2919 4311 :
2950 4259 3213 4312 Clu-istum
3248 4257 3529 4311 Dominum
3562 4258 3657 4311 Dei

2052 4328 2248 4383 Filium
2304 4331 2355 4382 in
2386 4328 2526 4399 Lege
2580 4338 2625 4381 et
2687 4327 2962 4396 PrOphetis
3008 4332 3301 4383 nuntiatum
3354 4340 3496 4395 ante,
3552 4345 3655 4381 non

2050 4403 2333 4455 credentes.
2367 4398 2646 4454 Gsuzann.

2124 4470 2147 4508 ιι
2180 4471 2309 4527 Cum
2355 4472 2513 4525 exiret
2557 4472 2620 4524 de
2660 4486 2896 4541 corpore.
2948 4470 3066 4527 Non
3109 4470 3201 4526 diu
3248 4480 3376 4596 δέκα
3420 4470 3650 4526 obitum.

3309 4557 3485 4596 ABRIC.

3309 4557 3485 4597 ABRIC.

2129 4614 2139 4649 ί
2179 4613 2373 4668 Christi
2399 4614 2656 4685 carnalem
2677 4616 3025 4685 prtcsentiam.
3058 4614 3247 4670 Verbis
3272 4630 3394 4685 qua:
3424 4630 3549 4669 mox
3584 4630 3650 4669 ex

2245 4699 2373 4737 xviii
2402 4683 2765 4740 adducuntur.
2801 4684 3020 4741 FABlth.

2126 4756 2140 4805 i
2184 4754 2249 4809 In
2270 4756 2384 4822 ipso
2405 4755 2556 4809 libro.
2588 4756 3034 4814 Denteronomio.
3072 4757 3287 4813 FABRIC.

2127 4825 2151 4863 ¹ί
2194 4827 2430 4903 Rationis
2462 4838 2533 4881 est
2561 4828 2749 4899 itaque.
2782 4831 2872 4885 Sic
2905 4845 3023 4903 cap.
3059 4829 3158 4896 98,
3205 4829 3402 4883 nullius
3437 4828 3655 4882 rationis

2054 4901 2242 4966 itaque.
2275 4896 2493 4952 FABRIC.

2134 4970 2148 5007 ι
2198 4970 2347 5043 Legis
2373 4982 2419 5023 et
2441 4971 2647 5043 (gratim.
2672 4971 2843 5043 Supra
2873 4988 2991 5040 cap.
3021 4972 3144 5028 109.
3176 4971 3397 5028 Fannio.

2131 5052 2168 5078 η’
2214 5041 2281 5097 Ut
2311 5042 2448 5111 quod
2478 5043 2529 5094 in
2572 5040 2703 5113 Lege
2750 5040 2838 5111 per
2880 5046 3111 5099 umbram
3136 5046 3442 5097 celebratur.
3476 5040 3654 5096 Locus

2061 5116 2146 5169 hic
2186 5113 2499 5168 salebrosas
2541 5125 2594 5165 et
2640 5114 2935 5183 impeditus
2986 5116 3118 5170 vitio
3152 5116 3498 5170 librariorum
3550 5114 3650 5165 liot-

2058 5187 2219 5239 modo
2251 5185 2463 5237 videtur
2492 5184 2892 5251 restituendus;
2937 5204 3059 5241 nam
3106 5190 3339 5256 primum
3372 5202 3469 5255 pro
3512 5185 3646 5256 cele-

2056 5257 2278 5330 bratur,
2303 5257 2443 5323 quod
2490 5263 2586 5330 est_
2615 5257 2668 5330 in
2720 5257 3014 5330 Ilauiburg.
3044 5255 3288 5313 editiOne
3314 5300 3327 5321 ,
3358 5255 3646 5330 legendum

2057 5327 2450 5399 celebrabatur,
2487 5337 2541 5378 ut
2574 5326 2738 5399 habet
2763 5328 2927 5384 Corb.
2951 5326 3099 5392 cod,
3131 5332 3369 5399 itemque
3400 5328 3562 5383 Basil.
3596 5336 3651 5380 et

2046 5400 2297 5471 Lugdnn.
2332 5397 2535 5471 editio;
2566 5397 2765 5455 deinde
2796 5417 2895 5471 pro
2937 5404 2988 5455 in
3018 5403 3223 5456 Christo
3254 5397 3309 5455 et
3335 5402 3604 5468 ipsumque
3630 5440 3645 5458 .

2047 5470 2191 5542 quod
2222 5468 2521 5539 prmfcrunt
2552 5478 2662 5543 tres
2684 5468 2977 5543 editiones,
3003 5489 3069 5529 ex
3113 5490 3241 5533 ηις..
3274 5474 3325 5525 in
3357 5471 3646 5543 Christouet

2046 5540 2257 5615 ipsoque
2278 5557 2301 5615 A;
2350 5543 2419 5615 ita
2470 5540 2611 5615 utfit
2644 5562 2655 5597 :
2692 5540 2759 5597 In
2789 5544 2980 5599 Christi
3005 5546 3203 5599 carnali
3235 5542 3508 5610 praesentia
3537 5541 3643 5615 dif-

2048 5612 2573 5687 fusa'cmlestigratia
2601 5616 2923 5672 credentibus
2950 5619 3273 5671 nuntiaretur
3300 5658 3313 5679 ,
3355 5617 3568 5684 ipsoque
3587 5612 3642 5665 in

2045 5684 2175 5743 libro
2202 5684 2549 5752 conscriptum
2577 5687 2811 5741 omnibus
2838 5690 2972 5743 velut
3015 5688 3302 5814 testimoaio
3330 5688 3637 5738 traderetur.

3265 5770 3492 5812 ALEARD.

3265 5770 3492 5812 ALEARD.
