4052 6192
444 220 583 278 1225

1762 203 2013 264 SANCTI
2052 200 2444 262 PHILAS'I‘RII

3615 209 3723 265 1‘22

441 338 555 408 ll).
596 335 783 403 Neque
812 332 957 389 enim
987 330 1270 387 historiam
1302 328 1605 384 amittimus
1629 324 1772 397 quod
1803 339 1906 380 ιιι
1937 338 2037 377 an-
2066 323 2119 382 Α
2143 327 2227 373 est
2256 318 2437 388 (Rom.
2482 332 2560 384 XI,
2600 314 2725 387 25);
2762 324 2812 370 et
2850 314 2895 369 si
2925 315 3086 385 fuerit
3130 318 3360 387 populus
3400 318 3563 376 Israel
3610 326 3760 378 sicut

437 446 537 485 nos
589 427 779 483 fecerit
827 426 1059 496 populus
1106 423 1159 478 iu
1204 422 1451 486 Persida,
1508 435 1685 490 neque
1736 417 2040 488 Spiritalem

436 520 720 576 scientiam
744 518 1079 589 spernimus.
1107 516 1252 585 Ergo
1279 523 1335 571 et
1355 516 1701 585 septuaginta
1724 512 2042 581 septimanae

435 630 466 669 a
501 612 763 668 Danihelo
807 611 968 667 dictae
998 607 1375 680 quadringenti
1407 610 1699 677 nonaginta
1741 604 1867 659 anni
1915 612 2042 658 tunc

436 722 576 777 pene
604 704 861 775 rompleti
908 713 1060 769 sunt,
1091 711 1147 756 et
1176 704 1255 756 sic
1282 700 1536 756 Christus
1564 698 1780 753 advenit
1820 698 1873 752 in
1920 711 2043 752 car-

436 817 583 867 nem,
618 810 671 855 et
702 816 730 853 a
769 797 971 853 Christi
1004 796 1292 869 prmsentia
1325 809 1495 863 usque
1524 792 1590 847 ad
1617 789 2041 847 consummatio-

432 913 557 952 nem
589 895 777 950 szeculi
822 909 961 965 pene
990 892 1134 948 unde
1162 888 1547 961 complendum
1580 902 1845 942 annorum
1882 900 2041 954 repe-

429 990 537 1045 ries
570 1002 877 1043 numerum.
912 983 1269 1055 Septuaginta
1302 983 1450 1038 enim
1496 982 1830 1049 septimanos
1865 993 1894 1029 a
1928 977 2041 1041 Da-

435 1083 581 1140 nihel
635 1098 772 1153 quas
821 1080 956 1136 vidit
1009 1080 1341 1148 interpretes
1388 1074 1717 1130 docuerunt.
1758 1071 1839 1125 Illi
1884 1068 2039 1140 primi

439 1180 719 1249 sapientes
747 1176 958 1245 septies
985 1182 1043 1230 et
1079 1172 1389 1244 septoagies
1417 1168 1846 1241 quadringentos
1872 1178 2041 1218 nona-

384 1288 391 1293 ·
436 1268 582 1341 ginta
620 1281 793 1322 annos
819 1281 980 1334 quem
1012 1263 1294 1335 jobilteum
1328 1261 1384 1315 io
1414 1261 1531 1331 lege
1558 1256 1763 1322 Judaei,
1807 1272 1913 1311 non
1950 1253 2038 1308 isti

434 1363 530 1421 sed
556 1371 791 1421 veteres.
822 1369 875 1416 et
907 1359 1065 1430 periti
1099 1356 1179 1413 illi
1211 1372 1412 1410 annum
1446 1351 1784 1410 remissionis
1813 1348 2037 1414 Christi,

435 1467 491 1514 et
533 1453 920 1524 indulgentitu,
966 1450 1242 1506 carnalem
1281 1447 1629 1520 prtesentiam
1676 1459 1775 1516 per
1813 1444 2039 1512 figuram

435 1561 562 1605 ante
589 1546 937 1603 celebrantes
978 1558 1195 1597 sommo
1225 1540 1422 1611 gaudio
1446 1538 1868 1608 ex~pectabaut,
1901 1533 2043 1587 sicut

436 1646 489 1699 iu
522 1640 764 1698 Levitico
810 1639 1143 1694 continetur.
1190 1635 1438 1690 Jubileus
1467 1642 1650 1687 autem
1682 1630 1858 1684 minor
1882 1627 2042 1698 quin-

2143 429 2301 467 arcna
2344 412 2533 473 maris,
2583 409 2770 479 reliqui
2818 410 3148 463 salvabuntur
3197 410 3376 486 (Rom.
3405 430 3481 478 ts,
3529 415 3657 483 27).
3688 416 3762 472 Et

2142 504 2289 575 quod
2312 503 2481 558 Isaias
2514 502 2705 557 beatus
2737 510 2924 571 aperte
2954 504 3020 556 de
3049 502 3274 557 Christo
3304 504 3553 559 docuerit
3595 505 3761 578 (lsai.

2145 614 2254 663 ωιι,
2290 598 2342 669 1)
2370 639 2385 659 ,
2426 596 2568 667 quod
2601 595 2857 651 omnibus
2901 596 3255 652 redeuntibus
3288 598 3603 655 indulturus
3638 612 3759 669 est,

2146 693 2266 761 ipse
2297 689 2556 743 Dominus
2586 688 2730 743 dixit
2758 689 2861 742 ita:
2913 688 3143 760 Spiritus
3192 688 3408 744 Domini
3452 710 3614 761 super
3648 711 3760 759 me,

2143 792 2417 853 propterea
2440 783 2591 835 unxit
2620 798 2720 847 me,
2756 782 3109 853 evangelizare
3136 781 3449 852 pauperibus
3475 785 3624 838 misit
3658 802 3760 853 me,

2142 876 2432 947 praedicare
2461 875 2679 946 captivis
2722 875 3110 939 remissionem,
3142 876 3291 930 cwcis
3336 877 3503 931 visum
3542 895 3765 933 annun-

2143 969 2274 1023 tiare
2300 985 2492 1022 annum
2521 966 2734 1021 Domini
2763 966 3128 1038 arceptabilem
3160 979 3205 1021 et
3234 967 3369 1023 diem
3394 970 3763 1026 retributionis

2145 1062 2301 1135 (Luc.
2337 1080 2412 1126 tv,
2451 1062 2563 1133 18).
2597 1063 2664 1115 de
2687 1063 2831 1131 quod
2866 1061 3131 1117 Dominus
3159 1060 3214 1115 in
3248 1063 3452 1132 templo
3493 1079 3627 1119 cum
3674 1081 3764 1119 ao-

2142 1160 2376 1228 cepisset
2404 1158 2601 1212 librum
2628 1156 2990 1226 Scriptorum,
3015 1172 3135 1226 qua:
3160 1148 3297 1211 hanc
3324 1158 3663 1227 pervidisset
3688 1161 3764 1215 ait

2145 1250 2424 1319 Apostolis
2464 1260 2522 1305 et
2553 1252 2605 1303 in
2636 1249 2892 1304 omnibus
2923 1250 3024 1304 hoc
3054 1252 3106 1305 in
3145 1251 3227 1305 sui
3264 1254 3554 1321 praesentia
3613 1270 3764 1310 nunc

2144 1343 2310 1399 fuisse
2336 1344 2706 1415 completum,
2738 1344 2881 1413 quod
2916 1354 2971 1399 et
3004 1344 3232 1401 Danihel
3276 1347 3636 1404 beatissimus
3680 1360 3763 1405 at-

2146 1437 2319 1493 tendit
2348 1437 2494 1508 quod
2520 1438 2571 1492 ei
2601 1438 2814 1491 dixerat
2839 1437 3102 1492 Dominus
3129 1438 3321 1493 dicens
3347 1456 3360 1491 :
3392 1442 3525 1495 Audi
3555 1442 3644 1495 vir
3673 1442 3763 1496 de-

2143 1532 2478 1599 sideriorum,
2537 1540 2582 1584 et
2625 1530 2831 1584 adverte
2873 1531 2936 1584 ab
2981 1532 3121 1585 exitu
3158 1533 3299 1587 verbi
3345 1532 3462 1598 Dii,
3508 1533 3558 1589 id
3614 1545 3702 1591 est
3733 1554 3762 1591 a

2144 1624 2346 1681 Christi
2378 1624 2777 1690 incarnatione,
2810 1633 2967 1693 atque
3008 1628 3123 1698 ejus
3163 1625 3351 1680 iterum
3390 1627 3451 1680 de
3491 1628 3630 1682 caelo
3678 1629 3762 1682 di-

434 1739 691 1807 quagiuta
716 1748 888 1788 annos
912 1730 1107 1794 habet;
1135 1744 1242 1782 non
1268 1728 1466 1788 minus,
1491 1726 1613 1795 plus
1631 1733 1811 1777 autem
1839 1721 2040 1774 habere
2069 1724 2119 1784 B
2145 1721 2262 1774 vina
2287 1721 2535 1774 sententia
2579 1730 2733 1790 atque
2767 1722 3213 1776 consummatione
3244 1724 3422 1777 swculi
3444 1765 3457 1789 ,
3489 1740 3615 1794 qnce
3646 1743 3761 1780 cum

437 1846 544 1884 non
580 1835 793 1897 potest:
833 1839 957 1879 nam
1001 1821 1173 1892 major
1211 1820 1453 1891 jubileus
1492 1818 1822 1887 quingentos
1862 1826 2039 1867 annos

438 1922 623 1985 habet.
669 1921 845 1975 minor
886 1914 1129 1988 jubileus
1174 1912 1581 1983 quinquaginta.
1634 1907 1805 1977 Major
1854 1907 2038 1977 itaque

436 2018 618 2073 minus
645 2013 855 2069 decima
882 2012 1209 2081 quingentos
1235 2021 1407 2062 annos
1430 2006 1614 2067 habet,
1642 2016 1699 2058 ut
1729 2018 1792 2057 ex
1822 2001 1925 2057 hoc
1951 2001 2035 2071 ju-

434 2112 610 2167 bileus
637 2123 778 2163 unus
800 2106 998 2162 Christi
1031 2100 1375 2173 przesentiam
1397 2096 2039 2164 consummationemque

436 2204 621 2262 surculi
651 2201 980 2258 declararet.
1030 2196 1382 2268 Septuaginta
1425 2193 1554 2246 anni
1600 2189 1913 2260 captivitate
1944 2201 2039 2259 po—

438 2298 547 2369 puli
591 2296 643 2351 in
693 2293 951 2357 Persida,
994 2290 1097 2345 etsi
1153 2286 1510 2342 historialiter
1555 2284 1933 2355 accipiuntur,
1983 2287 2039 2335 et

436 2399 723 2463 postquam
748 2387 1032 2444 redierunt
1054 2384 1105 2437 in
1127 2381 1457 2445 Jerusalem,
1474 2386 1530 2433 et
1551 2393 1720 2448 usque
1745 2377 1809 2429 ad
1831 2374 2037 2430 Christi

437 2484 653 2541 Domini
687 2479 1119 2538 incarnationem
1167 2473 1449 2546 quingenti
1504 2487 1640 2541 pene
1685 2469 2038 2525 inveniuntur

433 2577 720 2650 completi:
751 2586 933 2631 tamen
961 2572 1063 2627 hoc
1084 2569 1249 2626 etiam
1269 2566 1595 2637 Spiritaliter
1617 2562 2036 2634 intelligendum

434 2681 544 2740 est,
574 2669 716 2743 quod
751 2679 871 2740 post
904 2664 1213 2737 septuagies
1245 2660 1471 2733 septies,
1516 2658 1569 2713 id
1613 2665 1701 2713 est
1747 2667 1868 2727 post
1907 2671 2038 2727 qua-

430 2764 751 2835 dringentos
780 2770 835 2818 et
861 2760 1004 2816 circa
1038 2756 1336 2827 nonaginta
1368 2767 1543 2807 annos
1569 2757 1787 2821 oportet
1816 2750 2037 2806 .Iodazos

433 2856 535 2910 sub
564 2854 909 2910 Antichristo
936 2864 1059 2906 cum
1091 2847 1257 2902 fallax
1284 2844 1537 2900 inventus
1568 2841 1734 2899 fuerit
1762 2858 1789 2896 a
1831 2842 2037 2899 Iudaeis

433 2948 566 3017 ip~is
597 2947 691 3016 qui
724 2944 958 3015 primum
990 2957 1118 2999 esse
1142 2942 1427 2998 Christum
1470 2937 1883 2994 aastimaveriot.
1917 2936 2035 2990 Non

432 3039 607 3094 multo
656 3047 777 3108 post
819 3045 1003 3090 autem
1032 3035 1249 3105 cognita
1279 3034 1398 3101 ejus
1430 3030 1656 3101 perfidia
1685 3043 1851 3098 atque
1893 3027 2035 3080 falla-

2144 1814 2320 1885 angeli
2348 1814 2599 1884 adfutura
2626 1813 2689 1866 sit
2714 1811 2877 1883 (Dan.
2908 1828 2989 1879 ιι,
3021 1814 3138 1884 25).

2293 1906 2474 1962 CVIII.
2508 1909 2591 1962 DE
2620 1907 3050 1966 GIGANTIBUS
3074 1910 3404 1967 'I‘EMPORE
3428 1912 3566 1969 ΝΟΕ
3585 1955 3600 1965 .

2214 2000 2334 2055 Alia
2378 2011 2461 2056 est
2495 1999 2748 2068 haeresis,
2806 2018 2927 2071 qua:
2981 2000 2998 2020 ⁸
3048 2002 3117 2058 de
3167 2005 3478 2074 gigantibus
3526 2009 3759 2074 asserit,

2140 2093 2283 2165 quod
2308 2093 2483 2164 angeli
2501 2093 2819 2150 miscuerint
2835 2112 2894 2150 sc
2917 2110 3038 2150 cum
3065 2096 3283 2152 feminis
3305 2108 3433 2154 ante
3455 2098 3757 2165 diluvium,

2141 2199 2196 2245 et
2232 2189 2357 2244 inde
2395 2204 2517 2244 esse
2548 2197 2705 2244 natos
2736 2190 2986 2260 gigantes
3021 2192 3362 2260 snsiiieatur;
3410 2209 3533 2248 cum
3589 2194 3759 2250 Nem-

2140 2286 2302 2341 broth
2336 2300 2440 2340 non
2472 2299 2500 2337 a
2549 2283 2764 2354 spiritu,
2794 2284 2847 2337 id
2876 2295 2960 2340 est
2984 2302 3092 2340 non
3133 2287 3202 2341 ab
3233 2288 3446 2357 angelo,
3476 2288 3573 2343 sed
3623 2289 3653 2329 b
3694 2291 3761 2346 ab

2143 2378 2360 2433 homine
2403 2376 2550 2432 Chus
2596 2378 2690 2448 qui
2736 2376 2877 2431 filius
2926 2378 3027 2432 fuit
3065 2378 3263 2445 Cham,
3302 2380 3429 2436 inde
3478 2395 3649 2437 natus
3692 2384 3761 2438 sit

2140 2483 2354 2545 postea,
2387 2475 2476 2537 qui
2506 2480 2559 2526 et
2589 2472 2641 2525 in
2688 2470 2968 2541 Scriptura
3000 2472 3208 2542 primus
3253 2473 3416 2544 Gigas
3444 2485 3531 2530 est
3564 2476 3757 2546 appel-

2141 2566 2304 2631 latus,
2339 2565 2482 2633 quod
2528 2566 2631 2619 iSIe
2658 2564 2829 2634 etrapit
2857 2580 2980 2621 esse
3013 2579 3260 2635 venator,
3299 2576 3355 2623 et
3389 2566 3553 2623 fortis
3585 2568 3757 2625 homo

2142 2668 2199 2713 ut
2239 2668 2293 2713 et
2341 2657 2506 2724 Gigas
2552 2658 2924 2729 appellaretur
2966 2658 3018 2713 in
3070 2669 3262 2714 terra:
3323 2661 3338 2691 ¹
3380 2658 3518 2714 Inde
3561 2663 3759 2717 dicturi

2142 2761 2282 2816 sunt,
2315 2750 2510 2819 inquit,
2543 2750 2676 2803 sicut
2708 2748 2997 2805 Nembrotlt
3024 2750 3185 2822 Gigas
3210 2752 3285 2806 ita
3314 2753 3464 2822 fortis
3490 2763 3570 2807 est
3594 2752 3756 2823 (Gen.

2140 2859 2195 2910 x,
2219 2843 2298 2915 9),
2328 2844 2372 2898 si
2403 2844 2493 2914 qui
2520 2844 2568 2899 ei
2585 2842 2779 2899 similis
2802 2844 2855 2899 in
2879 2842 3206 2900 fortitudine
3230 2854 3421 2914 postea
3442 2846 3751 2903 videretur.

2140 2936 2399 2993 Homines
2430 2938 2612 3009 itaque
2642 2938 2859 2994 fuerunt
2904 2939 3093 3003 fortes,
3127 2948 3184 2995 et
3211 2955 3239 2995 a
3275 2940 3565 3010 iuventute
3594 2958 3757 3012 rapa-

2138 3048 2251 3101 ces,
2289 3042 2612 3099 vastatores,
2656 3034 2985 3103 iaculantes,
3028 3036 3384 3100 cursitantes,
3421 3037 3752 3105 praedationi

433 3131 540 3198 Cia.
572 3139 700 3185 ιιιηο
726 3136 979 3199 gerentes
1012 3125 1409 3196 pmnitudiuem
1454 3123 1545 3193 qui
1592 3120 1791 3177 fuerint
1834 3118 2030 3189 reliqui
2060 3114 2105 3176 C
2138 3135 2418 3193 vacantes,
2454 3125 2579 3181 inde
2608 3128 2776 3181 veluti
2829 3127 2993 3182 alieni
3027 3143 3134 3183 non
3171 3129 3350 3184 solum
3382 3144 3617 3196 morum,
3650 3145 3743 3186 ve-

431 3239 624 3282 omnes
653 3222 719 3278 ad
745 3220 949 3278 Christi
982 3218 1141 3274 fidem
1174 3216 1389 3273 Domini
1417 3214 1795 3286 pervolabont,
1827 3228 1890 3266 ac
1921 3226 2035 3281 pm-

430 3320 668 3375 nitentes
695 3316 891 3372 delicta
919 3314 1130 3370 veniam
1158 3313 1225 3368 ab
1249 3311 1371 3383 ipso
1398 3309 1614 3365 Christo
1642 3308 1873 3363 Domino
1895 3307 2036 3361 sicut

427 3412 614 3469 catteri
648 3408 1038 3480 impetrabunt,
1073 3416 1134 3463 ttt
1163 3407 1459 3477 impleatur
1482 3402 1627 3477 quod
1659 3403 1867 3458 dictum
1900 3409 1986 3456 est
2017 3418 2031 3455 :

432 3510 592 3563 Amen
623 3506 741 3561 dico
775 3505 934 3571 vobis,
961 3505 1077 3572 jam
1098 3518 1178 3556 me
1208 3517 1310 3556 non
1341 3498 1599 3561 videbitis,
1635 3497 1795 3551 donec
1820 3495 2031 3561 dicatis,

428 3600 741 3656 Benedictus
770 3599 861 3669 qui
888 3597 1023 3653 venit
1048 3598 1102 3650 in
1130 3594 1337 3649 nomine
1360 3590 1574 3646 Domini
1605 3587 1822 3661 (Matth.
1856 3603 1986 3642 χχιιι
2010 3628 2024 3651 .

422 3694 536 3766 59).
565 3694 632 3748 Et
655 3705 713 3748 ut
739 3691 868 3747 illud
896 3690 1267 3760 compleatur:
1301 3685 1476 3741 Donec
1505 3683 1770 3755 plenitudo
1795 3686 2026 3755 gentium

424 3791 600 3854 intret,
634 3799 681 3841 et
722 3787 798 3842 sic
841 3786 1009 3841 onmis
1053 3783 1223 3840 Israel
1247 3781 1557 3850 salvubitur,
1590 3781 1732 3835 sicut
1757 3781 2025 3850 scriptum

2137 3232 2258 3271 rum
2300 3217 2466 3271 etiam
2507 3229 2528 3257 ο
2570 3218 2717 3273 visus
2750 3217 3031 3273 hominum
3077 3221 3144 3272 ε’
3181 3235 3433 3275 enormes
3476 3222 3644 3275 etiam
3692 3232 3752 3277 ttt

2134 3322 2324 3368 contra
2348 3324 2593 3369 naturam
2622 3315 2853 3370 aliorum
2886 3315 3166 3371 hominum
3196 3327 3343 3372 tanta
3375 3316 3575 3373 scelera
3610 3333 3747 3387 per-

2136 3414 2418 3475 petrantes
2458 3419 2907 3478 nuocuparenlur
2927 3410 3272 3480 etgiganles.
3316 3407 3343 3446 ιι
3390 3409 3556 3481 Gigas
3589 3410 3740 3466 enim

2134 3514 2230 3571 per
2257 3501 2665 3573 etymologiam,
2688 3512 2848 3558 terra:
2878 3512 3181 3559 monstrum
3215 3503 3436 3571 dicitur,
3459 3514 3481 3542 θ
3510 3522 3578 3559 ex
3602 3504 3740 3561 dno-

2136 3593 2237 3649 bus
2285 3596 2595 3651 nominibus
2638 3598 3005 3667 compositum
3049 3599 3167 3654 sive
3207 3597 3402 3666 forma,
3446 3599 3563 3655 sive
3607 3601 3739 3665 vita,
3792 3626 3797 3631 ο

2135 3688 2250 3744 sive
2280 3692 2420 3757 viso,
2470 3690 2588 3746 sive
2619 3690 2979 3763 fortitudine,’
3013 3692 3129 3747 sive
3161 3694 3306 3749 mole
3346 3694 3739 3750 membrorum.

2140 3781 2159 3819 ί
2206 3783 2335 3837 Nam
2375 3795 2432 3838 ut
2467 3786 2608 3840 scias
2628 3786 2877 3855 gigantes
2918 3801 3025 3841 non
3057 3788 3159 3842 alia
3186 3797 3401 3855 natura,
3430 3789 3526 3846 sed
3557 3788 3624 3845 de
3648 3790 3746 3846 hoc

1297 3917 1456 3975 COD.
1498 3916 1611 3972 MS.
1653 3913 2008 3971 SANGERM.
2051 3915 2431 3974 LECTIONES
2471 3918 2897 3978 νΑιιιΑιςΤΕδ.

497 4044 511 4070 ³
545 4036 666 4088 lude
689 4035 871 4085 dicitur
892 4034 944 4084 hi
963 4041 1078 4084 sunt

2193 4035 2213 4063 ²
2246 4046 2477 4088 enormes
2500 4037 2731 4089 :estimati
2753 4045 2983 4090 contra...
3009 4054 3103 4090 non
3128 4043 3193 4093 de
3217 4041 3310 4094 alia
3356 4087 3360 4091 .

1513 4138 1831 4229 AFABRICII
1872 4141 1960 4196 ET
1999 4139 2359 4199 GALEARDI
2396 4144 2628 4201 NOTIE.

502 4278 524 4303 ει
573 4264 645 4320 De
672 4256 1101 4337 gigaittillus._Es
1122 4258 1312 4337 Graeca
1344 4259 1596 4337 versione
1622 4257 1820 4337 Cenes.
1852 4275 1927 4325 vt,
1969 4258 2026 4325 2,

430 4339 582 4395 tuulti
605 4330 847 4391 velorum
876 4332 1139 4387 Ecclesia:
1166 4330 1451 4386 doctorum
1485 4333 1587 4384 hoc
1613 4331 1713 4384 sibi
1744 4346 2032 4397 persuase-

428 4420 575 4477 runt,
617 4418 675 4463 ιιι
718 4406 782 4461 ad
829 4406 1185 4477 fragmentum
1213 4402 1916 4477 Pseodo-IIeooehi_notare
1943 4420 2029 4477 tne

431 4472 653 4537 memini
677 4481 727 4534 in
758 4478 955 4531 Codice
980 4474 1447 4544 pseudepigrapho
1470 4472 1672 4529 veteris
1694 4473 2028 4530 Testamenti

429 4571 481 4624 p.
517 4552 640 4617 ΗΞ,
659 4565 778 4624 seq.
797 4547 1002 4604 Licebit
1019 4548 1183 4624 etiam
1202 4545 1798 4624 consolereSuicerum
1818 4544 1873 4624 in
1885 4546 2028 4624 The-

430 4617 597 4680 sauro
628 4639 681 4691 p.
712 4617 782 4677 37
812 4635 957 4687 seq.,
1004 4628 1058 4672 et
1083 4618 1391 4691 Christiani
1430 4617 1689 4691 Scltotatti
1728 4617 1795 4671 ad
1842 4618 2027 4686 Sulpi-

427 4695 573 4751 cium
595 4687 854 4750 Severum
881 4698 1057 4754 notas,
1085 4696 1142 4742 et
1161 4687 1493 4744 Cotelerium
1522 4688 1590 4742 ad
1620 4687 1812 4744 Patres
1835 4692 2026 4758 Apost.

428 4775 561 4823 tom.
597 4765 638 4825 I.
672 4780 725 4835 p.
755 4759 1139 4835 495ηΕΑιιιιιρ.

498 4838 526 4876 b
550 4837 628 4892 Ab
656 4830 861 4904 nomine
887 4832 1044 4887 Chus.
1077 4830 1280 4904 Genef.
1314 4848 1365 4887 κ.
1403 4830 1474 4885 8:
1522 4833 1653 4891 Χοὺς
1702 4831 1757 4886 δὲ
1802 4833 2027 4904 ἐγένιίησε

430 4912 515 4966 τὸν
541 4905 770 4986 Νεϐρὼδ.
802 4903 951 4965 οὗτος
976 4904 1166 4979 ἤρξατο
1197 4898 1326 4957 εἶναι
1350 4906 1408 4957 I‘i
1445 4924 1504 4962 at;
1532 4904 1618 4955 ἐπὶ
1640 4910 1732 4961 τῆς
1749 4898 1863 4973 γῆξ·
1882 4901 2030 4965 οὗτος

430 4979 488 5030 ἦν
507 4984 659 5030 ’νίονχς
686 4978 895 5030 κυνηγὸς
917 4979 1101 5030 κυρίου
1124 4981 1211 5029 τοῦ
1235 4980 1383 5029 Θεοῦ·
1409 4924 1500 5030 grai
1521 4979 1673 5027 τοῦτο
1695 4976 1917 5030 ἐροῦσιν·
1936 4973 2030 5030 Ὦς

430 4979 488 5040 ἦν
507 4973 659 5055 ﬁgure
686 4978 895 5055 nemo;
917 4973 1211 5055 κυρξουςτοῦ
1235 4980 1383 5055 φεοῦ·
1416 4973 1500 5055 διᾲ
1521 4979 1673 5055 τοῦξο
1695 4976 1917 5048 ἐροῦσιν·
1936 4973 2030 5036 Ὦς

430 5042 640 5123 Νεέρξῖυδ
675 5042 827 5124 γίγαξ
862 5042 1076 5124 unouno;
1091 5047 1324 5124 -ὶνᾳεέτὶᾳν
1359 5049 1564 5122 Κυρίου.
1595 5042 1916 5124 Ἑιιιίιιοη-
1942 5048 2031 5100 Διὰ

428 5116 582 5210 rei-ro
609 5116 833 5210 έρόῡὶτιν,
856 5118 949 5210 ᾎΩς
965 5116 1218 5210 Εεμςρςὲζδ
1244 5120 1405 5198 γίγας.
1425 5116 1648 5195 ᾆευιιιηιγὸς⁸
1672 5117 1886 5210 iactarti
1925 5124 2030 5210 lliu-

428 5197 564 5271 piov.
607 5188 741 5249 Gen.
774 5207 827 5271 xl.
856 5189 909 5244 9.
964 5188 1122 5271 Quod
1157 5188 1476 5271 Pht’lastt‘ius
1519 5190 1679 5271 v‘rrtit
1709 5203 1726 5239 .'
1760 5188 2027 5271 Inde'dic-

430 5258 535 5321 turi
586 5274 724 5325 sunt,
770 5262 903 5315 sicut
958 5259 1191 5313 Neutrod
1236 5260 1383 5329 gigas
1426 5260 1501 5312 ita
1539 5259 1687 5329 fortis
1729 5269 1823 5323 est,
1875 5258 2027 5327 Vulg.

428 5339 575 5409 quasi
600 5334 830 5409 A’emrod
856 5331 1094 5409 robustos
1122 5328 1330 5385 venator
1357 5345 1530 5409 coram
1551 5328 1801 5409 Domino;
1826 5330 1898 5381 De
1930 5332 2031 5385 hoc

427 5400 622 5477 adagio
657 5408 958 5477 Bochartos
996 5401 1370 5477 Geogr.ls_ae._
1397 5415 1473 5477 IV_,
1504 5401 1590 5459 12.
1621 5402 1725 5477 co_I_.
1770 5400 1912 5477 2283
1940 5403 2027 5455 cui

427 5472 560 5537 addi
586 5488 762 5549 potest
796 5476 1079 5549 Vatabltts
1106 5477 1156 5549 in
1187 5472 1403 5549 criticis
1444 5472 1754 5549 PearsouiL
1771 5473 1837 5525 ad
1886 5472 2032 5528 hunc

428 5540 659 5607 Genesis
687 5552 884 5605 locum.
906 5557 962 5601 et
990 5545 1205 5601 Delrius
1238 5545 1291 5597 in
1312 5540 1538 5613 Adagiis
1560 5540 1684 5597 Vet.
1712 5542 1864 5598 Test.
1894 5554 2026 5598 tom.

435 5622 477 5687 l,
505 5637 559 5689 p.
592 5621 680 5673 17.
711 5620 989 5675 Gumao.

508 5685 530 5730 ὖ
562 5691 715 5744 Visus
744 5691 1028 5743 hominum.
1055 5686 1233 5743 Aliam
1254 5685 1424 5743 veluti
1442 5686 1680 5757 speciem
1703 5700 1766 5742 ac
1796 5686 2029 5743 fortnam

432 5774 546 5835 prae
572 5774 634 5815 se
660 5760 916 5817 ferentes.
949 5759 1165 5816 Fame.

2060 4440 2107 4500 D

2178 4260 2235 4349 ’ἀ
2284 4263 2450 4353 Gigas.
2484 4277 2637 4353 terra:
2679 4279 2986 4351 monstrum.
3044 4269 3297 4339 Orpheos
3346 4282 3545 4353 octavo
3604 4278 3739 4353 ἱεροῦ

2139 4336 2284 4409 λόγου
2312 4337 2452 4403 apud
2482 4336 2778 4394 Auctorem
2804 4343 2985 4411 magni
3014 4336 3359 4414 etymologici
3395 4362 3409 4398 :

2289 4464 2361 4510 Οὓς
2385 4465 2555 4503 καλέουσι
2579 4466 2753 4515 γίγαντας
2776 4468 2956 4516 ἰιῶνυμον
2982 4469 3015 4506 ιν
3039 4470 3242 4521 μιάρισσι

2289 4526 2429 4565 Οὓνυια.
2450 4532 2513 4577 τῆς
2534 4529 2695 4579 ὶτινοντο
2719 4531 2781 4567 καὶ
2802 4530 2964 4579 αἵματος
2988 4520 3180 4582 οὖμνὶοιὸι
3484 4520 3674 4574 FAIMC.

2210 4626 2232 4653 ο
2267 4615 2353 4696 Ea:
2373 4618 2572 4696 duobus
2612 4621 2930 4696 gannitibus.
2969 4630 3038 4681 Γῆ
3070 4634 3230 4690 terra,
3260 4631 3308 4678 et
3335 4631 3460 4696 γῦια
3488 4620 3743 4694 membra,

2136 4687 2359 4759 proprie
2392 4690 2583 4756 pedes.
2618 4688 2839 4747 FABR'C.

2211 4758 2425 4834 erum
2455 4773 2510 4815 ut
2552 4765 2686 4817 scias
2714 4768 2948 4834 gigantes
2994 4782 3096 4818 non
3137 4765 3244 4819 alia
3280 4777 3490 4823 natura.
3531 4768 3587 4824 In
3630 4786 3739 4825 ms.

2132 4830 2324 4911 Cori)”
2372 4849 2477 4887 non
2512 4830 2992 4911 demntiag'uatura,
3041 4838 3185 4907 quod
3235 4842 3406 4911 magis
3462 4844 3740 4911 congruit.

2136 4902 2303 4973 Negat
2321 4920 2482 4973 porro
2510 4906 2836 4979 PhilaSIritts
2855 4902 3105 4975 gigantes
3133 4924 3197 4962 ex
3220 4902 3427 4979 ang‘eIis
3447 4923 3505 4966 et
3523 4902 3745 4969 leininis

2133 4987 2384 5050 genitos,
2422 4979 2672 5050 quamvis
2723 4977 2887 5047 hujus
2930 4978 3220 5033 sententia:
3270 4977 3490 5041 fuerint.
3544 4997 3746 5050 pra-ter

2134 5043 2482 5127 ᾼιιιὺνιιείιιι-ιι
2524 5043 2815 5127 (l’ltilastri
2865 5052 3129 5127 collocatos
3172 5056 3259 5127 steti.
3292 5043 3623 5127 σύμμαχδνὶ
3674 5058 3745 5112 de

2132 5115 2248 5198 ﬁne
2278 5115 2599 5198 ethArca‘i,
2637 5115 3310 5198 Lat-tantiiis,'_Ettsebitts,
3352 5115 3555 5195 inmite
3599 5127 3741 5196 apud

2132 5190 2275 5269 Sixt.
2334 5189 2473 5269 S_en._
2523 5202 2655 5269 tom.
2706 5188 2750 5243 V
2796 5191 2934 5244 Bibl.
2988 5192 3207 5248 Sancta:
3249 5188 3479 5269 auuol.-
3515 5188 3743 5269 77,'qui

2136 5266 2319 5315 tamen
2352 5261 2710 5336 Ambrosium
2731 5274 2979 5326 exeosat.
3012 5281 3249 5333 eutoque
3271 5266 3566 5336 allegorice
3597 5261 3747 5323 Iocu-

2135 5340 2269 5411 tum,
2301 5347 2367 5411 ac
2381 5348 2503 5411 “pro
2539 5334 2747 5411 angelis
2777 5338 2929 5411 viros
2957 5336 3168 5402 Iideles,
3199 5351 3263 5390 ac
3292 5334 3480 5411 justas
3523 5340 3744 5395 intelle-

2132 5403 2282 5457 xisse
2320 5404 2573 5457 allii-mat.
2610 5403 2771 5463 Vide.
2802 5406 2846 5458 si
2884 5416 3061 5469 vacat,
3092 5419 3250 5461 notas
3285 5409 3517 5464 Servatii
3550 5410 3741 5467 Gallmi

2134 5473 2571 5553 ad‘Laf‘tantium
2596 5475 2791 5553 Διι,ι1‹9ι,
2824 5477 3101 5553 Pot_tertttu
3131 5480 3196 5553 ad
3222 5476 3396 5553 Clem.
3426 5483 3583 5536 Alex.
3618 5498 3741 5553 rag.

2132 5544 2260 5626 269,
2290 5546 2417 5626 alio,
2453 5548 2786 5626 Coti-terimur
2818 5548 3203 5626 adirem-gon.
3240 5552 3412 5626 _(_‘.|em.
3452 5568 3576 5620 pag.
3608 5544 3740 5620 $93,

2134 5628 2186 5690 et
2222 5618 2271 5669 in
2300 5615 2659 5690 Clt-menliuis
2683 5617 2841 5675 Ilom.
2874 5617 3009 5682 VIII.
3048 5615 3137 5683 f5,
3162 5622 3360 5690 quibus
3392 5615 3743 5681 iit-Iocisnort

2133 5685 2555 5767 dpotzoyjro'rrodeg,
2608 5690 2947 5767 unanimiter,
3017 5685 3292 5767 gigantes.
3317 5694 3391 5747 illi
3451 5696 3738 5767 dicuntur,

2133 5760 2270 5831 quos
2293 5760 2617 5820 Ptulastrius
2638 5760 3009 5829 ἐξαδακτύλους
3035 5760 3220 5821 Vocat.
3252 5762 3533 5824 Cum».
