4052 6192
322 271 461 327 1255

1552 256 1760 316 LIBER
1800 254 1887 312 DE
1925 249 2358 311 IIA‘IHESIBUS.

3478 234 3621 293 1254

317 399 479 448 erant
520 398 576 446 et
620 389 853 461 gratiam
899 386 1099 458 positi,
1128 383 1219 456 qui
1267 382 1487 439 inimica
1529 379 1812 435 voluntate
1852 390 1914 430 ac
1942 375 1990 436 Α
2018 369 2219 425 dicitur
2238 368 2305 424 de
2327 380 2464 438 pago
2486 365 2582 421 illo
2611 382 2623 418 :
2650 364 2694 418 si
2727 360 3008 461 autem_de
3035 358 3220 461 idolis,
3255 356 3399 461 quod
3523 368 3621 410 co—

316 483 628 557 perniciosa
660 480 988 551 pessumdati
1017 477 1371 547 reperiuntur
1418 474 1471 529 in
1501 473 1648 527 vitiis
1684 468 1917 526 carnali-

318 578 441 645 bus,
471 576 736 631 doctrinzn
762 574 973 630 caelesti
1022 572 1226 627 inimici
1252 580 1307 626 et
1337 566 1675 633 adversarii,
1707 573 1917 621 aeterno

317 685 605 742 poenarum
632 668 847 737 judicio
876 668 1159 722 reservati.

389 800 527 858 axz.
600 773 691 858 δε
755 799 1078 857 conpone
1132 800 1223 856 ET
1290 799 1505 855 ANIMA
1568 799 1845 856 HOMINIS

680 892 1001 950 HIERL‘SIS
1041 892 1567 949 NOCENTISSIMA.

394 1034 491 1090 Est
520 1032 771 1100 haeresis,
805 1047 925 1102 quae
951 1030 1082 1087 dicit
1135 1029 1283 1085 nasci
1314 1038 1339 1066 α
1364 1028 1608 1099 Paganos
1650 1028 1914 1083 naturali-

322 1138 429 1193 ter,
461 1124 490 1164 b
519 1141 627 1181 non
657 1124 1021 1187 Christianos,
1054 1123 1106 1177 id
1141 1134 1249 1191 est,
1285 1134 1305 1161 ε
1340 1138 1519 1177 rerum
1568 1129 1758 1177 natura
1788 1136 1909 1177 cor-

322 1233 423 1290 pus
468 1226 523 1274 et
560 1218 797 1273 animam
847 1215 1085 1271 hominis
1131 1231 1239 1271 non
1282 1228 1313 1267 a
1341 1213 1454 1269 Deo
1503 1228 1599 1283 per
1634 1212 1913 1268 Christum

318 1315 490 1369 creari
525 1311 789 1383 quotidie,
819 1310 914 1366 sed
940 1326 1038 1380 per
1062 1309 1355 1364 vanitatem
1386 1323 1647 1379 paganam
1678 1308 1749 1363 ita
1785 1322 1912 1378 pro-

320 1408 471 1478 gredi
500 1408 517 1437 ¹
564 1406 905 1461 arbitratur:
937 1420 1058 1460 cum
1106 1405 1174 1458 ab
1200 1402 1372 1458 Adam
1409 1417 1581 1473 usque
1619 1402 1685 1456 ad
1734 1401 1913 1458 Abra-

320 1500 468 1563 ham,
500 1510 553 1556 et
595 1508 781 1569 postea
830 1514 1002 1570 usque
1028 1498 1092 1551 ad
1117 1497 1336 1563 Judam,
1367 1496 1458 1567 qui
1487 1505 1609 1567 post
1638 1495 1914 1552 Abraham

317 1591 587 1665 dquartus
604 1602 688 1648 est
717 1591 771 1646 in
811 1592 1187 1660 generatione,
1214 1592 1234 1621 ’
1267 1600 1289 1625 ο
1319 1604 1425 1645 non
1458 1588 1658 1660 Pagani
1688 1589 1910 1656 fuerint,

318 1702 492 1757 neque
530 1685 702 1740 Judaei
733 1685 1023 1756 appellati;
1071 1685 1166 1739 sed
1193 1682 1397 1738 Gentes
1435 1700 1464 1738 a
1502 1683 1909 1753 provinciarum

2017 463 2194 519 lentes
2234 460 2508 528 sculptilia
2556 459 2628 513 ita
2682 455 3113 512 nominabantur
3159 449 3382 522 Pagani.
3432 447 3483 503 id
3532 456 3620 502 est

2017 554 2296 619 Gentiles;
2330 553 2475 624 quia,
2509 568 2613 605 non
2652 566 2681 604 a
2732 551 2841 603 Deo
2872 547 3039 610 idola,
3072 544 3168 600 sed
3221 544 3288 597 ab
3335 539 3618 595 hominum

2017 646 2339 717 pravissima
2369 646 2584 699 inventa
2608 650 2737 696 sunt
2757 641 3063 704 voluntate,
3084 638 3225 691 sicut
3255 646 3311 691 et
3338 633 3622 704 Scriptura

2019 749 2204 796 nostra
2244 738 2399 811 (Sap.
2436 752 2549 801 tttv,
2604 735 2701 801 15,
2736 734 2893 804 seq.).
2952 732 3019 786 Et
3063 730 3403 801 Paganorum
3453 738 3618 795 quam

2019 833 2238 903 plurimi
2271 833 2612 895 nuntiarunt,
2646 828 2895 883 homines
2928 825 3044 880 hate
3076 822 3350 879 invenisse
3380 821 3401 851 ³
3429 819 3495 874 ad
3528 834 3619 873 se-

2017 926 2327 980 ductionem
2376 922 2893 988 damnationemque
2958 916 3284 981 animarum,
3329 911 3473 983 quod
3524 910 3619 966 illa

2017 1022 2288 1092 aspiciens
2334 1018 2564 1089 pepultts
2606 1014 2985 1070 delectabatur
3035 1008 3234 1077 epulis,
3277 1008 3329 1062 in
3378 1020 3614 1077 quorum

2017 1115 2257 1170 vanitate
2305 1113 2417 1167 suis
2464 1111 2659 1165 animis
2714 1109 2994 1162 interitum
3056 1103 3355 1158 aﬂ‘erebaut
3413 1098 3616 1173 (Exod.

2016 1222 2184 1273 xxxii,
2219 1205 2296 1277 6).
2328 1203 2488 1259 Certa
2533 1209 2713 1255 autem
2746 1209 2829 1253 est
2870 1196 3120 1268 probatio
3161 1203 3217 1250 et
3246 1192 3441 1263 major,
3472 1193 3619 1261 quod

2015 1313 2046 1354 a
2070 1298 2288 1369 Pagano
2319 1311 2443 1368 rege
2466 1306 2523 1349 ut
2552 1295 2629 1348 ait
2662 1292 2927 1346 llesiodus
2953 1288 3177 1346 Graecus
3210 1293 3391 1356 poeta,
3416 1282 3618 1354 Pagani

2015 1390 2126 1446 sint
2161 1390 2438 1460 appellati,
2474 1386 2500 1423 κ
2530 1386 2673 1457 quod
2703 1395 2890 1455 postea
2922 1381 2939 1419 1
2969 1398 3041 1437 ex
3073 1396 3199 1451 rege
3226 1379 3444 1449 Pagano
3478 1378 3619 1430 Deu-

2015 1484 2241 1539 calionis
2264 1482 2377 1537 filio
2399 1490 2453 1537 et
2480 1478 2729 1552 Pyrrhae,
2751 1477 2907 1548 quasi
2930 1475 2953 1507 ⁵
2977 1474 3262 1546 plausibile
3284 1480 3446 1541 atque
3468 1484 3617 1524 ama-

2016 1575 2125 1630 bile
2162 1590 2359 1629 nomen
2391 1574 2508 1643 ejus
2542 1572 2825 1637 habentes,
2859 1570 2966 1623 into
2999 1567 3178 1637 potius
3210 1564 3457 1620 colentes
3501 1578 3617 1616 me-

2016 1671 2244 1724 moriam
2276 1669 2395 1740 ejus
2424 1683 2595 1737 usque
2626 1668 2680 1720 in
2712 1664 3039 1720 hodiernum
3058 1664 3227 1724 diem,
3246 1661 3350 1714 hoc
3374 1670 3457 1713 est
3472 1674 3618 1714 men-

315 1779 538 1835 nomine
583 1791 636 1836 et
663 1778 979 1833 diversitate
1011 1778 1328 1847 nuncupati.
1359 1776 1560 1848 Pagani
1585 1788 1763 1834 autem
1785 1790 1907 1849 post

2012 1763 2227 1821 dacium
2272 1763 2506 1817 nominis
2551 1775 2725 1830 usque
2757 1774 2898 1813 nunc
2949 1757 3197 1812 detinent
3248 1753 3614 1823 percolentes.

311 1870 553 1938 Iudaeos,
591 1869 610 1910 τ
649 1870 763 1926 sive
791 1887 822 1925 a
857 1887 1010 1942 pago,
1046 1871 1097 1926 id
1128 1882 1211 1926 est
1243 1872 1379 1936 loco,
1425 1874 1541 1927 sive
1567 1889 1594 1927 a
1625 1876 1903 1942 provincia

310 1981 415 2021 una
448 1975 473 2013 κ
505 1966 634 2021 dicti
662 1974 810 2032 sunt,
844 1967 960 2021 sive
983 1962 1011 2002 δ
1040 1980 1069 2019 a
1098 1965 1315 2037 Pagano
1345 1980 1475 2037 rege
1500 2008 1514 2031 ,
1547 1968 1690 2037 quod
1720 1985 1906 2025 verum

308 2072 450 2127 esse,
490 2057 507 2095 ί
555 2069 613 2113 ut
641 2058 717 2113 ait
756 2058 1025 2115 Hesiodus
1053 2057 1275 2114 Graecus
1320 2068 1501 2128 poeta,
1559 2062 1908 2119 manifestum

304 2159 409 2205 est.
433 2149 491 2206 Si
508 2166 638 2221 ergo
659 2166 690 2205 a
718 2165 876 2222 pago,
908 2149 1013 2205 loci
1042 2158 1126 2205 est
1146 2150 1427 2217 indicium,
1462 2153 1476 2201 Ι
1503 2153 1663 2210 sicuti
1687 2164 1745 2210 et
1763 2172 1909 2215 nunc

2014 1856 2198 1913 Helles
2244 1857 2448 1925 itaque,
2474 1854 2526 1908 id
2571 1861 2656 1908 est
2683 1852 2908 1907 Graecus
2939 1852 3124 1914 homo,
3174 1862 3203 1901 a
3244 1848 3428 1916 lingua
3480 1852 3537 1899 et
3583 1858 3616 1899 a

2017 1953 2235 2006 nomine
2257 1950 2399 2020 regis
2427 1949 2645 2013 dicitur,
2670 1946 2761 2016 qui
2812 1944 2914 1999 fuit
2943 1939 3290 1997 Deucalionis
3322 1936 3487 2003 lilius,
3521 1934 3616 2006 qui

2019 2049 2090 2103 ita
2120 2048 2424 2120 appellatus
2454 2053 2558 2108 est,
2601 2044 2743 2098 sicut
2784 2042 2851 2094 ah
2877 2039 3013 2093 Itan
3039 2036 3181 2099 Itali,
3224 2043 3279 2089 et
3306 2032 3535 2086 Romani
3581 2045 3613 2083 a

2019 2140 2271 2207 Romulo,
2303 2149 2361 2195 et
2392 2137 2571 2193 Latini
2607 2151 2636 2190 a
2664 2135 2859 2190 Latino
2888 2146 3085 2187 nomen
3120 2132 3469 2198 acceperunt,
3502 2137 3612 2177 non

1166 2284 1321 2343 COD.
1365 2285 1473 2345 MS.
1514 2286 1863 2347 SANGERM.
1905 2292 2288 2351 LECTIONES
2327 2291 2747 2351 VARIAN'I‘ES.

363 2403 380 2432 ί
417 2401 782 2452 arbitrabantur

361 2464 381 2494 ³
417 2464 467 2513 in
491 2466 822 2527 generatione
848 2462 1036 2528 Pagani

2078 2412 2100 2440 ⁸
2132 2408 2189 2457 ad
2214 2408 2555 2458 seductionem
2579 2406 2851 2454 animarum

2074 2470 2095 2501 ‘
2130 2470 2424 2535 possibile...
2448 2470 2543 2519 hoc
2564 2467 2873 2519 mendacium

1363 2567 1662 2627 FABRICII
1700 2570 1792 2627 ET
1831 2572 2188 2634 GALEARDI
2227 2572 2461 2631 NOTIE.

296 2680 437 2740 mus,
473 2672 606 2740 toto.
638 2662 680 2731 1,
711 2678 766 2734 p.
792 2661 1046 2740 86,269,
1094 2671 1149 2717 et
1175 2662 1327 2740 alibi,
1373 2676 1531 2719 vocat
1558 2674 1644 2740 τᾷν
1682 2669 1891 2740 φυσικὸν

295 2739 467 2813 νόμον,
492 2738 584 2813 ’τὸν
607 2737 840 2813 γρᾳπτόν
870 2736 983 2813 sive
1008 2742 1097 2790 τοῦ
1125 2738 1427 2813 ’γράμμςςῖος
1464 2745 1520 2791 et
1557 2738 1644 2813 ron
1668 2736 1894 2813 τὲνενμα-

293 2811 442 2883 τριόῖ
459 2808 777 2883 sive_lege_nt
808 2809 1062 2883 χάριτᾳς,
1095 2808 1486 2883 ut'appellatur
1513 2809 1674 2863 etiam
1705 2826 1733 2864 a
1764 2808 1895 2883 [ξι-ο-

294 2882 383 2936 clo
403 2877 558 2951 Cpol.
586 2877 809 2951 humilia
830 2877 899 2943 2,’
918 2879 1002 2933 ubi
1028 2889 1233 2946 septem
1262 2879 1434 2949 Leges
1454 2889 1756 2951 computat.
1790 2881 1896 2937 Le-

328 2967 413 3007 em
450 2949 534 3006 'et
572 2949 815 3005 Gratiam
872 2951 942 3004 ita
994 2951 1219 3016 opponit
1280 2951 1500 3004 l‘ltotius
1556 2950 1653 3013 IV,
1704 2963 1893 3007 contra

350 3021 644 3087 anich:eos,
675 3037 728 3088 p.
763 3022 888 3086 115,
933 3020 1058 3080 129.
1108 3021 1232 3080 151.
1270 3020 1397 3081 150,
1432 3019 1553 3083 151,
1590 3021 1717 3086 159,
1764 3024 1890 3087 155,

300 3094 426 3157 151,
465 3094 589 3155 155,
646 3091 768 3157 156,
815 3092 943 3156 165,
991 3091 1091 3147 167
1150 3093 1272 3159 171,
1323 3092 1447 3158 178;
1501 3092 1591 3147 ulti
1645 3092 1970 3157 ChristusC

294 3168 629 3244 τῖλςχᾲριτος
656 3166 948 3244 νομορέςης.
978 3163 1264 3244 ϐλιχξευει.
1298 3173 1432 3244 tum.
1466 3163 1529 3244 VI
1561 3164 1693 3244 edit.
1737 3183 1894 3244 novm

295 3188 386 3227 της
411 3188 629 3291 ξαριτος
656 3188 948 3237 νομοσετης.
978 3188 1264 3235 υΙΙΓΪδΠδιο
1298 3188 1432 3217 ιυΙΙΙ.
1475 3188 1527 3217 'I
1561 3188 1693 3218 cun.
1737 3188 1894 3221 ηυνω

295 3251 350 3305 p.
381 3239 415 3293 3
454 3236 510 3296 4.
540 3244 753 3311 et_tom.
787 3234 879 3311 l_V,
926 3252 977 3303 p.
1154 3251 1273 3311 seq.
1326 3236 1580 3311 πρλιτείᾳν
1627 3239 1895 3311 ἀγγελικὴν

296 3308 765 3371 διηθσΜυεθὶοεηιι,
811 3307 1008 3375 Legem
1058 3306 1223 3361 Mosis
1260 3315 1315 3361 et
1351 3306 1553 3361 Christi
1612 3306 1885 3365 πόλίτείαν.

294 3377 440 3433 Idem
470 3390 604 3455 tom.
635 3378 698 3455 11,
735 3398 782 3443 p.
812 3377 940 3455 276,
981 3381 1056 3455 a_i_t
1096 3378 1287 3433 Jobttm
1319 3376 1487 3455 fuisse
1516 3381 1617 3455 πρό
1661 3389 1756 3455 γῆς
1785 3384 1893 3452 χά-

294 3469 435 3521 ριτος
458 3453 661 3524 κᾳὶγπρό
678 3457 771 3524 ’φῆ
792 3452 970 3524 volto}.
997 3450 1192 3505 Vocem
1215 3458 1306 3510 τῆς
1326 3450 1696 3522 χάριτος-’θύει
1723 3450 1891 3506 sensu

296 3520 418 3591 pag.
450 3521 558 3591 2‘28
586 3520 640 3580 d.
674 3521 781 3576 229
811 3520 862 3574 a.
892 3520 1111 3574 FABRIC.

367 3604 391 3628 υ
424 3590 586 3646 Nasci
620 3591 863 3663 Paganos
886 3590 1211 3663 naturaliter.
1239 3590 1634 3663 Propagatione
1656 3592 1890 3645 naturali

293 3664 623 3729 animorum,
693 3660 799 3717 non
862 3660 1178 3730 quotidiana
1232 3662 1529 3715 creatione.
1578 3661 1892 3716 Assentitur

296 3746 491 3801 nempe
540 3734 862 3789 Pliilastrius
910 3734 1193 3788 sementim
1243 3748 1429 3801 parum
1467 3734 1746 3799 credibili,
1793 3733 1890 3787 sed

294 3804 521 3869 Hilario,
554 3805 919 3877 Hieronymo,
949 3804 1239 3877 multisque
1268 3803 1388 3877 aliis
1408 3802 1669 3877 Ecclesiae
1699 3805 1893 3877 docto-

295 3879 445 3949 ribus
472 3878 710 3947 probata:
743 3874 899 3949 ('vide
932 3876 1407 3949 Eltuenhorstiuin
1436 3874 1501 3927 ad
1547 3874 1889 3949 Gennadium

294 3948 363 4005 de
408 3946 653 4015 Dogmat.
707 3946 916 4003 Ei-cles.
952 3963 1005 4016 p.
1038 3947 1130 4002 151
1158 3946 1197 4016 );
1247 3946 1543 4016 statuitque
1590 3947 1802 4000 animas
1858 3961 1892 4001 a

297 4019 407 4074 Deo
434 4021 675 4089 quotidie
726 4035 820 4089 per
861 4018 1136 4075 Christum
1169 4019 1364 4081 creari,
1400 4018 1541 4082 quod
1586 4017 1893 4088 Augustino

294 4092 456 4145 etiam
503 4092 704 4161 placuit
752 4092 938 4155 initio;
983 4090 1076 4143 sed
1120 4089 1318 4144 deinde
1349 4089 1656 4144 dubiusille
1709 4089 1888 4152 ltmsit,

292 4176 415 4217 eum
449 4176 479 4215 a
526 4163 746 4233 Pelagio
776 4161 1107 4233 oltjiceretur
1152 4161 1390 4215 animam
1415 4201 1429 4224 ,
1456 4164 1499 4214 si
1555 4176 1621 4215 ex
1665 4161 1892 4233 traduce

295 4248 401 4286 non
432 4235 521 4299 sit,
556 4231 773 4303 partiam
803 4232 1081 4301 originalis
1107 4234 1311 4300 peccati
1349 4248 1454 4285 non
1481 4232 1703 4293 mereri,
1730 4231 1890 4300 cujus

294 4302 618 4373 objectiouis
658 4304 985 4359 solutionem
1028 4318 1201 4373 neque
1228 4303 1459 4363 orando,
1494 4316 1669 4369 neque
1706 4302 1892 4371 legen-

294 4372 388 4440 do,
427 4392 601 4444 neqtte
650 4374 940 4446 cogitando
988 4386 1043 4429 et
1098 4372 1477 4446 ratiocinando
1529 4373 1779 4446 invenire
1833 4387 1894 4427 se

296 4447 636 4540 potttjsse'ait
661 4443 889 4540 epistola
1009 4447 1192 4540 (με)νὲ
1214 4445 1345 4540 edit.
1373 4443 1534 4540 166‘).
1565 4445 1629 4497 ad
1662 4444 1887 4540 Hieron.
1917 4479 1973 4540 Β

293 4515 496 4573 Confer
543 4518 759 4573 lIeurici
810 4518 879 4571 de
923 4517 1080 4570 Naris
1133 4515 1413 4570 Vindicias
1470 4515 1893 4584 Angustinianas

295 4605 418 4660 pag.
450 4591 575 4653 101,
624 4590 755 4652 110,
801 4587 1092 4661 et_Jacobi
1137 4585 1418 4661 Thomasii
1466 4594 1556 4641 τοῦ
1590 4589 1894 4661 μακαρίτου

296 4656 428 4716 diss.
457 4663 526 4717 de
548 4661 771 4731 Origine
797 4659 994 4731 animat
1023 4668 1158 4731 sect.
1189 4658 1244 4723 5,
1281 4658 1308 4729 §
1342 4656 1410 4731 51
1442 4674 1557 4728 seq.
1590 4656 1811 4731 Faunis.

367 4732 393 4771 ι’
427 4731 550 4786 Non
580 4729 922 4787 Christianos.
947 4730 1290 4791 Tertulliani,
1320 4730 1487 4800 quiet
1518 4733 1634 4797 ipse
1656 4729 1893 4800 animam

297 4805 577 4874 propagari
604 4819 669 4858 ex
697 4803 920 4858 traduce
949 4800 1203 4874 afﬁrmat.
1231 4798 1368 4856 libro
1388 4799 1456 4855 de
1481 4802 1661 4874 anima
1684 4815 1803 4874 cap.
1836 4798 1893 4863 9,

298 4871 514 4939 19,22.
544 4875 636 4935 27,
670 4875 759 4938 36.
790 4874 1008 4930 celebre
1054 4873 1255 4927 dictum
1286 4881 1371 4926 est
1419 4885 1469 4924 c.
1514 4871 1583 4925 18
1626 4871 1897 4941 Apologe-

300 4947 390 4999 tici
423 4960 437 4997 :
485 4943 664 5010 Fiunt,
697 4964 799 5000 non
846 4954 1129 4999 nascuntur
1151 4942 1456 5003 Christiani,
1489 4941 1630 5010 quod
1680 4941 1894 4995 erudita

298 5016 431 5070 diss.
465 5015 1077 5081 historico-Theologica
1112 5014 1318 5084 pridem
1352 5013 1645 5067 illustravit
1678 5013 1735 5065 υ.
1780 5012 1891 5065 Ma-

300 5085 939 5159 tluangimmermanutts
970 5088 1120 5159 Lips.
1153 5085 1316 5151 1662,
1347 5084 1512 5159 inmi'.

374 5168 395 5196 ε
430 5157 626 5227 Regum
654 5169 859 5210 natura.
906 5158 961 5211 Id
1003 5152 1085 5213 est
1124 5156 1498 5227 generatione.
1541 5154 1629 5210 Sic
1676 5152 1816 5227 infra
1841 5169 1890 5209 c.

301 5227 405 5287 112
432 5246 444 5282 :
482 5225 625 5298 Ergo
661 5239 847 5280 natura
882 5245 1052 5282 rerum
1080 5225 1188 5283 Deo
1217 5227 1520 5284 aacribenda
1546 5237 1642 5293 est,
1673 5242 1773 5279 non
1796 5226 1893 5279 Ito-

297 5304 495 5357 nn'num
534 5299 768 5365 vanitati.
803 5298 1020 5353 FABRIC.

369 5371 396 5412 ἀ
440 5373 668 5442 Quartus
694 5373 745 5423 in
767 5373 1115 5442 generatione.
1138 5369 1164 5424 .I
1174 5371 1305 5442 udas
1325 5387 1353 5424 a
1371 5385 1478 5442 quo
1497 5368 1669 5442 Judmi
1696 5383 1891 5423 nomen

301 5446 526 5506 habent,
562 5440 965 5507 Jacotii’lilius,
1007 5455 1175 5509 nepos
1205 5440 1405 5508 Isaaci,
1437 5441 1730 5497 Abrahami
1773 5456 1894 5511 pro-

301 5529 491 5585 nepos.
522 5512 740 5569 FABRIC.
1140 5582 1150 5592 ο
1295 5582 1305 5593 ⁸

377 5598 400 5625 ε
444 5584 565 5639 Non
597 5584 824 5655 Pagani.
857 5582 1027 5653 Negat
1053 5581 1376 5655 Philastrtus
1399 5592 1525 5637 tunc
1548 5584 1715 5639 fuisse
1745 5582 1895 5639 Grae-

300 5674 398 5715 cos
428 5653 772 5721 idololatras;
811 5671 985 5726 neque
1021 5655 1265 5709 auditum
1296 5653 1610 5709 Grmcorum
1652 5655 1892 5726 Pagano-

301 5742 533 5798 rmuque
560 5743 781 5783 nomen.
812 5725 1034 5781 FABRIC.
1739 5725 1746 5726 “

381 5800 397 5827 '
446 5798 565 5853 Siue
598 5819 628 5854 ιι
667 5815 820 5870 pago.
859 5797 992 5852 Vide
1028 5796 1203 5852 Vossii
1248 5804 1403 5853 notas
1435 5794 1500 5849 ad
1535 5796 1695 5851 Plinii
1727 5798 1888 5868 epist.

2001 2669 2071 2725 de
2094 2668 2422 2726 Christianis
2454 2685 2507 2739 p.
2539 2668 2610 2725 46
2652 2684 2768 2737 seq.
2822 2678 2878 2722 et
2925 2664 3214 2739 Wcitzium
3267 2663 3339 2739 ad
3366 2664 3609 2739 Pruden-

2003 2743 2158 2810 tium,
2192 2757 2244 2813 p.
2277 2743 2406 2811 6M,
2439 2735 2539 2797 nec
2565 2756 2672 2796 non
2706 2735 2972 2809 Cangium
3012 2739 3066 2793 in
3095 2735 3378 2862 (Hostiario
3411 2735 3608 2790 Latino

3282 2821 3461 2862 ABRIC.

3282 2821 3437 2863 ABRIC
3448 2848 3461 2861 .

2077 2895 2103 2930 8
2144 2886 2188 2937 A
2217 2885 2483 2940 provincia
2513 2900 2639 2937 una.
2670 2881 2902 2940 Graecia.
2936 2879 3157 2936 FABRlC.

2079 2903 2101 2930 δ
2144 2903 2188 2937 Α
2254 2903 2483 2939 νουπησια
2513 2903 2639 2937 una.
2670 2903 2902 2940 uraacw.
2939 2903 3157 2936 l‘ABlth.

2079 2952 2105 2991 ιι
2146 2958 2188 3009 Α
2212 2903 2429 3027 ἕαραηο
2452 2972 2592 3027 rege.
2627 2955 2872 3021 Hellene,
2904 2953 2988 3008 vel
3025 2952 3252 3017 Graeco,
3284 2950 3352 3006 de
3382 2964 3488 3021 quo
3520 2950 3607 3004 iu-

2003 3026 2085 3082 fra
2131 3026 2233 3081 hoc
2262 3025 2465 3095 capite.
2498 3025 2721 3082 FABRIC.

2080 3098 2095 3135 ί
2145 3097 2212 3153 Ut
2234 3100 2305 3152 ait
2333 3098 2610 3153 Hesiodus.
2629 3097 2774 3153 Iul'ra
2802 3119 2814 3154 :
2839 3097 2977 3167 quod
2997 3114 3028 3150 a
3046 3094 3263 3163 Paqauo
3290 3109 3430 3167 rege,
3450 3103 3505 3147 ut
3534 3094 3607 3147 ait

2006 3169 2263 3242 Hesiodus
2290 3186 2488 3242 grwcus
2514 3181 2680 3242 poeta.
2717 3166 2921 3241 Pagani
2970 3178 3087 3242 sunt
3126 3166 3399 3242 appellati:
3433 3168 3607 3242 atque

1999 3241 2198 3297 iterum
2233 3260 2245 3294 :
2275 3235 2345 3301 ἔτ.
2382 3252 2438 3295 ut
2466 3244 2538 3294 ait
2568 3235 2861 3303 Hesiodus,
2891 3256 2923 3291 a
2965 3236 3146 3292 erco
3189 3254 3307 3308 rege
3333 3235 3607 3308 (Hellene)

1999 3314 2161 3383 fuisse
2202 3310 2411 3383 Grazcos
2456 3313 2767 3383 appellatos.
2819 3310 3019 3363 Versus
3065 3307 3260 3383 quibus
3301 3308 3403 3383 huc
3434 3307 3607 3383 scrip-

1999 3377 2071 3438 sit
2118 3382 2409 3446 Hesiodus,
2458 3377 2620 3435 hodie
2660 3397 2766 3435 non
2815 3388 3031 3434 exstant
3056 3378 3199 3449 quod
3243 3378 3446 3438 sciam;
3481 3377 3607 3431 licet

1998 3452 2195 3508 Strabo
2225 3468 2339 3515 vtu,
2379 3468 2436 3521 p.
2477 3451 2605 3514 370,
2636 3467 2759 3506 cum
2792 3458 3037 3505 notasset
3082 3449 3151 3503 ab
3194 3449 3606 3521 llornero_solos

2000 3523 2297 3579 Thessalia:
2328 3519 2533 3577 incolas
2572 3532 2792 3577 vocatos
2829 3522 3056 3583 ἔλληνας.
3091 3520 3372 3590 subiungit
3416 3519 3605 3574 Ilesio-

1998 3594 2126 3648 dum
2153 3607 2204 3648 et
2229 3593 2615 3649 Archilochum
2646 3595 2848 3655 ἔλληνας
2878 3593 3085 3649 dixisse
3110 3592 3277 3647 etiam
3300 3590 3390 3661 qui
3419 3601 3605 3646 essent

1999 3667 2318 3727 πανέλληνες.

2076 3738 2089 3786 l
2143 3738 2316 3791 Sicuti
2339 3748 2385 3791 et
2421 3751 2556 3789 nunc
2584 3735 2793 3789 dicitur.
2828 3734 2899 3792 Ut
2930 3749 3073 3789 nunc
3096 3735 3263 3790 etiam
3309 3732 3479 3787 moris
3519 3745 3604 3787 est

1998 3808 2067 3863 ab
2112 3808 2214 3863 hoc
2261 3808 2361 3871 vel
2393 3808 2484 3862 illo
2513 3822 2650 3876 pago
2678 3807 2914 3877 aliquem
2944 3805 3317 3871 denominare,
3355 3805 3469 3877 sive
3503 3819 3600 3877 pa-

1996 3893 2096 3949 gus
2132 3880 2335 3945 villam,
2385 3881 2497 3933 sive
2516 3874 2909 3946 pra-lecturum
2940 3877 3187 3943 denotet,
3233 3884 3292 3931 ut
3326 3874 3467 3945 apud
3490 3874 3602 3931 οω-

1998 3964 2178 4005 sarem
2226 3951 2311 4005 cui
2358 3952 2612 4004 universa
2663 3950 3033 4005 Helvetiorum
3084 3964 3219 4020 gens
3268 3949 3320 4003 in
3368 3957 3601 4018 quatuor

2002 4036 2168 4091 pagos
2196 4021 2475 4075 dividitur.

2072 4092 2098 4131 ιι
2142 4093 2294 4159 Quod
2318 4102 2511 4163 postea.
2543 4092 2634 4148 Sic
2658 4091 2956 4160 IIanthurg.
2989 4091 3161 4147 editio
3190 4091 3324 4147 vitio
3350 4089 3600 4163 librario-

1998 4178 2116 4236 rum
2141 4183 2153 4217 :
2187 4166 2239 4220 in
2272 4161 2373 4219 ms.
2399 4163 2564 4236 Corb:
2589 4172 2797 4228 autem,
2829 4173 2887 4217 ut
2907 4172 2963 4218 et
2990 4164 3041 4216 itt
3066 4162 3364 4236 BAzlSIIeClISI
3393 4161 3599 4236 ctLttg-f

1996 4234 2126 4289 dttn.
2154 4237 2392 4292 editione
2424 4232 2709 4291 emendate
2738 4237 2826 4301 qui
2852 4243 3061 4303 postea;
3088 4234 3288 4287 deinde
3316 4248 3440 4303 mox
3468 4232 3598 4287 illttd
3668 4244 3671 4247 ‘

1996 4306 2091 4359 hoc
2113 4316 2186 4361 est
2222 4307 2545 4361 mendacium
2565 4306 2805 4367 nominis,
2837 4304 2981 4372 quod
3004 4303 3266 4358 exhibent
3302 4302 3596 4366 editiones,

1996 4379 2203 4433 reCIitts
2222 4380 2274 4431 in
2296 4377 2489 4441 Corb.,
2516 4378 2611 4430 hoc
2632 4375 2953 4429 mendacium
2980 4374 3222 4428 nominis.
3250 4373 3453 4428 Eodem
3480 4390 3597 4427 mo-

1997 4446 2068 4502 do
2085 4464 2205 4517 cap.
2228 4450 2353 4514 1η,
2379 4448 2466 4502 ubi
2488 4449 2538 4501 in
2564 4446 2857 4512 Hatnbnrg.
2883 4446 3077 4517 vitiose
3097 4446 3291 4509 legitur
3308 4448 3400 4517 sub
3424 4442 3596 4499 Heber

2001 4515 2177 4572 sancto
2204 4536 2317 4589 qua!
2344 4525 2793 4589 ttongconsenserat
2822 4515 3157 4584 mdiﬁcationi
3202 4516 3359 4570 turris
3379 4557 3394 4580 ,
3438 4530 3598 4585 repo—

2004 4587 2244 4645 nendum
2264 4632 2277 4651 ,
2302 4589 2392 4643 sub
2419 4587 2589 4642 (leber
2602 4596 2781 4641 sancto
2801 4589 2888 4654 qui
2918 4604 3019 4640 non
3040 4596 3393 4651 consenserat,
3426 4598 3481 4640 ttt
3513 4599 3600 4643 est

2002 4661 2053 4714 in
2068 4659 2231 4715 Corb.
2251 4675 2350 4713 ms.
2369 4669 2420 4713 et
2436 4659 2491 4713 in
2508 4658 2840 4713 editiouibus
2860 4660 3179 4721 Hasileensi,
3199 4668 3251 4713 et
3269 4658 3596 4727 Lugdunen—

2001 4730 2068 4785 si.
2095 4731 2286 4785 Mirum
2316 4730 2482 4785 videri
2524 4730 2713 4800 possit.
2739 4744 2934 4799 magno
2956 4729 3226 4785 Bocltartu
3246 4747 3351 4783 non
3378 4732 3595 4787 venisse

2002 4802 2053 4856 in
2078 4811 2312 4856 mentem
2336 4801 2498 4871 hujus
2522 4801 2649 4865 loci,
2673 4802 2725 4855 in
2746 4816 2853 4870 quo
2883 4800 3205 4856 Philastrius
3229 4801 3598 4856 diserteailir-

2003 4885 2110 4927 mat
2130 4873 2395 4928 Heberum
2424 4887 2528 4927 non
2551 4877 2894 4928 consensisse
2916 4872 3256 4926 mdtlicationi
3287 4871 3470 4938 turris,
3504 4872 3597 4929 ubi

2001 4944 2141 4998 idem
2165 4954 2220 5000 et
2247 4945 2365 5013 ipse
2393 4944 2553 5000 docet
2581 4959 2598 4999 ι
2630 4943 2856 5013 Phaleg.
2892 4942 2979 4997 10.
3013 4940 3216 4998 Confer
3243 4944 3471 5013 August.
3504 4960 3595 5000 xvt

2000 5016 2068 5069 de
2096 5014 2215 5069 Civ.
2236 5017 2325 5076 11.
2358 5015 2540 5085 ibique
2569 5014 2897 5070 Ludovicum
2924 5013 3105 5085 Vives,
3133 5028 3197 5069 ac
3225 5027 3509 5084 prteterea,
3549 5017 3599 5071 si

2001 5088 2198 5153 placet.
2251 5083 2898 5157 Stepha‘numAMoriuum
2948 5083 3189 5140 Exercit.
3228 5083 3316 5141 de
3370 5085 3596 5156 Linguis

2038 5175 2117 5212 ar.
2152 5174 2191 5223 ι,
2235 5155 2362 5221 cap.
2396 5158 2452 5220 8,
2498 5172 2548 5225 p.
2583 5155 2654 5210 41»
2682 5171 2858 5225 seqq.,
2891 5157 3138 5223 quamvis
3169 5166 3359 5212 contra
3394 5155 3595 5212 sentiat

2027 5229 2227 5283 Iuctius
2268 5228 2581 5282 Demonstr.
2624 5228 2829 5296 Evaug.
2881 5241 3097 5296 |tI'OpOS.
3147 5226 3204 5293 4,
3254 5245 3306 5297 p.
3339 5228 3428 5283 68.
3478 5228 3591 5284 Hoc

1998 5300 2139 5355 idem
2162 5299 2488 5354 Pliilastrius
2515 5298 2728 5352 dixerat
2758 5313 2919 5368 supra
2967 5314 3088 5368 cap.
3136 5299 3261 5355 105.
3304 5298 3587 5355 ϐΑιεΑιω.

2074 5370 2091 5408 ι
2138 5369 2221 5425 Ea:
2245 5387 2363 5442 rege
2393 5368 2625 5442 Pagano.
2660 5368 2848 5425 IIellen
2889 5370 3228 5442 Deucalionis
3274 5382 3328 5425 et
3370 5370 3592 5442 Pyrrha:

2000 5441 2165 5507 ﬁlius,
2216 5452 2274 5494 ut
2322 5440 2710 5513 Thucydides:
2742 5440 3126 5513 Apollodorus,
3170 5441 3384 5506 Strabo,
3416 5440 3589 5497 Euse-

1996 5514 2118 5569 bius
2165 5510 2526 5568 consentiunt.
2558 5511 2640 5567 Ab
2669 5510 2893 5567 Hellene
2941 5512 3043 5567 hoc
3088 5510 3338 5575 Ἓλληνες.
3389 5513 3592 5567 Confer

1997 5584 2210 5641 Erasmi
2241 5582 2474 5649 Vindigii
2505 5583 2700 5638 librum
2731 5586 2819 5653 qui
2850 5582 3160 5639 inscribitur
3189 5584 3401 5649 Hellen,
3442 5592 3591 5640 tomo

1999 5657 2287 5711 undecimo
2325 5655 2586 5709 Thesauri
2620 5654 2868 5725 antiquit.
2894 5653 3206 5711 Graecarum
3258 5653 3593 5711 Gronoviani

1998 5743 2051 5798 p.
2088 5726 2214 5789 52L
2255 5739 2307 5781 et
2339 5726 2664 5781 Salmasium
2702 5726 2769 5780 de
2820 5725 3169 5783 Hellenistiea
3211 5744 3301 5852 p.F
3323 5727 3439 5811 548⁴
3468 5740 3583 5795 seq.

3308 5812 3476 5852 ABBIC.

3308 5812 3476 5856 ABBIC.
