4052 6192
357 237 488 294 HM

461 355 693 415 CXVIII.
723 356 1044 414 IUERESIS
1082 352 1363 415 CULPAM
1403 357 1734 415 FILIORUM
1776 360 1840 415 IN

663 450 1032 507 PARENTES
1069 449 1649 508 TIIANSFUNDENS.

428 546 525 601 Est
549 544 797 609 bmresis,
816 559 937 615 qute
974 554 997 582 ³
1025 545 1077 599 in
1105 544 1293 599 Exodo
1314 559 1437 600 cum
1457 545 1613 600 audit
1642 545 1787 616 quod
1816 546 1950 603 Mosi
1992 528 1994 531 9

354 640 655 697 occurrerit
701 639 925 708 angelus
966 638 1020 694 in
1068 638 1377 695 diversorio
1427 640 1515 695 ubi
1557 640 1948 711 applicaverat,

354 749 586 803 eumque
613 733 779 789 vellet
824 733 1161 799 interﬁcere,
1203 749 1309 787 non
1350 733 1469 804 ejus
1492 732 1662 788 filium
1691 736 1782 806 qui
1814 750 1951 790 non-

352 826 482 882 dum
514 826 686 882 fuerat
716 825 1105 891 circumcisus;
1150 842 1257 881 non
1290 841 1514 897 parvum
1562 828 1689 883 hinc
1728 828 1829 884 sibi
1859 844 1950 883 as-

354 924 521 977 sumit
549 921 886 977 scandalum.
937 920 995 979 Si
1026 922 1173 977 enim
1216 930 1271 975 et
1318 922 1389 976 ita
1436 922 1555 991 quis
1580 921 1697 976 vult
1724 925 1949 989 sentire,

355 1017 500 1087 quod
530 1016 705 1071 minas
759 1015 841 1071 eis
872 1014 1130 1070 tendebat
1166 1016 1425 1086 angelus,
1478 1017 1601 1086 quia
1661 1016 1950 1072 transactis

356 1107 547 1163 diebus
574 1107 817 1171 statutis,
852 1106 903 1162 id
931 1116 1016 1163 est
1045 1109 1061 1138 ί
1086 1117 1235 1173 octo,
1269 1107 1323 1162 in
1346 1123 1453 1178 quo
1493 1115 1813 1178 oportuerat
1838 1107 1948 1163 cir-

355 1200 589 1256 cumcidi
620 1200 943 1265 masculum,
968 1215 1076 1255 non
1131 1198 1413 1266 fecissent,
1462 1199 1667 1271 Deique
1712 1214 1952 1270 praecep-

357 1304 469 1349 tum
524 1294 594 1347 ita
637 1293 1099 1362 contempsissent
1130 1310 1142 1347 :
1170 1292 1401 1365 ideoque
1427 1294 1521 1348 ’in
1580 1308 1745 1364 parva
1789 1302 1951 1349 aetate

355 1389 775 1445 constitutorum
810 1387 968 1459 culpa
998 1388 1232 1443 ﬁliorum
1263 1402 1369 1443 non
1403 1400 1485 1444 est
1515 1387 1753 1450 illorum.
1779 1403 1951 1458 quan-

356 1491 467 1536 tum
500 1478 527 1517 δ
556 1490 839 1549 parentum
882 1494 1097 1543 eorum,
1128 1489 1187 1534 ut
1222 1481 1485 1551 scriptum
1513 1487 1617 1535 est.
1647 1480 1799 1536 Unde
1823 1494 1949 1535 cum

354 1575 704 1645 intelligeret,
728 1575 871 1645 quod
896 1574 1053 1644 culpa
1083 1584 1228 1630 esset
1258 1584 1547 1645 parentum
1577 1589 1683 1629 non
1703 1573 1945 1639 infantis,

353 1669 551 1735 statim,
600 1669 796 1738 inquit,
827 1680 848 1707 ο
874 1679 1083 1739 accepto
1138 1670 1339 1723 calculo
1375 1668 1697 1723 circumcidit
1729 1685 1948 1739 puerum

1594 238 1796 295 LIBER
1838 239 1925 295 DE
1968 239 2405 303 ILERESIBUS.

3512 254 3533 308 1
3544 252 3651 308 242

1975 374 2029 434 Α
2088 362 2279 419 CXIX.
2332 362 2647 421 IIIERESIS
2689 363 2775 421 DE
2814 363 3021 422 LIBRO
3059 364 3610 425 DEUTERONOMII.

2127 457 2263 511 Sunt
2294 457 2534 528 quidam,
2562 463 2652 528 qui
2693 458 2977 514 turbantur
3001 468 3025 504 Β
3054 458 3295 515 haeretici
3336 459 3404 515 de
3459 462 3650 519 Deute-

2055 550 2329 618 ronomio,
2390 552 2445 605 in
2498 566 2606 623 quo
2638 551 2814 607 Moses
2845 550 3017 607 llcum
3059 553 3237 607 exiret
3274 553 3343 609 de
3395 538 3649 625 corpore,

2057 643 2309 714 hancque
2338 644 2534 700 librum
2564 644 2939 702 conscriberet
2966 647 3035 701 de
3074 654 3307 715 quatuor
3353 646 3510 703 libris
3567 664 3654 704 re-

2056 734 2315 806 petendo,
2350 736 2401 791 in
2434 751 2543 807 quo
2570 737 2736 792 veluti
2767 736 2965 808 prioris
2994 737 3154 810 Legis
3176 737 3517 794 firmamenta
3548 739 3650 795 de-

2055 828 2322 895 ccrnit,i
2370 829 2683 901 Christique
2751 830 3028 887 carnalem
3082 831 3103 861 ³
3134 831 3482 902 praesentiam
3535 831 3654 903 plus

2053 930 2415 989 contestatur,
2443 936 2550 977 non
2598 937 2767 993 parvo
2796 924 3071 978 ducuntur
3110 938 3301 979 errore
3335 924 3496 979 aliter
3521 939 3648 980 sen-

2056 1019 2277 1074 tientes.
2308 1017 2329 1048 ¹⁶
2350 1016 2485 1073 Nam
2526 1018 2715 1087 quaein
2738 1017 2903 1087 Lege,
2936 1016 2989 1072 id
3015 1025 3102 1073 est
3130 1017 3183 1072 in
3221 1017 3435 1081 Exodo,
3468 1018 3643 1089 scrip.

2055 1118 2105 1165 ta
2133 1119 2281 1175 sunt,
2312 1108 2501 1165 eadem
2524 1120 2581 1164 et
2608 1109 2659 1163 in
2692 1108 2811 1179 ipso
2843 1108 2855 1159 i
2898 1108 3041 1164 libro
3062 1108 3441 1175 continentur;
3475 1111 3651 1165 solum

2055 1210 2237 1258 autem
2270 1202 2375 1257 boc
2396 1199 2614 1256 videtur
2640 1200 2763 1272 plus
2788 1199 2856 1255 ab
2882 1214 2949 1255 eo
2974 1200 3202 1265 dictum,
3234 1201 3360 1271 quia
3403 1200 3615 1256 addidit
3640 1220 3653 1255 :

2055 1294 2373 1366 Pr0phetam
2419 1295 2560 1350 vobis
2609 1293 2874 1349 suscitabit
2919 1292 3174 1347 Dominus
3226 1291 3364 1347 Deus
3391 1303 3556 1349 vester
3595 1294 3658 1349 de

2052 1392 2302 1463 fratribus
2334 1390 2544 1454 nostris,
2575 1388 2706 1443 sicut
2756 1403 2856 1452 me,
2887 1386 3108 1441 audietis
3134 1402 3251 1440 eum
3283 1384 3469 1458 (Deut.
3504 1401 3657 1451 mu,

2057 1487 2146 1552 15,
2184 1485 2300 1555 18);
2332 1486 2431 1540 erit
2477 1494 2650 1537 autem
2679 1484 2725 1537 si
2766 1483 2879 1551 quis
2905 1498 3021 1536 eum
3052 1498 3155 1536 non
3186 1482 3431 1549 audierit,
3465 1481 3660 1535 radici-

2050 1588 2135 1633 tus
2157 1576 2708 1647 eradicabitur(lbid.,
2746 1576 2857 1646 19).
2890 1575 3117 1645 Quidam
3145 1576 3289 1631 enim
3338 1585 3528 1646 putant
3547 1576 3568 1607 ⁸
3589 1574 3658 1631 de

2053 1671 2480 1727 Deuteronomio
2518 1669 2723 1725 dictum
2755 1669 2939 1735 abeo,
2960 1667 3108 1739 quod
3128 1677 3184 1722 et
3236 1670 3288 1722 in
3323 1666 3442 1738 ipso
3474 1667 3653 1739 (Deut.

352 1763 382 1840 εξ
408 1773 570 1818 mater
600 1765 733 1835 ejus,
767 1767 921 1837 cujus
947 1765 1059 1819 visu
1090 1765 1363 1835 sanguinis
1407 1765 1549 1819 illico
1583 1774 1605 1801 ο
1628 1765 1838 1819 recessit
1886 1765 1949 1818 ab
1980 1756 2027 1816 Β
2056 1781 2111 1831 v,
2142 1766 2210 1835 5)
2241 1764 2516 1832 acceperit
2550 1763 2601 1816 in
2629 1770 2815 1816 monte
2853 1761 3048 1816 iterum
3081 1759 3295 1815 tabulas
3320 1760 3661 1832 conscriptas

353 1856 531 1913 eodem
551 1858 767 1928 angelus
797 1856 996 1929 (Exod.
1019 1872 1095 1925 Iv,
1116 1856 1188 1913 25
1206 1901 1219 1925 ,
1241 1856 1358 1929 26),
1391 1859 1689 1927 mortisque
1731 1872 1947 1928 poenam

356 1965 517 2019 quam
550 1950 599 2005 ei
627 1949 940 2004 minabatur
967 1948 1190 2016 inferre,
1239 1950 1385 2005 omni
1423 1949 1583 2005 modo
1612 1956 1947 2005 removerat.

354 2042 471 2099 Non
500 2042 644 2097 enim
668 2041 843 2097 Moses
872 2042 923 2096 in
951 2041 1043 2096 illa
1065 2043 1197 2097 hora
1220 2042 1551 2113 dignoscitur
1568 2042 1946 2109 circumcisus,

357 2132 378 2173 ί
412 2136 548 2189 sicut
574 2133 795 2205 quidam
842 2135 1167 2204 opinantur,
1206 2136 1303 2191 sed
1348 2138 1488 2191 (ilius
1523 2137 1692 2206 ipsius
1723 2147 1805 2192 εει
1846 2138 1950 2191 cir-

354 2226 661 2292 cumcisus;
686 2227 813 2297 quia
852 2227 997 2297 quod
1027 2236 1155 2283 ante
1195 2228 1297 2284 sub
1340 2228 1670 2284 Patriarchis
1712 2238 1766 2285 et
1809 2229 1951 2300 Lege

348 2318 665 2388 jubebatur,
720 2318 874 2374 tardo
915 2335 1124 2390 opere,
1178 2337 1283 2376 non
1330 2323 1502 2379 veloci
1555 2322 1880 2393 implebatur
1921 2338 1952 2377 a

354 2412 577 2482 populo,
607 2422 704 2468 aut
729 2414 1044 2484 parentibus
1074 2418 1456 2486 quorumdam,
1484 2425 1541 2472 ut
1576 2417 1839 2486 scriptum
1870 2425 1956 2471 est

353 2506 490 2579 (los.
519 2523 574 2577 ν,
597 2508 651 2576 5,
684 2507 763 2578 7).

2058 1856 2322 1927 lapideas,
2353 1871 2476 1910 cum
2508 1855 2563 1909 in
2617 1854 2806 1909 Exodo
2833 1853 2916 1909 bis
2949 1850 3149 1924 (Exod.
3182 1868 3331 1919 xxrv,
3372 1852 3487 1919 12);
3532 1867 3661 1924 cog-

2058 1949 2301 2004 noscitur
2345 1949 2649 2018 accepisse,
2698 1955 2860 2018 atque
2914 1946 2966 2000 in
3025 1956 3267 2001 montem
3323 1945 3659 2001 ascendisse.

2061 2043 2083 2079 ¹ί
2115 2042 2364 2097 Rationis
2388 2041 2695 2110 estitaque,
2729 2048 2787 2092 ut
2813 2038 2959 2109 quod
2988 2038 3007 2076 ι
3040 2038 3198 2110 Legis
3216 2048 3271 2094 et
3296 2038 3487 2107 gratia:
3517 2048 3654 2106 crat,

2059 2136 2500 2191 manifestaretur
2548 2134 2618 2188 de
2667 2132 2881 2188 Christo
2934 2130 3204 2196 Domino;
3234 2140 3273 2166 ιη
3306 2141 3364 2184 ut
3407 2129 3553 2200 quod
3601 2131 3656 2185 in

2058 2229 2201 2299 Lege
2234 2244 2329 2298 per
2378 2228 2621 2281 umbram
2672 2226 3003 2291 celebratur,
3035 2226 3057 2255 ⁸
3086 2225 3139 2280 in
3181 2223 3404 2279 Christo
3454 2224 3669 2280 carnali

2062 2321 2351 2393 praesentia
2380 2319 2573 2375 diffusa
2597 2318 2809 2375 ctelesri
2834 2318 3005 2387 gratia
3038 2333 3106 2373 ex
3136 2314 3490 2372 credentibus
3522 2331 3662 2370 nun-

2063 2416 2314 2479 tiaretur,
2360 2414 2646 2484 ipsumque
2693 2412 2745 2466 in
2803 2411 2940 2467 libro
2994 2410 3363 2481 conscriptum
3412 2407 3663 2465 omnibus

2064 2507 2209 2563 velut
2238 2506 2549 2563 testimonio
2571 2505 2898 2561 traderetur.

1215 2686 1374 2744 COD.
1415 2686 1528 2743 MS.
1569 2684 1921 2745 SANGERM.
1963 2683 2351 2744 LECTIONES
2390 2683 2814 2741 VARIANTES.

418 2829 434 2858 ι
472 2832 596 2885 octo,
624 2826 674 2875 in
697 2837 795 2889 quo
819 2831 990 2878 octavo
1014 2830 1301 2889 Oportuerat

417 2892 438 2921 ¹
476 2891 524 2939 in
549 2891 653 2952 pari
676 2896 827 2939 astate

422 2954 441 2983 ³
475 2953 792 3017 praesentiam
814 2958 1121 3005 contestatur

2119 2825 2142 2856 δ
2175 2823 2395 2889 Namque
2419 2826 2532 2874 in...
2554 2822 2728 2873 Exodo
2750 2834 2862 2885 quae
2886 2826 3004 2871 ante
3024 2822 3209 2885 scripta
3232 2828 3347 2871 sunt

2117 2890 2138 2920 tl
2174 2896 2342 2920 mnam
2368 2886 2808 2920 “nistnrnnnminm

2120 2890 2138 2920 ⁵
2174 2886 2346 2950 putarit
2368 2886 2808 2937 Deuteronomium

2120 2950 2141 2980 ⁸
2174 2952 2227 3001 in
2250 2949 2492 3002 Christi...
2518 2948 2741 3000 cretestis
2766 2949 2992 3011 gratia...
3019 2948 3224 3010 ipsoque

1460 3119 1756 3177 FABRICII
1795 3119 1884 3176 ET
1923 3115 2283 3176 GALEARDI
2322 3115 2557 3173 NOTAE.

430 3282 452 3310 ο
488 3272 555 3327 1η
585 3269 792 3326 Exodo.
825 3285 904 3335 iv,
933 3268 1029 3333 24,
1064 3267 1132 3322 ad
1159 3281 1319 3337 quem
1352 3265 1531 3321 locum
1563 3276 1761 3337 prmter
1790 3264 1958 3337 inter-
1985 3261 2029 3325 C
2065 3261 2215 3337 hisce
2234 3260 2531 3337 anouymis
2563 3258 2844 3337 rejectum
2860 3257 3028 3312 fuisse
3058 3253 3564 3337 Deuteronomium,
3587 3269 3663 3337 _eo

360 3354 541 3415 pretes
590 3341 923 3415 conferenda
968 3335 1246 3415 est_.loau.
1292 3336 1659 3415 Frischmuthi
1699 3335 1954 3415 diantriba,

358 3408 414 3472 et
452 3416 811 3485 Vesperarum
859 3411 1399 3469 Gorinchemensium
1451 3418 1639 3533 auctgr
1682 3424 1736 3475 p.
1769 3408 1803 3461 5
1833 3421 1953 3475 seq.

1622 3492 1797 3533 ABBIC.

1622 3492 1797 3533 ABBIC.

430 3558 455 3597 δ
488 3557 774 3613 Parentum
826 3571 1019 3621 eorum,
1070 3566 1126 3609 ut
1156 3556 1408 3624 scriptum
1455 3562 1550 3606 est.
1619 3550 1958 3624 Exscinden-

356 3631 487 3685 dum
518 3629 771 3683 nimirum
804 3640 927 3681 csse
958 3618 1104 3687 eum,
1150 3627 1239 3695 qui
1265 3618 1434 3679 lilium
1459 3636 1615 3695 suum
1649 3629 1843 3673 octavo
1868 3618 1957 3673 die

359 3717 466 3758 non
496 3699 950 3757 circumcidisset.
1012 3691 1212 3753 Cenes.
1261 3709 1398 3760 xvu,
1430 3694 1518 3748 14.
1556 3691 1773 3746 FABRIC.

432 3784 455 3813 ο
485 3773 708 3841 Accepto
751 3769 953 3824 calculo
996 3768 1318 3823 circumcidit
1357 3759 1717 3841 puerum._Sic

358 3848 543 3920 ψῆφον,
570 3834 1024 3920 calculum,_quns
1072 3841 1122 3895 in
1158 3841 1257 3920 hac
1286 3834 1419 3892 voCe
1444 3835 1710 3920 feruntur
1740 3834 1955 3915 l’hilas-

358 3905 542 3983 tri—us,
582 3926 778 3972 caetera
839 3905 996 3967 aliter
1052 3911 1385 3980 exprimens.
1444 3907 1710 3963 Hebraira
1776 3905 1956 3983 versio

356 3974 582 4056 Pagniui
606 4029 619 4054 ,
648 3998 884 4057 petram;
917 3984 1075 4053 Vulg.
1098 3974 1516 4057 {acutissimam
1556 3989 1776 4047 petram.
1829 3974 1954 4057 ϐαιὴ

360 4053 539 4113 tellum
580 4053 838 4125 petrinum
890 4054 1291 4110 circumcisioni
1340 4053 1637 4125 adhibitum
1690 4055 1955 4125 memorat

357 4118 689 4201 Augusti-nus
717 4146 753 4184 ll
782 4130 849 4183 de
884 4127 1095 4182 Peccat.
1128 4128 1264 4201 orig.
1310 4134 1501 4201 coiitra
1533 4121 1808 4201 Pelagium
1860 4118 1951 4201 ὄρ,

357 4189 470 4256 non
510 4201 654 4271 quod
704 4203 1070 4255 necessarium
1122 4189 1283 4271 fuerit
1334 4196 1546 4271 potrino
1587 4192 1807 4246 cultello
1855 4189 1953 4267 uti,

356 4273 451 4327 sed
494 4267 768 4327 festinanti
829 4271 986 4325 matri
1016 4271 1138 4324 talis
1187 4268 1365 4321 culter
1413 4267 1646 4333 primum
1693 4271 1948 4323 occurrit,

356 4358 478 4399 cum
528 4343 647 4399 haec
689 4343 833 4397 circa
883 4342 1139 4398 Arabiam
1199 4339 1461 4393 Pctrzeam
1509 4345 1829 4406 agerentur,
1864 4333 1951 4385 ubi

358 4415 531 4485 major
564 4426 836 4484 petrarum
868 4428 1026 4480 quam
1054 4412 1202 4485 rlcr_ri
1236 4412 1390 4485 copia
1440 4420 1543 4485 est,
1597 4416 1652 4485 et
1698 4420 1865 4485 usus,
1896 4415 1956 4485 ut

360 4474 509 4542 rec'te
547 4474 791 4541 natatum
816 4500 846 4539 a
882 4474 1013 4553 Lap.
1051 4484 1102 4537 in
1138 4474 1321 4537 Exod.
1345 4496 1418 4542 rv,
1470 4478 1561 4553 25.
1597 4478 1672 4531 De
1721 4474 1952 4553 lapideis

358 4558 570 4622 cultris,
603 4567 709 4612 tam
756 4560 927 4609 sacris
954 4546 1114 4624 quam
1169 4553 1409 4624 prufaui§
1455 4546 1949 4624 usiliusadhibitis,

363 4631 512 4698 plura
543 4618 1044 4701 apudStephanntu
1071 4618 1338 4701 Morinuir.
1369 4622 1612 4701 Excutit.
1639 4620 1706 4673 de
1730 4618 1953 4687 Linguis

362 4694 499 4770 part.
527 4694 655 4758 nfc.
682 4700 735 4766 9,
762 4694 941 4767 p.988
964 4712 1115 4768 seqq.
1145 4695 1355 4770 Videsis
1379 4694 1712 4770 Muristerum
1737 4704 1953 4759 quinque

360 4763 423 4828 ac
447 4772 697 4828 Drusium
722 4763 782 4825 in
813 4763 1226 4825 Criticis'sacris
1253 4766 1367 4821 Jus.
1393 4782 1425 4819 ν
1444 4807 1459 4830 ,
1484 4765 1538 4817 2.
1566 4763 1842 4819 Gacesnn.

430 4843 455 4879 ιι
493 4843 661 4917 Mater
692 4846 825 4917 ejus.
859 4841 1106 4917 Sopho”!
1141 4855 1275 4917 uuur
1303 4836 1486 4917 Mosis.
1514 4834 1730 4888 FABRIC.

437 4926 459 4950 ⁸
496 4914 636 4969 LXX
662 4907 745 4970 κᾶἰ
770 4915 984 4973 ἀπῆλθεν
1015 4912 1105 4967 ἀπ’
1134 4912 1312 4965 αὐτοῦ.
1349 4907 1567 4961 FABnlc.

442 4982 459 5021 τ
496 4985 642 5039 Sicut
688 4988 900 5056 quidam
956 4985 1272 5056 opinatttur._
1319 4980 1409 5056 Est
1437 4979 1580 5056 llaec.
1617 4976 1779 5030 etiam
1838 4988 1960 5056 seu:

364 5056 528 5111 tentia
582 5045 780 5110 eruditi
833 5056 930 5109 viri
979 5045 1274 5109 Ilermanui
1332 5052 1401 5104 ab
1437 5047 1630 5110 Hardt,
1681 5061 1865 5116 quem,
1898 5045 1957 5112 {si

369 5128 563 5198 placet,
596 5127 717 5198 v_ide
743 5128 793 5179 in
827 5127 965 5181 libro
997 5127 1065 5181 de
1082 5120 1502 5179 circumcisioue
1535 5117 1845 5173 Judmoruur
1873 5131 1963 5169 ca—

367 5196 476 5271 pite
606 5196 821 5271 Fannia.

440 5278 463 5316 ε
496 5266 744 5322 Ηηρνειὶεἱ
786 5266 848 5319 de
896 5264 1314 5321 Deuteronomio.
1366 5264 1667 5319 Obscurum
1712 5268 1797 5314 cst
1835 5260 1963 5327 quid

368 5344 467 5397 hac
516 5340 709 5395 incresi
769 5337 869 5391 sibi
919 5337 1051 5391 velit
1106 5337 1445 5402 Pbilastrius,
1487 5334 1593 5388 nisi
1646 5331 1782 5386 forte
1830 5330 1957 5385 illud

366 5414 507 5485 quod
539 5410 845 5485 erraverint
888 5409 979 5479 qui
1022 5407 1401 5485 existimarunt
1446 5407 1498 5462 iu
1532 5404 1960 5485 Deuteronomio

368 5475 476 5540 rion
506 5484 675 5552 repeti
705 5475 1059 5548 cadem—qua:
1100 5480 1471 5552 superioribus
1507 5475 1959 5552 _qu:i_t‘uor.libris

368 5546 582 5625 scripta
599 5554 837 5625 iurarunt,
866 5546 1294 5625 sed__tradi_}_|uaa
1338 5559 1461 5625 post
1504 5546 1594 5603 illa
1621 5546 1961 5625 Moysiacci-

368 5617 597 5683 disserit.
630 5622 850 5678 Fanmc.
882 5619 1201 5676 -Ηωνειίσί
1236 5620 1300 5674 de
1339 5617 1758 5674 Deuteronomio.
1795 5617 1954 5671 Vide.

372 5711 456 5764 tur
485 5695 733 5751 Fabricio
755 5695 1043 5749 obscurum
1068 5692 1195 5764 quid
1222 5692 1324 5746 sibi
1375 5693 1475 5749 hac
1504 5690 1696 5764 haeresi
1731 5690 1963 5764 voluerit

374 5759 717 5831 Philastrius,
773 5781 893 5821 cum
944 5758 1102 5819 sati‘s'
1123 5774 1306 5835 aperte
1335 5763 1553 5827 innuat,
1586 5763 1655 5817 ab
1687 5758 1961 5818 haereticis

2063 3332 2205 3402 quod
2234 3325 2411 3385 Moses
2439 3332 2490 3402 iu
2543 3325 2844 3383 eovChrtsti
2889 3328 3153 3402 carnalem
3182 3325 3513 3402 prtesentiam
3542 3327 3665 3402 plus

2062 3397 2419 3478 iantestatur;
2448 3401 2580 3455 dicit
2627 3403 2771 3454 enim
2801 3414 2927 3478 mort
2987 3397 3128 3478 quod
3192 3398 3381 3450 eadem
3434 3411 3581 3478 qua
3610 3398 3663 3451 in

2062 3473 2258 3528 Exodo
2310 3473 2511 3541 scripta
2580 3479 2739 3536 sunt,
2801 3472 2853 3524 in
2906 3472 3021 3539 ipso
3061 3467 3470 3541 Deuteronomii
3528 3467 3665 3541 libro

2061 3537 2435 3607 continentur,
2465 3542 2634 3596 solum
2664 3552 2835 3595 autem
2860 3537 2955 3595 hoc
2994 3541 3198 3593 videtur
3229 3541 3346 3603 plus
3377 3537 3438 3590 ab
3467 3554 3525 3591 eo
3554 3539 3664 3592 dic-

2061 3627 2168 3671 tum
2196 3616 2319 3679 quia
2344 3613 2548 3667 addidit
2572 3630 2587 3667 :
2616 3611 2939 3679 PrOphetam
2968 3613 3107 3665 vobis
3161 3609 3430 3663 suscitabit
3482 3607 3666 3662 Domi—

2061 3631 2168 3671 tum
2233 3631 2319 3669 uia
2344 3631 2587 3667 aaatau:
2616 3631 2939 3679 rropnetam
2968 3631 3107 3665 voms
3161 3631 3429 3663 suscuauu
3482 3631 3661 3662 uomi-

2061 3704 2156 3741 nus
2189 3631 2331 3739 Deus
2352 3696 2515 3739 vester
2544 3686 2606 3738 de
2627 3685 2874 3752 fratribus
2902 3684 3128 3747 nostris;
3151 3680 3350 3752 deinde
3380 3680 3661 3734 coricludit

2060 3759 2394 3813 conveniens
2429 3749 2691 3819 fuisse,'ut
2713 3756 2851 3820 quod
2882 3754 3031 3822 Legis
3073 3763 3120 3807 et
3144 3749 3342 3806 Gratia:
3370 3760 3479 3804 erat
3503 3792 3518 3815 ,
3556 3768 3664 3803 ma-

2060 3831 2390 3898 nifestaretur
2445 3829 2509 3879 de
2566 3825 2772 3898 Christo
2832 3825 3088 3898 Domino,
3147 3822 3465 3898 ipsoqttedin
3534 3822 3666 3898 libro

2826 3892 3175 3963 conscriptum
3233 3892 3471 3947 omnibus
3526 3894 3664 3946 velut

2061 3896 2491 3975 (Deuteronomii
2538 3896 2772 4023 sciliceg

2061 3973 2352 4023 testimonio
2381 3968 2687 4023 traderetur.

2773 3983 2837 4022 oc
2869 3983 3032 4035 porro
3062 3967 3408 4022 referendum
3435 3966 3665 4018 fortasse

2060 3968 2352 4027 testimonio
2381 3968 2687 4023 traderetur.

2060 4045 2124 4097 ad
2153 4044 2548 4105 Samaritanos,
2579 4056 2716 4110 quos
2746 4038 2958 4095 dixerat
2984 4054 3171 4110 supra,
3199 4054 3320 4107 cap.
3346 4038 3666 4110 7,__quatuor

2059 4125 2262 4169 tantum
2300 4111 2468 4183 Moysi
2494 4106 2972 4183 libr—osgrecipere;
3006 4106 3128 4165 nam
3162 4120 3214 4163 et
3260 4106 3360 4183 ipsi
3384 4106 3662 4183 Christum

2058 4187 2348 4239 Dominum
2388 4176 2463 4237 uti
2519 4182 2615 4238 Dei
2664 4176 2860 4237 Frliuin
2906 4197 3012 4235 non
3056 4176 3472 4247 exspectabant,
3517 4176 3661 4247 quod

2060 4257 2384 4312 Pbilastrius
2416 4256 2619 4310 ibidem
2652 4265 2883 4307 testatur
2914 4270 2925 4305 :
2956 4246 3220 4306 Christum
3254 4248 3536 4302 Dominum
3569 4246 3664 4301 Dei

2059 4328 2255 4383 Filium
2312 4330 2365 4380 in
2396 4327 2534 4396 Lege
2588 4334 2633 4377 et
2694 4322 2969 4391 Prophetis
3016 4325 3309 4376 nuntiatum
3361 4330 3504 4385 ante,
3559 4334 3662 4371 non

2058 4402 2341 4457 credentes.
2375 4396 2654 4453 Caunum.

2132 4470 2157 4508 ιι
2190 4470 2317 4527 Cant
2364 4470 2522 4523 exiret
2565 4469 2629 4521 de
2669 4481 2905 4536 corpore.
2957 4464 3075 4521 Non
3117 4463 3210 4519 diu
3257 4470 3385 4587 aFnte
3429 4460 3659 4516 obitum.

3318 4546 3495 4587 snnrc.

3318 4546 3470 4587 ABRIC
3483 4572 3495 4585 .

2139 4614 2149 4649 ί
2189 4611 2382 4668 Christi
2409 4610 2666 4663 carnalem
2687 4610 3035 4679 pra’seutiam.
3068 4607 3257 4663 Verbis
3283 4619 3404 4676 qua:
3434 4619 3560 4659 mox
3594 4619 3660 4658 ex

1984 4651 2033 4712 υ
2063 4687 2219 4740 Deut.
2256 4697 2384 4736 xvm
2413 4651 2775 4736 adducuutrt’tr.
2812 4680 3031 4735 FABRIC.

2138 4756 2151 4806 i
2194 4754 2260 4808 In
2281 4756 2395 4821 ipso
2416 4752 2567 4807 libro.
2598 4752 3046 4807 Deuteronomio.
3082 4750 3299 4806 Fanmc.

2138 4825 2163 4863 κ
2205 4817 2441 4896 Rationis
2474 4836 2544 4879 est
2573 4825 2761 4896 itaque.
2794 4826 2884 4880 Sic
2917 4839 3035 4896 cap.
3070 4822 3170 4889 98,
3218 4820 3414 4875 nullius
3449 4817 3667 4871 rationis

2064 4902 2254 4966 itaque.
2287 4895 2506 4950 FABRIC.

2146 4964 2160 5007 ί
2211 4969 2359 5039 Legis
2385 4980 2432 5022 et
2459 4967 2661 5039 gratiae.
2685 4967 2856 5038 Supra
2885 4983 3004 5034 cap.
3034 4964 3157 5020 109.
3190 4964 3410 5039 Fannia.

2143 5053 2182 5078 η’
2227 5030 2305 5096 Ut
2324 5030 2543 5110 quodviu
2586 5037 2717 5108 Lege
2764 5030 2851 5106 per
2894 5030 3125 5093 umbram
3150 5038 3455 5110 celebratur.
3490 5030 3669 5110 Locus

2075 5116 2160 5170 hic
2199 5103 2514 5168 salclirosus
2555 5122 2609 5163 et
2654 5103 2948 5179 impeditus
3000 5110 3132 5163 vitio
3166 5106 3512 5162 librariorqu
3564 5103 3665 5179 line

2072 5187 2233 5240 modo
2265 5183 2477 5235 videtur
2506 5174 2907 5246 restitue—udus;
2952 5198 3074 5235 nam
3121 5181 3353 5248 primum
3387 5192 3484 5245 pro
3527 5174 3660 5248 cete.

2071 5258 2283 5320 bratur,
2318 5256 2458 5321 quod
2504 5261 2600 5324 est;
2630 5253 2684 5324 in
2734 5244 3029 5324 llarnburg.
3060 5244 3303 5306 etl'itiOne
3329 5291 3342 5312 ,
3373 5244 3661 5324 lugendum

2072 5316 2426 5382 celebrabatur
2451 5363 2465 5388 ,
2502 5333 2556 5375 ut
2589 5322 2754 5377 habet
2779 5323 2943 5378 Corb.
2966 5316 3116 5384 an,
3146 5324 3384 5389 itemque
3415 5316 3578 5373 Dasil.
3612 5324 3665 5369 et

2062 5399 2313 5461 Lugdun.
2348 5395 2551 5459 editio;
2582 5394 2782 5450 deinde
2813 5411 2911 5466 pro
2952 5398 3005 5450 in
3035 5395 3240 5449 Christo
3270 5402 3326 5466 et
3352 5391 3621 5466 ipsumque
3647 5428 3662 5446 .

2063 5470 2207 5543 quod
2238 5466 2538 5543 praeferunt
2568 5475 2679 5543 tres
2700 5461 2995 5543 glutinatis,
3020 5482 3087 5522 ex
3130 5482 3258 5543 III-5...
3292 5465 3342 5516 in
3374 5461 3663 5543 Christonet

2064 5529 2318 5616 ipsoque;
2366 5541 2437 5616 ita
2487 5536 2628 5616 ut_fit
2660 5558 2672 5593 :
2710 5529 2777 5616 In
2807 5529 2997 5616 Christi
3023 5537 3221 5616 carnali
3252 5532 3526 5616 praseutia
3555 5529 3661 5612 dif-

2065 5600 2591 5687 fusn'ctelestigratia
2619 5612 2941 5687 credentibus
2968 5600 3291 5687 nuntiaretur
3318 5647 3331 5669 ,
3372 5606 3587 5687 ipsoque
3606 5600 3660 5653 in

2063 5677 2193 5744 libro
2220 5677 2567 5750 conscriptum
2595 5683 2830 5737 omnibus
2856 5684 2991 5737 velut
3033 5679 3321 5805 testimogio
3349 5677 3656 5729 traderetun

3284 5759 3512 5803 ALEARD.

3284 5759 3512 5803 ALEARD.
