4052 6192
384 195 526 256 1Ξ47
1676 191 1923 249 SANCTI
1963 190 2063 248 PH]

2138 190 2357 249 ιδτιιιι
3575 183 3606 237 1
3624 182 3744 271 248

382 330 664 385 emanare,
691 322 858 388 atque
886 314 1015 372 inde
1045 320 1331 370 sumentes
1353 313 1521 384 graeci
1549 309 1983 382 historiographi
2012 318 2063 379 Α
2088 306 2214 362 loco
2234 305 2506 362 interdum
2540 302 2756 359 modico
2782 342 2798 369 ,
2859 301 2992 357 illud
3040 309 3226 357 autem
3283 299 3563 356 diluvium
3615 307 3643 346 ε
3676 298 3744 352 in

384 410 494 467 duo
515 420 608 465 aut
626 420 738 466 tres
756 410 981 465 diversa
1006 407 1159 464 velut
1183 408 1513 463 monimenta
1545 406 1987 474 eouscribenles,
2095 402 2243 458 omni
2275 400 2713 483 szec’iilo‘lactum
2739 406 2822 453 est
2842 437 2858 465 ,
2891 394 2916 433 ιι
2947 396 3088 452 sicut
3118 402 3175 448 et
3206 409 3399 450 eorum
3428 394 3745 463 Scriptura

389 513 417 541 ει
437 502 901 574 temporalitatem
928 516 1052 557 cum
1082 517 1234 557 suam
1258 500 1445 557 volunt
1473 500 1805 557 obumbrare
1830 472 1994 571 atque
2098 483 2338 531 ῑθδιδιιιν
2362 472 2687 529 Gellium!“-

388 599 763 666 abscondere,
799 613 827 651 a
880 597 995 653 suis
1045 597 1276 654 testibus
1317 596 1722 653 mendacissimi
1764 596 1993 667 iudicati
2251 586 2488 646 CXXIII.
2519 585 2849 643 llERESIS
2890 583 2980 639 DE
3020 582 3246 640 SIGNIS
3295 579 3586 638 ZODIACI

391 702 709 763 suntatque
734 691 1098 761 comprobati.
1152 691 1287 746 Cum
1316 691 1464 746 enim
1507 691 1897 761 quinquaginta
1925 688 1996 744 de
2558 680 2648 738 ET
2686 679 2873 737 ORTU
2918 676 3263 735 HOMINUM.

390 785 885 856 ipsisconsentiunt
909 784 979 840 de
1003 785 1328 855 antiquitate
1352 793 1571 851 nostra,
1599 783 1652 838 id
1678 794 1760 839 est
1785 781 1995 848 Graeci,
2173 800 2294 857 Alia
2330 807 2413 855 εει
2442 797 2690 863 νικηθείς,
2721 810 2843 866 qum
2872 793 3008 848 dicit
3042 792 3059 829 ἰ
3094 790 3397 847 secundum
3429 787 3748 844 duodecim

394 878 658 949 .‘Egyptii,
683 878 921 935 Chaldaei
944 922 959 946 ,
990 879 1147 951 Syri,
1180 878 1288 934 duo
1318 889 1499 933 autem
1528 890 1619 933 aut
1650 888 1759 933 tres
1782 878 1999 933 dissen-

2173 892 2421 963 Zodiacii
2440 890 2775 963 signa.nasci
2810 888 3062 944 homines
3086 930 3100 953 ,
3134 887 3276 941 sicut
3308 887 3321 935 i
3358 884 3749 940 Mathematici

394 972 576 1027 tiuut:
618 971 819 1041 justius
864 984 950 1026 est
1000 972 1192 1027 multis
1230 973 1662 1027 consonantibus
1693 971 1745 1025 in
1791 987 1995 1036 unum,

2148 990 2179 1043 li
2209 988 2487 1042 vanissimi
2515 1028 2530 1053 ,
2566 985 2839 1052 totiusque
2873 981 3084 1037 erroris
3129 988 3183 1035 et
3221 979 3451 1035 sceleris
3480 987 3749 1033 asserto-

397 1079 557 1133 quam
571 1063 785 1120 duobus
806 1076 899 1119 aut
924 1065 1099 1120 tribus
1112 1064 1525 1119 dissonantibus
1540 1064 2000 1135 bistOriographis

2138 1096 2192 1135 es
2222 1098 2233 1133 :
2283 1079 2507 1148 hcccque
2534 1076 2823 1130 audientes
2852 1072 3125 1129 interdum
3170 1070 3377 1126 indocti
3403 1085 3574 1141 quam
3621 1068 3745 1138 plu-

396 1157 751 1227 acquiescere
772 1198 788 1223 ,
816 1158 943 1228 quia
976 1158 1131 1213 multi
1153 1157 1230 1212 illi
1255 1157 1433 1215 verius
1482 1172 1645 1229 Quam
1685 1157 1794 1215 duo
1816 1158 2001 1214 edixe-

2138 1173 2230 1228 imi
2259 1171 2284 1209 ιί
2308 1174 2429 1241 lege
2460 1170 2555 1225 Dei
2595 1170 2820 1225 dimissa
2849 1208 2865 1233 ,
2900 1165 3407 1222 mathematicorum
3452 1162 3747 1219 inservire

404 1257 549 1303 wnl'
2112 1284 2219 1322 non
2267 1265 2516 1320 dubitant
2561 1262 2937 1317 vanitatibus:
2972 1258 3115 1315 unde
3145 1259 3450 1327 eompletur
3478 1258 3738 1326 Aposto-

659 1342 872 1398 Cxx'l-
924 1344 1012 1399 DE
1061 1343 1343 1402 DILUVIO
1382 1344 1719 1403 HERESIS-
2106 1361 2209 1415 lica
2234 1358 2504 1413 sententia
2532 1375 2544 1409 :
2577 1355 2861 1410 Coluerunt
2882 1362 2931 1408 et
2953 1353 3235 1407 servierunt
3267 1362 3521 1405 creatura?
3545 1352 3731 1421 potius

480 1434 621 1491 ‘Est
670 1445 725 1491 et
774 1436 1034 1505 haeresis.
1065 1453 1186 1507 quae
1211 1436 1520 1494 dicitbsub
1567 1436 1901 1493 Deucalione
1950 1445 2009 1493 et
2106 1470 2265 1523 quant
2288 1450 2521 1505 Creatori
2549 1445 2934 1521 (Rom.t,25).
2963 1445 3279 1501 Etiterum:
3318 1440 3507 1496 Videte
3532 1442 3747 1510 nequis

405 1528 613 1601 pi'l'l'ha
643 1531 905 1587 (mume
944 1529 1113 1587 Ῡυῖδδθ
1139 1533 1417 1604 antiquius
1441 1574 1456 1598 9
1490 1548 1654 1602 (illam
1684 1532 1827 1601 (111οά
1851 1533 1871 1562 ²
1903 1532 2005 1587 50b
2108 1559 2197 1597 vos
2226 1542 2451 1610 decipiat
2482 1557 2573 1610 per
2596 1536 2982 1609 pltilOSOphiam
3018 1544 3066 1589 et
3102 1536 3310 1588 inanem
3341 1533 3627 1603 fallaciam
3655 1549 3738 1586 se-

405 1620 519 1677 Noe
552 1623 751 1678 factum
786 1632 890 1677 est.
921 1622 1078 1691 Quod
1106 1625 1299 1694 pagani
1332 1624 1729 1680 transferentes
1784 1626 2007 1680 mutatis

2142 1636 2337 1689 undum
2359 1632 2375 1671 ι
2395 1637 2644 1688 elementa
2667 1631 2847 1685 mundi
2864 1671 2878 1696 ,
2927 1639 2976 1683 et
3002 1645 3103 1682 non
3123 1628 3405 1683 secundum
3427 1625 3748 1690 Christum;

406 1716 718 1771 nominibus
743 1716 910 1784 impio
937 1717 1122 1783 modo,
1155 1728 1212 1773 et
1253 1730 1274 1756 ε
1306 1733 1486 1773 arcam
1535 1720 1684 1775 velut
1714 1721 1767 1774 in
1798 1718 2009 1775 Graecia
2043 1740 2063 1800 ι

2138 1731 2357 1787 maniam
2376 1729 2426 1782 in
2453 1730 2563 1799 ipso
2589 1724 2788 1779 habitat
2808 1724 2975 1778 omnis
3002 1722 3267 1791 plenitudo
3293 1720 3593 1775 divinitatis
3621 1735 3743 1773 cor-

407 1809 576 1868 fuisse
609 1820 730 1882 post
756 1812 1019 1867 diluvium
1049 1823 1303 1869 asserunt
1332 1830 1346 1881 ;
1371 1824 1427 1868 et
1454 1812 1481 1850 ἀ
1513 1813 1656 1883 quod
1686 1822 1773 1869 est
1799 1822 2012 1884 tempo-

2138 1824 2367 1879 ioraliter
2414 1820 2650 1893 (Coloss.
2691 1835 2753 1885 ll,
2794 1818 2884 1888 8).
2916 1818 3060 1887 Ergo
3092 1818 3349 1887 ignorant
3369 1816 3519 1885 quod
3572 1810 3743 1867 ludia

407 1904 640 1960 ralitatis
669 1905 721 1959 in
747 1905 1055 1975 paganitate
1076 1905 1369 1961 vanissima
1392 1947 1407 1972 ,
1440 1906 1510 1959 ab
1539 1906 1618 1961 eis
1666 1907 1815 1961 velut
1865 1905 2011 1961 anti-

2139 1929 2217 1973 sta
2246 1916 2534 1972 duodecim
2554 1956 2569 1981 ,
2621 1929 2742 1984 quae
2772 1913 2840 1968 ab
2882 1912 2991 1966 illis
3021 1909 3298 1974 dicuntur,
3346 1907 3585 1963 diversa
3613 1916 3743 1961 sunt

411 2014 579 2071 quum
610 2012 735 2054 cum
759 2000 932 2053 multo
956 1998 1246 2054 mendacio
1276 1998 1628 2069 praedicatur.
1657 1998 1883 2070 thuod
1906 1997 2020 2054 [εκ-
2115 2010 2353 2076 climata,
2385 2008 2726 2075 diversaeque
2744 2004 3001 2074 regiones
3024 2003 3077 2057 in
3110 2002 3246 2057 orbe
3272 2010 3551 2055 terrarum
3573 2014 3607 2052 a
3634 1998 3743 2052 Deo

413 2102 527 2147 "Im
558 2101 645 2147 εει
670 2093 722 2146 in
739 2090 1019 2148 Thessalia
1038 2090 1162 2147 1000
1176 2091 1359 2159 δι’θνί,
1392 2094 1544 2149 vel“!
1568 2092 1769 2148 {aetum
1794 2093 2015 2164 ubique,
2117 2102 2395 2172 dispositae
2427 2111 2482 2154 ut
2508 2098 2903 2162 inhabitentur,
2937 2100 3292 2165 locorumque
3318 2107 3384 2149 ac
3415 2100 3742 2163 temporum

416 2184 469 2239 id
497 2193 583 2241 est
614 2185 633 2214 ³
681 2185 736 2239 in
770 2186 1006 2252 mundo,
1061 2201 1090 2240 a
1148 2185 1374 2257 paganis
1406 2186 1685 2244 l‘uracibus
1730 2190 2015 2247 edocetur.
2118 2196 2333 2251 diversa
2366 2204 2792 2264 temperamenta
2816 2200 3023 2246 statuta
3054 2192 3189 2256 sint,
3220 2195 3282 2243 ut
3315 2186 3572 2243 calidum
3600 2229 3617 2253 ,
3650 2186 3746 2241 1³τὶ-

420 2288 443 2314 “
471 2279 626 2347 Quod
659 2279 759 2336 fuit
787 2280 1005 2352 quidem
1058 2289 1180 2353 post
1234 2296 1411 2340 annos
1457 2283 1513 2338 in
1556 2283 1868 2353 Thessalia,
1914 2285 1933 2325 ί
1963 2289 2014 2343 in
2118 2288 2329 2360 gidum,
2359 2288 2596 2353 siccum,
2630 2295 2685 2341 et
2710 2284 3019 2353 humidum,
3053 2283 3074 2315 ⁵
3104 2289 3482 2353 utmquatuor
3510 2280 3745 2351 angulis

1278 2420 1434 2478 COD.
1477 2419 1592 2478 MS.
1633 2421 1981 2480 SANGERM.
2024 2422 2409 2499 LECTIONES
2448 2421 2865 2479 VARIANTES.

485 2539 501 2570 ¹
538 2537 743 2601 Aliaest
765 2536 1025 2601 hteresis...
1052 2536 1203 2587 tuisse
1227 2538 1617 2601 antiquissimum

482 2603 502 2631 '
536 2602 629 2650 sub
650 2598 757 2650 Noe
781 2601 927 2649 beato
948 2598 1131 2651 factum
1152 2606 1227 2650 est

442 2666 447 2669 '
486 2664 507 2695 ³
542 2665 591 2713 iu
615 2664 746 2713 omni
769 2663 952 2713 mundo

2184 2540 2207 2571 ἰ
2240 2537 2388 2589 Zodia
2414 2540 2547 2590 nasci
2569 2539 2798 2588 homines

2182 2603 2204 2634 ⁸
2232 2614 2261 2652 e
2286 2610 2497 2665 quatuor

1533 2746 1830 2804 FABRICII
1869 2747 1960 2804 ET
1999 2748 2357 2805 GALEABDI
2394 2747 2628 2805 ΝΟΤᾸΞ.

500 2874 526 2901 ει
566 2862 1036 2935 Temporalitatem.
1071 2862 1406 2919 Brevitatem
1456 2878 1552 2934 per
1583 2862 1728 2935 quod
1752 2863 2022 2920 duravere

428 2934 727 3003 temporis.
747 2934 967 2989 FABRIC.

500 3004 527 3044 ἲ)
552 3002 679 3061 διώ
701 3002 1020 3060 Deucalione
1048 3013 1094 3058 et
1124 3003 1355 3074 Pyrrha.
1388 3005 1497 3060 Res
1520 3005 1803 3060 decantata
1836 3016 2021 3074 poeta-

431 3093 573 3144 rum,
614 3085 669 3131 ct
696 3077 924 3148 aliorum
982 3076 1307 3145 scriptorum
1357 3078 1763 3148 monumentis.
1815 3078 1886 3132 de
1914 3094 2020 3148 qua

2127 2869 2466 2934 huroscnpus
2505 2864 2761 2919 thematis
2795 2863 3023 2919 natalitii
3058 2863 3110 2918 in
3142 2861 3371 2934 gradum
3417 2862 3568 2918 hunc
3596 2902 3615 2929 ,
3646 2863 3729 2917 vel

2126 2939 2277 2994 illum
2304 2938 2519 2992 Zodiaci
2543 2936 2815 2991 inciderit.
2839 2936 3119 3003 Praecipue
3142 2934 3423 2991 Pbilastrii
3451 2949 3571 2988 arvo
3599 2935 3733 2989 stel-

2126 3011 2300 3065 larum
2328 3007 2534 3064 viribus
2567 3009 2808 3078 humana
2831 3007 3053 3078 astringi
3102 3007 3469 3078 opinabantur
3502 3006 3730 3078 Priscil-

2126 3081 2377 3140 lianistaa.
2410 3091 2467 3133 ut
2499 3089 2713 3134 constat
2741 3094 2772 3133 e
2794 3077 2993 3133 Leonis
3016 3077 3200 3147 Magni
3223 3077 3455 3146 epistola
3485 3078 3550 3131 15
3578 3077 3723 3146 (95),

431 3148 812 3242 it‘oloyerbulm
856 3146 1080 3242 addere
1123 3157 1246 3242 post
1291 3162 1352 3201 ea
1383 3220 1394 3231 .
1424 3146 1723 3242 quze'mviriI
1935 3146 2019 3204 ad
2050 3178 2096 3242 Ο
2129 3152 2194 3242 ad
2217 3151 2535 3242 Τιιιῆῠὶιιιιιἐι
2549 3150 3283 3242 Ὲθριιιοη-Ξξεειιρᾴιιηιοκιι
3308 3148 3525 3242 Zodiaci
3545 3150 3723 3221 signa.

429 3220 677 3276 Ovidium
702 3236 719 3274 ι
749 3217 1169 3288 Metamorphos.
1202 3218 1525 3274 Franciscus
1543 3217 1822 3274 Blanchini
1858 3220 2027 3275 Veru-

430 3295 617 3347 Densis
640 3293 690 3345 in
709 3292 1081 3346 eruditissimo
1102 3305 1268 3361 opere
1290 3290 1433 3360 quod
1458 3291 1639 3345 italice
1668 3291 1840 3345 edidit
1869 3291 2024 3347 item.

436 3362 598 3428 1699,
614 3363 781 3429 in-AO,
799 3363 867 3418 de
880 3363 1116 3418 Historia
1140 3361 1394 3418 Veterum
1412 3362 1782 3417 monumentis
1804 3364 2026 3431 probata

432 3449 555 3504 cap.
607 3434 708 3499 17,
772 3450 823 3501 p.
873 3434 977 3489 187
1027 3448 1146 3503 seq.
1182 3476 1196 3499 ,
1251 3434 1509 3489 Octavius
1551 3433 1905 3489 Falconerius
1962 3435 2028 3490 de

436 3521 657 3559 nummo
688 3505 1016 3573 Apameensi
1037 3547 1051 3569 ,
1078 3514 1263 3576 typum
1287 3506 1473 3559 diluvii
1502 3505 1853 3560 Dettcalinnei
1879 3507 2030 3561 exhi-

436 3576 600 3631 bente
641 3576 801 3632 Rom.
832 3576 994 3642 1667,
1025 3586 1081 3630 et
1110 3590 1257 3631 tonio
1282 3592 1318 3630 ι
1345 3576 1611 3631 Thesauri
1643 3578 2029 3645 antiquitatum

433 3646 675 3703 Grzecar.
728 3647 1084 3703 Gronoviani.
1136 3649 1401 3717 Georgius
1435 3649 1559 3702 item
1608 3648 1947 3703 Scbubztrtus
1976 3652 2029 3703 in

436 3718 797 3773 Enarratione
848 3720 1131 3789 parergica
1178 3718 1690 3787 Metamorphoseos
1745 3720 2031 3775 Ovidiante

436 3789 507 3843 de
533 3790 742 3845 diluvio
772 3791 1121 3845 Deucalionis
1153 3792 1204 3843 in
1229 3790 1425 3845 eodem
1475 3801 1625 3844 tomn
1658 3808 1688 3844 χ
1718 3791 1881 3846 obvia
1909 3834 1923 3856 ,
1976 3803 2030 3845 et

438 3858 587 3914 lenae
616 3859 774 3923 1681,
797 3861 967 3924 in-4“,
988 3863 1279 3924 separatim
1300 3863 1351 3913 iu
1370 3864 1543 3915 lucem
1566 3861 1712 3916 data.
1736 3861 1955 3918 anntc.

516 3940 536 3965 ι’
563 3930 749 3983 Arcam
777 3931 912 3983 velut
936 3933 987 3982 in
1019 3929 1238 3984 Grteria.
1262 3931 1568 3986 Haerentem
1595 3934 1647 3986 in
1674 3947 1859 3989 monte
1904 3936 2033 3988 Par-

442 4015 626 4055 nasso.
679 3998 818 4055 Vide
888 4000 1234 4054 Plutarchum
1309 4001 1378 4054 de
1423 4004 1647 4058 solertia
1714 4005 2030 4059 animalium

440 4086 496 4143 p.
528 4070 656 4141 968,
686 4071 987 4127 Lttcianum
1034 4070 1103 4126 de
1152 4072 1262 4126 Dea
1294 4070 1452 4143 Syria
1494 4084 1626 4127 tom.
1670 4090 1756 4197 lii,
1803 4092 1855 4142 p.
1903 4076 2029 4131 661.

1716 4160 1887 4197 name.

1716 4160 1887 4201 ABRlC.

510 4211 537 4251 ἀ
580 4215 731 4281 Quod
777 4225 852 4270 est
891 4214 1301 4287 temporalitatis.
1353 4214 1693 4287 Quodﬂante
1750 4233 1855 4270 non
1896 4218 2034 4272 adeo

443 4288 608 4341 multa
636 4288 833 4343 saecula
862 4285 1129 4356 contigit,
1161 4287 1306 4341 circa
1358 4287 1424 4342 A.
1489 4285 1631 4342 15M
1680 4296 1807 4343 ante
1848 4297 2032 4344 natum

439 4356 715 4413 Christum
749 4377 760 4412 :
790 4359 1119 4428 octingentis
1145 4358 1381 4428 amplius
1407 4366 1529 4428 post
1552 4358 1812 4414 diluvium
1835 4377 1862 4413 a
1888 4360 2035 4415 Mosc

437 4429 769 4499 descriptum
799 4432 973 4486 annis.
1007 4430 1141 4486 Vide
1160 4430 1497 4501 Scaligerum
1524 4430 1592 4485 ad
1619 4430 1842 4487 Eusebii
1883 4447 2029 4487 nutu.

442 4515 664 4556 ccccxc.
698 4502 919 4558 FAhBlc.

519 4582 541 4609 ε
586 4573 737 4637 Quod
760 4574 861 4644 fuit
899 4574 1109 4645 quidem
1137 4583 1249 4642 post
1289 4588 1454 4628 annos
1475 4575 1527 4628 in
1554 4572 1842 4629 Thessalia.
1876 4574 2029 4630 Prio-
2059 4569 2112 4630 D

445 4659 539 4717 res
562 4645 832 4717 editiones
862 4648 1039 4717 minus
1071 4646 1247 4717 bene:
1279 4645 1417 4717 quod
1446 4646 1527 4713 ﬁt.
1562 4645 1779 4701 FABRIC.

524 4715 541 4753 ι’
586 4713 652 4769 1η
681 4716 792 4770 loco
820 4716 1077 4788 interdum
1101 4713 1322 4788 modico.
1347 4715 1507 4771 Ponit
1534 4718 1797 4771 interdum
1828 4734 1925 4788 pro
1954 4720 2035 4773 in-

444 4797 602 4850 terea,
623 4795 680 4841 ut
699 4789 902 4843 Seneca
930 4787 1103 4857 Epist.
1127 4787 1198 4841 95
1221 4804 1241 4859 tr
1264 4788 1352 4856 qui
1372 4789 1585 4841 humani
1604 4791 1805 4859 generis
1827 4787 2037 4845 tutelam

445 4870 656 4931 gerunt,
688 4859 946 4912 interdum
975 4860 1165 4912 curiosi
1200 4858 1544 4931 singulorum.
1573 4858 1631 4931 Si
1662 4862 2039 4931 mssacodiccs

448 4929 901 5001 suifragzirentur,
935 4946 1031 5000 pro
1064 4928 1318 4984 interdum
1350 4928 1585 5001 legerem
1617 4930 1751 4984 inter
1780 4930 1963 4986 Oetam
1993 4943 2040 4988 et

451 4997 698 5056 Pindum.
720 4999 937 5057 FABRIC.

522 5083 543 5117 ις
589 5070 653 5125 In
681 5073 819 5125 omni
845 5074 1056 5126 swcula.
1078 5072 1182 5126 Per
1211 5082 1383 5127 totum
1410 5073 1597 5129 orbem
1628 5081 1919 5128 terrarum.
1953 5073 2041 5128 Sic

447 5142 584 5214 infra
616 5158 738 5212 cap.
770 5159 912 5211 seq..
946 5154 1167 5213 quatuor
1187 5145 1393 5214 angulis
1413 5146 1611 5211 seaculi,
1647 5144 1698 5198 id
1727 5155 1812 5199 est
1835 5145 2035 5199 mundi.

522 5212 548 5250 δ
590 5216 737 5270 Sicut
759 5212 1002 5287 eteorum
1037 5212 1330 5285 Scriptura.
1363 5214 1606 5271 Gentiles
1636 5226 1811 5287 poeta:
1842 5217 1927 5271 ubi
1961 5218 2044 5270 di-

453 5286 654 5341 luvium
673 5285 1092 5341 Deucaliuueum
1116 5287 1449 5355 describunt,
1470 5288 1602 5342 illud
1636 5285 1747 5342 toto
1773 5289 1905 5344 orbe
1932 5297 2042 5344 ter-

453 5373 634 5413 rarum
666 5359 816 5413 aiunt
842 5359 1191 5429 praevaluisse
1217 5376 1228 5411 :

545 5471 719 5524 Omnia
744 5478 922 5537 pontus
941 5476 1102 5533 erant,
1127 5472 1341 5524 deerant
1364 5485 1560 5537 quoque
1586 5473 1753 5590 liuor;
1772 5482 1936 5534 ponto.

1515 5585 1521 5590 .
1759 5552 1934 5590 nemo.

1759 5552 1934 5591 ABBIC.

455 5698 463 5722 λ
524 5643 539 5687 ί
587 5652 886 5721 secundum
907 5652 1181 5708 duodecim
1206 5651 1421 5707 Zodiaci
1440 5652 1593 5722 signa
1620 5650 1762 5722 nasci
1789 5651 2040 5722 homines.

447 5711 767 5789 Longaevos,
798 5725 878 5778 vel
904 5723 1084 5778 brevis
1106 5723 1228 5787 azvi,
1260 5722 1469 5781 felices.
1488 5711 1586 5777 "rel
1615 5721 1856 5777 infelices
1882 5711 2043 5792 pi'out

2131 3223 2190 3301 l_n
2222 3223 2459 3301 editione
2494 3222 2790 3301 Basileensi
2822 3220 3074 3301 Sichardi
3110 3219 3611 3301 legiturnsecnnduni
3646 3234 3729 3272 sn

2131 3293 2319 3358 Zodia,
2355 3308 2511 3362 quam
2545 3292 2832 3347 lectionem
2859 3292 3081 3347 exhibet
3110 3289 3275 3362 etiam
3301 3289 3457 3345 Corb.
3483 3290 3639 3354 Cnd.,
3665 3299 3724 3343 ut

2132 3367 2269 3421 inira
2293 3360 2505 3434 quoque
2535 3382 2547 3418 :
2582 3362 2723 3435 Ergo
2750 3365 2985 3435 ignorant
3003 3364 3140 3434 quod
3161 3360 3329 3435 Zodia
3356 3363 3453 3435 ista
3474 3375 3721 3435 ‘3“,an

2134 3438 2186 3491 in
2220 3432 2341 3492 loco
2390 3432 3081 3490 Basileens'em'leCtionem
3130 3434 3358 3487 retinuit
3394 3432 3679 3486 Fabricius
3702 3473 3718 3496 ,

2133 3508 2262 3563 licet
2286 3508 2469 3577 priore
2499 3508 2621 3560 loco
2650 3507 2939 3577 mutaverit
2969 3504 3308 3577 substitucns
3336 3504 3618 3577 secundum
3644 3518 3723 3577 sit

2134 3578 2355 3649 Zodiaci
2394 3579 2578 3649 signa,
2634 3576 3093 3649 quemadmodum
3143 3577 3323 3649 minus
3366 3582 3515 3630 recte
3569 3576 3724 3649 Italici

2134 3652 2297 3706 etiam
2343 3644 2588 3719 Lug'dun.
2619 3648 2808 3719 editio.
2840 3646 3024 3703 Ζώδιον
3049 3655 3227 3719 autem
3260 3648 3475 3717 signum
3505 3646 3724 3701 cmleste

2135 3722 2269 3777 dixit
2305 3718 2623 3776 Philastrins
2646 3718 2833 3775 Graeca
2859 3734 3009 3783 voce,
3031 3718 3223 3773 eodem
3249 3719 3415 3772 modo
3431 3733 3540 3788 quo
3566 3732 3724 3785 supra

2134 3808 2254 3863 Cap.
2294 3794 2417 3854 109,
2473 3806 2668 3863 nomen
2702 3791 2829 3844 idoli
2863 3806 2893 3863 ξι
2937 3789 3125 3845 Gra'ca
3175 3790 3499 3863 formatione
3544 3790 3723 3863 trahit,

2135 3861 2287 3934 quasi
2336 3864 2407 3918 sit
2446 3862 2611 3924 εἴδους
2650 3861 2815 3927 δόλος,
2850 3862 3035 3926 formw
3061 3862 3449 3931 pramaricatio;
3480 3861 3724 3934 utetiam

2136 3932 2254 4005 cap.
2287 3935 2377 3999 85,
2410 3934 2753 3998 biothanatos,
2781 3944 2837 3988 et
2863 3948 2982 4002 cap.
3011 3934 3135 3997 105,
3168 3934 3421 4003 pagonias
3454 3932 3721 4005 nominat;

2138 4001 2304 4061 immo
2332 4022 2378 4059 c.
2409 4006 2511 4059 129
2544 4006 2705 4059 habet
2730 4022 2832 4059 ana
2860 4001 3186 4074 septuaginta
3214 4001 3338 4068 duo,
3363 4004 3509 4071 quod
3545 4004 3597 4056 in
3623 4001 3723 4074 La;

2139 4080 2251 4131 tiuu
2280 4076 2560 4146 Scripture
2606 4072 2926 4131 incredibile
2959 4072 3187 4130 fortasse
3221 4074 3390 4129 videri
3425 4089 3588 4146 posse
3610 4115 3625 4139 ,
3656 4072 3724 4127 ait

2139 4148 2419 4203 Fabricius
2450 4147 2641 4203 endem
2676 4149 3109 4202 loco.Gst.man.

2214 4221 2228 4271 i
2280 4219 2632 4275 Mathematici
2654 4219 2732 4272 illi
2758 4218 3044 4273 vanissimi.
3070 4216 3344 4286 Astrologi
3364 4214 3722 4273 Genethliaci.

2140 4290 2277 4347 Vide
2297 4333 2311 4354 ,
2346 4295 2388 4347 si
2417 4291 2594 4358 placet
2619 4332 2632 4355 ,
2662 4306 2782 4361 qua:
2811 4290 2992 4345 notavi
3036 4289 3104 4344 ad
3131 4287 3359 4344 Sextum
3393 4288 3722 4359 Empiricum

2140 4378 2262 4434 pag.
2287 4362 2414 4418 914.
2446 4362 2664 4434 Ειωιιισ.

2212 4428 2240 4480 ἰ
2281 4434 2414 4506 Lege
2458 4433 2553 4487 Dei
2593 4433 2827 4506 dimissa.
2867 4432 3012 4506 Quae
3053 4431 3421 4506 divinationes
3440 4428 3718 4506 ‘ejusmodi

2140 4500 2587 4576 prohihétLevit.
2615 4520 2711 4571 xx,
2739 4503 2953 4572 6et27,
2979 4504 3198 4558 Deuter.
3225 4517 3379 4565 xvttt,
3404 4500 3489 4567 10,
3513 4500 3583 4557 Is.
3607 4515 3715 4563 vm,

2142 4576 2227 4633 19.
2261 4576 2481 4631 ΙΡΑιιιιιο.

2213 4616 2227 4630 .
2262 4592 2481 4631 ΕΑΒΚΙΟ.

2214 4647 2231 4686 ι
2278 4647 2543 4701 Elementa
2571 4646 2770 4701 mundi.
2819 4648 3002 4702 Astra.
3036 4644 3171 4701 Vide
3210 4659 3377 4716 supra
3426 4657 3538 4713 cap.
3572 4642 3633 4696 61
3670 4652 3720 4697 et

2140 4721 2264 4777 109.
2299 4720 2516 4774 FABRIC.

2212 4802 2251 4828 ιιι
2294 4792 2526 4859 Quatuor
2552 4790 2757 4862 angulis
2778 4789 2973 4844 swculi.
2997 4786 3177 4862 Mundi
3205 4786 3543 4862 cardinibus,
3561 4787 3726 4862 equi—

2142 4864 2244 4919 bus
2261 4857 2547 4918 ventorum
2574 4857 2766 4932 poti-ns
2788 4861 3094 4931 quaternio.
3116 4858 3334 4913 FABRIC.
3353 4888 3423 4932 —_
3446 4857 3723 4932 "umidum

2145 4946 2198 4990 ut
2227 4945 2449 5003 quatuor
2492 4929 2698 5004 angulis
2743 4929 2941 4987 saiculi.
2965 4934 3033 4985 Τὸ
3062 4929 3439 5004 utine-gratis
3488 4931 3726 4985 additum

2146 5007 2215 5061 ab
2241 5000 2515 5073 imperitis
2544 5000 2818 5061 librariis.
2856 5003 3103 5069 quamvis
3135 5000 3266 5055 illud
3308 5003 3575 5055 retineant
3619 5011 3725 5055 tum

2143 5078 2431 5140 editiones.
2455 5087 2567 5131 tum
2597 5077 2757 5131 etiam
2788 5074 2953 5128 Corb.
2988 5074 3135 5138 eod.;
3165 5072 3575 5141 idemquegmihi
3603 5087 3731 5129 cetr-

2145 5148 2373 5204 sendum
2404 5149 2617 5203 videtur
2643 5147 2711 5200 de
2742 5145 3005 5214 particula
3036 5146 3091 5199 in
3131 5159 3253 5213 qua:
3288 5143 3452 5213 paulo
3484 5153 3609 5208 post
3636 5160 3727 5197 nc-

2145 5222 2313 5274 currit
2339 5221 2429 5274 ubi
2454 5221 2647 5288 legitur
2674 5217 2985 5288 respirantes
3008 5218 3060 5269 in
3089 5216 3302 5288 invicem
3320 5256 3333 5278 ,
3367 5216 3566 5288 melius
3584 5216 3728 5270 enim

2145 5292 2452 5355 respirantes
2468 5285 2798 5344 iiiviceni.Sic
2810 5286 2972 5341 0.122
2988 5287 3334 5355 prmcedenti,
3351 5285 3436 5340 ubi
3453 5285 3732 5340 Fabricius

2146 5363 2480 5426 emendavit,
2508 5361 2645 5429 quod
2674 5360 2770 5429 fuit
2808 5359 3016 5424 quidem
3059 5368 3171 5426 post
3197 5374 3359 5411 annos
3386 5359 3438 5410 in
3458 5356 3504 5411 Τ
3509 5357 3731 5411 hessalia

2148 5435 2203 5488 in
2234 5436 2345 5489 loco
2375 5434 2631 5487 interdum
2661 5431 2885 5495 modico,
2923 5436 3106 5484 nescio
3139 5445 3204 5483 an
3239 5430 3417 5498 potius
3451 5430 3728 5483 retinenda

2151 5505 2222 5559 sit
2250 5504 2409 5560 lectio
2440 5506 2652 5572 vulgata
2675 5544 2689 5566 ,
2740 5506 2823 5557 cui
2854 5502 3016 5572 etiam
3063 5500 3227 5572 Corb.
3272 5499 3395 5553 cotl.
3424 5502 3729 5572 consentit,

2149 5576 2287 5647 quod
2311 5579 2366 5643 ﬁt
2382 5571 2586 5645 quidem
2606 5583 2717 5644 post
2738 5588 2898 5627 annos
2919 5574 2978 5647 in
2988 5571 3259 5647 Thessalia
3274 5572 3329 5624 in
3352 5571 3733 5647 locointerdunt

2150 5641 2371 5703 modico.
2395 5641 2717 5701 Pliilastrius
2744 5659 2938 5714 nempe
2953 5641 3535 5714 fortasse'l'hessaliam
3555 5643 3735 5714 posuit

2154 5726 2250 5791 pro
2282 5728 2387 5776 tota
2416 5716 2645 5784 Grmcia,
2675 5714 2733 5771 ut
2761 5708 3021 5773 diluvium
3050 5709 3153 5771 sub
3179 5712 3506 5771 Deucalione
3524 5708 3579 5767 et
3605 5712 3731 5783 Pyr-
