4052 6192
348 262 487 339 r255

1588 255 1798 343 Lmen
1836 275 1927 346 tu;
1968 254 2402 342 MRESIBUS.

3514 276 3653 333 1254

345 402 371 430 ει
402 391 473 449 de
504 406 645 464 aqua
675 432 691 460 ,
722 406 866 453 nunc
894 391 922 431 ι’
951 392 1019 449 de
1047 392 1243 463 spiritu
1271 433 1288 461 ,
1320 406 1465 453 nunc
1514 401 1535 430 ο
1588 390 1656 449 de
1691 390 1958 458 materia,
1990 395 2040 457 Α
2070 398 2189 446 erat
2219 404 2341 444 cum
2367 387 2530 449 Patro
2556 400 2807 458 semper,
2839 402 2907 443 ex
2937 387 3235 458 semetipso
3266 398 3382 444 erat
3413 431 3427 457 ,
3459 399 3511 443 et
3550 406 3658 446 non

343 479 371 521 ἀ
402 500 546 540 nunc
590 485 657 545 de
688 484 836 549 loote
863 526 878 552 ,
915 494 937 523 ε
985 500 1129 546 nunc
1171 484 1239 547 de
1280 483 1477 546 atomis
1503 525 1517 551 ,
1557 480 1573 520 ί
1611 498 1752 543 nunc
1797 483 1952 554 quasi

349 592 480 637 aera
513 591 638 637 esse
665 578 904 635 animam
934 576 1173 637 hominis
1195 578 1569 649 su5picantur;
1593 592 1754 647 quum
1778 576 1956 635 anima

346 668 486 724 facta
534 669 607 724 sit
659 676 689 723 tt
717 669 986 738 Domino,
1019 686 1085 729 ex
1119 669 1292 731 nihilo
1335 669 1539 727 scilicet
1560 682 1583 735 ,’
1609 678 1665 726 ut
1695 667 1953 738 scriptum

344 768 429 817 est
476 778 489 815 :
536 770 560 807 ε
612 759 714 829 Qui
752 760 875 832 fecit
905 778 970 819 ex
997 763 1158 819 nihilo
1191 763 1363 817 omnia
1390 803 1405 828 ,
1435 771 1487 819 ut
1526 772 1689 817 essent
1713 776 1826 831 qua:
1852 777 1953 815 non

348 864 496 910 erant
526 854 686 931 (δαν.
724 871 766 925 1,
800 857 913 927 14).
946 857 1141 917 Anima
1177 859 1358 927 itaque
1386 871 1414 911 a
1450 855 1559 912 Deo
1588 855 1748 920 facta,
1782 854 1956 924 imago

348 950 445 1007 Dei
475 950 743 1022 appellata
784 959 903 1021 est,
932 949 961 987 ιι
996 962 1120 1024 post
1150 952 1465 1023 angelorum
1495 950 1822 1005 creationem
1850 949 1956 1003 sci-

348 1045 520 1101 licet:
554 1046 735 1103 minor
766 1045 911 1105 enim
958 1056 1043 1102 est
1086 1047 1250 1102 homo
1299 1062 1457 1117 quam
1508 1057 1693 1101 natura
1736 1044 1954 1115 angelo-

348 1152 467 1193 rum
495 1179 508 1203 ,
548 1146 605 1197 ut
635 1138 899 1209 scriptum
932 1148 1015 1194 est
1050 1157 1064 1194 :
1104 1136 1119 1175 ί
1159 1138 1396 1194 Minuisti
1437 1153 1551 1193 eum
1586 1138 1745 1207 paulo
1787 1138 1954 1193 minus

346 1230 411 1286 ab
438 1232 640 1305 angelis
668 1230 841 1304 (Psal.
875 1247 988 1298 vni,
1020 1230 1099 1302 5).
1136 1231 1149 1282 i
1189 1231 1244 1288 Si
1276 1241 1457 1287 autem
1499 1230 1658 1301 Legis
1704 1229 1950 1284 mandata

347 1324 672 1387 servaverit,
707 1333 835 1379 tunc
863 1326 967 1380 erit
996 1322 1019 1361 ιε
1055 1324 1194 1379 sicut
1221 1323 1438 1394 Angeli.
1472 1322 1527 1379 Si
1550 1338 1679 1394 ergo
1708 1320 1723 1359 ¹
1760 1321 1952 1394 Angeli

347 1418 493 1472 servi
527 1416 625 1472 l)ei
656 1425 784 1471 sunt
813 1417 912 1472 sub
942 1417 1085 1489 Lege
1111 1417 1307 1489 positi,
1341 1425 1545 1488 quanto
1576 1415 1743 1487 magis
1772 1424 1826 1470 et
1856 1414 1955 1471 ho-

348 1509 512 1564 minis
536 1510 716 1564 anima
749 1510 850 1565 sub
880 1509 1024 1581 Lege
1052 1525 1171 1580 qua:
1201 1521 1280 1566 est
1320 1510 1650 1582 praedicata,
1693 1507 1738 1565 si
1768 1522 1955 1564 serva-

350 1602 584 1674 ritqnod
614 1602 662 1658 ei
712 1615 1042 1673 praeceptum
1089 1613 1195 1670 est,
1225 1614 1352 1659 tunc
1379 1602 1541 1660 debet
1588 1602 1770 1661 dicere
1810 1600 1951 1673 quod

347 1695 420 1753 ait
443 1696 706 1753 Dominus
729 1698 996 1768 apostolis
1026 1715 1040 1752 :
1075 1698 1228 1764 Quod
1254 1708 1301 1757 ct
1327 1699 1371 1755 si
1397 1700 1619 1768 feceritis
1641 1699 1841 1765 omnia.
1871 1699 1952 1755 di-

354 1788 449 1843 cite
473 1789 615 1859 quod
636 1798 675 1824 ω
698 1790 832 1844 servi
854 1806 1032 1845 sumus
1064 1790 1270 1845 inutiles
1302 1789 1458 1860 (Luc.
1492 1808 1621 1852 xvn.
1659 1791 1769 1863 10).

386 1878 646 1934 CXXVII.
682 1879 769 1934 DE
799 1878 1076 1937 CHRISTI
1102 1881 1525 1939 NATIV’ITATE
1570 1881 1910 1943 lll’EliESIS.

426 1981 451 2007 ο
481 1971 600 2025 Alia
628 1979 713 2026 est
744 1972 992 2041 haeresis,
1022 1988 1143 2044 quae
1174 1974 1305 2035 dicit
1333 1974 1401 2030 de
1424 1974 1710 2035 Salv-atare
1741 2018 1756 2043 ,
1807 1974 1952 2046 quod

354 2073 377 2098 ο
402 2064 635 2136 primum
662 2063 819 2120 fuerit
840 2066 980 2135 apud
1009 2066 1246 2133 Patrem,
1272 2078 1322 2127 et
1345 2068 1424 2126 sic
1451 2078 1606 2124 natus
1628 2070 1724 2136 sit;
1753 2079 1951 2126 etcum

356 2168 382 2207 r
403 2158 725 2229 simpliciter
754 2160 826 2214 ita
864 2159 1176 2225 conﬁtetur,
1205 2161 1420 2217 diversa
1461 2161 1771 2225 hominibus
1799 2178 1958 2227 sean-

353 2247 474 2303 dala
509 2248 923 2313 subministrat:
948 2266 1069 2307 esse
1108 2252 1253 2312 etaim
1295 2262 1443 2319 ante,
1475 2263 1531 2308 et
1555 2264 1746 2325 postea
1776 2254 1950 2323 nasci,

352 2343 688 2399 contrarium
717 2353 801 2399 est
826 2344 1002 2401 modis
1031 2345 1305 2401 omnibus.
1341 2345 1407 2400 Et
1451 2348 1694 2415 quamvis
1724 2363 1952 2418 genera-

355 2435 428 2489 tio
461 2434 632 2506 ipsius
664 2434 862 2508 duplex
918 2437 1030 2505 sit,
1087 2453 1192 2491 una
1223 2438 1524 2493 divinitatis
1575 2437 1855 2499 indeﬁnita
1892 2453 1956 2499 ac

354 2527 689 2599 sempiterna
725 2571 740 2595 ,
800 2530 972 2584 altera
1026 2530 1487 2600 incorporationis
1524 2547 1620 2609 per
1690 2532 1962 2604 Virginem

358 2623 372 2652 ¹
405 2622 763 2693 temporalis:
792 2631 848 2676 at
877 2640 984 2677 non
1010 2634 1093 2679 est
1118 2624 1343 2679 dubium
1370 2632 1548 2682 tamen
1572 2668 1584 2693 ,
1611 2626 1962 2699 quodsecun-

353 2712 481 2769 dum
510 2712 855 2770 divinitatem
887 2714 1155 2770 debemus
1196 2730 1533 2787 cognoscere
1564 2758 1580 2783 ,
1631 2728 1658 2767 ει
1688 2718 1831 2790 quod
1864 2734 1960 2779 ne-

355 2820 462 2876 que
489 2804 663 2863 defuit
701 2806 997 2877 aliquando
1023 2822 1147 2863 esse
1188 2822 1309 2863 cum
1342 2807 1503 2865 Patre
1529 2852 1545 2877 ,
1580 2819 1602 2847 ι’
1633 2824 1811 2882 neque
1863 2813 1953 2883 qui

2057 483 2129 547 de
2152 483 2315 539 Patre
2346 483 2565 554 genitus
2612 481 2940 537 nosrebatur
2970 523 2985 549 ,
3021 490 3078 535 ut
3114 481 3333 551 quidam
3374 484 3657 551 suSpican-

2059 586 2146 636 tur
2174 577 2513 633 aberrantes.
2566 576 2872 645 Utrumque
2895 591 3027 644 ergo
3062 577 3108 630 si
3141 576 3278 632 bona
3329 575 3659 646 interpreta-

2060 672 2206 727 tione
2236 670 2535 741 profertur,
2563 673 2582 702 ²
2614 680 2825 727 rectum
2868 678 2923 724 et
2967 668 3089 725 ﬁdei
3141 669 3541 724 ﬁrmamentum
3571 685 3659 724 os-

2058 766 2319 829 tenditur,
2351 775 2407 819 ut
2438 774 2492 822 et
2520 764 2765 835 genitum
2789 779 2913 819 eum
2947 778 3346 834 cognoscamus
3389 765 3458 821 de
3491 766 3654 823 Patre

2056 860 2280 931 proprie
2304 858 2451 915 hunc
2480 860 2703 915 unicum
2722 858 2941 925 Filium,
2962 873 3069 913 non
3092 868 3270 913 tamen
3296 860 3347 913 in
3369 868 3612 930 tempore
3640 880 3653 916 :

2055 955 2148 1010 sed
2187 962 2315 1009 ante
2347 954 2529 1009 omnia
2582 953 2780 1008 saecula
2820 968 3153 1023 omnemque
3197 964 3501 1007 creaturam
3534 968 3655 1009 esse

2057 1048 2305 1118 genitum
2346 1045 2419 1103 de
2448 1046 2609 1101 Patre
2642 1044 2865 1115 proprie
2891 1059 3288 1116 cognoscomus
3315 1055 3481 1116 atque
3532 1060 3656 1101 cre-

2056 1141 2250 1200 damus
2276 1183 2293 1209 ,
2327 1149 2387 1195 ut
2412 1140 2717 1205 condecet;
2748 1155 2987 1210 cumque
3017 1139 3177 1195 Patre
3205 1155 3329 1194 eum
3363 1140 3416 1195 in
3464 1156 3657 1210 pcrpet

2060 1243 2212 1290 tuum
2238 1251 2483 1301 manere,
2518 1245 2681 1305 atque
2707 1248 2928 1303 semper
2974 1232 3246 1289 mansisse
3274 1249 3383 1287 rion
3436 1234 3652 1304 ignore-

2061 1342 2206 1385 mus.
2236 1327 2394 1383 Nulla
2427 1338 2507 1383 est
2538 1342 2672 1397 ergo
2693 1325 2986 1394 separatio,
3014 1326 3491 1381 auteontrarietas
3516 1327 3659 1380 inter

2056 1436 2181 1478 esse
2210 1435 2428 1492 semper
2458 1420 2723 1485 etfuisse,
2753 1428 2809 1474 et
2835 1420 3077 1489 genitum
3110 1434 3232 1474 esse
3259 1436 3270 1471 :
3316 1417 3336 1449 ³
3359 1434 3480 1473 nam
3512 1432 3654 1472 Sent-

2057 1530 2154 1585 per
2184 1530 2305 1569 esse
2338 1523 2564 1583 propter
2592 1512 3089 1583 sempiternitatem
3131 1511 3331 1566 dicitur
3362 1553 3377 1578 ,
3406 1527 3475 1566 ne
3520 1520 3655 1565 tern-

2058 1606 2266 1676 poralis
2324 1605 2497 1661 Filius
2553 1606 2887 1670 mstimctur;
2938 1604 3179 1675 genitum
3236 1613 3418 1658 autem
3470 1604 3653 1669 dicit,

2056 1698 2225 1769 quia‘
2268 1713 2375 1753 non
2403 1714 2470 1754 ex
2498 1699 2794 1767 semetipso
2823 1738 2836 1757 ,
2882 1697 2977 1750 sed
3006 1697 3074 1750 de
3108 1697 3267 1751 Patre
3323 1705 3509 1751 natum
3564 1714 3655 1751 co-

1982 1787 2029 1846 Β
2054 1790 2269 1863 gnoscit
2294 1790 2537 1846 Ecclesia
2570 1790 2894 1859 praedicans.
2924 1788 3041 1844 Non
3081 1802 3215 1859 ergo
3236 1788 3653 1859 disiungendum

2053 1893 2323 1944 estunum
2351 1884 2419 1939 ab
2438 1883 2633 1949 altero,
2669 1883 2765 1936 sed
2794 1880 3172 1952 conjungettda
3198 1892 3278 1935 est
3308 1882 3656 1952 sempiterni-

2054 1987 2138 2037 tas
2178 1977 2335 2039 Filii.
2380 1988 2434 2031 et
2476 1976 2763 2046 geoeratio
2807 1990 2933 2030 etim
2984 1975 3429 2045 sempiternitate
3490 1992 3659 2045 eopu-

2057 2072 2247 2133 landa;
2278 2071 2457 2141 deque
2505 2070 2671 2124 Patre
2720 2070 2791 2123 ita
2819 2077 2906 2123 est
2932 2069 3208 2123 credenda
3257 2083 3323 2121 ac
3365 2067 3659 2121 detinenda

2040 2162 2356 2227 confessio,
2378 2172 2437 2215 ut
2458 2176 2601 2216 unus
2622 2158 2783 2215 nobis
2803 2159 2965 2214 Pater
2992 2160 3227 2229 genitor,
3262 2160 3283 2191 ⁵
3313 2168 3369 2214 et
3392 2174 3530 2213 unus
3556 2175 3655 2214 no-

2058 2256 2142 2313 bis
2172 2255 2345 2312 Filins
2375 2254 2566 2309 unicus
2592 2253 2772 2308 Patris
2796 2292 2811 2317 ,
2862 2252 3081 2323 proprie
3105 2254 3306 2323 quippe
3343 2255 3557 2324 genitus
3590 2254 3657 2309 de

2059 2349 2218 2407 Patre
2250 2355 2631 2419 cognoscatur.
2677 2346 2823 2416 Ergo
2852 2360 3073 2414 semper
3103 2359 3228 2400 esse
3263 2387 3276 2411 ,
3328 2356 3384 2400 et
3409 2349 3654 2415 genitum

2062 2455 2209 2505 esse,
2244 2439 2263 2470 ⁸
2289 2440 2375 2509 pia
2407 2438 2515 2494 ﬁde
2542 2446 2629 2494 est
2659 2453 2872 2509 aequum
2900 2455 2912 2490 :
2943 2447 3000 2492 ut
3031 2437 3366 2507 sempiterna
3402 2438 3521 2509 ejus
3566 2455 3656 2508 ge-

2060 2532 2275 2593 neratio
2303 2546 2410 2587 non
2445 2531 2764 2600 temporalis
2794 2531 2888 2596 sit,
2919 2539 2977 2585 et
3017 2529 3140 2587 Filii
3174 2531 3437 2602 unigeniti
3458 2532 3528 2586 de
3559 2531 3660 2585 Pa-

2061 2638 2165 2694 tre,
2199 2638 2253 2684 et
2275 2642 2399 2687 cum
2434 2626 2599 2681 Patre
2643 2641 2773 2682 vera
2808 2626 3112 2697 prrqrrietas
3150 2641 3215 2684 se
3255 2628 3663 2699 sempiternitas

2058 2737 2167 2779 non
2197 2722 2507 2792 ignoretur.
2559 2720 2775 2791 Siquis
2833 2726 3016 2775 autem
3064 2721 3299 2790 primum
3357 2722 3656 2777 conﬁtetur

2058 2828 2182 2873 esse
2212 2827 2335 2870 eum
2368 2811 2670 2885 ingenitum
2705 2854 2718 2879 ,
2750 2820 2807 2869 et
2832 2813 2914 2869 sic
2956 2822 3143 2883 postea
3191 2812 3361 2870 fuisse
3403 2813 3650 2885 genitura

1197 2965 1355 3024 COD.
1398 2967 1512 3027 MS.
1552 2968 1901 3026 SANGERM.
1945 2970 2337 3030 LECTIONES
2378 2970 2799 3031 VARIANTES.

422 3086 437 3116 ¹
468 3085 753 3148 temporalis
776 3091 829 3137 et
852 3098 947 3135 non
972 3094 1050 3137 est
1071 3085 1294 3137 dubium.
1319 3087 1509 3138 Tamen
1531 3089 1801 3141 secundum

421 3150 441 3212 ξ
466 3154 619 3198 rectae
641 3149 815 3199 ﬁdei...
843 3155 898 3199 ut
921 3152 1145 3212 genitum

423 3211 444 3243 ³
468 3224 578 3269 nam
601 3223 801 3275 semper
825 3211 941 3263 esse
960 3214 1405 3276 sempiteruitatem
1426 3212 1609 3264 dicitur

1986 3094 2029 3156 C
2124 3090 2147 3156 ἒ
2171 3102 2269 3141 non
2290 3104 2317 3142 α
2340 3092 2609 3156 semetipso

2127 3155 2148 3186 ⁸
2174 3161 2226 3203 et
2252 3167 2377 3202 unus
2400 3152 2558 3206 Filius

2129 3216 2150 3248 ⁸
2178 3217 2256 3279 pla
2281 3216 2403 3266 ﬁdes

1462 3362 1764 3421 FABRICII
1804 3363 1892 3420 ET
1930 3358 2284 3419 GALEARDI
2322 3359 2551 3423 NOTA'J.

363 3522 428 3563 ex
478 3514 659 3559 mente
708 3504 1037 3568 Democriti,
1082 3503 1471 3574 Hippocratis,
1522 3501 1837 3574 Hipparchi.
1890 3499 1970 3574 Ex

363 3587 549 3632 mente
578 3575 880 3631 Heraclidis
906 3575 1114 3629 Pontici
1139 3572 1250 3641 luit,
1277 3573 1553 3629 Heraclito
1580 3572 1814 3633 scintilla
1840 3573 1970 3626 stel-

364 3649 493 3705 laris
515 3649 789 3702 essentne.
826 3646 1041 3699 FABRIC.

438 3729 465 3757 δ
512 3718 584 3772 De
615 3734 767 3786 aqua.
803 3716 1045 3770 Thaletis
1070 3758 1082 3780 ,
1108 3725 1158 3769 et
1191 3714 1454 3784 llipponis
1480 3715 1595 3768 huic
1633 3715 1843 3783 opinio,
1871 3712 1969 3767 sed

369 3801 423 3846 et
452 3788 854 3861 {Egyptioruun
886 3786 1130 3861 a_n_irnarn_
1145 3786 1284 3861 ὕδωρ
1314 3794 1617 3861 yovorrotoﬁv
1634 3800 1754 3861 esse
1782 3786 1969 3861 existi-

370 3856 661 3916 mantinm.
710 3858 848 3915 Vide
896 3857 1033 3913 Th0.
1092 3856 1332 3912 Galeu'm'
1371 3862 1437 3912 ad
1484 3857 1846 3912 .lambliclunn
1901 3856 1968 3911 de

370 3932 681 4003 Egyptior.
712 3931 983 4003 mysteriis
1015 3944 1071 4003 p.
1099 3929 1223 3984 505.
1260 3928 1477 3985 FABRIC.

441 4001 588 4057 l3‘De
633 4003 839 4074 spiritu.
883 4001 1162 4074 Spiritum
1195 4017 1289 4074 pro
1340 4009 1618 4074 zamqiet
1636 4001 1967 4072 ἀναθυμιάσει

371 4075 473 4129 hoc
505 4074 627 4127 loco
656 4071 872 4141 accipe,
902 4084 961 4126 ut
1001 4072 1165 4125 Stoici
1196 4072 1432 4126 animum
1466 4071 1736 4127 habebant
1768 4071 1972 4142 πνεῦμα

369 4147 539 4221 νοερὸν
568 4148 652 4201 καὶ
683 4143 881 4220 θερμόν.
913 4142 1050 4198 Vide
1076 4144 1405 4212 interpretes
1431 4144 1497 4199 ad
1525 4144 1844 4267 Sagifgicu
1870 4183 1884 4208 ,
1913 4144 1967 4197 3.

1653 4228 1827 4269 ARBIC.

448 4298 468 4325 ο
516 4285 591 4341 De
618 4286 856 4339 materia.
889 4287 1292 4357 sroixszovana
1332 4287 1643 4357 GTOthiwtt,
1680 4301 1747 4357 ex
1781 4284 1965 4357 quinta

374 4358 560 4415 nescio
602 4372 705 4427 qua
755 4355 1099 4422 substantia,
1148 4355 1569 4482 Critolaum};
1596 4355 1963 4425 Peripatetici.

1572 4442 1745 4481 ABRLC.

1572 4442 1745 4481 ABRIC.

444 4497 472 4536 ά
515 4498 671 4554 Nunc
701 4498 766 4552 de
792 4500 953 4569 fonte.
990 4497 1132 4552 Fons
1154 4542 1167 4563 ,
1201 4498 1315 4554 sive
1353 4486 1543 4555 crater
1567 4502 1873 4555 animarum
1916 4498 1967 4551 in

372 4571 525 4629 caelis
558 4570 1021 4642 praeexistentium
1042 4611 1056 4637 ,
1090 4585 1154 4637 cx
1197 4587 1303 4642 quo
1337 4570 1457 4624 illas
1484 4569 1702 4625 deducit
1734 4570 1976 4626 Platonis

374 4643 586 4699 schola.
622 4642 842 4697 Fsaarc.

450 4725 473 4752 ε
516 4713 676 4769 Nunc
702 4713 765 4766 de
794 4712 997 4766 atomis.
1036 4712 1104 4767 Ut
1135 4711 1319 4782 schola
1352 4710 1829 4782 Epicuri.Fsamc.

453 4784 471 4823 ί
516 4784 672 4847 Nune
700 4784 1026 4859 quasiaera.
1061 4782 1267 4859 Anima
1282 4780 1486 4854 ἄνεμος,
1518 4783 1769 4859 αρροειδές
1802 4790 1974 4855 σῶμα,

376 4853 735 4927 Anaxagorae,
764 4864 819 4910 et
848 4855 1195 4927 Arraximeni.
1225 4853 1446 4927 Fannio.

452 4936 475 4973 ts
522 4924 622 4991 Qui
654 4928 864 4994 fecit...
904 4925 1034 4982 Vide
1064 4942 1227 4996 supra
1262 4942 1378 4996 eap.
1408 4926 1497 4988 8t).
1534 4926 1623 4985 ubi
1653 4924 1793 4980 idem
1824 4926 1976 4981 locus

376 4998 647 5053 laudatur.
681 4997 897 5052 FABRIC.

451 5067 479 5105 ιι
524 5065 649 5123 Post
676 5073 981 5135 angelorum
1010 5072 1339 5125 creationem.
1375 5068 1492 5125 Non
1518 5067 1679 5125 modo
1709 5077 1975 5137 tempore,

378 5140 474 5195 sed
519 5139 682 5210 etiam
729 5137 991 5205 dignitate
1038 5142 1264 5197 inferior
1312 5142 1473 5195 homo
1514 5139 1740 5210 angelis.
1775 5139 1979 5193 Creatio

382 5209 684 5285 angelorum
705 5250 725 5285 _,
767 5216 827 5261 ut
872 5224 991 5285 mox
1033 5214 1335 5285 angelorum
1382 5223 1568 5266 natura
1599 5209 1836 5279 ponitur
1885 5226 1981 5280 pro

382 5278 588 5353 angelis
618 5280 751 5347 ipsis
795 5278 885 5349 qui
928 5290 1053 5335 sunt
1096 5278 1329 5351 creatio,
1377 5285 1427 5340 id
1459 5295 1542 5341 est
1592 5278 1681 5337 res
1724 5278 1906 5338 creata
1952 5298 1981 5336 a

385 5352 517 5410 Deo.
552 5352 772 5407 FABRIC.

464 5426 476 5461 ί
510 5424 752 5478 Minuisti
778 5438 985 5475 eum...
1025 5422 1157 5483 Vide
1180 5424 1514 5493 Interpretes
1548 5424 1611 5482 ad
1640 5424 1809 5485 llebr.
1843 5442 1902 5488 ιι,
1925 5425 1978 5488 9,

383 5505 439 5552 et
466 5496 912 5551 dissertationcm
949 5494 1015 5547 ad
1044 5496 1193 5549 illum
1228 5497 1487 5553 lorumD.
1525 5497 1660 5557 Tho.
1699 5496 1858 5565 litigii
1890 5504 1979 5553 τοῦ

385 5571 671 5645 μακαρίτου
707 5608 720 5631 ,
772 5579 893 5635 qua:
949 5567 999 5618 in
1046 5567 1165 5637 ejus
1209 5567 1375 5623 variis
1428 5571 1709 5695 opuscFulis
1762 5569 1978 5640 legitur.

1624 5656 1801 5695 ABBlC.

1624 5656 1776 5701 ΔΝΜ)
1788 5683 1801 5694 .

468 5718 482 5768 1
526 5709 584 5763 Si
612 5708 763 5779 Legis
796 5709 1037 5763 mandata
1063 5711 1358 5765 servaverit.
1390 5710 1549 5781 Legis
1575 5713 1827 5767 mandata
1863 5727 1983 5767 ser-

391 5782 645 5838 vantibus
669 5784 830 5848 vitam
860 5781 1247 5853 sempiternam
1280 5782 1549 5852 promittit
1577 5782 1829 5839 Salvator
1854 5782 1981 5839 Luc.

2082 3515 2137 3565 κ,
2167 3497 2258 3578 9.8,
2283 3495 2379 3578 sed
2402 3505 2457 3552 et
2482 3513 2590 3553 non
2622 3497 3201 3578 valentibusperlecte
3244 3504 3395 3578 illam
3426 3507 3669 3578 implere,

2078 3570 2672 3646 credentibus_autern
2704 3611 2719 3636 ,
2765 3570 2896 3625 ﬁdes
2945 3573 3247 3642 imputatur
3299 3576 3348 3629 in
3404 3570 3670 3646 justitiam

2079 3640 2237 3696 Rom.
2271 3656 2342 3707 iv,
2367 3639 2420 3694 5.
2450 3640 2669 3695 FABRIC.
2906 3676 2911 3679 ι

2148 3710 2175 3788 1f
2206 3711 2581 3788 Sicuthangeii.
2599 3712 2869 3788 _Lt_te.ax_,
2904 3713 2993 3775 56,
3026 3716 3313 3788 ique/7519;.
3344 3718 3564 3777 FABRIC.

2155 3737 2173 3750 -
2206 3737 2357 3767 orcus
2384 3737 2581 3781 augur.
2617 3737 2747 3765 huc.
2778 3737 2869 3777 xx,
2904 3737 2993 3775 ou,
3026 3737 3145 3788 ww,
3187 3737 3313 3777 ελος.
3344 3737 3564 3777 νΑωυε.

2155 3784 2173 3825 1
2200 3783 2387 3908 Αηὲειὶ
2415 3784 2549 3837 servi
2588 3783 2709 3837 Dei.
2746 3785 2912 3840 llebr.
2939 3801 2984 3851 1,
3014 3784 3089 3838 44
3109 3830 3123 3855 ,
3150 3737 3476 3865 Ξειτουργικά
3519 3798 3673 3849 πνεύ-

2155 3878 2237 3908 τα.
2316 3869 2488 3908 ABRIC.

2227 3895 2237 3906 .
2271 3869 2299 3908 ι*
2316 3869 2488 3908 ABRIC.

2078 3878 2237 3927 ματα.
2271 3878 2488 3908 I‘ABHIU.

2150 3936 2188 3987 "2
2219 3926 2367 3981 Servi
2408 3926 2635 3979 inutiles.
2682 3926 2821 3982 Infra
2857 3943 2977 3998 cap.
3012 3929 3148 3995 1‘28,
3186 3933 3669 4057 seroil‘mequissimi.

3350 4021 3528 4057 ABRIC.

3350 4021 3528 4062 ABRIC.

2148 4075 2174 4102 τι
2201 4067 2317 4139 Alia
2342 4077 2415 4121 est
2443 4068 2673 4123 ha'resis.
2706 4070 2861 4139 Apud
2894 4080 3176 4127 auctorem
3205 4072 3585 4133 Prmtlestinati
3622 4089 3679 4135 et

2081 4138 2440 4217 Augustinum
2645 4182 2659 4203 ,
2712 4138 2937 4217 nullum
2959 4158 3158 4217 nomen
3188 4144 3487 4217 haereseos
3514 4148 3675 4217 hujus

2080 4212 2352 4265 occurrit:
2403 4213 2546 4280 quod
2582 4213 2817 4267 [lauimus
2870 4213 2941 4265 ad
2969 4214 3332 4282 Augustinum
3380 4234 3486 4271 non
3540 4212 3678 4276 adeo

2079 4282 2371 4339 connuode
2416 4283 2552 4339 fecit
2603 4282 3078 4350 Nativitariorum,
3138 4284 3225 4338 vel
3285 4286 3669 4347 lnitiariorum.

2149 4436 2171 4500 cf
2206 4425 2445 4500 Primum
2478 4424 2635 4493 fuerit
2680 4426 2825 4500 apud
2867 4423 3102 4500 Patrem.
3135 4357 3673 4500 Nullarfiugrlgpriam

2006 4538 2056 4599 Β
2081 4497 2291 4599 habens
2323 4497 3054 4599 dwdgfm:rl;.latetisct'elttli
3089 4498 3369 4588 in-I‘alris
3398 4497 3635 4599 essentia
3656 4548 3670 4572 ,

2082 4578 2378 4643 antequam
2401 4570 2492 4621 ille
2516 4567 2686 4621 vellet
2708 4583 2836 4643 eum
2854 4568 3216 4643 ὑποσταςικῷς
3238 4586 3309 4643 ex
3335 4588 3392 4624 se
3413 4574 3630 4643 prodire
3658 4567 3673 4641 ζ

2082 4640 2340 4695 Montium
2384 4654 2482 4709 per
2524 4652 2647 4693 eum
2678 4638 3018 4693 Conditurus.
3063 4640 3189 4694 Fuit
3235 4640 3352 4698 haec
3398 4638 3671 4703 sententia

2088 4711 2341 4768 Veterum
2392 4709 2755 4780 quorumdam
2786 4751 2800 4776 ,
2837 4718 2892 4762 ut
2944 4710 3268 4766 Tertulliani
3302 4728 3351 4768 c.
3407 4717 3440 4771 3
3478 4728 3673 4772 contra

2084 4784 2505 4851 Hermogenem.
2539 4780 2677 4837 Vide
2705 4780 2928 4851 Georgii
2968 4782 3107 4836 Balli
3142 4783 3516 4842 defensionem
3553 4790 3677 4843 litlei

2078 4853 2314 4908 Nicaeum
2334 4862 2467 4925 sect.
2494 4853 2695 4925 5,_cap.
2728 4854 2839 4925 Siet
2864 4853 2952 4925 ιθ,
2988 4870 3043 4925 p.
3072 4854 3199 4917 557,
3229 4856 3355 4910 898.
3388 4859 3673 4917 Petavium

2079 4925 2263 4994 dogm.
2299 4924 2490 4981 'l‘heol.
2524 4923 2595 4980 de
2618 4923 2721 4981 SS.
2752 4923 3022 4979 Trinitate
3054 4925 3147 4979 lib.
3177 4941 3213 4980 ι.
3250 4926 3468 4985 Faamc.

2154 5007 2179 5046 ρ
2212 4996 2554 5068 Simpliciter.
2612 5001 2847 5065 Aperte,
2898 5011 2999 5051 nec
3052 4997 3186 5052 satis
3230 5002 3675 5059 eonsideranter.

3338 5070 3560 5129 FABRIC.

2158 5150 2184 5190 ιι
2211 5139 2363 5206 Quod
2393 5155 2553 5208 neque
2579 5138 2740 5210 defuit
2764 5138 3050 5207 aliquando
3076 5155 3195 5210 esse,
3231 5158 3347 5196 cum
3389 5142 3566 5200 Patre.
3601 5146 3677 5200 lla

2087 5219 2146 5267 ut
2182 5226 2476 5278 numquam
2513 5209 2672 5264 Pater
2701 5224 2810 5265 non
2841 5210 3095 5281 hahuerit
3118 5209 3318 5265 Filium
3351 5254 3365 5281 ,
3396 5219 3490 5269 sed
3536 5218 3677 5272 idem

2087 5297 2301 5349 semper
2333 5292 2388 5337 et
2408 5282 2578 5346 Deus,
2613 5289 2666 5335 et
2691 5281 2853 5336 Pater
2882 5280 3047 5336 fuerit
3070 5324 3083 5347 ,
3109 5289 3169 5335 ut
3192 5294 3316 5336 utar
3363 5288 3545 5342 verbis
3577 5289 3680 5344 Ar-

2089 5354 2235 5409 nobii
2268 5353 2319 5406 in
2344 5350 2605 5407 conﬂictu
2626 5367 2750 5407 cum
2775 5352 3079 5421 Serapione
3113 5368 3163 5420 p.
3212 5353 3338 5410 525.
3382 5356 3602 5415 FABRIC.

2162 5434 2182 5461 r
2223 5422 2514 5505 {Sequenda
2551 5435 2657 5477 erat
2704 5440 2822 5478 sunt
2857 5423 3277 5505 Patre-semper,
3323 5443 3387 5481 ea:
3407 5432 3679 5505 semetipso

2088 5506 2216 5550 erat.
2242 5496 2514 5563 Quoniam
2559 5510 2721 5549 urnae
2750 5498 2897 5563 quod
2927 5497 2979 5549 in
3006 5496 3173 5555 Patre
3219 5507 3320 5562 est,
3368 5515 3433 5552 ex
3469 5496 3680 5557 aqua-

2089 5566 2207 5637 ipso
2243 5577 2326 5621 est
2356 5577 2410 5620 et
2441 5567 2705 5639 ἀγέννητον
2736 5566 3016 5631 subsistit;
3064 5567 3242 5636 itaque
3270 5570 3313 5623 si
3342 5570 3516 5627 Filius
3549 5584 3677 5627 ante

2089 5639 2499 5709 generatimer
2535 5639 2725 5692 luisset
2755 5639 3128 5711 ἀννποστάτως
3157 5641 3209 5694 in
3254 5640 3435 5708 Patre,
3460 5655 3682 5711 Oporte—

2092 5720 2174 5765 ret
2200 5711 2346 5837 illlrum
2372 5724 2588 5778 quoque
2614 5718 2741 5764 tunc
2765 5709 2930 5766 fuisse
2963 5726 3029 5764 ex
3071 5713 3367 5782 semetipso
3397 5724 3451 5770 et
3474 5709 3676 5791 ἇγέννηο

2092 5804 2192 5837 τον.
2274 5796 2449 5837 tanta.

2092 5804 2192 5839 τον.
2230 5796 2449 5839 ustus.
