  <div class='ocr_page' id='page_1' title='image "/cluster/home/n/w/nwhite01/storage/ocr_20150623/12/hvd.32044096580410/647.png"; bbox 0 0 4052 6192; ppageno 0'>
   <div class='ocr_carea' id='block_1_1' title="bbox 417 269 558 329">
    <p class='ocr_par' dir='ltr' id='par_1_1' title="bbox 417 269 558 329">
     <span class='ocr_line' id='line_1_1' title="bbox 417 269 558 329; baseline -0.007 -1"><span class='ocrx_word' id='word_1_1' title='bbox 417 269 558 329; x_wconf 73' lang='grc'><strong>1259</strong></span> 
     </span>
    </p>
   </div>
   <div class='ocr_carea' id='block_1_2' title="bbox 1713 253 2387 316">
    <p class='ocr_par' dir='ltr' id='par_1_2' title="bbox 1713 253 2387 316">
     <span class='ocr_line' id='line_1_2' title="bbox 1713 253 2387 316; baseline -0.009 0"><span class='ocrx_word' id='word_1_2' title='bbox 1713 256 1961 316; x_wconf 79' lang='lat' dir='ltr'><strong>SANCTI</strong></span> <span class='ocrx_word' id='word_1_3' title='bbox 1999 253 2387 314; x_wconf 73' lang='lat' dir='ltr'><strong>PHILASTRII</strong></span> 
     </span>
    </p>
   </div>
   <div class='ocr_carea' id='block_1_3' title="bbox 3597 247 3742 306">
    <p class='ocr_par' dir='ltr' id='par_1_3' title="bbox 3597 247 3742 306">
     <span class='ocr_line' id='line_1_3' title="bbox 3597 247 3742 306; baseline 0.014 -2"><span class='ocrx_word' id='word_1_4' title='bbox 3597 247 3742 306; x_wconf 65' lang='lat'><strong>{260</strong></span> 
     </span>
    </p>
   </div>
   <div class='ocr_carea' id='block_1_4' title="bbox 412 367 3736 458">
    <p class='ocr_par' dir='ltr' id='par_1_4' title="bbox 412 367 3736 458">
     <span class='ocr_line' id='line_1_4' title="bbox 412 367 3736 458; baseline -0.007 -13"><span class='ocrx_word' id='word_1_5' title='bbox 412 398 576 458; x_wconf 92' lang='lat' dir='ltr'><strong>atque</strong></span> <span class='ocrx_word' id='word_1_6' title='bbox 636 383 924 454; x_wconf 80' lang='lat' dir='ltr'><strong>Prophetis</strong></span> <span class='ocrx_word' id='word_1_7' title='bbox 979 388 1315 444; x_wconf 89' lang='lat' dir='ltr'><strong>sumerent,</strong></span> <span class='ocrx_word' id='word_1_8' title='bbox 1353 379 1654 434; x_wconf 90' lang='lat' dir='ltr'><strong>immutatis</strong></span> <span class='ocrx_word' id='word_1_9' title='bbox 1705 376 2015 433; x_wconf 87' lang='lat' dir='ltr'><strong>nominibus</strong></span> <span class='ocrx_word' id='word_1_10' title='bbox 2044 373 2254 450; x_wconf 66' lang='lat' dir='ltr'><strong>Aduos</strong></span> <span class='ocrx_word' id='word_1_11' title='bbox 2285 371 2524 441; x_wconf 85' lang='lat' dir='ltr'><strong>psalmos</strong></span> <span class='ocrx_word' id='word_1_12' title='bbox 2553 369 2580 406; x_wconf 68' lang='grc' dir='ltr'>ἰ</span> <span class='ocrx_word' id='word_1_13' title='bbox 2607 369 2880 427; x_wconf 82' lang='lat' dir='ltr'><strong>defecisse</strong></span> <span class='ocrx_word' id='word_1_14' title='bbox 2932 367 3068 423; x_wconf 90' lang='lat' dir='ltr'><strong>dicit</strong></span> <span class='ocrx_word' id='word_1_15' title='bbox 3093 367 3334 439; x_wconf 81' lang='lat' dir='ltr'><strong>hymnos</strong></span> <span class='ocrx_word' id='word_1_16' title='bbox 3376 367 3554 422; x_wconf 76' lang='lat' dir='ltr'><strong>David</strong></span> <span class='ocrx_word' id='word_1_17' title='bbox 3582 367 3736 422; x_wconf 82' lang='lat' dir='ltr'><strong>Scri—</strong></span> 
     </span>
    </p>
   </div>
   <div class='ocr_carea' id='block_1_5' title="bbox 418 469 2023 549">
    <p class='ocr_par' dir='ltr' id='par_1_5' title="bbox 418 469 2023 549">
     <span class='ocr_line' id='line_1_5' title="bbox 418 469 2023 549; baseline -0.01 -11"><span class='ocrx_word' id='word_1_18' title='bbox 418 499 541 539; x_wconf 92' lang='lat' dir='ltr'><strong>eum</strong></span> <span class='ocrx_word' id='word_1_19' title='bbox 568 482 690 549; x_wconf 92' lang='lat' dir='ltr'><strong>jura</strong></span> <span class='ocrx_word' id='word_1_20' title='bbox 722 475 972 532; x_wconf 89' lang='lat' dir='ltr'><strong>veritatis</strong></span> <span class='ocrx_word' id='word_1_21' title='bbox 1010 474 1222 531; x_wconf 86' lang='lat' dir='ltr'><strong>violare</strong></span> <span class='ocrx_word' id='word_1_22' title='bbox 1266 481 1588 544; x_wconf 89' lang='lat' dir='ltr'><strong>properant,</strong></span> <span class='ocrx_word' id='word_1_23' title='bbox 1640 486 1752 527; x_wconf 71' lang='lat' dir='ltr'><strong>sua:</strong></span> <span class='ocrx_word' id='word_1_24' title='bbox 1779 469 2023 542; x_wconf 73' lang='lat' dir='ltr'><strong>perﬁdia:</strong></span> 
     </span>
    </p>
   </div>
   <div class='ocr_carea' id='block_1_6' title="bbox 409 563 2024 632">
    <p class='ocr_par' dir='ltr' id='par_1_6' title="bbox 409 563 2024 632">
     <span class='ocr_line' id='line_1_6' title="bbox 409 563 2024 632; baseline -0.009 0"><span class='ocrx_word' id='word_1_25' title='bbox 409 577 627 632; x_wconf 89' lang='lat' dir='ltr'><strong>diversa</strong></span> <span class='ocrx_word' id='word_1_26' title='bbox 679 569 969 627; x_wconf 88' lang='lat' dir='ltr'><strong>mendacia</strong></span> <span class='ocrx_word' id='word_1_27' title='bbox 1001 576 1028 608; x_wconf 76' lang='grc' dir='ltr'>ι</span> <span class='ocrx_word' id='word_1_28' title='bbox 1069 567 1275 624; x_wconf 73' lang='lat' dir='ltr'><strong>sznculo</strong></span> <span class='ocrx_word' id='word_1_29' title='bbox 1305 568 1668 624; x_wconf 88' lang='lat' dir='ltr'><strong>seminarunt.</strong></span> <span class='ocrx_word' id='word_1_30' title='bbox 1721 564 1854 620; x_wconf 89' lang='lat' dir='ltr'><strong>lude</strong></span> <span class='ocrx_word' id='word_1_31' title='bbox 1905 563 2024 618; x_wconf 69' lang='lat' dir='ltr'><strong>hare</strong></span> 
     </span>
    </p>
   </div>
   <div class='ocr_carea' id='block_1_7' title="bbox 415 657 2025 738">
    <p class='ocr_par' dir='ltr' id='par_1_7' title="bbox 415 657 2025 738">
     <span class='ocr_line' id='line_1_7' title="bbox 415 657 2025 738; baseline -0.007 -17"><span class='ocrx_word' id='word_1_32' title='bbox 415 667 740 738; x_wconf 76' lang='lat' dir='ltr'><strong>ignorantes</strong></span> <span class='ocrx_word' id='word_1_33' title='bbox 773 660 1160 732; x_wconf 90' lang='lat' dir='ltr'><strong>quamplurimi</strong></span> <span class='ocrx_word' id='word_1_34' title='bbox 1205 659 1499 715; x_wconf 57' lang='lat' dir='ltr'><strong>saeculares</strong></span> <span class='ocrx_word' id='word_1_35' title='bbox 1533 657 1787 713; x_wconf 91' lang='lat' dir='ltr'><strong>homines</strong></span> <span class='ocrx_word' id='word_1_36' title='bbox 1815 698 1828 721; x_wconf 92' lang='lat'><strong>,</strong></span> <span class='ocrx_word' id='word_1_37' title='bbox 1863 664 2025 726; x_wconf 89' lang='lat' dir='ltr'><strong>atquc</strong></span> 
     </span>
    </p>
   </div>
   <div class='ocr_carea' id='block_1_8' title="bbox 419 750 2026 830">
    <p class='ocr_par' dir='ltr' id='par_1_8' title="bbox 419 750 2026 830">
     <span class='ocr_line' id='line_1_8' title="bbox 419 750 2026 830; baseline -0.006 -15"><span class='ocrx_word' id='word_1_38' title='bbox 419 758 682 830; x_wconf 89' lang='lat' dir='ltr'><strong>imperiti,</strong></span> <span class='ocrx_word' id='word_1_39' title='bbox 717 755 745 795; x_wconf 70' lang='grc' dir='ltr'><strong>ι’</strong></span> <span class='ocrx_word' id='word_1_40' title='bbox 778 755 1210 826; x_wconf 87' lang='lat' dir='ltr'><strong>temporalitatis</strong></span> <span class='ocrx_word' id='word_1_41' title='bbox 1241 755 1465 825; x_wconf 81' lang='lat' dir='ltr'><strong>pagana</strong></span> <span class='ocrx_word' id='word_1_42' title='bbox 1510 751 1794 808; x_wconf 88' lang='lat' dir='ltr'><strong>mendacia</strong></span> <span class='ocrx_word' id='word_1_43' title='bbox 1845 750 2026 821; x_wconf 85' lang='lat' dir='ltr'><strong>petins</strong></span> 
     </span>
    </p>
   </div>
   <div class='ocr_carea' id='block_1_9' title="bbox 418 847 2020 923">
    <p class='ocr_par' dir='ltr' id='par_1_9' title="bbox 418 847 2020 923">
     <span class='ocr_line' id='line_1_9' title="bbox 418 847 2020 923; baseline -0.005 -17"><span class='ocrx_word' id='word_1_44' title='bbox 418 866 581 923; x_wconf 88' lang='lat' dir='ltr'><strong>quam</strong></span> <span class='ocrx_word' id='word_1_45' title='bbox 607 849 870 904; x_wconf 89' lang='lat' dir='ltr'><strong>salutaris</strong></span> <span class='ocrx_word' id='word_1_46' title='bbox 897 847 1215 903; x_wconf 70' lang='lat' dir='ltr'><strong>christiana:</strong></span> <span class='ocrx_word' id='word_1_47' title='bbox 1249 847 1385 917; x_wconf 83' lang='lat' dir='ltr'><strong>legis</strong></span> <span class='ocrx_word' id='word_1_48' title='bbox 1415 847 1662 916; x_wconf 89' lang='lat' dir='ltr'><strong>antiqua,</strong></span> <span class='ocrx_word' id='word_1_49' title='bbox 1681 855 1737 901; x_wconf 91' lang='lat' dir='ltr'><strong>et</strong></span> <span class='ocrx_word' id='word_1_50' title='bbox 1766 859 1898 900; x_wconf 84' lang='lat' dir='ltr'><strong>vera</strong></span> <span class='ocrx_word' id='word_1_51' title='bbox 1936 859 2020 898; x_wconf 89' lang='lat' dir='ltr'><strong>ar-</strong></span> 
     </span>
    </p>
   </div>
   <div class='ocr_carea' id='block_1_10' title="bbox 420 934 2026 1010">
    <p class='ocr_par' dir='ltr' id='par_1_10' title="bbox 420 934 2026 1010">
     <span class='ocr_line' id='line_1_10' title="bbox 420 934 2026 1010; baseline -0.005 -12"><span class='ocrx_word' id='word_1_52' title='bbox 420 957 558 999; x_wconf 88' lang='lat' dir='ltr'><strong>cana</strong></span> <span class='ocrx_word' id='word_1_53' title='bbox 591 941 911 997; x_wconf 81' lang='lat' dir='ltr'><strong>desiderant</strong></span> <span class='ocrx_word' id='word_1_54' title='bbox 941 941 1144 1006; x_wconf 88' lang='lat' dir='ltr'><strong>colere,</strong></span> <span class='ocrx_word' id='word_1_55' title='bbox 1182 948 1344 1010; x_wconf 82' lang='lat' dir='ltr'><strong>alque</strong></span> <span class='ocrx_word' id='word_1_56' title='bbox 1372 939 1525 1008; x_wconf 84' lang='lat' dir='ltr'><strong>sequi</strong></span> <span class='ocrx_word' id='word_1_57' title='bbox 1558 938 1919 992; x_wconf 86' lang='lat' dir='ltr'><strong>ﬁrmamenta.</strong></span> <span class='ocrx_word' id='word_1_58' title='bbox 1945 934 2026 991; x_wconf 82' lang='lat' dir='ltr'><strong>Ex</strong></span> 
     </span>
    </p>
   </div>
   <div class='ocr_carea' id='block_1_11' title="bbox 421 1029 2027 1106">
    <p class='ocr_par' dir='ltr' id='par_1_11' title="bbox 421 1029 2027 1106">
     <span class='ocr_line' id='line_1_11' title="bbox 421 1029 2027 1106; baseline -0.006 -15"><span class='ocrx_word' id='word_1_59' title='bbox 421 1038 536 1091; x_wconf 87' lang='lat' dir='ltr'><strong>suis</strong></span> <span class='ocrx_word' id='word_1_60' title='bbox 559 1037 745 1106; x_wconf 81' lang='lat' dir='ltr'><strong>itaque</strong></span> <span class='ocrx_word' id='word_1_61' title='bbox 767 1034 1128 1097; x_wconf 85' lang='lat' dir='ltr'><strong>vanitatibus,</strong></span> <span class='ocrx_word' id='word_1_62' title='bbox 1163 1032 1214 1087; x_wconf 90' lang='lat' dir='ltr'><strong>id</strong></span> <span class='ocrx_word' id='word_1_63' title='bbox 1268 1042 1351 1087; x_wconf 89' lang='lat' dir='ltr'><strong>est</strong></span> <span class='ocrx_word' id='word_1_64' title='bbox 1410 1046 1476 1086; x_wconf 84' lang='lat' dir='ltr'><strong>ex</strong></span> <span class='ocrx_word' id='word_1_65' title='bbox 1508 1029 1822 1086; x_wconf 73' lang='lat' dir='ltr'><strong>Gmcorum</strong></span> <span class='ocrx_word' id='word_1_66' title='bbox 1855 1029 2027 1084; x_wconf 89' lang='lat' dir='ltr'><strong>histo-</strong></span> 
     </span>
    </p>
   </div>
   <div class='ocr_carea' id='block_1_12' title="bbox 421 1122 2027 1198">
    <p class='ocr_par' dir='ltr' id='par_1_12' title="bbox 421 1122 2027 1198">
     <span class='ocr_line' id='line_1_12' title="bbox 421 1122 2027 1198; baseline -0.006 -15"><span class='ocrx_word' id='word_1_67' title='bbox 421 1127 755 1198; x_wconf 87' lang='lat' dir='ltr'><strong>riographis,</strong></span> <span class='ocrx_word' id='word_1_68' title='bbox 792 1133 973 1196; x_wconf 85' lang='lat' dir='ltr'><strong>potest</strong></span> <span class='ocrx_word' id='word_1_69' title='bbox 999 1125 1124 1194; x_wconf 90' lang='lat' dir='ltr'><strong>quis</strong></span> <span class='ocrx_word' id='word_1_70' title='bbox 1151 1137 1510 1194; x_wconf 84' lang='lat' dir='ltr'><strong>cognoscere,</strong></span> <span class='ocrx_word' id='word_1_71' title='bbox 1545 1137 1707 1190; x_wconf 89' lang='lat' dir='ltr'><strong>quam</strong></span> <span class='ocrx_word' id='word_1_72' title='bbox 1729 1122 1800 1175; x_wconf 89' lang='lat' dir='ltr'><strong>sit</strong></span> <span class='ocrx_word' id='word_1_73' title='bbox 1820 1131 2027 1190; x_wconf 89' lang='lat' dir='ltr'><strong>tempo-</strong></span> 
     </span>
    </p>
   </div>
   <div class='ocr_carea' id='block_1_13' title="bbox 411 1213 2024 1289">
    <p class='ocr_par' dir='ltr' id='par_1_13' title="bbox 411 1213 2024 1289">
     <span class='ocr_line' id='line_1_13' title="bbox 411 1213 2024 1289; baseline -0.006 -12"><span class='ocrx_word' id='word_1_74' title='bbox 411 1222 550 1278; x_wconf 85' lang='lat' dir='ltr'><strong>ralis</strong></span> <span class='ocrx_word' id='word_1_75' title='bbox 590 1235 727 1274; x_wconf 89' lang='lat' dir='ltr'><strong>vana</strong></span> <span class='ocrx_word' id='word_1_76' title='bbox 759 1218 1028 1289; x_wconf 90' lang='lat' dir='ltr'><strong>sapientia</strong></span> <span class='ocrx_word' id='word_1_77' title='bbox 1050 1218 1392 1280; x_wconf 68' lang='lat' dir='ltr'><strong>Graecorum,</strong></span> <span class='ocrx_word' id='word_1_78' title='bbox 1435 1230 1558 1286; x_wconf 77' lang='lat' dir='ltr'><strong>qua:</strong></span> <span class='ocrx_word' id='word_1_79' title='bbox 1608 1230 1731 1270; x_wconf 90' lang='lat' dir='ltr'><strong>cum</strong></span> <span class='ocrx_word' id='word_1_80' title='bbox 1763 1213 2024 1285; x_wconf 85' lang='lat' dir='ltr'><strong>paulatim</strong></span> 
     </span>
    </p>
   </div>
   <div class='ocr_carea' id='block_1_14' title="bbox 417 1307 2020 1386">
    <p class='ocr_par' dir='ltr' id='par_1_14' title="bbox 417 1307 2020 1386">
     <span class='ocr_line' id='line_1_14' title="bbox 417 1307 2020 1386; baseline -0.008 -14"><span class='ocrx_word' id='word_1_81' title='bbox 417 1314 775 1386; x_wconf 74' lang='lat' dir='ltr'><strong>cognoscitur</strong></span> <span class='ocrx_word' id='word_1_82' title='bbox 807 1327 837 1367; x_wconf 91' lang='lat' dir='ltr'><strong>a</strong></span> <span class='ocrx_word' id='word_1_83' title='bbox 867 1312 1002 1377; x_wconf 88' lang='lat' dir='ltr'><strong>suis,</strong></span> <span class='ocrx_word' id='word_1_84' title='bbox 1032 1313 1151 1367; x_wconf 88' lang='lat' dir='ltr'><strong>sine</strong></span> <span class='ocrx_word' id='word_1_85' title='bbox 1182 1309 1350 1366; x_wconf 92' lang='lat' dir='ltr'><strong>dubio</strong></span> <span class='ocrx_word' id='word_1_86' title='bbox 1378 1311 1394 1342; x_wconf 77' lang='grc'>³</span> <span class='ocrx_word' id='word_1_87' title='bbox 1423 1308 1725 1379; x_wconf 84' lang='lat' dir='ltr'><strong>spernitur,</strong></span> <span class='ocrx_word' id='word_1_88' title='bbox 1759 1307 2020 1374; x_wconf 87' lang='lat' dir='ltr'><strong>calcatur,</strong></span> 
     </span>
    </p>
   </div>
   <div class='ocr_carea' id='block_1_15' title="bbox 396 1403 1302 1479">
    <p class='ocr_par' dir='ltr' id='par_1_15' title="bbox 396 1403 1302 1479">
     <span class='ocr_line' id='line_1_15' title="bbox 396 1403 1302 1479; baseline -0.007 -15"><span class='ocrx_word' id='word_1_89' title='bbox 396 1418 583 1479; x_wconf 90' lang='lat' dir='ltr'><strong>.atque</strong></span> <span class='ocrx_word' id='word_1_90' title='bbox 610 1404 862 1477; x_wconf 89' lang='lat' dir='ltr'><strong>quotidie</strong></span> <span class='ocrx_word' id='word_1_91' title='bbox 883 1403 1302 1460; x_wconf 88' lang='lat' dir='ltr'><strong>condemnatur.</strong></span> 
     </span>
    </p>
   </div>
   <div class='ocr_carea' id='block_1_16' title="bbox 491 1557 1953 1625">
    <p class='ocr_par' dir='ltr' id='par_1_16' title="bbox 491 1557 1953 1625">
     <span class='ocr_line' id='line_1_16' title="bbox 491 1557 1953 1625; baseline -0.006 -3"><span class='ocrx_word' id='word_1_92' title='bbox 491 1563 714 1622; x_wconf 80' lang='lat' dir='ltr'><strong>CXXX.</strong></span> <span class='ocrx_word' id='word_1_93' title='bbox 745 1562 1072 1621; x_wconf 60' lang='lat' dir='ltr'><strong>HERESIS</strong></span> <span class='ocrx_word' id='word_1_94' title='bbox 1110 1562 1199 1618; x_wconf 84' lang='lat' dir='ltr'><strong>DE</strong></span> <span class='ocrx_word' id='word_1_95' title='bbox 1239 1559 1607 1619; x_wconf 79' lang='lat' dir='ltr'><strong>PSALTERII</strong></span> <span class='ocrx_word' id='word_1_96' title='bbox 1647 1557 1953 1625; x_wconf 68' lang='lat' dir='ltr'><strong>[NEQUA-</strong></span> 
     </span>
    </p>
   </div>
   <div class='ocr_carea' id='block_1_17' title="bbox 1066 1655 1346 1712">
    <p class='ocr_par' dir='ltr' id='par_1_17' title="bbox 1066 1655 1346 1712">
     <span class='ocr_line' id='line_1_17' title="bbox 1066 1655 1346 1712; baseline 0.004 -2"><span class='ocrx_word' id='word_1_97' title='bbox 1066 1655 1346 1712; x_wconf 78' lang='lat' dir='ltr'><strong>LITATE.</strong></span> 
     </span>
    </p>
   </div>
   <div class='ocr_carea' id='block_1_18' title="bbox 2128 460 3740 536">
    <p class='ocr_par' dir='ltr' id='par_1_18' title="bbox 2128 460 3740 536">
     <span class='ocr_line' id='line_1_18' title="bbox 2128 460 3740 536; baseline -0.002 -17"><span class='ocrx_word' id='word_1_98' title='bbox 2128 474 2285 536; x_wconf 90' lang='lat' dir='ltr'><strong>ptura</strong></span> <span class='ocrx_word' id='word_1_99' title='bbox 2319 463 2680 535; x_wconf 86' lang='lat' dir='ltr'><strong>psalmorum,</strong></span> <span class='ocrx_word' id='word_1_100' title='bbox 2705 463 2727 494; x_wconf 87' lang='grc'>⁸</span> <span class='ocrx_word' id='word_1_101' title='bbox 2754 471 2810 518; x_wconf 91' lang='lat' dir='ltr'><strong>et</strong></span> <span class='ocrx_word' id='word_1_102' title='bbox 2856 471 3047 533; x_wconf 87' lang='lat' dir='ltr'><strong>postea</strong></span> <span class='ocrx_word' id='word_1_103' title='bbox 3094 463 3294 517; x_wconf 87' lang='lat' dir='ltr'><strong>iterum</strong></span> <span class='ocrx_word' id='word_1_104' title='bbox 3336 460 3347 497; x_wconf 85' lang='grc' dir='ltr'><strong>ί</strong></span> <span class='ocrx_word' id='word_1_105' title='bbox 3377 460 3635 530; x_wconf 87' lang='lat' dir='ltr'><strong>ejusdem</strong></span> <span class='ocrx_word' id='word_1_106' title='bbox 3669 463 3740 516; x_wconf 86' lang='lat' dir='ltr'><strong>ti-</strong></span> 
     </span>
    </p>
   </div>
   <div class='ocr_carea' id='block_1_19' title="bbox 2125 554 3741 628">
    <p class='ocr_par' dir='ltr' id='par_1_19' title="bbox 2125 554 3741 628">
     <span class='ocr_line' id='line_1_19' title="bbox 2125 554 3741 628; baseline -0.004 -14"><span class='ocrx_word' id='word_1_107' title='bbox 2125 559 2319 614; x_wconf 89' lang='lat' dir='ltr'><strong>tulatio</strong></span> <span class='ocrx_word' id='word_1_108' title='bbox 2340 559 2392 613; x_wconf 91' lang='lat' dir='ltr'><strong>in</strong></span> <span class='ocrx_word' id='word_1_109' title='bbox 2421 558 2609 614; x_wconf 88' lang='lat' dir='ltr'><strong>multis</strong></span> <span class='ocrx_word' id='word_1_110' title='bbox 2642 556 2871 628; x_wconf 89' lang='lat' dir='ltr'><strong>psalmis</strong></span> <span class='ocrx_word' id='word_1_111' title='bbox 2898 555 3185 611; x_wconf 79' lang='lat' dir='ltr'><strong>nuntiatur</strong></span> <span class='ocrx_word' id='word_1_112' title='bbox 3215 573 3230 621; x_wconf 90' lang='lat'><strong>;</strong></span> <span class='ocrx_word' id='word_1_113' title='bbox 3257 563 3310 609; x_wconf 91' lang='lat' dir='ltr'><strong>et</strong></span> <span class='ocrx_word' id='word_1_114' title='bbox 3338 554 3408 610; x_wconf 90' lang='lat' dir='ltr'><strong>de</strong></span> <span class='ocrx_word' id='word_1_115' title='bbox 3441 554 3551 609; x_wconf 90' lang='lat' dir='ltr'><strong>hoc</strong></span> <span class='ocrx_word' id='word_1_116' title='bbox 3578 570 3741 624; x_wconf 68' lang='lat' dir='ltr'><strong>quaa-</strong></span> 
     </span>
    </p>
   </div>
   <div class='ocr_carea' id='block_1_20' title="bbox 2124 647 3744 720">
    <p class='ocr_par' dir='ltr' id='par_1_20' title="bbox 2124 647 3744 720">
     <span class='ocr_line' id='line_1_20' title="bbox 2124 647 3744 720; baseline -0.001 -14"><span class='ocrx_word' id='word_1_117' title='bbox 2124 659 2273 717; x_wconf 90' lang='lat' dir='ltr'><strong>ruut,</strong></span> <span class='ocrx_word' id='word_1_118' title='bbox 2305 665 2404 706; x_wconf 90' lang='lat' dir='ltr'><strong>cur</strong></span> <span class='ocrx_word' id='word_1_119' title='bbox 2453 650 2526 705; x_wconf 89' lang='lat' dir='ltr'><strong>ita</strong></span> <span class='ocrx_word' id='word_1_120' title='bbox 2579 651 2650 704; x_wconf 91' lang='lat' dir='ltr'><strong>sit</strong></span> <span class='ocrx_word' id='word_1_121' title='bbox 2703 649 2970 720; x_wconf 90' lang='lat' dir='ltr'><strong>positum,</strong></span> <span class='ocrx_word' id='word_1_122' title='bbox 3005 649 3319 704; x_wconf 67' lang='lat' dir='ltr'><strong>nescientes</strong></span> <span class='ocrx_word' id='word_1_123' title='bbox 3367 647 3516 718; x_wconf 87' lang='lat' dir='ltr'><strong>quod</strong></span> <span class='ocrx_word' id='word_1_124' title='bbox 3577 649 3744 704; x_wconf 71' lang='lat' dir='ltr'><strong>beato</strong></span> 
     </span>
    </p>
   </div>
   <div class='ocr_carea' id='block_1_21' title="bbox 2126 740 3744 813">
    <p class='ocr_par' dir='ltr' id='par_1_21' title="bbox 2126 740 3744 813">
     <span class='ocr_line' id='line_1_21' title="bbox 2126 740 3744 813; baseline -0.002 -15"><span class='ocrx_word' id='word_1_125' title='bbox 2126 744 2284 813; x_wconf 85' lang='lat' dir='ltr'><strong>regi,</strong></span> <span class='ocrx_word' id='word_1_126' title='bbox 2335 751 2502 813; x_wconf 88' lang='lat' dir='ltr'><strong>atque</strong></span> <span class='ocrx_word' id='word_1_127' title='bbox 2533 741 2816 813; x_wconf 65' lang='lat' dir='ltr'><strong>propheta:</strong></span> <span class='ocrx_word' id='word_1_128' title='bbox 2865 741 3081 797; x_wconf 83' lang='lat' dir='ltr'><strong>diversa</strong></span> <span class='ocrx_word' id='word_1_129' title='bbox 3137 740 3334 810; x_wconf 89' lang='lat' dir='ltr'><strong>gaudia</strong></span> <span class='ocrx_word' id='word_1_130' title='bbox 3394 740 3744 810; x_wconf 86' lang='lat' dir='ltr'><strong>psalmorum</strong></span> 
     </span>
    </p>
   </div>
   <div class='ocr_carea' id='block_1_22' title="bbox 2125 834 3748 907">
    <p class='ocr_par' dir='ltr' id='par_1_22' title="bbox 2125 834 3748 907">
     <span class='ocr_line' id='line_1_22' title="bbox 2125 834 3748 907; baseline -0.002 -15"><span class='ocrx_word' id='word_1_131' title='bbox 2125 848 2276 894; x_wconf 88' lang='lat' dir='ltr'><strong>recte</strong></span> <span class='ocrx_word' id='word_1_132' title='bbox 2305 853 2335 893; x_wconf 88' lang='lat' dir='ltr'><strong>a</strong></span> <span class='ocrx_word' id='word_1_133' title='bbox 2365 837 2600 892; x_wconf 92' lang='lat' dir='ltr'><strong>Domino</strong></span> <span class='ocrx_word' id='word_1_134' title='bbox 2627 836 2908 907; x_wconf 85' lang='lat' dir='ltr'><strong>impertita</strong></span> <span class='ocrx_word' id='word_1_135' title='bbox 2950 844 3100 890; x_wconf 90' lang='lat' dir='ltr'><strong>sunt.</strong></span> <span class='ocrx_word' id='word_1_136' title='bbox 3136 834 3196 890; x_wconf 88' lang='lat' dir='ltr'><strong>Si</strong></span> <span class='ocrx_word' id='word_1_137' title='bbox 3247 849 3381 905; x_wconf 85' lang='lat' dir='ltr'><strong>ergo</strong></span> <span class='ocrx_word' id='word_1_138' title='bbox 3412 843 3469 889; x_wconf 87' lang='lat' dir='ltr'><strong>et</strong></span> <span class='ocrx_word' id='word_1_139' title='bbox 3501 834 3748 889; x_wconf 89' lang='lat' dir='ltr'><strong>aliorum</strong></span> 
     </span>
    </p>
   </div>
   <div class='ocr_carea' id='block_1_23' title="bbox 2124 927 3747 997">
    <p class='ocr_par' dir='ltr' id='par_1_23' title="bbox 2124 927 3747 997">
     <span class='ocr_line' id='line_1_23' title="bbox 2124 927 3747 997; baseline -0.002 -13"><span class='ocrx_word' id='word_1_140' title='bbox 2124 929 2487 986; x_wconf 84' lang='lat' dir='ltr'><strong>inveniuntur</strong></span> <span class='ocrx_word' id='word_1_141' title='bbox 2537 929 2963 984; x_wconf 86' lang='lat' dir='ltr'><strong>titulationesin</strong></span> <span class='ocrx_word' id='word_1_142' title='bbox 3021 927 3272 997; x_wconf 83' lang='lat' dir='ltr'><strong>psalmis,</strong></span> <span class='ocrx_word' id='word_1_143' title='bbox 3326 937 3517 995; x_wconf 85' lang='lat' dir='ltr'><strong>postea</strong></span> <span class='ocrx_word' id='word_1_144' title='bbox 3555 935 3747 981; x_wconf 88' lang='lat' dir='ltr'><strong>tamen</strong></span> 
     </span>
    </p>
   </div>
   <div class='ocr_carea' id='block_1_24' title="bbox 2123 1021 3747 1082">
    <p class='ocr_par' dir='ltr' id='par_1_24' title="bbox 2123 1021 3747 1082">
     <span class='ocr_line' id='line_1_24' title="bbox 2123 1021 3747 1082; baseline -0.004 -4"><span class='ocrx_word' id='word_1_145' title='bbox 2123 1039 2335 1079; x_wconf 88' lang='lat' dir='ltr'><strong>stunma</strong></span> <span class='ocrx_word' id='word_1_146' title='bbox 2390 1039 2568 1078; x_wconf 90' lang='lat' dir='ltr'><strong>rerum</strong></span> <span class='ocrx_word' id='word_1_147' title='bbox 2599 1021 2777 1076; x_wconf 88' lang='lat' dir='ltr'><strong>laudis</strong></span> <span class='ocrx_word' id='word_1_148' title='bbox 2837 1023 2963 1075; x_wconf 89' lang='lat' dir='ltr'><strong>huic</strong></span> <span class='ocrx_word' id='word_1_149' title='bbox 3018 1021 3253 1082; x_wconf 83' lang='lat' dir='ltr'><strong>auctori.</strong></span> <span class='ocrx_word' id='word_1_150' title='bbox 3280 1029 3337 1075; x_wconf 89' lang='lat' dir='ltr'><strong>et</strong></span> <span class='ocrx_word' id='word_1_151' title='bbox 3366 1021 3689 1074; x_wconf 88' lang='lat' dir='ltr'><strong>institutori</strong></span> <span class='ocrx_word' id='word_1_152' title='bbox 3719 1036 3747 1072; x_wconf 83' lang='lat' dir='ltr'><strong>a</strong></span> 
     </span>
    </p>
   </div>
   <div class='ocr_carea' id='block_1_25' title="bbox 2127 1115 3752 1185">
    <p class='ocr_par' dir='ltr' id='par_1_25' title="bbox 2127 1115 3752 1185">
     <span class='ocr_line' id='line_1_25' title="bbox 2127 1115 3752 1185; baseline -0.003 -12"><span class='ocrx_word' id='word_1_153' title='bbox 2127 1117 2344 1173; x_wconf 88' lang='lat' dir='ltr'><strong>Christo</strong></span> <span class='ocrx_word' id='word_1_154' title='bbox 2370 1130 2634 1171; x_wconf 88' lang='lat' dir='ltr'><strong>concessa</strong></span> <span class='ocrx_word' id='word_1_155' title='bbox 2687 1125 2766 1170; x_wconf 92' lang='lat' dir='ltr'><strong>est</strong></span> <span class='ocrx_word' id='word_1_156' title='bbox 2797 1157 2812 1182; x_wconf 94' lang='lat'><strong>,</strong></span> <span class='ocrx_word' id='word_1_157' title='bbox 2846 1126 2902 1169; x_wconf 92' lang='lat' dir='ltr'><strong>ut</strong></span> <span class='ocrx_word' id='word_1_158' title='bbox 2933 1115 3248 1185; x_wconf 70' lang='lat' dir='ltr'><strong>prophetae,</strong></span> <span class='ocrx_word' id='word_1_159' title='bbox 3276 1115 3392 1184; x_wconf 80' lang='lat' dir='ltr'><strong>regi</strong></span> <span class='ocrx_word' id='word_1_160' title='bbox 3444 1124 3619 1185; x_wconf 87' lang='lat' dir='ltr'><strong>atque</strong></span> <span class='ocrx_word' id='word_1_161' title='bbox 3654 1130 3752 1183; x_wconf 84' lang='lat' dir='ltr'><strong>pa-</strong></span> 
     </span>
    </p>
   </div>
   <div class='ocr_carea' id='block_1_26' title="bbox 2133 1207 3751 1278">
    <p class='ocr_par' dir='ltr' id='par_1_26' title="bbox 2133 1207 3751 1278">
     <span class='ocr_line' id='line_1_26' title="bbox 2133 1207 3751 1278; baseline -0.002 -15"><span class='ocrx_word' id='word_1_162' title='bbox 2133 1208 2409 1263; x_wconf 67' lang='lat' dir='ltr'><strong>triarchae.</strong></span> <span class='ocrx_word' id='word_1_163' title='bbox 2447 1209 2522 1262; x_wconf 86' lang='lat' dir='ltr'><strong>De</strong></span> <span class='ocrx_word' id='word_1_164' title='bbox 2553 1207 2923 1278; x_wconf 69' lang='lat' dir='ltr'><strong>inmqualitate</strong></span> <span class='ocrx_word' id='word_1_165' title='bbox 2947 1217 3130 1261; x_wconf 89' lang='lat' dir='ltr'><strong>autem</strong></span> <span class='ocrx_word' id='word_1_166' title='bbox 3164 1207 3506 1276; x_wconf 90' lang='lat' dir='ltr'><strong>psalmorum</strong></span> <span class='ocrx_word' id='word_1_167' title='bbox 3541 1221 3751 1262; x_wconf 87' lang='lat' dir='ltr'><strong>secun-</strong></span> 
     </span>
    </p>
   </div>
   <div class='ocr_carea' id='block_1_27' title="bbox 2128 1298 3750 1371">
    <p class='ocr_par' dir='ltr' id='par_1_27' title="bbox 2128 1298 3750 1371">
     <span class='ocr_line' id='line_1_27' title="bbox 2128 1298 3750 1371; baseline -0.001 -15"><span class='ocrx_word' id='word_1_168' title='bbox 2128 1299 2256 1356; x_wconf 89' lang='lat' dir='ltr'><strong>dum</strong></span> <span class='ocrx_word' id='word_1_169' title='bbox 2278 1300 2594 1366; x_wconf 84' lang='lat' dir='ltr'><strong>historiam,</strong></span> <span class='ocrx_word' id='word_1_170' title='bbox 2619 1301 2710 1366; x_wconf 92' lang='lat' dir='ltr'><strong>qui</strong></span> <span class='ocrx_word' id='word_1_171' title='bbox 2737 1298 3083 1371; x_wconf 86' lang='lat' dir='ltr'><strong>interpretati</strong></span> <span class='ocrx_word' id='word_1_172' title='bbox 3107 1299 3126 1330; x_wconf 75' lang='grc'><strong><em>³</em></strong></span> <span class='ocrx_word' id='word_1_173' title='bbox 3148 1308 3278 1354; x_wconf 88' lang='lat' dir='ltr'><strong>sunt</strong></span> <span class='ocrx_word' id='word_1_174' title='bbox 3308 1300 3750 1361; x_wconf 78' lang='lat' dir='ltr'><strong>studiosissime.</strong></span> 
     </span>
    </p>
   </div>
   <div class='ocr_carea' id='block_1_28' title="bbox 2129 1392 3751 1463">
    <p class='ocr_par' dir='ltr' id='par_1_28' title="bbox 2129 1392 3751 1463">
     <span class='ocr_line' id='line_1_28' title="bbox 2129 1392 3751 1463; baseline -0.001 -16"><span class='ocrx_word' id='word_1_175' title='bbox 2129 1394 2233 1449; x_wconf 91' lang='lat' dir='ltr'><strong>hoc</strong></span> <span class='ocrx_word' id='word_1_176' title='bbox 2264 1393 2560 1458; x_wconf 85' lang='lat' dir='ltr'><strong>dixerunt;</strong></span> <span class='ocrx_word' id='word_1_177' title='bbox 2594 1392 2740 1463; x_wconf 90' lang='lat' dir='ltr'><strong>quod</strong></span> <span class='ocrx_word' id='word_1_178' title='bbox 2771 1407 2917 1462; x_wconf 75' lang='lat' dir='ltr'><strong>smpe</strong></span> <span class='ocrx_word' id='word_1_179' title='bbox 2967 1392 3246 1447; x_wconf 80' lang='lat' dir='ltr'><strong>existente</strong></span> <span class='ocrx_word' id='word_1_180' title='bbox 3304 1392 3634 1463; x_wconf 82' lang='lat' dir='ltr'><strong>captivitate</strong></span> <span class='ocrx_word' id='word_1_181' title='bbox 3697 1395 3751 1446; x_wconf 87' lang='lat' dir='ltr'><strong>in</strong></span> 
     </span>
    </p>
   </div>
   <div class='ocr_carea' id='block_1_29' title="bbox 2127 1483 3756 1555">
    <p class='ocr_par' dir='ltr' id='par_1_29' title="bbox 2127 1483 3756 1555">
     <span class='ocr_line' id='line_1_29' title="bbox 2127 1483 3756 1555; baseline -0.001 -15"><span class='ocrx_word' id='word_1_182' title='bbox 2127 1484 2442 1541; x_wconf 71' lang='lat' dir='ltr'><strong>Judzeorum</strong></span> <span class='ocrx_word' id='word_1_183' title='bbox 2498 1485 2737 1555; x_wconf 87' lang='lat' dir='ltr'><strong>populo,</strong></span> <span class='ocrx_word' id='word_1_184' title='bbox 2791 1499 2819 1538; x_wconf 88' lang='lat' dir='ltr'><strong>a</strong></span> <span class='ocrx_word' id='word_1_185' title='bbox 2877 1483 3176 1554; x_wconf 78' lang='lat' dir='ltr'><strong>gentilibus</strong></span> <span class='ocrx_word' id='word_1_186' title='bbox 3229 1494 3460 1553; x_wconf 84' lang='lat' dir='ltr'><strong>propter</strong></span> <span class='ocrx_word' id='word_1_187' title='bbox 3509 1484 3756 1540; x_wconf 84' lang='lat' dir='ltr'><strong>idolola-</strong></span> 
     </span>
    </p>
   </div>
   <div class='ocr_carea' id='block_1_30' title="bbox 2131 1575 3756 1648">
    <p class='ocr_par' dir='ltr' id='par_1_30' title="bbox 2131 1575 3756 1648">
     <span class='ocr_line' id='line_1_30' title="bbox 2131 1575 3756 1648; baseline 0.001 -16"><span class='ocrx_word' id='word_1_188' title='bbox 2131 1577 2314 1641; x_wconf 87' lang='lat' dir='ltr'><strong>triam,</strong></span> <span class='ocrx_word' id='word_1_189' title='bbox 2345 1578 2470 1648; x_wconf 89' lang='lat' dir='ltr'><strong>quia</strong></span> <span class='ocrx_word' id='word_1_190' title='bbox 2495 1592 2617 1632; x_wconf 90' lang='lat' dir='ltr'><strong>cum</strong></span> <span class='ocrx_word' id='word_1_191' title='bbox 2649 1577 2759 1631; x_wconf 89' lang='lat' dir='ltr'><strong>illis</strong></span> <span class='ocrx_word' id='word_1_192' title='bbox 2786 1576 3046 1631; x_wconf 87' lang='lat' dir='ltr'><strong>colebant</strong></span> <span class='ocrx_word' id='word_1_193' title='bbox 3065 1575 3266 1643; x_wconf 69' lang='lat' dir='ltr'><strong>Judwi,</strong></span> <span class='ocrx_word' id='word_1_194' title='bbox 3293 1586 3347 1631; x_wconf 89' lang='lat' dir='ltr'><strong>et</strong></span> <span class='ocrx_word' id='word_1_195' title='bbox 3376 1575 3556 1642; x_wconf 88' lang='lat' dir='ltr'><strong>idola,</strong></span> <span class='ocrx_word' id='word_1_196' title='bbox 3582 1578 3756 1647; x_wconf 89' lang='lat' dir='ltr'><strong>inque</strong></span> 
     </span>
    </p>
   </div>
   <div class='ocr_carea' id='block_1_31' title="bbox 2132 1669 3758 1741">
    <p class='ocr_par' dir='ltr' id='par_1_31' title="bbox 2132 1669 3758 1741">
     <span class='ocr_line' id='line_1_31' title="bbox 2132 1669 3758 1741; baseline 0.001 -17"><span class='ocrx_word' id='word_1_197' title='bbox 2132 1670 2216 1725; x_wconf 90' lang='lat' dir='ltr'><strong>his</strong></span> <span class='ocrx_word' id='word_1_198' title='bbox 2237 1672 2397 1726; x_wconf 89' lang='lat' dir='ltr'><strong>etiam</strong></span> <span class='ocrx_word' id='word_1_199' title='bbox 2431 1670 2729 1741; x_wconf 71' lang='lat' dir='ltr'><strong>Scriptum</strong></span> <span class='ocrx_word' id='word_1_200' title='bbox 2751 1669 2951 1726; x_wconf 74' lang='lat' dir='ltr'><strong>divina:</strong></span> <span class='ocrx_word' id='word_1_201' title='bbox 2974 1669 3418 1740; x_wconf 87' lang='lat' dir='ltr'><strong>inquirebantur,</strong></span> <span class='ocrx_word' id='word_1_202' title='bbox 3441 1679 3500 1727; x_wconf 89' lang='lat' dir='ltr'><strong>et</strong></span> <span class='ocrx_word' id='word_1_203' title='bbox 3530 1671 3758 1726; x_wconf 84' lang='lat' dir='ltr'><strong>combu-</strong></span> 
     </span>
    </p>
   </div>
   <div class='ocr_carea' id='block_1_32' title="bbox 491 1761 3757 1838">
    <p class='ocr_par' dir='ltr' id='par_1_32' title="bbox 491 1761 3757 1838">
     <span class='ocr_line' id='line_1_32' title="bbox 491 1761 3757 1838; baseline -0.003 -8"><span class='ocrx_word' id='word_1_204' title='bbox 491 1769 1118 1838; x_wconf 67' lang='lat' dir='ltr'><strong>Su:rtaliiha3retici,qui</strong></span> <span class='ocrx_word' id='word_1_205' title='bbox 1139 1769 1599 1837; x_wconf 69' lang='lat' dir='ltr'><strong>deioaequalitate</strong></span> <span class='ocrx_word' id='word_1_206' title='bbox 1615 1766 2029 1822; x_wconf 87' lang='lat' dir='ltr'><strong>Psalteriierro—</strong></span> <span class='ocrx_word' id='word_1_207' title='bbox 2064 1776 2104 1836; x_wconf 73' lang='grc' dir='ltr'><strong>Β</strong></span> <span class='ocrx_word' id='word_1_208' title='bbox 2135 1764 2394 1818; x_wconf 91' lang='lat' dir='ltr'><strong>rebantur</strong></span> <span class='ocrx_word' id='word_1_209' title='bbox 2420 1779 2448 1817; x_wconf 91' lang='lat' dir='ltr'><strong>a</strong></span> <span class='ocrx_word' id='word_1_210' title='bbox 2472 1764 2748 1832; x_wconf 86' lang='lat' dir='ltr'><strong>gentibus.</strong></span> <span class='ocrx_word' id='word_1_211' title='bbox 2781 1761 2839 1817; x_wconf 90' lang='lat' dir='ltr'><strong>Si</strong></span> <span class='ocrx_word' id='word_1_212' title='bbox 2870 1763 2991 1832; x_wconf 85' lang='lat' dir='ltr'><strong>quis</strong></span> <span class='ocrx_word' id='word_1_213' title='bbox 3042 1772 3226 1818; x_wconf 88' lang='lat' dir='ltr'><strong>autem</strong></span> <span class='ocrx_word' id='word_1_214' title='bbox 3270 1763 3665 1818; x_wconf 89' lang='lat' dir='ltr'><strong>abscondisset</strong></span> <span class='ocrx_word' id='word_1_215' title='bbox 3686 1764 3757 1820; x_wconf 88' lang='lat' dir='ltr'><strong>de</strong></span> 
     </span>
    </p>
   </div>
   <div class='ocr_carea' id='block_1_33' title="bbox 415 1857 2031 1937">
    <p class='ocr_par' dir='ltr' id='par_1_33' title="bbox 415 1857 2031 1937">
     <span class='ocr_line' id='line_1_33' title="bbox 415 1857 2031 1937; baseline -0.009 -12"><span class='ocrx_word' id='word_1_216' title='bbox 415 1883 533 1925; x_wconf 85' lang='lat' dir='ltr'><strong>rem</strong></span> <span class='ocrx_word' id='word_1_217' title='bbox 549 1866 836 1937; x_wconf 82' lang='lat' dir='ltr'><strong>patiuntur</strong></span> <span class='ocrx_word' id='word_1_218' title='bbox 855 1879 964 1919; x_wconf 91' lang='lat' dir='ltr'><strong>non</strong></span> <span class='ocrx_word' id='word_1_219' title='bbox 989 1862 1286 1929; x_wconf 89' lang='lat' dir='ltr'><strong>modicum,</strong></span> <span class='ocrx_word' id='word_1_220' title='bbox 1308 1862 1668 1926; x_wconf 75' lang='lat' dir='ltr'><strong>:estimantes,</strong></span> <span class='ocrx_word' id='word_1_221' title='bbox 1690 1862 1710 1890; x_wconf 80' lang='grc'><em>³</em></span> <span class='ocrx_word' id='word_1_222' title='bbox 1731 1871 1750 1897; x_wconf 72' lang='grc' dir='ltr'><strong>ο</strong></span> <span class='ocrx_word' id='word_1_223' title='bbox 1770 1868 1942 1914; x_wconf 87' lang='lat' dir='ltr'><strong>totum</strong></span> <span class='ocrx_word' id='word_1_224' title='bbox 1962 1857 2031 1911; x_wconf 89' lang='lat' dir='ltr'><strong>li-</strong></span> 
     </span>
    </p>
   </div>
   <div class='ocr_carea' id='block_1_34' title="bbox 413 1950 2033 2020">
    <p class='ocr_par' dir='ltr' id='par_1_34' title="bbox 413 1950 2033 2020">
     <span class='ocr_line' id='line_1_34' title="bbox 413 1950 2033 2020; baseline -0.008 -5"><span class='ocrx_word' id='word_1_225' title='bbox 413 1959 576 2015; x_wconf 88' lang='lat' dir='ltr'><strong>brum</strong></span> <span class='ocrx_word' id='word_1_226' title='bbox 595 1957 853 2013; x_wconf 82' lang='lat' dir='ltr'><strong>Psalterii</strong></span> <span class='ocrx_word' id='word_1_227' title='bbox 871 1969 980 2009; x_wconf 88' lang='lat' dir='ltr'><strong>non</strong></span> <span class='ocrx_word' id='word_1_228' title='bbox 1005 1968 1128 2010; x_wconf 84' lang='lat' dir='ltr'><strong>esse</strong></span> <span class='ocrx_word' id='word_1_229' title='bbox 1151 1953 1341 2018; x_wconf 82' lang='lat' dir='ltr'><strong>David,</strong></span> <span class='ocrx_word' id='word_1_230' title='bbox 1357 1960 1414 2007; x_wconf 85' lang='lat' dir='ltr'><strong>et</strong></span> <span class='ocrx_word' id='word_1_231' title='bbox 1437 1967 1560 2007; x_wconf 89' lang='lat' dir='ltr'><strong>cum</strong></span> <span class='ocrx_word' id='word_1_232' title='bbox 1583 1950 1868 2005; x_wconf 82' lang='lat' dir='ltr'><strong>historiam</strong></span> <span class='ocrx_word' id='word_1_233' title='bbox 1886 1965 2033 2020; x_wconf 66' lang='lat' dir='ltr'><strong>qure-</strong></span> 
     </span>
    </p>
   </div>
   <div class='ocr_carea' id='block_1_35' title="bbox 416 2043 2035 2122">
    <p class='ocr_par' dir='ltr' id='par_1_35' title="bbox 416 2043 2035 2122">
     <span class='ocr_line' id='line_1_35' title="bbox 416 2043 2035 2122; baseline -0.007 -14"><span class='ocrx_word' id='word_1_234' title='bbox 416 2060 548 2108; x_wconf 88' lang='lat' dir='ltr'><strong>runt</strong></span> <span class='ocrx_word' id='word_1_235' title='bbox 569 2066 666 2122; x_wconf 90' lang='lat' dir='ltr'><strong>per</strong></span> <span class='ocrx_word' id='word_1_236' title='bbox 691 2049 964 2114; x_wconf 88' lang='lat' dir='ltr'><strong>ordinem,</strong></span> <span class='ocrx_word' id='word_1_237' title='bbox 987 2045 1303 2101; x_wconf 85' lang='lat' dir='ltr'><strong>dinveniunt</strong></span> <span class='ocrx_word' id='word_1_238' title='bbox 1334 2045 1782 2117; x_wconf 69' lang='lat' dir='ltr'><strong>inaequalitatem,</strong></span> <span class='ocrx_word' id='word_1_239' title='bbox 1806 2043 1956 2099; x_wconf 85' lang='lat' dir='ltr'><strong>idest</strong></span> <span class='ocrx_word' id='word_1_240' title='bbox 1975 2053 2035 2097; x_wconf 92' lang='lat' dir='ltr'><strong>ut</strong></span> 
     </span>
    </p>
   </div>
   <div class='ocr_carea' id='block_1_36' title="bbox 421 2138 2037 2216">
    <p class='ocr_par' dir='ltr' id='par_1_36' title="bbox 421 2138 2037 2216">
     <span class='ocr_line' id='line_1_36' title="bbox 421 2138 2037 2216; baseline -0.006 -14"><span class='ocrx_word' id='word_1_241' title='bbox 421 2161 546 2216; x_wconf 67' lang='lat' dir='ltr'><strong>qua:</strong></span> <span class='ocrx_word' id='word_1_242' title='bbox 572 2144 868 2202; x_wconf 89' lang='lat' dir='ltr'><strong>novissima</strong></span> <span class='ocrx_word' id='word_1_243' title='bbox 902 2142 1100 2212; x_wconf 90' lang='lat' dir='ltr'><strong>prima,</strong></span> <span class='ocrx_word' id='word_1_244' title='bbox 1149 2151 1200 2197; x_wconf 89' lang='lat' dir='ltr'><strong>et</strong></span> <span class='ocrx_word' id='word_1_245' title='bbox 1227 2155 1352 2211; x_wconf 75' lang='lat' dir='ltr'><strong>qua:</strong></span> <span class='ocrx_word' id='word_1_246' title='bbox 1384 2140 1558 2208; x_wconf 86' lang='lat' dir='ltr'><strong>prima</strong></span> <span class='ocrx_word' id='word_1_247' title='bbox 1587 2138 1884 2194; x_wconf 88' lang='lat' dir='ltr'><strong>novissima</strong></span> <span class='ocrx_word' id='word_1_248' title='bbox 1912 2150 2037 2192; x_wconf 85' lang='lat' dir='ltr'><strong>esse</strong></span> 
     </span>
    </p>
   </div>
   <div class='ocr_carea' id='block_1_37' title="bbox 422 2230 2031 2308">
    <p class='ocr_par' dir='ltr' id='par_1_37' title="bbox 422 2230 2031 2308">
     <span class='ocr_line' id='line_1_37' title="bbox 422 2230 2031 2308; baseline -0.008 -13"><span class='ocrx_word' id='word_1_249' title='bbox 422 2240 603 2308; x_wconf 85' lang='lat' dir='ltr'><strong>posita</strong></span> <span class='ocrx_word' id='word_1_250' title='bbox 637 2236 950 2308; x_wconf 90' lang='lat' dir='ltr'><strong>pervident,</strong></span> <span class='ocrx_word' id='word_1_251' title='bbox 993 2251 1099 2289; x_wconf 89' lang='lat' dir='ltr'><strong>non</strong></span> <span class='ocrx_word' id='word_1_252' title='bbox 1155 2233 1430 2290; x_wconf 89' lang='lat' dir='ltr'><strong>modicum</strong></span> <span class='ocrx_word' id='word_1_253' title='bbox 1457 2231 1699 2288; x_wconf 86' lang='lat' dir='ltr'><strong>scandali</strong></span> <span class='ocrx_word' id='word_1_254' title='bbox 1733 2230 2031 2301; x_wconf 87' lang='lat' dir='ltr'><strong>patiuntur.</strong></span> 
     </span>
    </p>
   </div>
   <div class='ocr_carea' id='block_1_38' title="bbox 418 2323 2029 2398">
    <p class='ocr_par' dir='ltr' id='par_1_38' title="bbox 418 2323 2029 2398">
     <span class='ocr_line' id='line_1_38' title="bbox 418 2323 2029 2398; baseline -0.007 -10"><span class='ocrx_word' id='word_1_255' title='bbox 418 2331 558 2388; x_wconf 80' lang='lat' dir='ltr'><strong>Nam</strong></span> <span class='ocrx_word' id='word_1_256' title='bbox 579 2343 600 2367; x_wconf 69' lang='grc' dir='ltr'><strong>θ</strong></span> <span class='ocrx_word' id='word_1_257' title='bbox 634 2331 689 2385; x_wconf 92' lang='lat' dir='ltr'><strong>in</strong></span> <span class='ocrx_word' id='word_1_258' title='bbox 722 2331 886 2386; x_wconf 87' lang='lat' dir='ltr'><strong>tertio</strong></span> <span class='ocrx_word' id='word_1_259' title='bbox 915 2330 1126 2398; x_wconf 86' lang='lat' dir='ltr'><strong>psalmo</strong></span> <span class='ocrx_word' id='word_1_260' title='bbox 1149 2327 1591 2397; x_wconf 88' lang='lat' dir='ltr'><strong>persecutionem</strong></span> <span class='ocrx_word' id='word_1_261' title='bbox 1617 2325 1866 2396; x_wconf 88' lang='lat' dir='ltr'><strong>patitnra</strong></span> <span class='ocrx_word' id='word_1_262' title='bbox 1898 2323 2029 2384; x_wconf 90' lang='lat' dir='ltr'><strong>lilio,</strong></span> 
     </span>
    </p>
   </div>
   <div class='ocr_carea' id='block_1_39' title="bbox 431 2415 2034 2491">
    <p class='ocr_par' dir='ltr' id='par_1_39' title="bbox 431 2415 2034 2491">
     <span class='ocr_line' id='line_1_39' title="bbox 431 2415 2034 2491; baseline -0.006 -11"><span class='ocrx_word' id='word_1_263' title='bbox 431 2424 450 2463; x_wconf 73' lang='grc' dir='ltr'>ί</span> <span class='ocrx_word' id='word_1_264' title='bbox 483 2433 539 2480; x_wconf 90' lang='lat' dir='ltr'><strong>et</strong></span> <span class='ocrx_word' id='word_1_265' title='bbox 565 2424 619 2479; x_wconf 90' lang='lat' dir='ltr'><strong>in</strong></span> <span class='ocrx_word' id='word_1_266' title='bbox 648 2423 961 2479; x_wconf 88' lang='lat' dir='ltr'><strong>centesimo</strong></span> <span class='ocrx_word' id='word_1_267' title='bbox 977 2421 1097 2491; x_wconf 87' lang='lat' dir='ltr'><strong>plus</strong></span> <span class='ocrx_word' id='word_1_268' title='bbox 1114 2431 1136 2468; x_wconf 74' lang='grc' dir='ltr'>ε</span> <span class='ocrx_word' id='word_1_269' title='bbox 1157 2431 1347 2474; x_wconf 90' lang='lat' dir='ltr'><strong>contra</strong></span> <span class='ocrx_word' id='word_1_270' title='bbox 1369 2418 1721 2489; x_wconf 79' lang='lat' dir='ltr'><strong>Allaphylum</strong></span> <span class='ocrx_word' id='word_1_271' title='bbox 1745 2415 2034 2488; x_wconf 82' lang='lat' dir='ltr'><strong>pugnando</strong></span> 
     </span>
    </p>
   </div>
   <div class='ocr_carea' id='block_1_40' title="bbox 419 2513 2034 2584">
    <p class='ocr_par' dir='ltr' id='par_1_40' title="bbox 419 2513 2034 2584">
     <span class='ocr_line' id='line_1_40' title="bbox 419 2513 2034 2584; baseline -0.006 -10"><span class='ocrx_word' id='word_1_272' title='bbox 419 2517 718 2574; x_wconf 84' lang='lat' dir='ltr'><strong>disseritur</strong></span> <span class='ocrx_word' id='word_1_273' title='bbox 760 2534 773 2572; x_wconf 88' lang='lat'><strong>:</strong></span> <span class='ocrx_word' id='word_1_274' title='bbox 815 2531 938 2571; x_wconf 90' lang='lat' dir='ltr'><strong>cum</strong></span> <span class='ocrx_word' id='word_1_275' title='bbox 973 2514 1286 2570; x_wconf 85' lang='lat' dir='ltr'><strong>invenimus</strong></span> <span class='ocrx_word' id='word_1_276' title='bbox 1335 2513 1567 2584; x_wconf 90' lang='lat' dir='ltr'><strong>primum</strong></span> <span class='ocrx_word' id='word_1_277' title='bbox 1601 2526 1872 2582; x_wconf 85' lang='lat' dir='ltr'><strong>pugnasse</strong></span> <span class='ocrx_word' id='word_1_278' title='bbox 1911 2525 2034 2565; x_wconf 87' lang='lat' dir='ltr'><strong>eum</strong></span> 
     </span>
    </p>
   </div>
   <div class='ocr_carea' id='block_1_41' title="bbox 419 2603 2033 2678">
    <p class='ocr_par' dir='ltr' id='par_1_41' title="bbox 419 2603 2033 2678">
     <span class='ocr_line' id='line_1_41' title="bbox 419 2603 2033 2678; baseline -0.007 -11"><span class='ocrx_word' id='word_1_279' title='bbox 419 2624 546 2667; x_wconf 88' lang='lat' dir='ltr'><strong>cum</strong></span> <span class='ocrx_word' id='word_1_280' title='bbox 573 2608 795 2667; x_wconf 89' lang='lat' dir='ltr'><strong>Goliath</strong></span> <span class='ocrx_word' id='word_1_281' title='bbox 829 2609 880 2663; x_wconf 91' lang='lat' dir='ltr'><strong>in</strong></span> <span class='ocrx_word' id='word_1_282' title='bbox 923 2622 1019 2661; x_wconf 88' lang='lat' dir='ltr'><strong>sua</strong></span> <span class='ocrx_word' id='word_1_283' title='bbox 1078 2608 1364 2678; x_wconf 79' lang='lat' dir='ltr'><strong>iuventute</strong></span> <span class='ocrx_word' id='word_1_284' title='bbox 1397 2606 1439 2678; x_wconf 94' lang='lat' dir='ltr'><strong>(l</strong></span> <span class='ocrx_word' id='word_1_285' title='bbox 1473 2607 1600 2677; x_wconf 81' lang='lat' dir='ltr'><strong>Reg.</strong></span> <span class='ocrx_word' id='word_1_286' title='bbox 1637 2603 1808 2676; x_wconf 81' lang='lat' dir='ltr'><strong>xm);</strong></span> <span class='ocrx_word' id='word_1_287' title='bbox 1843 2619 1870 2658; x_wconf 88' lang='lat' dir='ltr'><strong>a</strong></span> <span class='ocrx_word' id='word_1_288' title='bbox 1921 2603 2033 2657; x_wconf 86' lang='lat' dir='ltr'><strong>[ilio</strong></span> 
     </span>
    </p>
   </div>
   <div class='ocr_carea' id='block_1_42' title="bbox 424 2700 2034 2772">
    <p class='ocr_par' dir='ltr' id='par_1_42' title="bbox 424 2700 2034 2772">
     <span class='ocr_line' id='line_1_42' title="bbox 424 2700 2034 2772; baseline -0.004 -12"><span class='ocrx_word' id='word_1_289' title='bbox 424 2715 611 2760; x_wconf 85' lang='lat' dir='ltr'><strong>autem</strong></span> <span class='ocrx_word' id='word_1_290' title='bbox 639 2717 742 2760; x_wconf 87' lang='lat' dir='ltr'><strong>suo</strong></span> <span class='ocrx_word' id='word_1_291' title='bbox 787 2702 839 2757; x_wconf 90' lang='lat' dir='ltr'><strong>in</strong></span> <span class='ocrx_word' id='word_1_292' title='bbox 873 2711 1162 2757; x_wconf 88' lang='lat' dir='ltr'><strong>senectute</strong></span> <span class='ocrx_word' id='word_1_293' title='bbox 1207 2710 1399 2772; x_wconf 85' lang='lat' dir='ltr'><strong>postea</strong></span> <span class='ocrx_word' id='word_1_294' title='bbox 1454 2701 1652 2756; x_wconf 89' lang='lat' dir='ltr'><strong>bellum</strong></span> <span class='ocrx_word' id='word_1_295' title='bbox 1704 2700 2034 2754; x_wconf 81' lang='lat' dir='ltr'><strong>sustinuisse</strong></span> 
     </span>
    </p>
   </div>
   <div class='ocr_carea' id='block_1_43' title="bbox 423 2790 2036 2868">
    <p class='ocr_par' dir='ltr' id='par_1_43' title="bbox 423 2790 2036 2868">
     <span class='ocr_line' id='line_1_43' title="bbox 423 2790 2036 2868; baseline -0.006 -15"><span class='ocrx_word' id='word_1_296' title='bbox 423 2797 492 2868; x_wconf 91' lang='lat' dir='ltr'><strong>(ll</strong></span> <span class='ocrx_word' id='word_1_297' title='bbox 525 2797 655 2867; x_wconf 78' lang='lat' dir='ltr'><strong>Reg.</strong></span> <span class='ocrx_word' id='word_1_298' title='bbox 691 2796 867 2866; x_wconf 81' lang='lat' dir='ltr'><strong>xvm).</strong></span> <span class='ocrx_word' id='word_1_299' title='bbox 898 2795 968 2849; x_wconf 88' lang='lat' dir='ltr'><strong>Et</strong></span> <span class='ocrx_word' id='word_1_300' title='bbox 998 2795 1256 2864; x_wconf 81' lang='lat' dir='ltr'><strong>quamvis</strong></span> <span class='ocrx_word' id='word_1_301' title='bbox 1288 2793 1403 2848; x_wconf 74' lang='lat' dir='ltr'><strong>lucc</strong></span> <span class='ocrx_word' id='word_1_302' title='bbox 1429 2792 1758 2862; x_wconf 84' lang='lat' dir='ltr'><strong>Spiritalitcr</strong></span> <span class='ocrx_word' id='word_1_303' title='bbox 1786 2793 1851 2846; x_wconf 87' lang='lat' dir='ltr'><strong>de</strong></span> <span class='ocrx_word' id='word_1_304' title='bbox 1880 2790 2036 2846; x_wconf 89' lang='lat' dir='ltr'><strong>Chri-</strong></span> 
     </span>
    </p>
   </div>
   <div class='ocr_carea' id='block_1_44' title="bbox 423 2885 2032 2957">
    <p class='ocr_par' dir='ltr' id='par_1_44' title="bbox 423 2885 2032 2957">
     <span class='ocr_line' id='line_1_44' title="bbox 423 2885 2032 2957; baseline -0.004 -14"><span class='ocrx_word' id='word_1_305' title='bbox 423 2898 513 2943; x_wconf 84' lang='lat' dir='ltr'><strong>sto</strong></span> <span class='ocrx_word' id='word_1_306' title='bbox 571 2887 922 2957; x_wconf 86' lang='lat' dir='ltr'><strong>intelligenda</strong></span> <span class='ocrx_word' id='word_1_307' title='bbox 953 2888 1086 2952; x_wconf 89' lang='lat' dir='ltr'><strong>sint,</strong></span> <span class='ocrx_word' id='word_1_308' title='bbox 1115 2896 1295 2941; x_wconf 87' lang='lat' dir='ltr'><strong>tamen</strong></span> <span class='ocrx_word' id='word_1_309' title='bbox 1323 2895 1380 2941; x_wconf 89' lang='lat' dir='ltr'><strong>et</strong></span> <span class='ocrx_word' id='word_1_310' title='bbox 1411 2885 1697 2941; x_wconf 73' lang='lat' dir='ltr'><strong>historiam</strong></span> <span class='ocrx_word' id='word_1_311' title='bbox 1750 2885 2032 2954; x_wconf 83' lang='lat' dir='ltr'><strong>inquiren-</strong></span> 
     </span>
    </p>
   </div>
   <div class='ocr_carea' id='block_1_45' title="bbox 423 2979 2036 3052">
    <p class='ocr_par' dir='ltr' id='par_1_45' title="bbox 423 2979 2036 3052">
     <span class='ocr_line' id='line_1_45' title="bbox 423 2979 2036 3052; baseline -0.001 -16"><span class='ocrx_word' id='word_1_312' title='bbox 423 2989 510 3036; x_wconf 89' lang='lat' dir='ltr'><strong>tes</strong></span> <span class='ocrx_word' id='word_1_313' title='bbox 542 2981 790 3035; x_wconf 86' lang='lat' dir='ltr'><strong>studiose</strong></span> <span class='ocrx_word' id='word_1_314' title='bbox 817 2981 886 3035; x_wconf 90' lang='lat' dir='ltr'><strong>de</strong></span> <span class='ocrx_word' id='word_1_315' title='bbox 908 2981 1102 3036; x_wconf 83' lang='lat' dir='ltr'><strong>eodem</strong></span> <span class='ocrx_word' id='word_1_316' title='bbox 1133 2980 1422 3051; x_wconf 86' lang='lat' dir='ltr'><strong>propheta,</strong></span> <span class='ocrx_word' id='word_1_317' title='bbox 1452 2997 1560 3036; x_wconf 90' lang='lat' dir='ltr'><strong>non</strong></span> <span class='ocrx_word' id='word_1_318' title='bbox 1593 2996 1763 3052; x_wconf 85' lang='lat' dir='ltr'><strong>parvo</strong></span> <span class='ocrx_word' id='word_1_319' title='bbox 1805 2979 2036 3035; x_wconf 79' lang='lat' dir='ltr'><strong>oli‘endi-</strong></span> 
     </span>
    </p>
   </div>
   <div class='ocr_carea' id='block_1_46' title="bbox 426 3073 2034 3146">
    <p class='ocr_par' dir='ltr' id='par_1_46' title="bbox 426 3073 2034 3146">
     <span class='ocr_line' id='line_1_46' title="bbox 426 3073 2034 3146; baseline -0.003 -15"><span class='ocrx_word' id='word_1_320' title='bbox 426 3074 549 3132; x_wconf 91' lang='lat' dir='ltr'><strong>culo</strong></span> <span class='ocrx_word' id='word_1_321' title='bbox 597 3073 1011 3146; x_wconf 87' lang='lat' dir='ltr'><strong>perturbantur.</strong></span> <span class='ocrx_word' id='word_1_322' title='bbox 1045 3073 1184 3142; x_wconf 83' lang='lat' dir='ltr'><strong>Quia</strong></span> <span class='ocrx_word' id='word_1_323' title='bbox 1237 3089 1367 3143; x_wconf 90' lang='lat' dir='ltr'><strong>ergo</strong></span> <span class='ocrx_word' id='word_1_324' title='bbox 1419 3083 1474 3128; x_wconf 89' lang='lat' dir='ltr'><strong>et</strong></span> <span class='ocrx_word' id='word_1_325' title='bbox 1514 3083 1637 3143; x_wconf 91' lang='lat' dir='ltr'><strong>post</strong></span> <span class='ocrx_word' id='word_1_326' title='bbox 1691 3075 2034 3143; x_wconf 73' lang='lat' dir='ltr'><strong>septuaginta</strong></span> 
     </span>
    </p>
   </div>
   <div class='ocr_carea' id='block_1_47' title="bbox 2140 1855 3757 1927">
    <p class='ocr_par' dir='ltr' id='par_1_47' title="bbox 2140 1855 3757 1927">
     <span class='ocr_line' id='line_1_47' title="bbox 2140 1855 3757 1927; baseline 0.002 -18"><span class='ocrx_word' id='word_1_327' title='bbox 2140 1855 2366 1926; x_wconf 89' lang='lat' dir='ltr'><strong>psalmis</strong></span> <span class='ocrx_word' id='word_1_328' title='bbox 2393 1857 2622 1927; x_wconf 90' lang='lat' dir='ltr'><strong>aliquid,</strong></span> <span class='ocrx_word' id='word_1_329' title='bbox 2644 1856 2918 1912; x_wconf 80' lang='lat' dir='ltr'><strong>existente</strong></span> <span class='ocrx_word' id='word_1_330' title='bbox 2947 1870 3084 1925; x_wconf 85' lang='lat' dir='ltr'><strong>pace</strong></span> <span class='ocrx_word' id='word_1_331' title='bbox 3108 1855 3461 1926; x_wconf 84' lang='lat' dir='ltr'><strong>postmodum</strong></span> <span class='ocrx_word' id='word_1_332' title='bbox 3495 1859 3757 1927; x_wconf 84' lang='lat' dir='ltr'><strong>require-</strong></span> 
     </span>
    </p>
   </div>
   <div class='ocr_carea' id='block_1_48' title="bbox 2135 1948 3751 2020">
    <p class='ocr_par' dir='ltr' id='par_1_48' title="bbox 2135 1948 3751 2020">
     <span class='ocr_line' id='line_1_48' title="bbox 2135 1948 3751 2020; baseline 0.002 -14"><span class='ocrx_word' id='word_1_333' title='bbox 2135 1951 2336 2006; x_wconf 86' lang='lat' dir='ltr'><strong>bantur</strong></span> <span class='ocrx_word' id='word_1_334' title='bbox 2386 1966 2414 2003; x_wconf 86' lang='lat' dir='ltr'><strong>a</strong></span> <span class='ocrx_word' id='word_1_335' title='bbox 2449 1951 2638 2020; x_wconf 89' lang='lat' dir='ltr'><strong>paucis</strong></span> <span class='ocrx_word' id='word_1_336' title='bbox 2681 1950 2885 2004; x_wconf 89' lang='lat' dir='ltr'><strong>sanctis</strong></span> <span class='ocrx_word' id='word_1_337' title='bbox 2911 1948 3118 2004; x_wconf 82' lang='lat' dir='ltr'><strong>eaedem</strong></span> <span class='ocrx_word' id='word_1_338' title='bbox 3152 1949 3355 2004; x_wconf 72' lang='lat' dir='ltr'><strong>divina:</strong></span> <span class='ocrx_word' id='word_1_339' title='bbox 3403 1949 3751 2020; x_wconf 69' lang='lat' dir='ltr'><strong>Scripturar;</strong></span> 
     </span>
    </p>
   </div>
   <div class='ocr_carea' id='block_1_49' title="bbox 2135 2045 3760 2116">
    <p class='ocr_par' dir='ltr' id='par_1_49' title="bbox 2135 2045 3760 2116">
     <span class='ocr_line' id='line_1_49' title="bbox 2135 2045 3760 2116; baseline -0.001 -14"><span class='ocrx_word' id='word_1_340' title='bbox 2135 2059 2370 2116; x_wconf 86' lang='lat' dir='ltr'><strong>cumque</strong></span> <span class='ocrx_word' id='word_1_341' title='bbox 2418 2046 2818 2110; x_wconf 81' lang='lat' dir='ltr'><strong>invenirentur,</strong></span> <span class='ocrx_word' id='word_1_342' title='bbox 2851 2045 3191 2115; x_wconf 86' lang='lat' dir='ltr'><strong>accipientes</strong></span> <span class='ocrx_word' id='word_1_343' title='bbox 3245 2053 3438 2114; x_wconf 88' lang='lat' dir='ltr'><strong>postea</strong></span> <span class='ocrx_word' id='word_1_344' title='bbox 3464 2047 3557 2116; x_wconf 89' lang='lat' dir='ltr'><strong>qui</strong></span> <span class='ocrx_word' id='word_1_345' title='bbox 3588 2055 3760 2102; x_wconf 81' lang='lat' dir='ltr'><strong>erant</strong></span> 
     </span>
    </p>
   </div>
   <div class='ocr_carea' id='block_1_50' title="bbox 2138 2137 3761 2210">
    <p class='ocr_par' dir='ltr' id='par_1_50' title="bbox 2138 2137 3761 2210">
     <span class='ocr_line' id='line_1_50' title="bbox 2138 2137 3761 2210; baseline -0.001 -16"><span class='ocrx_word' id='word_1_346' title='bbox 2138 2140 2189 2194; x_wconf 88' lang='lat' dir='ltr'><strong>in</strong></span> <span class='ocrx_word' id='word_1_347' title='bbox 2217 2139 2313 2195; x_wconf 90' lang='lat' dir='ltr'><strong>illo</strong></span> <span class='ocrx_word' id='word_1_348' title='bbox 2335 2148 2580 2209; x_wconf 85' lang='lat' dir='ltr'><strong>tempore</strong></span> <span class='ocrx_word' id='word_1_349' title='bbox 2607 2137 2629 2171; x_wconf 84' lang='lat'>&#39;</span> <span class='ocrx_word' id='word_1_350' title='bbox 2649 2137 2947 2210; x_wconf 88' lang='lat' dir='ltr'><strong>sapientes,</strong></span> <span class='ocrx_word' id='word_1_351' title='bbox 2984 2137 3108 2208; x_wconf 90' lang='lat' dir='ltr'><strong>quia</strong></span> <span class='ocrx_word' id='word_1_352' title='bbox 3139 2152 3248 2192; x_wconf 85' lang='lat' dir='ltr'><strong>non</strong></span> <span class='ocrx_word' id='word_1_353' title='bbox 3274 2146 3433 2192; x_wconf 90' lang='lat' dir='ltr'><strong>erant</strong></span> <span class='ocrx_word' id='word_1_354' title='bbox 3461 2137 3761 2209; x_wconf 65' lang='lat' dir='ltr'><strong>prophetm</strong></span> 
     </span>
    </p>
   </div>
   <div class='ocr_carea' id='block_1_51' title="bbox 2133 2229 3763 2302">
    <p class='ocr_par' dir='ltr' id='par_1_51' title="bbox 2133 2229 3763 2302">
     <span class='ocr_line' id='line_1_51' title="bbox 2133 2229 3763 2302; baseline -0.001 -14"><span class='ocrx_word' id='word_1_355' title='bbox 2133 2233 2270 2302; x_wconf 88' lang='lat' dir='ltr'><strong>jam,</strong></span> <span class='ocrx_word' id='word_1_356' title='bbox 2309 2231 2406 2288; x_wconf 89' lang='lat' dir='ltr'><strong>sed</strong></span> <span class='ocrx_word' id='word_1_357' title='bbox 2434 2231 2754 2288; x_wconf 89' lang='lat' dir='ltr'><strong>sacerdotes</strong></span> <span class='ocrx_word' id='word_1_358' title='bbox 2783 2232 2981 2286; x_wconf 91' lang='lat' dir='ltr'><strong>timore</strong></span> <span class='ocrx_word' id='word_1_359' title='bbox 3012 2229 3245 2299; x_wconf 88' lang='lat' dir='ltr'><strong>detenti,</strong></span> <span class='ocrx_word' id='word_1_360' title='bbox 3297 2232 3456 2300; x_wconf 79' lang='lat' dir='ltr'><strong>juxta</strong></span> <span class='ocrx_word' id='word_1_361' title='bbox 3486 2231 3637 2302; x_wconf 88' lang='lat' dir='ltr'><strong>quod</strong></span> <span class='ocrx_word' id='word_1_362' title='bbox 3668 2246 3763 2286; x_wconf 79' lang='lat' dir='ltr'><strong>ae-</strong></span> 
     </span>
    </p>
   </div>
   <div class='ocr_carea' id='block_1_52' title="bbox 2145 2323 3761 2396">
    <p class='ocr_par' dir='ltr' id='par_1_52' title="bbox 2145 2323 3761 2396">
     <span class='ocr_line' id='line_1_52' title="bbox 2145 2323 3761 2396; baseline -0.002 -15"><span class='ocrx_word' id='word_1_363' title='bbox 2145 2325 2425 2396; x_wconf 87' lang='lat' dir='ltr'><strong>cipiebant</strong></span> <span class='ocrx_word' id='word_1_364' title='bbox 2452 2341 2479 2378; x_wconf 88' lang='lat' dir='ltr'><strong>a</strong></span> <span class='ocrx_word' id='word_1_365' title='bbox 2525 2324 2874 2395; x_wconf 87' lang='lat' dir='ltr'><strong>quibusdam,</strong></span> <span class='ocrx_word' id='word_1_366' title='bbox 2911 2325 2982 2378; x_wconf 89' lang='lat' dir='ltr'><strong>ita</strong></span> <span class='ocrx_word' id='word_1_367' title='bbox 3015 2323 3422 2393; x_wconf 84' lang='lat' dir='ltr'><strong>componebant</strong></span> <span class='ocrx_word' id='word_1_368' title='bbox 3454 2335 3509 2378; x_wconf 88' lang='lat' dir='ltr'><strong>et</strong></span> <span class='ocrx_word' id='word_1_369' title='bbox 3543 2333 3761 2380; x_wconf 82' lang='lat' dir='ltr'><strong>textum</strong></span> 
     </span>
    </p>
   </div>
   <div class='ocr_carea' id='block_1_53' title="bbox 2138 2416 3761 2488">
    <p class='ocr_par' dir='ltr' id='par_1_53' title="bbox 2138 2416 3761 2488">
     <span class='ocr_line' id='line_1_53' title="bbox 2138 2416 3761 2488; baseline 0 -15"><span class='ocrx_word' id='word_1_370' title='bbox 2138 2422 2495 2488; x_wconf 84' lang='lat' dir='ltr'><strong>psalmorum,</strong></span> <span class='ocrx_word' id='word_1_371' title='bbox 2525 2425 2581 2474; x_wconf 90' lang='lat' dir='ltr'><strong>et</strong></span> <span class='ocrx_word' id='word_1_372' title='bbox 2614 2419 2684 2471; x_wconf 90' lang='lat' dir='ltr'><strong>ita</strong></span> <span class='ocrx_word' id='word_1_373' title='bbox 2709 2416 2902 2472; x_wconf 87' lang='lat' dir='ltr'><strong>ordine</strong></span> <span class='ocrx_word' id='word_1_374' title='bbox 2928 2416 3435 2486; x_wconf 77' lang='lat' dir='ltr'><strong>exponijubebant.</strong></span> <span class='ocrx_word' id='word_1_375' title='bbox 3457 2418 3478 2448; x_wconf 81' lang='grc'>⁶</span> <span class='ocrx_word' id='word_1_376' title='bbox 3505 2417 3600 2473; x_wconf 85' lang='lat' dir='ltr'><strong>Sic</strong></span> <span class='ocrx_word' id='word_1_377' title='bbox 3622 2434 3761 2488; x_wconf 86' lang='lat' dir='ltr'><strong>ergo</strong></span> 
     </span>
    </p>
   </div>
   <div class='ocr_carea' id='block_1_54' title="bbox 2136 2509 3763 2582">
    <p class='ocr_par' dir='ltr' id='par_1_54' title="bbox 2136 2509 3763 2582">
     <span class='ocr_line' id='line_1_54' title="bbox 2136 2509 3763 2582; baseline -0.002 -12"><span class='ocrx_word' id='word_1_378' title='bbox 2136 2513 2437 2570; x_wconf 82' lang='lat' dir='ltr'><strong>secundum</strong></span> <span class='ocrx_word' id='word_1_379' title='bbox 2509 2512 2797 2567; x_wconf 83' lang='lat' dir='ltr'><strong>historiam</strong></span> <span class='ocrx_word' id='word_1_380' title='bbox 2827 2553 2842 2579; x_wconf 97' lang='lat'><strong>,</strong></span> <span class='ocrx_word' id='word_1_381' title='bbox 2900 2509 3294 2582; x_wconf 73' lang='lat' dir='ltr'><strong>inmqualitatis</strong></span> <span class='ocrx_word' id='word_1_382' title='bbox 3328 2553 3342 2576; x_wconf 90' lang='lat'><strong>,</strong></span> <span class='ocrx_word' id='word_1_383' title='bbox 3389 2520 3452 2565; x_wconf 90' lang='lat' dir='ltr'><strong>nt</strong></span> <span class='ocrx_word' id='word_1_384' title='bbox 3493 2511 3763 2567; x_wconf 76' lang='lat' dir='ltr'><strong>dixerunt</strong></span> 
     </span>
    </p>
   </div>
   <div class='ocr_carea' id='block_1_55' title="bbox 2137 2603 3764 2676">
    <p class='ocr_par' dir='ltr' id='par_1_55' title="bbox 2137 2603 3764 2676">
     <span class='ocr_line' id='line_1_55' title="bbox 2137 2603 3764 2676; baseline 0.001 -15"><span class='ocrx_word' id='word_1_385' title='bbox 2137 2607 2316 2671; x_wconf 86' lang='lat' dir='ltr'><strong>multi,</strong></span> <span class='ocrx_word' id='word_1_386' title='bbox 2353 2620 2518 2660; x_wconf 80' lang='lat' dir='ltr'><strong>causa</strong></span> <span class='ocrx_word' id='word_1_387' title='bbox 2547 2606 2664 2661; x_wconf 75' lang='lat' dir='ltr'><strong>lure</strong></span> <span class='ocrx_word' id='word_1_388' title='bbox 2691 2620 2816 2662; x_wconf 84' lang='lat' dir='ltr'><strong>esse</strong></span> <span class='ocrx_word' id='word_1_389' title='bbox 2863 2603 3106 2660; x_wconf 89' lang='lat' dir='ltr'><strong>videtur.</strong></span> <span class='ocrx_word' id='word_1_390' title='bbox 3139 2604 3272 2660; x_wconf 82' lang='lat' dir='ltr'><strong>Nam</strong></span> <span class='ocrx_word' id='word_1_391' title='bbox 3299 2607 3448 2676; x_wconf 90' lang='lat' dir='ltr'><strong>quod</strong></span> <span class='ocrx_word' id='word_1_392' title='bbox 3481 2607 3764 2676; x_wconf 84' lang='lat' dir='ltr'><strong>spiritalis</strong></span> 
     </span>
    </p>
   </div>
   <div class='ocr_carea' id='block_1_56' title="bbox 2139 2699 3763 2773">
    <p class='ocr_par' dir='ltr' id='par_1_56' title="bbox 2139 2699 3763 2773">
     <span class='ocr_line' id='line_1_56' title="bbox 2139 2699 3763 2773; baseline -0.001 -16"><span class='ocrx_word' id='word_1_393' title='bbox 2139 2703 2193 2757; x_wconf 89' lang='lat' dir='ltr'><strong>in</strong></span> <span class='ocrx_word' id='word_1_394' title='bbox 2216 2703 2328 2773; x_wconf 85' lang='lat' dir='ltr'><strong>ipsa</strong></span> <span class='ocrx_word' id='word_1_395' title='bbox 2351 2701 2721 2772; x_wconf 73' lang='lat' dir='ltr'><strong>inmqualitate</strong></span> <span class='ocrx_word' id='word_1_396' title='bbox 2748 2699 3083 2771; x_wconf 90' lang='lat' dir='ltr'><strong>psalmorum</strong></span> <span class='ocrx_word' id='word_1_397' title='bbox 3111 2702 3131 2731; x_wconf 81' lang='grc'>⁷</span> <span class='ocrx_word' id='word_1_398' title='bbox 3161 2700 3452 2771; x_wconf 77' lang='lat' dir='ltr'><strong>:equalitas</strong></span> <span class='ocrx_word' id='word_1_399' title='bbox 3475 2702 3568 2768; x_wconf 87' lang='lat' dir='ltr'><strong>sit,</strong></span> <span class='ocrx_word' id='word_1_400' title='bbox 3595 2701 3763 2756; x_wconf 85' lang='lat' dir='ltr'><strong>Chri-</strong></span> 
     </span>
    </p>
   </div>
   <div class='ocr_carea' id='block_1_57' title="bbox 2136 2793 3757 2864">
    <p class='ocr_par' dir='ltr' id='par_1_57' title="bbox 2136 2793 3757 2864">
     <span class='ocr_line' id='line_1_57' title="bbox 2136 2793 3757 2864; baseline -0.001 -15"><span class='ocrx_word' id='word_1_401' title='bbox 2136 2796 2206 2849; x_wconf 75' lang='lat' dir='ltr'><strong>Sli</strong></span> <span class='ocrx_word' id='word_1_402' title='bbox 2238 2795 2466 2850; x_wconf 88' lang='lat' dir='ltr'><strong>scientia</strong></span> <span class='ocrx_word' id='word_1_403' title='bbox 2495 2793 2908 2864; x_wconf 86' lang='lat' dir='ltr'><strong>cognoscenda,</strong></span> <span class='ocrx_word' id='word_1_404' title='bbox 2943 2793 3298 2849; x_wconf 81' lang='lat' dir='ltr'><strong>manifesutm</strong></span> <span class='ocrx_word' id='word_1_405' title='bbox 3325 2802 3407 2848; x_wconf 87' lang='lat' dir='ltr'><strong>est</strong></span> <span class='ocrx_word' id='word_1_406' title='bbox 3443 2795 3757 2859; x_wconf 79' lang='lat' dir='ltr'><strong>studiosis;</strong></span> 
     </span>
    </p>
   </div>
   <div class='ocr_carea' id='block_1_58' title="bbox 2137 2887 3766 2957">
    <p class='ocr_par' dir='ltr' id='par_1_58' title="bbox 2137 2887 3766 2957">
     <span class='ocr_line' id='line_1_58' title="bbox 2137 2887 3766 2957; baseline 0.002 -17"><span class='ocrx_word' id='word_1_407' title='bbox 2137 2897 2195 2941; x_wconf 88' lang='lat' dir='ltr'><strong>ut</strong></span> <span class='ocrx_word' id='word_1_408' title='bbox 2226 2887 2371 2957; x_wconf 89' lang='lat' dir='ltr'><strong>quod</strong></span> <span class='ocrx_word' id='word_1_409' title='bbox 2405 2895 2491 2942; x_wconf 80' lang='lat' dir='ltr'><strong>est</strong></span> <span class='ocrx_word' id='word_1_410' title='bbox 2517 2889 2570 2941; x_wconf 92' lang='lat' dir='ltr'><strong>in</strong></span> <span class='ocrx_word' id='word_1_411' title='bbox 2601 2887 2813 2956; x_wconf 88' lang='lat' dir='ltr'><strong>primis,</strong></span> <span class='ocrx_word' id='word_1_412' title='bbox 2839 2887 2944 2941; x_wconf 91' lang='lat' dir='ltr'><strong>hoc</strong></span> <span class='ocrx_word' id='word_1_413' title='bbox 2972 2888 3043 2940; x_wconf 81' lang='lat' dir='ltr'><strong>sit</strong></span> <span class='ocrx_word' id='word_1_414' title='bbox 3075 2897 3127 2942; x_wconf 92' lang='lat' dir='ltr'><strong>et</strong></span> <span class='ocrx_word' id='word_1_415' title='bbox 3163 2888 3214 2940; x_wconf 88' lang='lat' dir='ltr'><strong>in</strong></span> <span class='ocrx_word' id='word_1_416' title='bbox 3236 2887 3416 2942; x_wconf 83' lang='lat' dir='ltr'><strong>medio</strong></span> <span class='ocrx_word' id='word_1_417' title='bbox 3440 2887 3511 2943; x_wconf 86' lang='lat' dir='ltr'><strong>de</strong></span> <span class='ocrx_word' id='word_1_418' title='bbox 3532 2889 3766 2944; x_wconf 86' lang='lat' dir='ltr'><strong>Christo</strong></span> 
     </span>
    </p>
   </div>
   <div class='ocr_carea' id='block_1_59' title="bbox 2135 2979 3763 3056">
    <p class='ocr_par' dir='ltr' id='par_1_59' title="bbox 2135 2979 3763 3056">
     <span class='ocr_line' id='line_1_59' title="bbox 2135 2979 3763 3056; baseline 0.002 -20"><span class='ocrx_word' id='word_1_419' title='bbox 2135 2981 2323 3036; x_wconf 88' lang='lat' dir='ltr'><strong>itidem</strong></span> <span class='ocrx_word' id='word_1_420' title='bbox 2352 2998 2367 3048; x_wconf 88' lang='lat'><strong>;</strong></span> <span class='ocrx_word' id='word_1_421' title='bbox 2393 2990 2447 3036; x_wconf 88' lang='lat' dir='ltr'><strong>et</strong></span> <span class='ocrx_word' id='word_1_422' title='bbox 2474 2980 2618 3051; x_wconf 91' lang='lat' dir='ltr'><strong>quod</strong></span> <span class='ocrx_word' id='word_1_423' title='bbox 2641 2989 2760 3037; x_wconf 87' lang='lat' dir='ltr'><strong>erat</strong></span> <span class='ocrx_word' id='word_1_424' title='bbox 2781 2990 2968 3056; x_wconf 81' lang='lat' dir='ltr'><strong>postea</strong></span> <span class='ocrx_word' id='word_1_425' title='bbox 3007 2979 3276 3046; x_wconf 81' lang='lat' dir='ltr'><strong>futurum,</strong></span> <span class='ocrx_word' id='word_1_426' title='bbox 3303 2981 3369 3036; x_wconf 90' lang='lat' dir='ltr'><strong>de</strong></span> <span class='ocrx_word' id='word_1_427' title='bbox 3402 2981 3602 3036; x_wconf 88' lang='lat' dir='ltr'><strong>eodem</strong></span> <span class='ocrx_word' id='word_1_428' title='bbox 3627 2993 3763 3039; x_wconf 87' lang='lat' dir='ltr'><strong>ante</strong></span> 
     </span>
    </p>
   </div>
   <div class='ocr_carea' id='block_1_60' title="bbox 2135 3074 3761 3147">
    <p class='ocr_par' dir='ltr' id='par_1_60' title="bbox 2135 3074 3761 3147">
     <span class='ocr_line' id='line_1_60' title="bbox 2135 3074 3761 3147; baseline 0.001 -16"><span class='ocrx_word' id='word_1_429' title='bbox 2135 3076 2340 3131; x_wconf 87' lang='lat' dir='ltr'><strong>dictum</strong></span> <span class='ocrx_word' id='word_1_430' title='bbox 2396 3077 2468 3130; x_wconf 89' lang='lat' dir='ltr'><strong>sit</strong></span> <span class='ocrx_word' id='word_1_431' title='bbox 2500 3075 2512 3124; x_wconf 68' lang='grc' dir='ltr'><em>ἑ</em></span> <span class='ocrx_word' id='word_1_432' title='bbox 2549 3075 2772 3146; x_wconf 84' lang='lat' dir='ltr'><strong>ubique.</strong></span> <span class='ocrx_word' id='word_1_433' title='bbox 2807 3074 3045 3147; x_wconf 80' lang='lat' dir='ltr'><strong>Ideoque</strong></span> <span class='ocrx_word' id='word_1_434' title='bbox 3090 3076 3110 3106; x_wconf 79' lang='grc'><strong>⁸</strong></span> <span class='ocrx_word' id='word_1_435' title='bbox 3139 3075 3479 3146; x_wconf 68' lang='lat' dir='ltr'><strong>Apostolus:</strong></span> <span class='ocrx_word' id='word_1_436' title='bbox 3507 3075 3761 3132; x_wconf 69' lang='lat' dir='ltr'><strong>Christus</strong></span> 
     </span>
    </p>
   </div>
   <div class='ocr_carea' id='block_1_61' title="bbox 1285 3211 2883 3271">
    <p class='ocr_par' dir='ltr' id='par_1_61' title="bbox 1285 3211 2883 3271">
     <span class='ocr_line' id='line_1_61' title="bbox 1285 3211 2883 3271; baseline 0.002 -4"><span class='ocrx_word' id='word_1_437' title='bbox 1285 3211 1442 3270; x_wconf 87' lang='lat' dir='ltr'><strong>COD.</strong></span> <span class='ocrx_word' id='word_1_438' title='bbox 1483 3212 1594 3268; x_wconf 78' lang='lat' dir='ltr'><strong>MS.</strong></span> <span class='ocrx_word' id='word_1_439' title='bbox 1634 3212 1992 3269; x_wconf 66' lang='lat' dir='ltr'><strong>SANGERM.</strong></span> <span class='ocrx_word' id='word_1_440' title='bbox 2037 3215 2422 3271; x_wconf 73' lang='lat' dir='ltr'><strong>LECTIUNES</strong></span> <span class='ocrx_word' id='word_1_441' title='bbox 2467 3215 2883 3270; x_wconf 71' lang='lat' dir='ltr'><strong>VARIANTES.</strong></span> 
     </span>
    </p>
   </div>
   <div class='ocr_carea' id='block_1_62' title="bbox 488 3327 1304 3392">
    <p class='ocr_par' dir='ltr' id='par_1_62' title="bbox 488 3327 1304 3392">
     <span class='ocr_line' id='line_1_62' title="bbox 488 3327 1304 3392; baseline -0.007 -12"><span class='ocrx_word' id='word_1_442' title='bbox 488 3335 501 3362; x_wconf 80' lang='grc'>²</span> <span class='ocrx_word' id='word_1_443' title='bbox 531 3329 862 3392; x_wconf 84' lang='lat' dir='ltr'><strong>cognoscitur,</strong></span> <span class='ocrx_word' id='word_1_444' title='bbox 893 3327 1128 3392; x_wconf 73' lang='lat' dir='ltr'><strong>calcatur,</strong></span> <span class='ocrx_word' id='word_1_445' title='bbox 1155 3331 1304 3392; x_wconf 76' lang='lat' dir='ltr'><strong>atque</strong></span> 
     </span>
    </p>
   </div>
   <div class='ocr_carea' id='block_1_63' title="bbox 487 3389 1714 3451">
    <p class='ocr_par' dir='ltr' id='par_1_63' title="bbox 487 3389 1714 3451">
     <span class='ocr_line' id='line_1_63' title="bbox 487 3389 1714 3451; baseline -0.006 -8"><span class='ocrx_word' id='word_1_446' title='bbox 487 3396 509 3424; x_wconf 82' lang='grc'>²</span> <span class='ocrx_word' id='word_1_447' title='bbox 533 3389 730 3443; x_wconf 74' lang='lat' dir='ltr'><strong>omnem</strong></span> <span class='ocrx_word' id='word_1_448' title='bbox 756 3393 994 3440; x_wconf 90' lang='lat' dir='ltr'><strong>librum...</strong></span> <span class='ocrx_word' id='word_1_449' title='bbox 1023 3389 1177 3439; x_wconf 74' lang='lat' dir='ltr'><strong>David</strong></span> <span class='ocrx_word' id='word_1_450' title='bbox 1203 3390 1502 3451; x_wconf 81' lang='lat' dir='ltr'><strong>beatissimi,</strong></span> <span class='ocrx_word' id='word_1_451' title='bbox 1534 3395 1585 3439; x_wconf 88' lang='lat' dir='ltr'><strong>ct</strong></span> <span class='ocrx_word' id='word_1_452' title='bbox 1605 3402 1714 3438; x_wconf 71' lang='lat' dir='ltr'><strong>cum</strong></span> 
     </span>
    </p>
   </div>
   <div class='ocr_carea' id='block_1_64' title="bbox 490 3453 1029 3516">
    <p class='ocr_par' dir='ltr' id='par_1_64' title="bbox 490 3453 1029 3516">
     <span class='ocr_line' id='line_1_64' title="bbox 490 3453 1029 3516; baseline -0.011 -11"><span class='ocrx_word' id='word_1_453' title='bbox 490 3456 511 3487; x_wconf 82' lang='grc'>³</span> <span class='ocrx_word' id='word_1_454' title='bbox 537 3463 588 3504; x_wconf 91' lang='lat' dir='ltr'><strong>et</strong></span> <span class='ocrx_word' id='word_1_455' title='bbox 616 3461 782 3516; x_wconf 88' lang='lat' dir='ltr'><strong>postea</strong></span> <span class='ocrx_word' id='word_1_456' title='bbox 806 3453 1029 3516; x_wconf 82' lang='lat' dir='ltr'><strong>ejusdem</strong></span> 
     </span>
    </p>
   </div>
   <div class='ocr_carea' id='block_1_65' title="bbox 489 3513 1271 3568">
    <p class='ocr_par' dir='ltr' id='par_1_65' title="bbox 489 3513 1271 3568">
     <span class='ocr_line' id='line_1_65' title="bbox 489 3513 1271 3568; baseline -0.005 -2"><span class='ocrx_word' id='word_1_457' title='bbox 489 3517 508 3548; x_wconf 69' lang='grc'>⁵</span> <span class='ocrx_word' id='word_1_458' title='bbox 534 3513 649 3568; x_wconf 75' lang='lat' dir='ltr'><strong>sunt</strong></span> <span class='ocrx_word' id='word_1_459' title='bbox 670 3513 902 3566; x_wconf 80' lang='lat' dir='ltr'><strong>auctores</strong></span> <span class='ocrx_word' id='word_1_460' title='bbox 922 3513 1271 3564; x_wconf 87' lang='lat' dir='ltr'><strong>studiosissimi</strong></span> 
     </span>
    </p>
   </div>
   <div class='ocr_carea' id='block_1_66' title="bbox 2199 3331 2789 3392">
    <p class='ocr_par' dir='ltr' id='par_1_66' title="bbox 2199 3331 2789 3392">
     <span class='ocr_line' id='line_1_66' title="bbox 2199 3331 2789 3392; baseline 0.003 -14"><span class='ocrx_word' id='word_1_461' title='bbox 2199 3331 2219 3360; x_wconf 71' lang='grc'><strong>⁵</strong></span> <span class='ocrx_word' id='word_1_462' title='bbox 2245 3331 2500 3392; x_wconf 85' lang='lat' dir='ltr'><strong>sapientes</strong></span> <span class='ocrx_word' id='word_1_463' title='bbox 2523 3343 2621 3379; x_wconf 85' lang='lat' dir='ltr'><strong>non</strong></span> <span class='ocrx_word' id='word_1_464' title='bbox 2646 3339 2789 3380; x_wconf 88' lang='lat' dir='ltr'><strong>erant</strong></span> 
     </span>
    </p>
   </div>
   <div class='ocr_carea' id='block_1_67' title="bbox 2203 3392 2835 3456">
    <p class='ocr_par' dir='ltr' id='par_1_67' title="bbox 2203 3392 2835 3456">
     <span class='ocr_line' id='line_1_67' title="bbox 2203 3392 2835 3456; baseline 0.002 -15"><span class='ocrx_word' id='word_1_465' title='bbox 2203 3392 2223 3421; x_wconf 73' lang='grc' dir='ltr'>θ</span> <span class='ocrx_word' id='word_1_466' title='bbox 2247 3394 2288 3441; x_wconf 89' lang='lat' dir='ltr'><strong>si</strong></span> <span class='ocrx_word' id='word_1_467' title='bbox 2317 3403 2500 3456; x_wconf 81' lang='lat' dir='ltr'><strong>ergo...</strong></span> <span class='ocrx_word' id='word_1_468' title='bbox 2529 3393 2835 3456; x_wconf 66' lang='lat' dir='ltr'><strong>inaequalitas</strong></span> 
     </span>
    </p>
   </div>
   <div class='ocr_carea' id='block_1_68' title="bbox 2203 3453 2933 3516">
    <p class='ocr_par' dir='ltr' id='par_1_68' title="bbox 2203 3453 2933 3516">
     <span class='ocr_line' id='line_1_68' title="bbox 2203 3453 2933 3516; baseline 0 -12"><span class='ocrx_word' id='word_1_469' title='bbox 2203 3456 2221 3485; x_wconf 84' lang='grc'>⁷</span> <span class='ocrx_word' id='word_1_470' title='bbox 2251 3453 2542 3516; x_wconf 75' lang='lat' dir='ltr'><strong>psalmorum</strong></span> <span class='ocrx_word' id='word_1_471' title='bbox 2570 3464 2620 3504; x_wconf 85' lang='lat' dir='ltr'><strong>et</strong></span> <span class='ocrx_word' id='word_1_472' title='bbox 2641 3453 2848 3516; x_wconf 48' lang='lat' dir='ltr'><strong>aequalis</strong></span> <span class='ocrx_word' id='word_1_473' title='bbox 2871 3457 2933 3504; x_wconf 84' lang='lat' dir='ltr'><strong>sit</strong></span> 
     </span>
    </p>
   </div>
   <div class='ocr_carea' id='block_1_69' title="bbox 2205 3515 2881 3579">
    <p class='ocr_par' dir='ltr' id='par_1_69' title="bbox 2205 3515 2881 3579">
     <span class='ocr_line' id='line_1_69' title="bbox 2205 3515 2881 3579; baseline 0.001 -14"><span class='ocrx_word' id='word_1_474' title='bbox 2205 3518 2225 3546; x_wconf 67' lang='grc'>*⁸</span> <span class='ocrx_word' id='word_1_475' title='bbox 2250 3515 2512 3579; x_wconf 79' lang='lat' dir='ltr'><strong>Apostolus</strong></span> <span class='ocrx_word' id='word_1_476' title='bbox 2535 3519 2634 3567; x_wconf 85' lang='lat' dir='ltr'><strong>ait:</strong></span> <span class='ocrx_word' id='word_1_477' title='bbox 2657 3515 2881 3568; x_wconf 81' lang='lat' dir='ltr'><strong>Christus</strong></span> 
     </span>
    </p>
   </div>
   <div class='ocr_carea' id='block_1_70' title="bbox 1549 3619 2644 3679">
    <p class='ocr_par' dir='ltr' id='par_1_70' title="bbox 1549 3619 2644 3679">
     <span class='ocr_line' id='line_1_70' title="bbox 1549 3619 2644 3679; baseline 0.002 -5"><span class='ocrx_word' id='word_1_478' title='bbox 1549 3619 1846 3677; x_wconf 68' lang='lat' dir='ltr'><strong>FABRICII</strong></span> <span class='ocrx_word' id='word_1_479' title='bbox 1889 3622 1975 3676; x_wconf 81' lang='lat' dir='ltr'><strong>ET</strong></span> <span class='ocrx_word' id='word_1_480' title='bbox 2014 3622 2372 3678; x_wconf 68' lang='lat' dir='ltr'><strong>GALEARDI</strong></span> <span class='ocrx_word' id='word_1_481' title='bbox 2409 3623 2644 3679; x_wconf 74' lang='grc' dir='ltr'><strong>ΝΟΤιΕ.</strong></span> 
     </span>
    </p>
   </div>
   <div class='ocr_carea' id='block_1_71' title="bbox 433 3735 2039 3807">
    <p class='ocr_par' dir='ltr' id='par_1_71' title="bbox 433 3735 2039 3807">
     <span class='ocr_line' id='line_1_71' title="bbox 433 3735 2039 3807; baseline -0.003 -11"><span class='ocrx_word' id='word_1_482' title='bbox 433 3751 489 3797; x_wconf 91' lang='lat' dir='ltr'><strong>et</strong></span> <span class='ocrx_word' id='word_1_483' title='bbox 521 3738 702 3794; x_wconf 87' lang='lat' dir='ltr'><strong>Latini</strong></span> <span class='ocrx_word' id='word_1_484' title='bbox 729 3754 743 3804; x_wconf 85' lang='lat'>;</span> <span class='ocrx_word' id='word_1_485' title='bbox 777 3755 845 3793; x_wconf 82' lang='lat' dir='ltr'><strong>ne</strong></span> <span class='ocrx_word' id='word_1_486' title='bbox 873 3738 1050 3793; x_wconf 84' lang='lat' dir='ltr'><strong>dicam</strong></span> <span class='ocrx_word' id='word_1_487' title='bbox 1084 3737 1187 3790; x_wconf 87' lang='lat' dir='ltr'><strong>alia</strong></span> <span class='ocrx_word' id='word_1_488' title='bbox 1213 3736 1370 3807; x_wconf 86' lang='lat' dir='ltr'><strong>longe</strong></span> <span class='ocrx_word' id='word_1_489' title='bbox 1401 3735 1605 3791; x_wconf 87' lang='lat' dir='ltr'><strong>tinnire</strong></span> <span class='ocrx_word' id='word_1_490' title='bbox 1629 3737 1680 3790; x_wconf 89' lang='lat' dir='ltr'><strong>in</strong></span> <span class='ocrx_word' id='word_1_491' title='bbox 1705 3753 1893 3791; x_wconf 82' lang='lat' dir='ltr'><strong>eorum</strong></span> <span class='ocrx_word' id='word_1_492' title='bbox 1918 3753 2039 3793; x_wconf 89' lang='lat' dir='ltr'><strong>car-</strong></span> 
     </span>
    </p>
   </div>
   <div class='ocr_carea' id='block_1_72' title="bbox 429 3807 2036 3878">
    <p class='ocr_par' dir='ltr' id='par_1_72' title="bbox 429 3807 2036 3878">
     <span class='ocr_line' id='line_1_72' title="bbox 429 3807 2036 3878; baseline -0.002 -13"><span class='ocrx_word' id='word_1_493' title='bbox 429 3810 693 3874; x_wconf 88' lang='lat' dir='ltr'><strong>minibus,</strong></span> <span class='ocrx_word' id='word_1_494' title='bbox 726 3826 889 3877; x_wconf 76' lang='lat' dir='ltr'><strong>quam</strong></span> <span class='ocrx_word' id='word_1_495' title='bbox 918 3808 1114 3877; x_wconf 81' lang='lat' dir='ltr'><strong>quibus</strong></span> <span class='ocrx_word' id='word_1_496' title='bbox 1138 3823 1292 3862; x_wconf 84' lang='lat' dir='ltr'><strong>sacra</strong></span> <span class='ocrx_word' id='word_1_497' title='bbox 1320 3808 1509 3864; x_wconf 86' lang='lat' dir='ltr'><strong>divino</strong></span> <span class='ocrx_word' id='word_1_498' title='bbox 1533 3807 1739 3878; x_wconf 85' lang='lat' dir='ltr'><strong>Spiritu</strong></span> <span class='ocrx_word' id='word_1_499' title='bbox 1775 3808 2036 3876; x_wconf 76' lang='lat' dir='ltr'><strong>inspirata</strong></span> 
     </span>
    </p>
   </div>
   <div class='ocr_carea' id='block_1_73' title="bbox 428 3878 1384 3949">
    <p class='ocr_par' dir='ltr' id='par_1_73' title="bbox 428 3878 1384 3949">
     <span class='ocr_line' id='line_1_73' title="bbox 428 3878 1384 3949; baseline -0.002 -15"><span class='ocrx_word' id='word_1_500' title='bbox 428 3881 626 3949; x_wconf 85' lang='lat' dir='ltr'><strong>pagina</strong></span> <span class='ocrx_word' id='word_1_501' title='bbox 657 3880 874 3934; x_wconf 88' lang='lat' dir='ltr'><strong>Davidis</strong></span> <span class='ocrx_word' id='word_1_502' title='bbox 904 3887 1144 3934; x_wconf 88' lang='lat' dir='ltr'><strong>resonat.</strong></span> <span class='ocrx_word' id='word_1_503' title='bbox 1167 3878 1384 3934; x_wconf 79' lang='lat' dir='ltr'><strong>Fanutc.</strong></span> 
     </span>
    </p>
   </div>
   <div class='ocr_carea' id='block_1_74' title="bbox 505 3949 2038 4018">
    <p class='ocr_par' dir='ltr' id='par_1_74' title="bbox 505 3949 2038 4018">
     <span class='ocr_line' id='line_1_74' title="bbox 505 3949 2038 4018; baseline 0.002 -16"><span class='ocrx_word' id='word_1_504' title='bbox 505 3960 530 3986; x_wconf 72' lang='grc'><strong><em>³³</em></strong></span> <span class='ocrx_word' id='word_1_505' title='bbox 556 3949 764 4003; x_wconf 78' lang='lat' dir='ltr'><strong>chulo</strong></span> <span class='ocrx_word' id='word_1_506' title='bbox 791 3951 1132 4002; x_wconf 79' lang='lat' dir='ltr'><strong>scminarunt.</strong></span> <span class='ocrx_word' id='word_1_507' title='bbox 1191 3953 1279 4004; x_wconf 77' lang='lat' dir='ltr'><strong>Sic</strong></span> <span class='ocrx_word' id='word_1_508' title='bbox 1322 3966 1483 4018; x_wconf 84' lang='lat' dir='ltr'><strong>supra</strong></span> <span class='ocrx_word' id='word_1_509' title='bbox 1533 3966 1583 4004; x_wconf 91' lang='lat' dir='ltr'><strong>c.</strong></span> <span class='ocrx_word' id='word_1_510' title='bbox 1618 3950 1718 4002; x_wconf 62' lang='grc'><strong>’122</strong></span> <span class='ocrx_word' id='word_1_511' title='bbox 1748 3968 1760 4003; x_wconf 93' lang='lat'><strong>:</strong></span> <span class='ocrx_word' id='word_1_512' title='bbox 1797 3950 1926 4004; x_wconf 79' lang='lat' dir='ltr'><strong>Cum</strong></span> <span class='ocrx_word' id='word_1_513' title='bbox 1957 3967 2038 4005; x_wconf 78' lang='grc' dir='ltr'><strong>δε-</strong></span> 
     </span>
    </p>
   </div>
   <div class='ocr_carea' id='block_1_75' title="bbox 431 4019 2034 4088">
    <p class='ocr_par' dir='ltr' id='par_1_75' title="bbox 431 4019 2034 4088">
     <span class='ocr_line' id='line_1_75' title="bbox 431 4019 2034 4088; baseline 0.001 -15"><span class='ocrx_word' id='word_1_514' title='bbox 431 4021 573 4074; x_wconf 86' lang='lat' dir='ltr'><strong>mina</strong></span> <span class='ocrx_word' id='word_1_515' title='bbox 614 4019 896 4088; x_wconf 77' lang='lat' dir='ltr'><strong>impietatis</strong></span> <span class='ocrx_word' id='word_1_516' title='bbox 932 4034 1148 4087; x_wconf 76' lang='lat' dir='ltr'><strong>pagana:</strong></span> <span class='ocrx_word' id='word_1_517' title='bbox 1195 4037 1296 4073; x_wconf 84' lang='lat' dir='ltr'><strong>non</strong></span> <span class='ocrx_word' id='word_1_518' title='bbox 1327 4022 1415 4074; x_wconf 86' lang='lat' dir='ltr'><strong>alii</strong></span> <span class='ocrx_word' id='word_1_519' title='bbox 1451 4022 1549 4074; x_wconf 72' lang='lat' dir='ltr'><strong>nisi</strong></span> <span class='ocrx_word' id='word_1_520' title='bbox 1584 4021 1660 4076; x_wconf 76' lang='lat' dir='ltr'><strong>illi</strong></span> <span class='ocrx_word' id='word_1_521' title='bbox 1699 4021 1874 4076; x_wconf 78' lang='lat' dir='ltr'><strong>Poeta:</strong></span> <span class='ocrx_word' id='word_1_522' title='bbox 1896 4023 2034 4085; x_wconf 79' lang='lat' dir='ltr'><strong>vani,</strong></span> 
     </span>
    </p>
   </div>
   <div class='ocr_carea' id='block_1_76' title="bbox 427 4088 2035 4161">
    <p class='ocr_par' dir='ltr' id='par_1_76' title="bbox 427 4088 2035 4161">
     <span class='ocr_line' id='line_1_76' title="bbox 427 4088 2035 4161; baseline -0.001 -15"><span class='ocrx_word' id='word_1_523' title='bbox 427 4103 475 4146; x_wconf 80' lang='lat' dir='ltr'><strong>et</strong></span> <span class='ocrx_word' id='word_1_524' title='bbox 513 4089 847 4152; x_wconf 81' lang='lat' dir='ltr'><strong>Philosophi,</strong></span> <span class='ocrx_word' id='word_1_525' title='bbox 886 4088 1099 4141; x_wconf 58' lang='lat' dir='ltr'><strong>(lucrum</strong></span> <span class='ocrx_word' id='word_1_526' title='bbox 1127 4088 1439 4161; x_wconf 51' lang='lat' dir='ltr'><strong>dearumque</strong></span> <span class='ocrx_word' id='word_1_527' title='bbox 1461 4094 1834 4161; x_wconf 75' lang='lat' dir='ltr'><strong>appellationes</strong></span> <span class='ocrx_word' id='word_1_528' title='bbox 1866 4094 2035 4146; x_wconf 83' lang='lat' dir='ltr'><strong>homi-</strong></span> 
     </span>
    </p>
   </div>
   <div class='ocr_carea' id='block_1_77' title="bbox 429 4159 1480 4218">
    <p class='ocr_par' dir='ltr' id='par_1_77' title="bbox 429 4159 1480 4218">
     <span class='ocr_line' id='line_1_77' title="bbox 429 4159 1480 4218; baseline -0.004 0"><span class='ocrx_word' id='word_1_529' title='bbox 429 4180 555 4218; x_wconf 80' lang='lat' dir='ltr'><strong>num</strong></span> <span class='ocrx_word' id='word_1_530' title='bbox 585 4161 820 4216; x_wconf 77' lang='lat' dir='ltr'><strong>sensibus</strong></span> <span class='ocrx_word' id='word_1_531' title='bbox 845 4159 1230 4214; x_wconf 76' lang='lat' dir='ltr'><strong>aeminaveriut.</strong></span> <span class='ocrx_word' id='word_1_532' title='bbox 1260 4159 1480 4214; x_wconf 79' lang='lat' dir='ltr'><strong>Fanum.</strong></span> 
     </span>
    </p>
   </div>
   <div class='ocr_carea' id='block_1_78' title="bbox 503 4232 2038 4305">
    <p class='ocr_par' dir='ltr' id='par_1_78' title="bbox 503 4232 2038 4305">
     <span class='ocr_line' id='line_1_78' title="bbox 503 4232 2038 4305; baseline 0.002 -19"><span class='ocrx_word' id='word_1_533' title='bbox 503 4235 531 4272; x_wconf 70' lang='grc' dir='ltr'><strong>ι)</strong></span> <span class='ocrx_word' id='word_1_534' title='bbox 559 4232 980 4305; x_wconf 78' lang='lat' dir='ltr'><strong>Temporalitatis</strong></span> <span class='ocrx_word' id='word_1_535' title='bbox 1008 4248 1214 4301; x_wconf 86' lang='lat' dir='ltr'><strong>pagana</strong></span> <span class='ocrx_word' id='word_1_536' title='bbox 1243 4232 1533 4285; x_wconf 79' lang='lat' dir='ltr'><strong>mendacio.</strong></span> <span class='ocrx_word' id='word_1_537' title='bbox 1567 4232 1850 4305; x_wconf 81' lang='lat' dir='ltr'><strong>llecentia,</strong></span> <span class='ocrx_word' id='word_1_538' title='bbox 1882 4236 2038 4288; x_wconf 83' lang='lat' dir='ltr'><strong>mini-</strong></span> 
     </span>
    </p>
   </div>
   <div class='ocr_carea' id='block_1_79' title="bbox 432 4303 2035 4375">
    <p class='ocr_par' dir='ltr' id='par_1_79' title="bbox 432 4303 2035 4375">
     <span class='ocr_line' id='line_1_79' title="bbox 432 4303 2035 4375; baseline -0.001 -14"><span class='ocrx_word' id='word_1_539' title='bbox 432 4321 633 4375; x_wconf 88' lang='lat' dir='ltr'><strong>meque</strong></span> <span class='ocrx_word' id='word_1_540' title='bbox 659 4303 906 4375; x_wconf 81' lang='lat' dir='ltr'><strong>antiqua.</strong></span> <span class='ocrx_word' id='word_1_541' title='bbox 933 4303 1022 4359; x_wconf 86' lang='lat' dir='ltr'><strong>Sic</strong></span> <span class='ocrx_word' id='word_1_542' title='bbox 1047 4318 1192 4372; x_wconf 84' lang='lat' dir='ltr'><strong>saepe</strong></span> <span class='ocrx_word' id='word_1_543' title='bbox 1215 4313 1402 4358; x_wconf 88' lang='lat' dir='ltr'><strong>noster</strong></span> <span class='ocrx_word' id='word_1_544' title='bbox 1429 4319 1590 4374; x_wconf 82' lang='lat' dir='ltr'><strong>supra</strong></span> <span class='ocrx_word' id='word_1_545' title='bbox 1621 4303 1878 4374; x_wconf 85' lang='lat' dir='ltr'><strong>cap.l-l0,</strong></span> <span class='ocrx_word' id='word_1_546' title='bbox 1913 4307 2035 4373; x_wconf 76' lang='lat'><strong>“‘2,</strong></span> 
     </span>
    </p>
   </div>
   <div class='ocr_carea' id='block_1_80' title="bbox 439 4376 978 4436">
    <p class='ocr_par' dir='ltr' id='par_1_80' title="bbox 439 4376 978 4436">
     <span class='ocr_line' id='line_1_80' title="bbox 439 4376 978 4436; baseline -0.011 -3"><span class='ocrx_word' id='word_1_547' title='bbox 439 4377 569 4436; x_wconf 73' lang='grc'><strong>121.</strong></span> <span class='ocrx_word' id='word_1_548' title='bbox 607 4376 729 4430; x_wconf 57' lang='grc' dir='ltr'><strong>ιη.</strong></span> <span class='ocrx_word' id='word_1_549' title='bbox 761 4377 978 4431; x_wconf 75' lang='lat' dir='ltr'><strong>Fanutc.</strong></span> 
     </span>
    </p>
   </div>
   <div class='ocr_carea' id='block_1_81' title="bbox 509 4447 2036 4505">
    <p class='ocr_par' dir='ltr' id='par_1_81' title="bbox 509 4447 2036 4505">
     <span class='ocr_line' id='line_1_81' title="bbox 509 4447 2036 4505; baseline 0.002 -4"><span class='ocrx_word' id='word_1_550' title='bbox 509 4463 528 4484; x_wconf 71' lang='grc' dir='ltr'>ε</span> <span class='ocrx_word' id='word_1_551' title='bbox 559 4447 748 4501; x_wconf 84' lang='lat' dir='ltr'><strong>Totum</strong></span> <span class='ocrx_word' id='word_1_552' title='bbox 773 4447 967 4505; x_wconf 86' lang='lat' dir='ltr'><strong>librum</strong></span> <span class='ocrx_word' id='word_1_553' title='bbox 998 4462 1103 4500; x_wconf 86' lang='lat' dir='ltr'><strong>nou</strong></span> <span class='ocrx_word' id='word_1_554' title='bbox 1127 4463 1242 4501; x_wconf 82' lang='lat' dir='ltr'><strong>esse</strong></span> <span class='ocrx_word' id='word_1_555' title='bbox 1286 4447 1481 4502; x_wconf 73' lang='lat' dir='ltr'><strong>David.</strong></span> <span class='ocrx_word' id='word_1_556' title='bbox 1535 4449 1650 4503; x_wconf 83' lang='lat' dir='ltr'><strong>Duo</strong></span> <span class='ocrx_word' id='word_1_557' title='bbox 1697 4447 1882 4503; x_wconf 83' lang='lat' dir='ltr'><strong>licebit</strong></span> <span class='ocrx_word' id='word_1_558' title='bbox 1935 4449 2036 4504; x_wconf 91' lang='lat' dir='ltr'><strong>hoc</strong></span> 
     </span>
    </p>
   </div>
   <div class='ocr_carea' id='block_1_82' title="bbox 431 4517 2030 4590">
    <p class='ocr_par' dir='ltr' id='par_1_82' title="bbox 431 4517 2030 4590">
     <span class='ocr_line' id='line_1_82' title="bbox 431 4517 2030 4590; baseline 0.001 -17"><span class='ocrx_word' id='word_1_559' title='bbox 431 4521 556 4574; x_wconf 89' lang='lat' dir='ltr'><strong>loco</strong></span> <span class='ocrx_word' id='word_1_560' title='bbox 607 4529 870 4574; x_wconf 87' lang='lat' dir='ltr'><strong>annotare</strong></span> <span class='ocrx_word' id='word_1_561' title='bbox 899 4535 913 4582; x_wconf 82' lang='lat'><strong>&#39;,</strong></span> <span class='ocrx_word' id='word_1_562' title='bbox 944 4521 1140 4586; x_wconf 88' lang='lat' dir='ltr'><strong>primo,</strong></span> <span class='ocrx_word' id='word_1_563' title='bbox 1177 4517 1295 4574; x_wconf 77' lang='lat' dir='ltr'><strong>falli</strong></span> <span class='ocrx_word' id='word_1_564' title='bbox 1320 4521 1494 4574; x_wconf 86' lang='lat' dir='ltr'><strong>virum</strong></span> <span class='ocrx_word' id='word_1_565' title='bbox 1535 4520 1832 4586; x_wconf 86' lang='lat' dir='ltr'><strong>eruditum,</strong></span> <span class='ocrx_word' id='word_1_566' title='bbox 1862 4521 1952 4590; x_wconf 89' lang='lat' dir='ltr'><strong>qui</strong></span> <span class='ocrx_word' id='word_1_567' title='bbox 1979 4523 2030 4574; x_wconf 89' lang='lat' dir='ltr'><strong>in</strong></span> 
     </span>
    </p>
   </div>
   <div class='ocr_carea' id='block_1_83' title="bbox 436 4590 2032 4661">
    <p class='ocr_par' dir='ltr' id='par_1_83' title="bbox 436 4590 2032 4661">
     <span class='ocr_line' id='line_1_83' title="bbox 436 4590 2032 4661; baseline 0 -15"><span class='ocrx_word' id='word_1_568' title='bbox 436 4591 576 4646; x_wconf 81' lang='lat' dir='ltr'><strong>Vitis</strong></span> <span class='ocrx_word' id='word_1_569' title='bbox 599 4591 938 4661; x_wconf 76' lang='lat' dir='ltr'><strong>Scriptorum</strong></span> <span class='ocrx_word' id='word_1_570' title='bbox 974 4590 1304 4644; x_wconf 83' lang='lat' dir='ltr'><strong>Biblicorum</strong></span> <span class='ocrx_word' id='word_1_571' title='bbox 1337 4591 1662 4647; x_wconf 74' lang='lat' dir='ltr'><strong>Germanice</strong></span> <span class='ocrx_word' id='word_1_572' title='bbox 1687 4592 1850 4646; x_wconf 80' lang='lat' dir='ltr'><strong>editis</strong></span> <span class='ocrx_word' id='word_1_573' title='bbox 1883 4602 2032 4661; x_wconf 86' lang='lat' dir='ltr'><strong>parte</strong></span> 
     </span>
    </p>
   </div>
   <div class='ocr_carea' id='block_1_84' title="bbox 433 4659 2030 4730">
    <p class='ocr_par' dir='ltr' id='par_1_84' title="bbox 433 4659 2030 4730">
     <span class='ocr_line' id='line_1_84' title="bbox 433 4659 2030 4730; baseline 0.001 -15"><span class='ocrx_word' id='word_1_574' title='bbox 433 4677 512 4726; x_wconf 82' lang='lat' dir='ltr'><strong>Ix,</strong></span> <span class='ocrx_word' id='word_1_575' title='bbox 549 4677 600 4730; x_wconf 90' lang='lat' dir='ltr'><strong>p.</strong></span> <span class='ocrx_word' id='word_1_576' title='bbox 660 4659 785 4723; x_wconf 67' lang='lat'><strong>402,</strong></span> <span class='ocrx_word' id='word_1_577' title='bbox 827 4662 886 4715; x_wconf 92' lang='lat' dir='ltr'><strong>D.</strong></span> <span class='ocrx_word' id='word_1_578' title='bbox 919 4660 1357 4716; x_wconf 81' lang='lat' dir='ltr'><strong>Broelnnandum</strong></span> <span class='ocrx_word' id='word_1_579' title='bbox 1393 4671 1587 4718; x_wconf 85' lang='lat' dir='ltr'><strong>testem</strong></span> <span class='ocrx_word' id='word_1_580' title='bbox 1621 4659 1978 4724; x_wconf 44' lang='lat' dir='ltr'><strong>laudansfait</strong></span> <span class='ocrx_word' id='word_1_581' title='bbox 2003 4681 2030 4717; x_wconf 87' lang='lat' dir='ltr'><strong>a</strong></span> 
     </span>
    </p>
   </div>
   <div class='ocr_carea' id='block_1_85' title="bbox 2143 3739 3757 3817">
    <p class='ocr_par' dir='ltr' id='par_1_85' title="bbox 2143 3739 3757 3817">
     <span class='ocr_line' id='line_1_85' title="bbox 2143 3739 3757 3817; baseline 0.007 -28"><span class='ocrx_word' id='word_1_582' title='bbox 2143 3739 2367 3817; x_wconf 73' lang='lat' dir='ltr'><strong>p:tg._7:</strong></span> <span class='ocrx_word' id='word_1_583' title='bbox 2401 3742 2784 3817; x_wconf 65' lang='lat' dir='ltr'><strong>Ilapampnriov</strong></span> <span class='ocrx_word' id='word_1_584' title='bbox 2809 3740 2863 3817; x_wconf 66' lang='grc' dir='ltr'><strong>δὲ</strong></span> <span class='ocrx_word' id='word_1_585' title='bbox 2907 3740 2984 3797; x_wconf 80' lang='grc' dir='ltr'><strong>ὅτι</strong></span> <span class='ocrx_word' id='word_1_586' title='bbox 3132 3745 3264 3797; x_wconf 76' lang='grc' dir='ltr'><em>κατὰ</em></span> <span class='ocrx_word' id='word_1_587' title='bbox 3309 3742 3603 3817; x_wconf 64' lang='grc' dir='ltr'><strong>ἀκολουθίαν</strong></span> <span class='ocrx_word' id='word_1_588' title='bbox 3652 3756 3757 3801; x_wconf 70' lang='grc' dir='ltr'><strong>τῶν</strong></span> 
     </span>
    </p>
   </div>
   <div class='ocr_carea' id='block_1_86' title="bbox 2140 3811 3750 3888">
    <p class='ocr_par' dir='ltr' id='par_1_86' title="bbox 2140 3811 3750 3888">
     <span class='ocr_line' id='line_1_86' title="bbox 2140 3811 3750 3888; baseline 0.005 -23"><span class='ocrx_word' id='word_1_589' title='bbox 2140 3811 2503 3888; x_wconf 36' lang='lat' dir='ltr'><strong>rigid-topia;</strong></span> <span class='ocrx_word' id='word_1_590' title='bbox 2549 3811 2756 3888; x_wconf 53' lang='grc' dir='ltr'><strong>χρὀνῳη</strong></span> <span class='ocrx_word' id='word_1_591' title='bbox 2791 3813 2821 3871; x_wconf 76' lang='grc' dir='ltr'>ἡ</span> <span class='ocrx_word' id='word_1_592' title='bbox 2856 3820 2966 3888; x_wconf 57' lang='grc' dir='ltr'><strong>Ῑῷγ</strong></span> <span class='ocrx_word' id='word_1_593' title='bbox 3005 3811 3220 3888; x_wconf 53' lang='grc' dir='ltr'><strong>ξραλμῆν</strong></span> <span class='ocrx_word' id='word_1_594' title='bbox 3266 3815 3537 3888; x_wconf 57' lang='lat' dir='ltr'><strong>civitatem</strong></span> <span class='ocrx_word' id='word_1_595' title='bbox 3580 3821 3750 3882; x_wconf 77' lang='grc' dir='ltr'><strong>ταξις.</strong></span> 
     </span>
    </p>
   </div>
   <div class='ocr_carea' id='block_1_87' title="bbox 2141 3880 3754 3949">
    <p class='ocr_par' dir='ltr' id='par_1_87' title="bbox 2141 3880 3754 3949">
     <span class='ocr_line' id='line_1_87' title="bbox 2141 3880 3754 3949; baseline 0.003 -14"><span class='ocrx_word' id='word_1_596' title='bbox 2141 3880 2294 3943; x_wconf 81' lang='lat' dir='ltr'><strong>Adde</strong></span> <span class='ocrx_word' id='word_1_597' title='bbox 2323 3880 2666 3949; x_wconf 32' lang='lat' dir='ltr'><strong>eu&#39;tndeni‘p.</strong></span> <span class='ocrx_word' id='word_1_598' title='bbox 2694 3885 2824 3948; x_wconf 70' lang='lat'><strong>208,</strong></span> <span class='ocrx_word' id='word_1_599' title='bbox 2852 3882 2980 3936; x_wconf 71' lang='grc'><strong>214.</strong></span> <span class='ocrx_word' id='word_1_600' title='bbox 3005 3880 3380 3940; x_wconf 68' lang='lat' dir='ltr'><strong>&#39;l‘lieodoritu&#39;s</strong></span> <span class='ocrx_word' id='word_1_601' title='bbox 3409 3886 3464 3940; x_wconf 88' lang='lat' dir='ltr'><strong>in</strong></span> <span class='ocrx_word' id='word_1_602' title='bbox 3498 3880 3754 3942; x_wconf 55' lang='lat' dir='ltr'><strong>unciario</strong></span> 
     </span>
    </p>
   </div>
   <div class='ocr_carea' id='block_1_88' title="bbox 2142 3952 3755 4028">
    <p class='ocr_par' dir='ltr' id='par_1_88' title="bbox 2142 3952 3755 4028">
     <span class='ocr_line' id='line_1_88' title="bbox 2142 3952 3755 4028; baseline 0.006 -22"><span class='ocrx_word' id='word_1_603' title='bbox 2142 3952 2479 4028; x_wconf 68' lang='lat' dir='ltr'><strong>Garueriauo</strong></span> <span class='ocrx_word' id='word_1_604' title='bbox 2505 3969 2560 4023; x_wconf 72' lang='grc' dir='ltr'><strong>β.</strong></span> <span class='ocrx_word' id='word_1_605' title='bbox 2584 3955 2620 4012; x_wconf 78' lang='grc'><strong>5</strong></span> <span class='ocrx_word' id='word_1_606' title='bbox 2651 3958 2755 4028; x_wconf 69' lang='grc' dir='ltr'>πού</span> <span class='ocrx_word' id='word_1_607' title='bbox 2783 3957 2946 4016; x_wconf 51' lang='lat' dir='ltr'><strong>xaris);</strong></span> <span class='ocrx_word' id='word_1_608' title='bbox 2973 3957 3256 4028; x_wconf 65' lang='grc' dir='ltr'><strong>ἐλέχθησαν</strong></span> <span class='ocrx_word' id='word_1_609' title='bbox 3284 3958 3330 4012; x_wconf 72' lang='lat' dir='ltr'><strong>ei</strong></span> <span class='ocrx_word' id='word_1_610' title='bbox 3362 3957 3557 4028; x_wconf 71' lang='grc' dir='ltr'>ψαλμθί</span> <span class='ocrx_word' id='word_1_611' title='bbox 3587 3962 3755 4024; x_wconf 75' lang='grc' dir='ltr'><strong>ἐξετέ-</strong></span> 
     </span>
    </p>
   </div>
   <div class='ocr_carea' id='block_1_89' title="bbox 2141 4025 3751 4104">
    <p class='ocr_par' dir='ltr' id='par_1_89' title="bbox 2141 4025 3751 4104">
     <span class='ocr_line' id='line_1_89' title="bbox 2141 4025 3751 4104; baseline 0.003 -26"><span class='ocrx_word' id='word_1_612' title='bbox 2141 4025 2322 4104; x_wconf 56' lang='lat' dir='ltr'><strong>Ope-oni,</strong></span> <span class='ocrx_word' id='word_1_613' title='bbox 2497 4030 2666 4104; x_wconf 56' lang='grc' dir='ltr'><strong>Ξαθὼς</strong></span> <span class='ocrx_word' id='word_1_614' title='bbox 2693 4027 2954 4104; x_wconf 48' lang='grc' dir='ltr'><strong>εὖρηνςταις</strong></span> <span class='ocrx_word' id='word_1_615' title='bbox 2986 4025 3140 4104; x_wconf 67' lang='lat' dir='ltr'><strong>Qttod</strong></span> <span class='ocrx_word' id='word_1_616' title='bbox 3173 4042 3302 4104; x_wconf 74' lang='lat' dir='ltr'><strong>vero</strong></span> <span class='ocrx_word' id='word_1_617' title='bbox 3333 4025 3571 4083; x_wconf 70' lang='lat' dir='ltr'><strong>illuslris</strong></span> <span class='ocrx_word' id='word_1_618' title='bbox 3609 4034 3751 4104; x_wconf 79' lang='lat' dir='ltr'><strong>llue-</strong></span> 
     </span>
    </p>
   </div>
   <div class='ocr_carea' id='block_1_90' title="bbox 2147 4095 3752 4167">
    <p class='ocr_par' dir='ltr' id='par_1_90' title="bbox 2147 4095 3752 4167">
     <span class='ocr_line' id='line_1_90' title="bbox 2147 4095 3752 4167; baseline 0.006 -20"><span class='ocrx_word' id='word_1_619' title='bbox 2147 4095 2254 4148; x_wconf 91' lang='lat' dir='ltr'><strong>tius</strong></span> <span class='ocrx_word' id='word_1_620' title='bbox 2277 4110 2330 4164; x_wconf 92' lang='lat' dir='ltr'><strong>p.</strong></span> <span class='ocrx_word' id='word_1_621' title='bbox 2361 4095 2467 4151; x_wconf 77' lang='grc'><strong>555</strong></span> <span class='ocrx_word' id='word_1_622' title='bbox 2497 4095 2984 4152; x_wconf 80' lang='lat' dir='ltr'><strong>Demonst&#39;rationis</strong></span> <span class='ocrx_word' id='word_1_623' title='bbox 3035 4098 3396 4167; x_wconf 69' lang='lat' dir='ltr'><strong>Evangelicze.</strong></span> <span class='ocrx_word' id='word_1_624' title='bbox 3438 4116 3510 4155; x_wconf 79' lang='lat' dir='ltr'><strong>eo</strong></span> <span class='ocrx_word' id='word_1_625' title='bbox 3551 4102 3752 4156; x_wconf 83' lang='lat' dir='ltr'><strong>ordine</strong></span> 
     </span>
    </p>
   </div>
   <div class='ocr_carea' id='block_1_91' title="bbox 2147 4169 3755 4243">
    <p class='ocr_par' dir='ltr' id='par_1_91' title="bbox 2147 4169 3755 4243">
     <span class='ocr_line' id='line_1_91' title="bbox 2147 4169 3755 4243; baseline 0.007 -25"><span class='ocrx_word' id='word_1_626' title='bbox 2147 4177 2297 4243; x_wconf 76' lang='lat' dir='ltr'><strong>putat</strong></span> <span class='ocrx_word' id='word_1_627' title='bbox 2323 4182 2448 4243; x_wconf 79' lang='lat' dir='ltr'><strong>esse</strong></span> <span class='ocrx_word' id='word_1_628' title='bbox 2503 4169 2708 4243; x_wconf 79' lang='lat' dir='ltr'><strong>positos</strong></span> <span class='ocrx_word' id='word_1_629' title='bbox 2732 4169 2990 4243; x_wconf 75' lang='lat' dir='ltr'><strong>psalmos,</strong></span> <span class='ocrx_word' id='word_1_630' title='bbox 3021 4186 3128 4236; x_wconf 80' lang='lat' dir='ltr'><strong>quo</strong></span> <span class='ocrx_word' id='word_1_631' title='bbox 3158 4170 3309 4226; x_wconf 85' lang='lat' dir='ltr'><strong>luere</strong></span> <span class='ocrx_word' id='word_1_632' title='bbox 3337 4173 3390 4224; x_wconf 91' lang='lat' dir='ltr'><strong>in</strong></span> <span class='ocrx_word' id='word_1_633' title='bbox 3426 4169 3637 4243; x_wconf 75' lang='lat' dir='ltr'><strong>templo</strong></span> <span class='ocrx_word' id='word_1_634' title='bbox 3664 4190 3755 4228; x_wconf 84' lang='lat' dir='ltr'><strong>se-</strong></span> 
     </span>
    </p>
   </div>
   <div class='ocr_carea' id='block_1_92' title="bbox 2144 4238 3747 4312">
    <p class='ocr_par' dir='ltr' id='par_1_92' title="bbox 2144 4238 3747 4312">
     <span class='ocr_line' id='line_1_92' title="bbox 2144 4238 3747 4312; baseline 0.002 -18"><span class='ocrx_word' id='word_1_635' title='bbox 2144 4238 2324 4294; x_wconf 85' lang='lat' dir='ltr'><strong>cundo</strong></span> <span class='ocrx_word' id='word_1_636' title='bbox 2350 4238 2644 4312; x_wconf 59' lang='lat' dir='ltr'><strong>decantati,</strong></span> <span class='ocrx_word' id='word_1_637' title='bbox 2665 4242 2976 4309; x_wconf 86' lang='lat' dir='ltr'><strong>conjectura</strong></span> <span class='ocrx_word' id='word_1_638' title='bbox 2991 4251 3096 4306; x_wconf 89' lang='lat' dir='ltr'><strong>est,</strong></span> <span class='ocrx_word' id='word_1_639' title='bbox 3119 4243 3438 4312; x_wconf 79' lang='lat' dir='ltr'><strong>neutiquam</strong></span> <span class='ocrx_word' id='word_1_640' title='bbox 3457 4238 3747 4307; x_wconf 54' lang='lat' dir='ltr'><strong>res&#39;eerta,</strong></span> 
     </span>
    </p>
   </div>
   <div class='ocr_carea' id='block_1_93' title="bbox 2145 4310 2774 4377">
    <p class='ocr_par' dir='ltr' id='par_1_93' title="bbox 2145 4310 2774 4377">
     <span class='ocr_line' id='line_1_93' title="bbox 2145 4310 2774 4377; baseline 0.006 -15"><span class='ocrx_word' id='word_1_641' title='bbox 2145 4320 2198 4362; x_wconf 87' lang='lat' dir='ltr'><strong>et</strong></span> <span class='ocrx_word' id='word_1_642' title='bbox 2226 4312 2524 4377; x_wconf 80' lang='lat' dir='ltr'><strong>explorata.</strong></span> <span class='ocrx_word' id='word_1_643' title='bbox 2558 4310 2774 4368; x_wconf 83' lang='lat' dir='ltr'><strong>Fanutc.</strong></span> 
     </span>
    </p>
   </div>
   <div class='ocr_carea' id='block_1_94' title="bbox 2219 4379 3750 4457">
    <p class='ocr_par' dir='ltr' id='par_1_94' title="bbox 2219 4379 3750 4457">
     <span class='ocr_line' id='line_1_94' title="bbox 2219 4379 3750 4457; baseline 0.005 -23"><span class='ocrx_word' id='word_1_644' title='bbox 2219 4391 2242 4457; x_wconf 54' lang='grc' dir='ltr'><strong>ὲ</strong></span> <span class='ocrx_word' id='word_1_645' title='bbox 2275 4379 2337 4457; x_wconf 64' lang='lat' dir='ltr'><strong>Iit</strong></span> <span class='ocrx_word' id='word_1_646' title='bbox 2369 4381 2520 4457; x_wconf 70' lang='lat' dir='ltr'><strong>tertio</strong></span> <span class='ocrx_word' id='word_1_647' title='bbox 2545 4385 2767 4457; x_wconf 55' lang='lat' dir='ltr'><strong>psalmo.</strong></span> <span class='ocrx_word' id='word_1_648' title='bbox 2793 4382 2962 4452; x_wconf 74' lang='lat' dir='ltr'><strong>Cujus</strong></span> <span class='ocrx_word' id='word_1_649' title='bbox 2987 4383 3295 4452; x_wconf 69' lang='lat' dir='ltr'><strong>inscriptio,</strong></span> <span class='ocrx_word' id='word_1_650' title='bbox 3325 4387 3530 4457; x_wconf 68' lang='grc' dir='ltr'><strong>Ὶάλμὸς</strong></span> <span class='ocrx_word' id='word_1_651' title='bbox 3551 4397 3628 4457; x_wconf 74' lang='grc' dir='ltr'><strong>τῷ</strong></span> <span class='ocrx_word' id='word_1_652' title='bbox 3653 4401 3750 4442; x_wconf 72' lang='lat' dir='ltr'><strong>Az-</strong></span> 
     </span>
    </p>
   </div>
   <div class='ocr_carea' id='block_1_95' title="bbox 2146 4448 3748 4531">
    <p class='ocr_par' dir='ltr' id='par_1_95' title="bbox 2146 4448 3748 4531">
     <span class='ocr_line' id='line_1_95' title="bbox 2146 4448 3748 4531; baseline 0.005 -27"><span class='ocrx_word' id='word_1_653' title='bbox 2146 4451 2248 4531; x_wconf 65' lang='grc' dir='ltr'><strong>ϐὶδ,</strong></span> <span class='ocrx_word' id='word_1_654' title='bbox 2293 4453 2442 4531; x_wconf 61' lang='grc' dir='ltr'><strong>ὁπότε</strong></span> <span class='ocrx_word' id='word_1_655' title='bbox 2497 4453 2870 4531; x_wconf 58' lang='grc' dir='ltr'><strong>ᾀπεὸἰᾶραοςῃῑυ</strong></span> <span class='ocrx_word' id='word_1_656' title='bbox 2899 4458 3025 4531; x_wconf 35' lang='grc' dir='ltr'><strong>ἀπὸ-</strong></span> <span class='ocrx_word' id='word_1_657' title='bbox 3053 4448 3335 4531; x_wconf 53' lang='lat' dir='ltr'><strong>«peridiae-1)</strong></span> <span class='ocrx_word' id='word_1_658' title='bbox 3379 4448 3748 4531; x_wconf 46' lang='lat' dir='ltr'><strong>&#39;Azisaaailrii‘n,</strong></span> 
     </span>
    </p>
   </div>
   <div class='ocr_carea' id='block_1_96' title="bbox 2143 4526 3744 4596">
    <p class='ocr_par' dir='ltr' id='par_1_96' title="bbox 2143 4526 3744 4596">
     <span class='ocr_line' id='line_1_96' title="bbox 2143 4526 3744 4596; baseline 0.004 -19"><span class='ocrx_word' id='word_1_659' title='bbox 2143 4530 2234 4596; x_wconf 66' lang='grc' dir='ltr'><strong>τοῦ</strong></span> <span class='ocrx_word' id='word_1_660' title='bbox 2283 4526 2395 4579; x_wconf 82' lang='grc' dir='ltr'><strong>υἱοῦ</strong></span> <span class='ocrx_word' id='word_1_661' title='bbox 2450 4527 2627 4580; x_wconf 76' lang='grc' dir='ltr'><strong>αὐτοῦ.</strong></span> <span class='ocrx_word' id='word_1_662' title='bbox 2655 4526 2858 4582; x_wconf 84' lang='lat' dir='ltr'><strong>Similis</strong></span> <span class='ocrx_word' id='word_1_663' title='bbox 2903 4537 2987 4581; x_wconf 74' lang='lat' dir='ltr'><strong>est</strong></span> <span class='ocrx_word' id='word_1_664' title='bbox 3014 4526 3299 4596; x_wconf 77' lang='lat' dir='ltr'><strong>inscriptio</strong></span> <span class='ocrx_word' id='word_1_665' title='bbox 3327 4532 3517 4593; x_wconf 78' lang='lat' dir='ltr'><strong>psalmi</strong></span> <span class='ocrx_word' id='word_1_666' title='bbox 3549 4526 3744 4593; x_wconf 64' lang='lat' dir='ltr'><strong>cretii,</strong></span> 
     </span>
    </p>
   </div>
   <div class='ocr_carea' id='block_1_97' title="bbox 2141 4595 3740 4670">
    <p class='ocr_par' dir='ltr' id='par_1_97' title="bbox 2141 4595 3740 4670">
     <span class='ocr_line' id='line_1_97' title="bbox 2141 4595 3740 4670; baseline 0.005 -24"><span class='ocrx_word' id='word_1_667' title='bbox 2141 4595 2340 4670; x_wconf 37' lang='lat' dir='ltr'><strong>Tagique;</strong></span> <span class='ocrx_word' id='word_1_668' title='bbox 2365 4606 2439 4670; x_wconf 68' lang='grc' dir='ltr'><strong>τῷ</strong></span> <span class='ocrx_word' id='word_1_669' title='bbox 2473 4596 2650 4670; x_wconf 58' lang='lat' dir='ltr'><strong>Audiri,</strong></span> <span class='ocrx_word' id='word_1_670' title='bbox 2685 4597 2766 4656; x_wconf 81' lang='grc' dir='ltr'><strong>ὅτε</strong></span> <span class='ocrx_word' id='word_1_671' title='bbox 2792 4598 3001 4670; x_wconf 51' lang='grc' dir='ltr'><strong>αὐτὸνγὸ</strong></span> <span class='ocrx_word' id='word_1_672' title='bbox 3027 4599 3134 4659; x_wconf 74' lang='grc' dir='ltr'><strong>υἱὸς</strong></span> <span class='ocrx_word' id='word_1_673' title='bbox 3163 4595 3481 4656; x_wconf 63' lang='grc' dir='ltr'><strong>ιέατεδιὼκει.</strong></span> <span class='ocrx_word' id='word_1_674' title='bbox 3514 4600 3740 4656; x_wconf 76' lang='lat' dir='ltr'><strong>Fanutc.</strong></span> 
     </span>
    </p>
   </div>
   <div class='ocr_carea' id='block_1_98' title="bbox 2223 4665 3741 4739">
    <p class='ocr_par' dir='ltr' id='par_1_98' title="bbox 2223 4665 3741 4739">
     <span class='ocr_line' id='line_1_98' title="bbox 2223 4665 3741 4739; baseline 0.001 -20"><span class='ocrx_word' id='word_1_675' title='bbox 2223 4665 2340 4720; x_wconf 57' lang='lat' dir='ltr'><strong>{Et</strong></span> <span class='ocrx_word' id='word_1_676' title='bbox 2365 4665 2420 4719; x_wconf 75' lang='lat' dir='ltr'><strong>iii</strong></span> <span class='ocrx_word' id='word_1_677' title='bbox 2445 4669 2722 4723; x_wconf 77' lang='lat' dir='ltr'><strong>centesimo</strong></span> <span class='ocrx_word' id='word_1_678' title='bbox 2778 4671 2914 4736; x_wconf 78' lang='lat' dir='ltr'><strong>plus.</strong></span> <span class='ocrx_word' id='word_1_679' title='bbox 2951 4669 3064 4725; x_wconf 81' lang='lat' dir='ltr'><strong>Hoc</strong></span> <span class='ocrx_word' id='word_1_680' title='bbox 3098 4681 3174 4724; x_wconf 67' lang='grc' dir='ltr'><strong>οδε</strong></span> <span class='ocrx_word' id='word_1_681' title='bbox 3209 4673 3260 4722; x_wconf 87' lang='lat' dir='ltr'><strong>in</strong></span> <span class='ocrx_word' id='word_1_682' title='bbox 3318 4674 3519 4739; x_wconf 81' lang='lat' dir='ltr'><strong>psalmo</strong></span> <span class='ocrx_word' id='word_1_683' title='bbox 3542 4687 3741 4734; x_wconf 70' lang='lat' dir='ltr'><strong>cxuv,</strong></span> 
     </span>
    </p>
   </div>
   <div class='ocr_carea' id='block_1_99' title="bbox 434 4732 2049 4827">
    <p class='ocr_par' dir='ltr' id='par_1_99' title="bbox 434 4732 2036 4827">
     <span class='ocr_line' id='line_1_99' title="bbox 434 4732 2036 4827; baseline 0.002 -41"><span class='ocrx_word' id='word_1_684' title='bbox 434 4733 726 4787; x_wconf 69' lang='lat' dir='ltr'><strong>Philastrio</strong></span> <span class='ocrx_word' id='word_1_685' title='bbox 761 4732 1035 4827; x_wconf 58' lang='lat' dir='ltr'><strong>lizlct&#39;eticis</strong></span> <span class='ocrx_word' id='word_1_686' title='bbox 1083 4737 1430 4827; x_wconf 63' lang='lat' dir='ltr'><strong>a&#39;nnumcrari</strong></span> <span class='ocrx_word' id='word_1_687' title='bbox 1463 4776 1475 4796; x_wconf 90' lang='lat'><strong>,</strong></span> <span class='ocrx_word' id='word_1_688' title='bbox 1509 4735 1754 4803; x_wconf 53' lang='lat' dir='ltr'><strong>quisquis</strong></span> <span class='ocrx_word' id='word_1_689' title='bbox 1800 4735 2036 4790; x_wconf 80' lang='lat' dir='ltr'><strong>allirmct</strong></span> 
     </span>
     <span class='ocr_line' id='line_1_100' title="bbox 443 4804 2029 4827; baseline 0 0"><span class='ocrx_word' id='word_1_690' title='bbox 443 4804 680 4827; x_wconf 59' lang='lat' dir='ltr'><strong>Amn:..-n</strong></span> <span class='ocrx_word' id='word_1_691' title='bbox 717 4819 802 4827; x_wconf 50' lang='grc' dir='ltr'><strong>-.ρ-η</strong></span> <span class='ocrx_word' id='word_1_692' title='bbox 837 4819 1042 4827; x_wconf 51' lang='grc' dir='ltr'><strong>,ιλιιηιιπιι</strong></span> <span class='ocrx_word' id='word_1_693' title='bbox 1127 4807 1173 4827; x_wconf 61' lang='grc' dir='ltr'><strong>ἱ..</strong></span> <span class='ocrx_word' id='word_1_694' title='bbox 1190 4806 1359 4827; x_wconf 65' lang='grc' dir='ltr'><strong>ι.ζ.Ι,,.-..</strong></span> <span class='ocrx_word' id='word_1_695' title='bbox 1419 4821 1492 4827; x_wconf 44' lang='grc' dir='ltr'><strong>η...</strong></span> <span class='ocrx_word' id='word_1_696' title='bbox 1523 4824 1530 4827; x_wconf 85' lang='grc'>.</span> <span class='ocrx_word' id='word_1_697' title='bbox 1565 4818 1835 4827; x_wconf 59' lang='grc' dir='ltr'><strong>-,--..Α-.----</strong></span> <span class='ocrx_word' id='word_1_698' title='bbox 1877 4824 1885 4827; x_wconf 76' lang='lat'><em>_</em></span> <span class='ocrx_word' id='word_1_699' title='bbox 1916 4822 1973 4827; x_wconf 34' lang='lat' dir='ltr'><strong>ﬂ-</strong></span> <span class='ocrx_word' id='word_1_700' title='bbox 2023 4825 2029 4827; x_wconf 36' lang='grc' dir='ltr'><em>Α</em></span> 
     </span>
    </p>
   </div>
   <div class='ocr_carea' id='block_1_100' title="bbox 2140 4732 3743 4827">
    <p class='ocr_par' dir='ltr' id='par_1_100' title="bbox 2145 4732 3743 4827">
     <span class='ocr_line' id='line_1_101' title="bbox 2145 4732 3743 4827; baseline 0.006 -39"><span class='ocrx_word' id='word_1_701' title='bbox 2145 4740 2232 4827; x_wconf 67' lang='lat' dir='ltr'><strong>qui</strong></span> <span class='ocrx_word' id='word_1_702' title='bbox 2259 4747 2337 4791; x_wconf 90' lang='lat' dir='ltr'><strong>est</strong></span> <span class='ocrx_word' id='word_1_703' title='bbox 2375 4739 2514 4793; x_wconf 87' lang='lat' dir='ltr'><strong>ultra</strong></span> <span class='ocrx_word' id='word_1_704' title='bbox 2550 4732 2906 4827; x_wconf 63' lang='lat' dir='ltr'><strong>centesimum</strong></span> <span class='ocrx_word' id='word_1_705' title='bbox 2931 4781 2945 4803; x_wconf 93' lang='lat'><strong>,</strong></span> <span class='ocrx_word' id='word_1_706' title='bbox 2980 4750 3053 4811; x_wconf 82' lang='grc' dir='ltr'><strong>τῷ</strong></span> <span class='ocrx_word' id='word_1_707' title='bbox 3079 4732 3496 4827; x_wconf 31' lang='grc' dir='ltr'><strong>ΔαϐὶδΙπρὸξητὸν</strong></span> <span class='ocrx_word' id='word_1_708' title='bbox 3528 4732 3743 4827; x_wconf 45' lang='lat' dir='ltr'><strong>Pol-toﬁ.</strong></span> 
     </span>
    </p>
   </div>
   <div class='ocr_carea' id='block_1_101' title="bbox 439 4804 2036 4870">
    <p class='ocr_par' dir='ltr' id='par_1_101' title="bbox 439 4804 2036 4870">
     <span class='ocr_line' id='line_1_102' title="bbox 439 4804 2036 4870; baseline 0.002 -12"><span class='ocrx_word' id='word_1_709' title='bbox 439 4804 683 4858; x_wconf 89' lang='lat' dir='ltr'><strong>omnium</strong></span> <span class='ocrx_word' id='word_1_710' title='bbox 717 4805 1045 4870; x_wconf 84' lang='lat' dir='ltr'><strong>pSalmorum</strong></span> <span class='ocrx_word' id='word_1_711' title='bbox 1109 4804 1364 4858; x_wconf 75' lang='lat' dir='ltr'><strong>Dariilem</strong></span> <span class='ocrx_word' id='word_1_712' title='bbox 1413 4821 1534 4860; x_wconf 63' lang='lat' dir='ltr'><strong>(35w.</strong></span> <span class='ocrx_word' id='word_1_713' title='bbox 1562 4818 1840 4862; x_wconf 82' lang='lat' dir='ltr'><strong>auctorem</strong></span> <span class='ocrx_word' id='word_1_714' title='bbox 1875 4824 1886 4859; x_wconf 89' lang='lat'><strong>:</strong></span> <span class='ocrx_word' id='word_1_715' title='bbox 1915 4822 2036 4861; x_wconf 85' lang='lat' dir='ltr'><strong>nam</strong></span> 
     </span>
    </p>
   </div>
   <div class='ocr_carea' id='block_1_102' title="bbox 438 4874 2037 4948">
    <p class='ocr_par' dir='ltr' id='par_1_102' title="bbox 438 4874 2037 4948">
     <span class='ocr_line' id='line_1_103' title="bbox 438 4874 2037 4948; baseline 0.003 -19"><span class='ocrx_word' id='word_1_716' title='bbox 438 4874 766 4929; x_wconf 68' lang='lat' dir='ltr'><strong>Philastrius</strong></span> <span class='ocrx_word' id='word_1_717' title='bbox 788 4875 1063 4948; x_wconf 63' lang='lat' dir='ltr'><strong>lizcrcticis</strong></span> <span class='ocrx_word' id='word_1_718' title='bbox 1105 4876 1331 4948; x_wconf 83' lang='lat' dir='ltr'><strong>ascribit</strong></span> <span class='ocrx_word' id='word_1_719' title='bbox 1354 4891 1540 4930; x_wconf 86' lang='lat' dir='ltr'><strong>eorum</strong></span> <span class='ocrx_word' id='word_1_720' title='bbox 1574 4879 1916 4940; x_wconf 77' lang='lat' dir='ltr'><strong>sententiain,</strong></span> <span class='ocrx_word' id='word_1_721' title='bbox 1950 4881 2037 4948; x_wconf 85' lang='lat' dir='ltr'><strong>qui</strong></span> 
     </span>
    </p>
   </div>
   <div class='ocr_carea' id='block_1_103' title="bbox 441 4946 2040 5015">
    <p class='ocr_par' dir='ltr' id='par_1_103' title="bbox 441 4946 2040 5015">
     <span class='ocr_line' id='line_1_104' title="bbox 441 4946 2040 5015; baseline 0.003 -16"><span class='ocrx_word' id='word_1_722' title='bbox 441 4961 549 4999; x_wconf 89' lang='lat' dir='ltr'><strong>non</strong></span> <span class='ocrx_word' id='word_1_723' title='bbox 584 4960 774 4999; x_wconf 88' lang='lat' dir='ltr'><strong>otnues</strong></span> <span class='ocrx_word' id='word_1_724' title='bbox 806 4946 1043 5015; x_wconf 78' lang='lat' dir='ltr'><strong>pSahnos</strong></span> <span class='ocrx_word' id='word_1_725' title='bbox 1087 4961 1113 4997; x_wconf 89' lang='lat' dir='ltr'><strong>a</strong></span> <span class='ocrx_word' id='word_1_726' title='bbox 1152 4946 1355 4999; x_wconf 83' lang='lat' dir='ltr'><strong>Davidc</strong></span> <span class='ocrx_word' id='word_1_727' title='bbox 1401 4949 1632 5014; x_wconf 82' lang='lat' dir='ltr'><strong>scriptos</strong></span> <span class='ocrx_word' id='word_1_728' title='bbox 1679 4951 1780 5001; x_wconf 82' lang='lat' dir='ltr'><strong>sibi</strong></span> <span class='ocrx_word' id='word_1_729' title='bbox 1815 4946 2040 5014; x_wconf 75' lang='lat' dir='ltr'><strong>persua-</strong></span> 
     </span>
    </p>
   </div>
   <div class='ocr_carea' id='block_1_104' title="bbox 439 5016 2039 5086">
    <p class='ocr_par' dir='ltr' id='par_1_104' title="bbox 439 5016 2039 5086">
     <span class='ocr_line' id='line_1_105' title="bbox 439 5016 2039 5086; baseline 0.003 -16"><span class='ocrx_word' id='word_1_730' title='bbox 439 5016 589 5071; x_wconf 91' lang='lat' dir='ltr'><strong>dcnt.</strong></span> <span class='ocrx_word' id='word_1_731' title='bbox 628 5016 830 5071; x_wconf 82' lang='lat' dir='ltr'><strong>Deinde</strong></span> <span class='ocrx_word' id='word_1_732' title='bbox 859 5019 962 5069; x_wconf 82' lang='lat' dir='ltr'><strong>hoc</strong></span> <span class='ocrx_word' id='word_1_733' title='bbox 993 5018 1191 5084; x_wconf 87' lang='lat' dir='ltr'><strong>ipsum,</strong></span> <span class='ocrx_word' id='word_1_734' title='bbox 1216 5017 1359 5086; x_wconf 92' lang='lat' dir='ltr'><strong>quod</strong></span> <span class='ocrx_word' id='word_1_735' title='bbox 1391 5017 1665 5073; x_wconf 76' lang='lat' dir='ltr'><strong>luereticis</strong></span> <span class='ocrx_word' id='word_1_736' title='bbox 1697 5020 1884 5072; x_wconf 75' lang='lat' dir='ltr'><strong>tribuit</strong></span> <span class='ocrx_word' id='word_1_737' title='bbox 1914 5020 2039 5074; x_wconf 84' lang='lat' dir='ltr'><strong>Phi-</strong></span> 
     </span>
    </p>
   </div>
   <div class='ocr_carea' id='block_1_105' title="bbox 437 5088 2030 5158">
    <p class='ocr_par' dir='ltr' id='par_1_105' title="bbox 437 5088 2030 5158">
     <span class='ocr_line' id='line_1_106' title="bbox 437 5088 2030 5158; baseline 0.002 -17"><span class='ocrx_word' id='word_1_738' title='bbox 437 5088 1013 5157; x_wconf 84' lang='lat' dir='ltr'><strong>lastrius,neutiquam</strong></span> <span class='ocrx_word' id='word_1_739' title='bbox 1043 5098 1127 5142; x_wconf 90' lang='lat' dir='ltr'><strong>est</strong></span> <span class='ocrx_word' id='word_1_740' title='bbox 1173 5089 1508 5155; x_wconf 74' lang='lat' dir='ltr'><strong>hazreticum,</strong></span> <span class='ocrx_word' id='word_1_741' title='bbox 1552 5089 1646 5144; x_wconf 89' lang='lat' dir='ltr'><strong>sed</strong></span> <span class='ocrx_word' id='word_1_742' title='bbox 1673 5090 2030 5158; x_wconf 76' lang='lat' dir='ltr'><strong>verissimum,</strong></span> 
     </span>
    </p>
   </div>
   <div class='ocr_carea' id='block_1_106' title="bbox 441 5158 2033 5232">
    <p class='ocr_par' dir='ltr' id='par_1_106' title="bbox 441 5158 2033 5232">
     <span class='ocr_line' id='line_1_107' title="bbox 441 5158 2033 5232; baseline 0.001 -20"><span class='ocrx_word' id='word_1_743' title='bbox 441 5159 736 5228; x_wconf 88' lang='lat' dir='ltr'><strong>multisque</strong></span> <span class='ocrx_word' id='word_1_744' title='bbox 757 5160 918 5232; x_wconf 79' lang='lat' dir='ltr'><strong>etiam</strong></span> <span class='ocrx_word' id='word_1_745' title='bbox 946 5158 1216 5232; x_wconf 70' lang='lat' dir='ltr'><strong>l’liilastrii</strong></span> <span class='ocrx_word' id='word_1_746' title='bbox 1241 5170 1400 5232; x_wconf 78' lang='lat' dir='ltr'><strong>:utate</strong></span> <span class='ocrx_word' id='word_1_747' title='bbox 1430 5163 1708 5232; x_wconf 77' lang='lat' dir='ltr'><strong>probatum</strong></span> <span class='ocrx_word' id='word_1_748' title='bbox 1727 5162 2033 5229; x_wconf 60' lang='lat' dir='ltr'><strong>catholicis,</strong></span> 
     </span>
    </p>
   </div>
   <div class='ocr_carea' id='block_1_107' title="bbox 437 5229 2032 5304">
    <p class='ocr_par' dir='ltr' id='par_1_107' title="bbox 437 5229 2032 5304">
     <span class='ocr_line' id='line_1_108' title="bbox 437 5229 2032 5304; baseline 0.006 -23"><span class='ocrx_word' id='word_1_749' title='bbox 437 5244 501 5304; x_wconf 64' lang='lat' dir='ltr'><strong>ac</strong></span> <span class='ocrx_word' id='word_1_750' title='bbox 528 5232 770 5301; x_wconf 85' lang='lat' dir='ltr'><strong>probatis</strong></span> <span class='ocrx_word' id='word_1_751' title='bbox 803 5229 1450 5304; x_wconf 68' lang='lat' dir='ltr'><strong>Doctoribiis_Eccle-i:e,</strong></span> <span class='ocrx_word' id='word_1_752' title='bbox 1507 5244 1564 5287; x_wconf 87' lang='lat' dir='ltr'><strong>ut</strong></span> <span class='ocrx_word' id='word_1_753' title='bbox 1613 5233 1839 5298; x_wconf 82' lang='lat' dir='ltr'><strong>Hilario,</strong></span> <span class='ocrx_word' id='word_1_754' title='bbox 1871 5243 2032 5304; x_wconf 90' lang='lat' dir='ltr'><strong>atque</strong></span> 
     </span>
    </p>
   </div>
   <div class='ocr_carea' id='block_1_108' title="bbox 438 5301 2032 5374">
    <p class='ocr_par' dir='ltr' id='par_1_108' title="bbox 438 5301 2032 5374">
     <span class='ocr_line' id='line_1_109' title="bbox 438 5301 2032 5374; baseline 0.005 -20"><span class='ocrx_word' id='word_1_755' title='bbox 438 5301 794 5374; x_wconf 66' lang='lat' dir='ltr'><strong>Hieronymo,</strong></span> <span class='ocrx_word' id='word_1_756' title='bbox 826 5316 894 5356; x_wconf 86' lang='lat' dir='ltr'><strong>ne</strong></span> <span class='ocrx_word' id='word_1_757' title='bbox 938 5301 1074 5358; x_wconf 84' lang='lat' dir='ltr'><strong>alios</strong></span> <span class='ocrx_word' id='word_1_758' title='bbox 1133 5301 1378 5358; x_wconf 81' lang='lat' dir='ltr'><strong>inlinitos</strong></span> <span class='ocrx_word' id='word_1_759' title='bbox 1428 5305 1479 5359; x_wconf 89' lang='lat' dir='ltr'><strong>in</strong></span> <span class='ocrx_word' id='word_1_760' title='bbox 1513 5307 1766 5374; x_wconf 61' lang='lat' dir='ltr'><strong>praesenti</strong></span> <span class='ocrx_word' id='word_1_761' title='bbox 1825 5301 2032 5362; x_wconf 78' lang='lat' dir='ltr'><strong>metuo-</strong></span> 
     </span>
    </p>
   </div>
   <div class='ocr_carea' id='block_1_109' title="bbox 439 5372 832 5430">
    <p class='ocr_par' dir='ltr' id='par_1_109' title="bbox 439 5372 832 5430">
     <span class='ocr_line' id='line_1_110' title="bbox 439 5372 832 5430; baseline 0.01 -4"><span class='ocrx_word' id='word_1_762' title='bbox 439 5383 576 5426; x_wconf 86' lang='lat' dir='ltr'><strong>rcm.</strong></span> <span class='ocrx_word' id='word_1_763' title='bbox 612 5372 832 5430; x_wconf 83' lang='lat' dir='ltr'><strong>Fanutc.</strong></span> 
     </span>
    </p>
   </div>
   <div class='ocr_carea' id='block_1_110' title="bbox 511 5439 2037 5516">
    <p class='ocr_par' dir='ltr' id='par_1_110' title="bbox 511 5439 2037 5516">
     <span class='ocr_line' id='line_1_111' title="bbox 511 5439 2037 5516; baseline 0.007 -20"><span class='ocrx_word' id='word_1_764' title='bbox 511 5439 538 5516; x_wconf 53' lang='grc' dir='ltr'><strong><em>ἐι</em></strong></span> <span class='ocrx_word' id='word_1_765' title='bbox 565 5442 843 5500; x_wconf 80' lang='lat' dir='ltr'><strong>Int&#39;eniunl</strong></span> <span class='ocrx_word' id='word_1_766' title='bbox 874 5441 1296 5516; x_wconf 67' lang='lat' dir='ltr'><strong>iuufqualilalcm.</strong></span> <span class='ocrx_word' id='word_1_767' title='bbox 1338 5445 1559 5502; x_wconf 84' lang='lat' dir='ltr'><strong>Ordinis</strong></span> <span class='ocrx_word' id='word_1_768' title='bbox 1584 5449 1884 5516; x_wconf 80' lang='lat' dir='ltr'><strong>perturbati</strong></span> <span class='ocrx_word' id='word_1_769' title='bbox 1915 5453 2037 5506; x_wconf 78' lang='grc' dir='ltr'>ἀνο-</span> 
     </span>
    </p>
   </div>
   <div class='ocr_carea' id='block_1_111' title="bbox 441 5515 2038 5586">
    <p class='ocr_par' dir='ltr' id='par_1_111' title="bbox 441 5515 2038 5586">
     <span class='ocr_line' id='line_1_112' title="bbox 441 5515 2038 5586; baseline 0.007 -20"><span class='ocrx_word' id='word_1_770' title='bbox 441 5515 660 5584; x_wconf 76' lang='grc' dir='ltr'><strong>μαλίαν.</strong></span> <span class='ocrx_word' id='word_1_771' title='bbox 715 5525 772 5571; x_wconf 83' lang='grc' dir='ltr'><strong>ιιι</strong></span> <span class='ocrx_word' id='word_1_772' title='bbox 821 5517 935 5586; x_wconf 85' lang='lat' dir='ltr'><strong>ipse</strong></span> <span class='ocrx_word' id='word_1_773' title='bbox 963 5515 1062 5570; x_wconf 88' lang='lat' dir='ltr'><strong>hoc</strong></span> <span class='ocrx_word' id='word_1_774' title='bbox 1105 5518 1286 5570; x_wconf 86' lang='lat' dir='ltr'><strong>statim</strong></span> <span class='ocrx_word' id='word_1_775' title='bbox 1341 5515 1750 5586; x_wconf 87' lang='lat' dir='ltr'><strong>interpretatur.</strong></span> <span class='ocrx_word' id='word_1_776' title='bbox 1783 5523 1929 5577; x_wconf 84' lang='lat' dir='ltr'><strong>Sane</strong></span> <span class='ocrx_word' id='word_1_777' title='bbox 1969 5524 2038 5577; x_wconf 87' lang='lat' dir='ltr'><strong>ab</strong></span> 
     </span>
    </p>
   </div>
   <div class='ocr_carea' id='block_1_112' title="bbox 439 5586 2038 5658">
    <p class='ocr_par' dir='ltr' id='par_1_112' title="bbox 439 5586 2038 5658">
     <span class='ocr_line' id='line_1_113' title="bbox 439 5586 2038 5658; baseline 0.004 -20"><span class='ocrx_word' id='word_1_778' title='bbox 439 5586 613 5658; x_wconf 82' lang='lat' dir='ltr'><strong>Esdra</strong></span> <span class='ocrx_word' id='word_1_779' title='bbox 645 5587 840 5642; x_wconf 89' lang='lat' dir='ltr'><strong>librum</strong></span> <span class='ocrx_word' id='word_1_780' title='bbox 875 5590 1218 5658; x_wconf 83' lang='lat' dir='ltr'><strong>psalmorum</strong></span> <span class='ocrx_word' id='word_1_781' title='bbox 1253 5605 1356 5642; x_wconf 82' lang='lat' dir='ltr'><strong>non</strong></span> <span class='ocrx_word' id='word_1_782' title='bbox 1385 5590 1655 5658; x_wconf 80' lang='lat' dir='ltr'><strong>digestum</strong></span> <span class='ocrx_word' id='word_1_783' title='bbox 1686 5593 1876 5648; x_wconf 85' lang='lat' dir='ltr'><strong>ordine</strong></span> <span class='ocrx_word' id='word_1_784' title='bbox 1901 5601 2038 5645; x_wconf 86' lang='lat' dir='ltr'><strong>tem-</strong></span> 
     </span>
    </p>
   </div>
   <div class='ocr_carea' id='block_1_113' title="bbox 445 5656 2038 5734">
    <p class='ocr_par' dir='ltr' id='par_1_113' title="bbox 445 5656 2038 5734">
     <span class='ocr_line' id='line_1_114' title="bbox 445 5656 2038 5734; baseline 0.011 -32"><span class='ocrx_word' id='word_1_785' title='bbox 445 5656 592 5734; x_wconf 76' lang='lat' dir='ltr'><strong>poris</strong></span> <span class='ocrx_word' id='word_1_786' title='bbox 619 5674 725 5734; x_wconf 69' lang='lat' dir='ltr'><strong>quo</strong></span> <span class='ocrx_word' id='word_1_787' title='bbox 749 5659 934 5734; x_wconf 80' lang='lat' dir='ltr'><strong>scripti</strong></span> <span class='ocrx_word' id='word_1_788' title='bbox 961 5657 1226 5734; x_wconf 79' lang='lat' dir='ltr'><strong>suni,_sc_d</strong></span> <span class='ocrx_word' id='word_1_789' title='bbox 1247 5659 1354 5734; x_wconf 82' lang='lat' dir='ltr'><strong>alio</strong></span> <span class='ocrx_word' id='word_1_790' title='bbox 1383 5656 1576 5734; x_wconf 82' lang='lat' dir='ltr'><strong>ordine</strong></span> <span class='ocrx_word' id='word_1_791' title='bbox 1603 5665 2038 5734; x_wconf 84' lang='lat' dir='ltr'><strong>qnocumquel&#39;a-</strong></span> 
     </span>
    </p>
   </div>
   <div class='ocr_carea' id='block_1_114' title="bbox 439 5726 2033 5802">
    <p class='ocr_par' dir='ltr' id='par_1_114' title="bbox 439 5726 2033 5802">
     <span class='ocr_line' id='line_1_115' title="bbox 439 5726 2033 5802; baseline 0.009 -28"><span class='ocrx_word' id='word_1_792' title='bbox 439 5731 620 5802; x_wconf 63' lang='lat' dir='ltr'><strong>tentur</strong></span> <span class='ocrx_word' id='word_1_793' title='bbox 647 5726 953 5802; x_wconf 73' lang='lat' dir='ltr'><strong>Scriptores</strong></span> <span class='ocrx_word' id='word_1_794' title='bbox 979 5728 1298 5802; x_wconf 80' lang='lat' dir='ltr'><strong>doctissimi,</strong></span> <span class='ocrx_word' id='word_1_795' title='bbox 1325 5739 1396 5802; x_wconf 90' lang='lat' dir='ltr'><strong>et_</strong></span> <span class='ocrx_word' id='word_1_796' title='bbox 1401 5726 1730 5802; x_wconf 81' lang='lat' dir='ltr'><strong>interpretes</strong></span> <span class='ocrx_word' id='word_1_797' title='bbox 1753 5726 2033 5799; x_wconf 73' lang='lat' dir='ltr'><strong>sacrarum</strong></span> 
     </span>
    </p>
   </div>
   <div class='ocr_carea' id='block_1_115' title="bbox 436 5788 2036 5867">
    <p class='ocr_par' dir='ltr' id='par_1_115' title="bbox 436 5788 2036 5867">
     <span class='ocr_line' id='line_1_116' title="bbox 436 5788 2036 5867; baseline 0.011 -22"><span class='ocrx_word' id='word_1_798' title='bbox 436 5788 786 5848; x_wconf 63' lang='lat' dir='ltr'><strong>Litterarum&#39;</strong></span> <span class='ocrx_word' id='word_1_799' title='bbox 810 5797 971 5851; x_wconf 87' lang='lat' dir='ltr'><strong>etiam</strong></span> <span class='ocrx_word' id='word_1_800' title='bbox 1005 5797 1239 5867; x_wconf 85' lang='lat' dir='ltr'><strong>antiqui,</strong></span> <span class='ocrx_word' id='word_1_801' title='bbox 1268 5788 1327 5854; x_wconf 84' lang='lat' dir='ltr'><strong>ut</strong></span> <span class='ocrx_word' id='word_1_802' title='bbox 1357 5788 1629 5859; x_wconf 81' lang='lat' dir='ltr'><strong>Eusebius</strong></span> <span class='ocrx_word' id='word_1_803' title='bbox 1655 5788 1732 5858; x_wconf 78' lang='lat' dir='ltr'><strong>in</strong></span> <span class='ocrx_word' id='word_1_804' title='bbox 1787 5788 2036 5862; x_wconf 75' lang='lat' dir='ltr'><strong>Psalmos</strong></span> 
     </span>
    </p>
   </div>
   <div class='ocr_carea' id='block_1_116' title="bbox 2146 4808 3746 4883">
    <p class='ocr_par' dir='ltr' id='par_1_116' title="bbox 2146 4808 3746 4883">
     <span class='ocr_line' id='line_1_117' title="bbox 2146 4808 3746 4883; baseline 0.005 -20"><span class='ocrx_word' id='word_1_805' title='bbox 2146 4808 2234 4863; x_wconf 86' lang='lat' dir='ltr'><strong>Sic</strong></span> <span class='ocrx_word' id='word_1_806' title='bbox 2261 4825 2422 4883; x_wconf 80' lang='lat' dir='ltr'><strong>supra</strong></span> <span class='ocrx_word' id='word_1_807' title='bbox 2456 4827 2578 4878; x_wconf 85' lang='lat' dir='ltr'><strong>cap.</strong></span> <span class='ocrx_word' id='word_1_808' title='bbox 2609 4813 2732 4878; x_wconf 69' lang='lat' dir='ltr'><strong>ll-l,</strong></span> <span class='ocrx_word' id='word_1_809' title='bbox 2765 4813 2887 4866; x_wconf 74' lang='grc' dir='ltr'><strong>ωιηό</strong></span> <span class='ocrx_word' id='word_1_810' title='bbox 2923 4808 3167 4873; x_wconf 61' lang='lat' dir='ltr'><strong>CCCLXIX</strong></span> <span class='ocrx_word' id='word_1_811' title='bbox 3199 4808 3340 4883; x_wconf 69' lang='lat' dir='ltr'><strong>ptui.</strong></span> <span class='ocrx_word' id='word_1_812' title='bbox 3375 4815 3437 4869; x_wconf 80' lang='lat' dir='ltr'><strong>Et</strong></span> <span class='ocrx_word' id='word_1_813' title='bbox 3461 4830 3583 4882; x_wconf 86' lang='lat' dir='ltr'><strong>cap.</strong></span> <span class='ocrx_word' id='word_1_814' title='bbox 3611 4815 3746 4883; x_wconf 69' lang='lat'><strong>106,</strong></span> 
     </span>
    </p>
   </div>
   <div class='ocr_carea' id='block_1_117' title="bbox 2143 4880 3273 4952">
    <p class='ocr_par' dir='ltr' id='par_1_117' title="bbox 2143 4880 3273 4952">
     <span class='ocr_line' id='line_1_118' title="bbox 2143 4880 3273 4952; baseline 0.007 -20"><span class='ocrx_word' id='word_1_815' title='bbox 2143 4880 2547 4952; x_wconf 77' lang='lat' dir='ltr'><strong>quadringentos</strong></span> <span class='ocrx_word' id='word_1_816' title='bbox 2571 4883 2682 4950; x_wconf 76' lang='lat' dir='ltr'><strong>jam</strong></span> <span class='ocrx_word' id='word_1_817' title='bbox 2712 4882 2828 4951; x_wconf 77' lang='lat' dir='ltr'><strong>plus</strong></span> <span class='ocrx_word' id='word_1_818' title='bbox 2849 4880 3273 4941; x_wconf 78' lang='lat' dir='ltr'><strong>annos.Fanutc.</strong></span> 
     </span>
    </p>
   </div>
   <div class='ocr_carea' id='block_1_118' title="bbox 2143 4951 3748 5078">
    <p class='ocr_par' dir='ltr' id='par_1_118' title="bbox 2143 4951 3748 5078">
     <span class='ocr_line' id='line_1_119' title="bbox 2216 4951 3748 5027; baseline 0.005 -22"><span class='ocrx_word' id='word_1_819' title='bbox 2216 4963 2239 4996; x_wconf 74' lang='grc' dir='ltr'><strong><em>κ</em></strong></span> <span class='ocrx_word' id='word_1_820' title='bbox 2271 4951 2466 5008; x_wconf 70' lang='lat' dir='ltr'><strong>Contra</strong></span> <span class='ocrx_word' id='word_1_821' title='bbox 2517 4954 2878 5025; x_wconf 79' lang='lat' dir='ltr'><strong>Allophylum.</strong></span> <span class='ocrx_word' id='word_1_822' title='bbox 2917 4953 3282 5022; x_wconf 77' lang='lat' dir='ltr'><strong>Philisucum,</strong></span> <span class='ocrx_word' id='word_1_823' title='bbox 3316 4967 3375 5012; x_wconf 90' lang='lat' dir='ltr'><strong>ut</strong></span> <span class='ocrx_word' id='word_1_824' title='bbox 3404 4972 3570 5026; x_wconf 81' lang='lat' dir='ltr'><strong>supra</strong></span> <span class='ocrx_word' id='word_1_825' title='bbox 3621 4974 3748 5027; x_wconf 86' lang='lat' dir='ltr'><strong>cap.</strong></span> 
     </span>
     <span class='ocr_line' id='line_1_120' title="bbox 2143 5021 2966 5078; baseline 0.013 -4"><span class='ocrx_word' id='word_1_826' title='bbox 2143 5021 2229 5075; x_wconf 72' lang='grc'><strong>12.</strong></span> <span class='ocrx_word' id='word_1_827' title='bbox 2265 5023 2485 5078; x_wconf 79' lang='lat' dir='ltr'><strong>Fanum.</strong></span> <span class='ocrx_word' id='word_1_828' title='bbox 2955 5061 2966 5074; x_wconf 71' lang='grc' dir='ltr'><strong>υ</strong></span> 
     </span>
    </p>
   </div>
   <div class='ocr_carea' id='block_1_119' title="bbox 2218 5041 2966 5081">
    <p class='ocr_par' dir='ltr' id='par_1_119' title="bbox 2218 5041 2966 5081">
     <span class='ocr_line' id='line_1_121' title="bbox 2218 5041 2966 5081; baseline 0.004 -3"><span class='ocrx_word' id='word_1_829' title='bbox 2218 5064 2229 5074; x_wconf 78' lang='lat'><strong><em>-</em></strong></span> <span class='ocrx_word' id='word_1_830' title='bbox 2265 5041 2295 5078; x_wconf 68' lang='grc' dir='ltr'>ιι</span> <span class='ocrx_word' id='word_1_831' title='bbox 2311 5041 2485 5081; x_wconf 71' lang='lat' dir='ltr'><strong>ABRIC-</strong></span> <span class='ocrx_word' id='word_1_832' title='bbox 2955 5061 2966 5074; x_wconf 71' lang='grc' dir='ltr'><strong>υ</strong></span> 
     </span>
    </p>
   </div>
   <div class='ocr_carea' id='block_1_120' title="bbox 2216 5093 3751 5166">
    <p class='ocr_par' dir='ltr' id='par_1_120' title="bbox 2216 5093 3751 5166">
     <span class='ocr_line' id='line_1_122' title="bbox 2216 5093 3751 5166; baseline 0.007 -21"><span class='ocrx_word' id='word_1_833' title='bbox 2216 5094 2240 5130; x_wconf 70' lang='grc' dir='ltr'><strong>ιι</strong></span> <span class='ocrx_word' id='word_1_834' title='bbox 2269 5093 2534 5166; x_wconf 76' lang='lat' dir='ltr'><strong>Defecisse</strong></span> <span class='ocrx_word' id='word_1_835' title='bbox 2584 5097 2732 5150; x_wconf 81' lang='lat' dir='ltr'><strong>dicit.</strong></span> <span class='ocrx_word' id='word_1_836' title='bbox 2776 5097 2903 5152; x_wconf 87' lang='lat' dir='ltr'><strong>Post</strong></span> <span class='ocrx_word' id='word_1_837' title='bbox 2935 5098 3205 5166; x_wconf 83' lang='lat' dir='ltr'><strong>psalmum</strong></span> <span class='ocrx_word' id='word_1_838' title='bbox 3237 5115 3382 5156; x_wconf 79' lang='lat' dir='ltr'><strong>uxu</strong></span> <span class='ocrx_word' id='word_1_839' title='bbox 3441 5101 3751 5156; x_wconf 78' lang='lat' dir='ltr'><strong>subscribi-</strong></span> 
     </span>
    </p>
   </div>
   <div class='ocr_carea' id='block_1_121' title="bbox 2143 5169 3752 5241">
    <p class='ocr_par' dir='ltr' id='par_1_121' title="bbox 2143 5169 3752 5241">
     <span class='ocr_line' id='line_1_123' title="bbox 2143 5169 3752 5241; baseline 0.005 -23"><span class='ocrx_word' id='word_1_840' title='bbox 2143 5174 2228 5241; x_wconf 76' lang='lat' dir='ltr'><strong>t_tlt‘</strong></span> <span class='ocrx_word' id='word_1_841' title='bbox 2256 5183 2269 5218; x_wconf 88' lang='lat'><strong>:</strong></span> <span class='ocrx_word' id='word_1_842' title='bbox 2302 5169 2522 5232; x_wconf 76' lang='grc' dir='ltr'><strong>ἐξέλιπον</strong></span> <span class='ocrx_word' id='word_1_843' title='bbox 2549 5169 2594 5222; x_wconf 80' lang='grc' dir='ltr'>οἱ</span> <span class='ocrx_word' id='word_1_844' title='bbox 2625 5169 2772 5240; x_wconf 77' lang='grc' dir='ltr'>ὕμνοι</span> <span class='ocrx_word' id='word_1_845' title='bbox 2801 5171 2958 5226; x_wconf 72' lang='grc' dir='ltr'><strong>Δαϐὶό</strong></span> <span class='ocrx_word' id='word_1_846' title='bbox 3003 5178 3092 5228; x_wconf 77' lang='grc' dir='ltr'><strong>τοῦ</strong></span> <span class='ocrx_word' id='word_1_847' title='bbox 3133 5171 3244 5227; x_wconf 75' lang='grc' dir='ltr'><strong>υἱοῦ</strong></span> <span class='ocrx_word' id='word_1_848' title='bbox 3271 5172 3482 5235; x_wconf 64' lang='grc' dir='ltr'><strong>Ἰεσσαί,</strong></span> <span class='ocrx_word' id='word_1_849' title='bbox 3517 5190 3639 5241; x_wconf 76' lang='lat' dir='ltr'><strong>qua:</strong></span> <span class='ocrx_word' id='word_1_850' title='bbox 3668 5175 3752 5226; x_wconf 81' lang='lat' dir='ltr'><strong>vi-</strong></span> 
     </span>
    </p>
   </div>
   <div class='ocr_carea' id='block_1_122' title="bbox 2142 5236 3752 5310">
    <p class='ocr_par' dir='ltr' id='par_1_122' title="bbox 2142 5236 3752 5310">
     <span class='ocr_line' id='line_1_124' title="bbox 2142 5236 3752 5310; baseline 0.006 -19"><span class='ocrx_word' id='word_1_851' title='bbox 2142 5236 2301 5310; x_wconf 85' lang='lat' dir='ltr'><strong>detur</strong></span> <span class='ocrx_word' id='word_1_852' title='bbox 2353 5255 2476 5294; x_wconf 87' lang='lat' dir='ltr'><strong>esse</strong></span> <span class='ocrx_word' id='word_1_853' title='bbox 2521 5236 2940 5296; x_wconf 60' lang='lat' dir='ltr'><strong>nola&#39;clausulze</strong></span> <span class='ocrx_word' id='word_1_854' title='bbox 2982 5242 3103 5297; x_wconf 82' lang='lat' dir='ltr'><strong>libri</strong></span> <span class='ocrx_word' id='word_1_855' title='bbox 3145 5244 3394 5310; x_wconf 83' lang='lat' dir='ltr'><strong>secundi,</strong></span> <span class='ocrx_word' id='word_1_856' title='bbox 3421 5236 3547 5299; x_wconf 76' lang='lat' dir='ltr'><strong>cuni</strong></span> <span class='ocrx_word' id='word_1_857' title='bbox 3571 5254 3752 5300; x_wconf 88' lang='lat' dir='ltr'><strong>totum</strong></span> 
     </span>
    </p>
   </div>
   <div class='ocr_carea' id='block_1_123' title="bbox 2144 5309 3754 5435">
    <p class='ocr_par' dir='ltr' id='par_1_123' title="bbox 2144 5309 3754 5435">
     <span class='ocr_line' id='line_1_125' title="bbox 2144 5309 3754 5435; baseline 0.004 -73"><span class='ocrx_word' id='word_1_858' title='bbox 2144 5309 2474 5435; x_wconf 46' lang='lat' dir='ltr'><strong>psalmﬁorum</strong></span> <span class='ocrx_word' id='word_1_859' title='bbox 2509 5325 2643 5380; x_wconf 84' lang='lat' dir='ltr'><strong>opus</strong></span> <span class='ocrx_word' id='word_1_860' title='bbox 2669 5311 2908 5368; x_wconf 87' lang='lat' dir='ltr'><strong>divisum</strong></span> <span class='ocrx_word' id='word_1_861' title='bbox 2941 5313 3105 5372; x_wconf 79' lang='lat' dir='ltr'><strong>fuerit</strong></span> <span class='ocrx_word' id='word_1_862' title='bbox 3137 5316 3268 5371; x_wconf 78' lang='lat' dir='ltr'><strong>oliui</strong></span> <span class='ocrx_word' id='word_1_863' title='bbox 3297 5314 3358 5372; x_wconf 87' lang='lat' dir='ltr'><strong>in</strong></span> <span class='ocrx_word' id='word_1_864' title='bbox 3380 5309 3562 5371; x_wconf 78' lang='lat' dir='ltr'><strong>libros</strong></span> <span class='ocrx_word' id='word_1_865' title='bbox 3583 5317 3754 5385; x_wconf 82' lang='lat' dir='ltr'><strong>quin-</strong></span> 
     </span>
     <span class='ocr_line' id='line_1_126' title="bbox 2144 5395 2517 5435; baseline 0.003 -1"><span class='ocrx_word' id='word_1_866' title='bbox 2144 5395 2267 5435; x_wconf 85' lang='lat' dir='ltr'><strong>uue.</strong></span> <span class='ocrx_word' id='word_1_867' title='bbox 2344 5396 2517 5435; x_wconf 81' lang='lat' dir='ltr'><strong>anum.</strong></span> 
     </span>
    </p>
   </div>
   <div class='ocr_carea' id='block_1_124' title="bbox 2182 5395 2517 5438">
    <p class='ocr_par' dir='ltr' id='par_1_124' title="bbox 2182 5395 2517 5438">
     <span class='ocr_line' id='line_1_127' title="bbox 2182 5395 2517 5438; baseline 0.003 -5"><span class='ocrx_word' id='word_1_868' title='bbox 2182 5395 2267 5434; x_wconf 84' lang='lat' dir='ltr'><strong>ue.</strong></span> <span class='ocrx_word' id='word_1_869' title='bbox 2303 5395 2517 5438; x_wconf 25' lang='lat' dir='ltr'><strong>F‘ABRIC.</strong></span> 
     </span>
    </p>
   </div>
   <div class='ocr_carea' id='block_1_125' title="bbox 2143 5396 3754 5527">
    <p class='ocr_par' dir='ltr' id='par_1_125' title="bbox 2143 5396 3754 5527">
     <span class='ocr_line' id='line_1_128' title="bbox 2143 5396 3754 5527; baseline 0.001 -16"><span class='ocrx_word' id='word_1_870' title='bbox 2143 5396 2522 5527; x_wconf 40' lang='lat'><strong>“3.15323;</strong></span> <span class='ocrx_word' id='word_1_871' title='bbox 2550 5453 2796 5527; x_wconf 67' lang='lat' dir='ltr'><strong>titillatio.</strong></span> <span class='ocrx_word' id='word_1_872' title='bbox 2846 5453 3023 5512; x_wconf 86' lang='lat' dir='ltr'><strong>Etiam</strong></span> <span class='ocrx_word' id='word_1_873' title='bbox 3083 5468 3204 5527; x_wconf 85' lang='lat' dir='ltr'><strong>post</strong></span> <span class='ocrx_word' id='word_1_874' title='bbox 3253 5457 3524 5527; x_wconf 84' lang='lat' dir='ltr'><strong>psalmum</strong></span> <span class='ocrx_word' id='word_1_875' title='bbox 3574 5475 3754 5521; x_wconf 71' lang='lat' dir='ltr'><strong>Lxxtl.</strong></span> 
     </span>
    </p>
   </div>
   <div class='ocr_carea' id='block_1_126' title="bbox 2145 5523 3757 5600">
    <p class='ocr_par' dir='ltr' id='par_1_126' title="bbox 2145 5523 3757 5600">
     <span class='ocr_line' id='line_1_129' title="bbox 2145 5523 3757 5600; baseline 0.004 -22"><span class='ocrx_word' id='word_1_876' title='bbox 2145 5523 2524 5593; x_wconf 36' lang='lat' dir='ltr'><strong>multi’psalmi</strong></span> <span class='ocrx_word' id='word_1_877' title='bbox 2553 5525 2763 5582; x_wconf 83' lang='lat' dir='ltr'><strong>diserto</strong></span> <span class='ocrx_word' id='word_1_878' title='bbox 2803 5527 2855 5581; x_wconf 91' lang='lat' dir='ltr'><strong>in</strong></span> <span class='ocrx_word' id='word_1_879' title='bbox 2886 5527 3044 5582; x_wconf 86' lang='lat' dir='ltr'><strong>titulo</strong></span> <span class='ocrx_word' id='word_1_880' title='bbox 3065 5523 3364 5600; x_wconf 61' lang='lat' dir='ltr'><strong>prasterunt</strong></span> <span class='ocrx_word' id='word_1_881' title='bbox 3396 5530 3616 5586; x_wconf 86' lang='lat' dir='ltr'><strong>Davidis</strong></span> <span class='ocrx_word' id='word_1_882' title='bbox 3648 5547 3757 5584; x_wconf 89' lang='lat' dir='ltr'><strong>no-</strong></span> 
     </span>
    </p>
   </div>
   <div class='ocr_carea' id='block_1_127' title="bbox 2145 5601 3756 5672">
    <p class='ocr_par' dir='ltr' id='par_1_127' title="bbox 2145 5601 3756 5672">
     <span class='ocr_line' id='line_1_130' title="bbox 2145 5601 3756 5672; baseline 0.005 -23"><span class='ocrx_word' id='word_1_883' title='bbox 2145 5611 2290 5672; x_wconf 76' lang='lat' dir='ltr'><strong>men,</strong></span> <span class='ocrx_word' id='word_1_884' title='bbox 2323 5605 2381 5672; x_wconf 78' lang='lat' dir='ltr'><strong>ut</strong></span> <span class='ocrx_word' id='word_1_885' title='bbox 2407 5612 2624 5664; x_wconf 76' lang='lat' dir='ltr'><strong>Lxxxvt,</strong></span> <span class='ocrx_word' id='word_1_886' title='bbox 2656 5613 2766 5665; x_wconf 71' lang='lat' dir='ltr'><strong>XCI,</strong></span> <span class='ocrx_word' id='word_1_887' title='bbox 2795 5613 2939 5665; x_wconf 72' lang='lat' dir='ltr'><strong>xum,</strong></span> <span class='ocrx_word' id='word_1_888' title='bbox 2968 5615 3108 5668; x_wconf 59' lang='grc' dir='ltr'><strong>χειν,</strong></span> <span class='ocrx_word' id='word_1_889' title='bbox 3136 5616 3263 5661; x_wconf 76' lang='lat' dir='ltr'><strong>xcv.</strong></span> <span class='ocrx_word' id='word_1_890' title='bbox 3311 5601 3513 5672; x_wconf 79' lang='lat' dir='ltr'><strong>aliique</strong></span> <span class='ocrx_word' id='word_1_891' title='bbox 3549 5618 3756 5671; x_wconf 78' lang='lat' dir='ltr'><strong>quatu-</strong></span> 
     </span>
    </p>
   </div>
   <div class='ocr_carea' id='block_1_128' title="bbox 2145 5667 3491 5736">
    <p class='ocr_par' dir='ltr' id='par_1_128' title="bbox 2145 5667 3491 5736">
     <span class='ocr_line' id='line_1_131' title="bbox 2145 5667 3491 5736; baseline 0.006 -16"><span class='ocrx_word' id='word_1_892' title='bbox 2145 5667 2384 5736; x_wconf 83' lang='lat' dir='ltr'><strong>plurimi.</strong></span> <span class='ocrx_word' id='word_1_893' title='bbox 3098 5667 3103 5668; x_wconf 24' lang='grc' dir='ltr'>ί</span> <span class='ocrx_word' id='word_1_894' title='bbox 3271 5667 3491 5730; x_wconf 63' lang='lat' dir='ltr'><strong>Fannio.</strong></span> 
     </span>
    </p>
   </div>
   <div class='ocr_carea' id='block_1_129' title="bbox 2219 5735 3354 5814">
    <p class='ocr_par' dir='ltr' id='par_1_129' title="bbox 2219 5735 3354 5814">
     <span class='ocr_line' id='line_1_132' title="bbox 2219 5735 3354 5814; baseline 0.011 -27"><span class='ocrx_word' id='word_1_895' title='bbox 2219 5737 2231 5787; x_wconf 83' lang='lat' dir='ltr'><strong>J&#39;</strong></span> <span class='ocrx_word' id='word_1_896' title='bbox 2272 5735 2489 5810; x_wconf 80' lang='lat' dir='ltr'><strong>Ubique.</strong></span> <span class='ocrx_word' id='word_1_897' title='bbox 2516 5739 2606 5797; x_wconf 91' lang='lat' dir='ltr'><strong>Sic</strong></span> <span class='ocrx_word' id='word_1_898' title='bbox 2636 5740 2776 5796; x_wconf 82' lang='lat' dir='ltr'><strong>infra</strong></span> <span class='ocrx_word' id='word_1_899' title='bbox 2805 5756 2929 5814; x_wconf 75' lang='lat' dir='ltr'><strong>cap.</strong></span> <span class='ocrx_word' id='word_1_900' title='bbox 2965 5743 3091 5800; x_wconf 73' lang='grc'><strong>155..</strong></span> <span class='ocrx_word' id='word_1_901' title='bbox 3128 5743 3354 5802; x_wconf 69' lang='lat' dir='ltr'><strong>Fauno.</strong></span> 
     </span>
    </p>
   </div>
  </div>
