4052 6192
438 244 579 300 19.63

1739 235 1984 294 SANCTI
2028 234 2417 293 PI’IILASTRII

3614 235 3755 292 136-5

430 379 550 417 rcus
578 361 674 414 erit
696 357 889 432 judicii
936 355 1166 429 (Matth.
1195 370 1249 421 v,
1281 354 1414 427 ἐξ).
1456 354 1695 425 Ideoque
1724 356 2031 423 pellendam
2064 358 2116 418 Α
2142 368 2241 407 nus
2272 354 2521 423 injicere,
2544 352 2754 409 caelesti
2781 353 3055 408 sententia
3082 351 3429 407 adeﬁnitum.
3450 351 3570 423 Ipsa
3596 355 3743 407 enim

431 452 820 522 cogitationem
850 464 917 504 ex
945 449 1292 519 suggestione
1324 446 1529 502 inimici
1561 447 1820 501 Dominus
1843 446 2040 502 edoce-

430 547 524 600 bat
554 544 736 609 illico,
770 558 837 596 ne
865 556 985 595 cum
1012 541 1104 595 diu
1136 541 1205 594 sit
1232 541 1283 593 in
1327 539 1547 594 homine
1572 580 1585 605 ,
1616 539 1682 595 ad
1717 550 2035 609 perpetran-

428 640 560 693 dum
595 638 805 693 facinus
835 651 956 690 eum
1001 644 1266 704 provocet
1296 636 1633 704 proniorem.

431 729 695 786 CXXXII.
737 728 829 783 DE
870 727 1028 783 CAIN
1068 726 1386 782 PECCATO
1439 726 1758 783 HZERESIS
1795 724 2034 795 QUARE

708 821 889 877 DEUS
920 822 984 876 EI
1018 821 1231 875 VITAM
1260 820 1750 876 CONCESSERIT.

507 918 603 972 Est
633 914 858 970 haeresis
879 929 998 983 qua:
1029 928 1139 968 non
1166 922 1319 969 recte
1341 912 1599 983 intelligit
1621 913 1687 967 de
1711 913 1867 978 Cain,
1892 912 2036 982 quod

434 1019 557 1079 post
587 1006 947 1062 fratricidium
978 1005 1125 1076 quod
1156 1006 1526 1066 commiserat.
1560 1013 1716 1075 rogat
1748 1005 2033 1059 Dominum

431 1102 572 1158 mori
600 1101 779 1171 potius
808 1114 969 1170 quam
993 1099 1193 1153 dimitti
1217 1142 1232 1165 ,
1263 1098 1450 1154 dicens
1480 1099 1549 1153 ita
1581 1116 1592 1150 :
1625 1107 1649 1133 τι
1682 1097 1856 1170 Major
1877 1113 2036 1150 causa

431 1208 504 1253 est
542 1198 585 1251 si
612 1197 856 1249 dimissus
900 1194 1045 1263 {uero
1067 1236 1080 1257 ,
1112 1202 1161 1246 et
1197 1194 1294 1245 erit
1334 1193 1499 1246 omnis
1524 1192 1611 1263 qui
1639 1192 1890 1246 invenerit
1922 1206 2033 1253 me,

431 1290 706 1357 inter/ieiet
723 1303 801 1340 me
824 1286 977 1358 (Gen.
1004 1302 1086 1352 1v,
1103 1285 1295 1356 4).Sed
1318 1287 1583 1341 Dominus
1606 1301 1703 1356 per
1720 1301 1844 1341 eum
1868 1300 2031 1339 unum

432 1385 583 1439 omni
614 1384 850 1437 humano
865 1384 1050 1452 generi
1078 1422 1092 1447 ,
1121 1381 1268 1436 velut
1288 1381 1603 1451 generalem
1641 1379 2035 1435 docendomo-

434 1478 597 1543 dum,
629 1492 725 1546 per
774 1474 1097 1545 patientiam
1146 1473 1459 1529 tribuebnat
1494 1458 1752 1528 bonittitis
1796 1487 1911 1527 sua:
1952 1472 2035 1525 in-

430 1570 763 1641 dulgentiam
806 1568 1112 1638 copiosam;
1144 1574 1202 1620 ut
1224 1567 1334 1636 jam
1366 1566 1652 1621 desinente
1676 1568 1907 1630 scelere,
1939 1563 2035 1618 bo-

430 1679 625 1719 norum
660 1677 889 1732 operum
919 1660 1353 1715 l'ructuositatem
1378 1668 1765 1730 sequerentur,
1799 1666 2033 1713 certam-

2144 444 2305 499 veluti
2330 446 2647 513 pcenitentia
2667 444 2784 499 ficta
2807 461 2914 499 non
2944 461 3073 501 vera
3105 446 3324 499 inventa
3358 455 3438 500 est
3458 487 3473 510 ,
3496 460 3623 500 cum
3655 461 3753 499 au-

2142 537 2223 592 dit
2252 553 2281 591 a
2316 537 2549 592 Domino
2576 552 2589 592 :
2627 537 2810 594 Omnis
2832 540 2919 608 qui
2947 539 3198 593 occiderit
3229 538 3390 605 Cain,
3416 548 3611 607 septem
3642 540 3754 592 rin-

2141 634 2303 687 dictas
2346 634 2595 702 persolvet
2621 631 2770 702 (Gen.
2807 650 2879 699 tv,
2917 634 3030 704 15).
3058 635 3213 690 Unde
3246 646 3302 690 et
3343 635 3561 703 signum
3598 646 3620 671 ο
3662 650 3752 689 ac-

2140 728 2325 798 cipere
2352 728 2556 783 meruit
2581 738 2803 797 pr0pter
2835 727 3260 796 ptenitudinem,
3292 730 3337 783 si
3372 737 3558 782 tamen
3586 727 3752 798 digna

2141 819 2411 874 bonorum
2452 834 2677 889 operum
2706 818 2816 888 jam
2859 833 2983 873 eum
3015 818 3371 875 iructuositas
3392 830 3749 890 sequeretur.

2139 913 2247 969 Sed
2296 929 2402 967 non
2434 912 2744 967 invenimus
2790 911 3022 967 fructum
3072 913 3345 969 bonorum
3377 912 3431 967 in
3475 928 3545 968 eo
3574 913 3753 981 paeni-

2139 1007 2322 1061 tentiae
2356 1021 2531 1076 usque
2571 1005 2771 1071 fuisse,
2801 1014 3008 1076 quanto
3040 1007 3213 1075 magis
3241 1006 3310 1062 de
3353 1021 3556 1077 genere
3605 1006 3752 1061 illius

2137 1113 2357 1154 onmem
2383 1100 2719 1169 impietatem
2750 1099 2929 1169 potius
2951 1098 2971 1129 ⁸
2996 1100 3321 1168 pullulasse;
3352 1098 3442 1169 qui
3472 1108 3598 1168 post
3623 1114 3748 1154 eum

2141 1191 2388 1246 lueredes
2430 1191 2729 1259 impietatis
2777 1201 3053 1261 paterna),
3104 1200 3161 1246 et
3208 1190 3566 1245 immanitatis
3614 1192 3750 1245 tanti

2137 1282 2363 1337 sceleris
2392 1284 2714 1348 existentes,
2749 1297 2871 1337 cum
2902 1297 3008 1337 non
3053 1283 3322 1337 malorum
3365 1297 3595 1337 suorum
3630 1298 3745 1352 pm-

2139 1377 2443 1433 nitudinem
2476 1393 2668 1448 gerere
2706 1377 3040 1442 voluissent,
3074 1374 3095 1413 ί
3123 1376 3483 1431 annuntiaute
3516 1377 3601 1430 eis
3634 1376 3749 1432 Noe

2136 1471 2319 1537 beato,
2353 1480 2767 1541 perseverantes
2801 1471 2853 1525 in
2886 1472 3118 1535 scelere,
3146 1470 3268 1525 diro
3293 1471 3486 1526 mortis
3521 1471 3749 1526 interitu

2139 1581 2237 1635 per
2268 1566 2533 1621 diluvium
2565 1565 2877 1635 perierunt,
2912 1576 2935 1612 ε
2965 1574 3197 1634 excepto
3235 1575 3359 1621 octo
3389 1565 3594 1621 animis
3624 1575 3745 1620 tan-

2140 1657 2421 1714 tummodo
2453 1667 2581 1713 tunc
2613 1658 2898 1727 temporis,
2928 1674 3049 1728 quae
3078 1658 3144 1713 de
3175 1673 3381 1729 genere
3427 1668 3745 1714 sanctorum

427 1776 535 1830 que
564 1759 633 1813 ab
660 1772 727 1812 eo
757 1758 937 1811 cuncti
968 1763 1363 1825 cognoscerent
1392 1752 1825 1822 amplectendam
1845 1793 1860 1817 ,
1892 1751 1917 1789 ι)
1951 1751 2033 1805 di-
2064 1755 2110 1816 Β
2140 1751 2364 1808 luerunt
2407 1752 2573 1816 editi,
2624 1752 2715 1822 qui
2758 1760 3078 1808 meruerunt
3121 1751 3421 1822 procellam
3469 1752 3574 1807 soli
3614 1752 3747 1807 tanti

428 1858 590 1905 cente
624 1848 887 1902 Domino:
922 1846 1063 1899 Nolo
1086 1854 1304 1899 mortem
1332 1844 1347 1873 ¹
1368 1844 1671 1913 peccatoris,
1691 1858 1847 1913 quam
1876 1853 1931 1896 ut
1960 1859 2040 1897 re-

424 1953 656 1998 vertatur
683 1954 731 1997 et
762 1943 895 1996 vivat
918 1939 1134 2012 (Ezeclt.
1170 1954 1368 2004 xum,
1405 1936 1531 2007 11);
1566 1944 1623 1990 ut
1644 1936 1778 1990 tanti
1807 1935 2039 1991 sceleris

427 2036 638 2091 cunctis
671 2050 766 2102 per
795 2048 920 2088 eum
946 2041 1253 2102 putesceret
1280 2030 1624 2101 poenitentia,
1654 2030 1816 2098 inque
1838 2044 1921 2093 ea,
1956 2028 2038 2081 in-

425 2128 705 2197 dnlgentia
739 2126 946 2196 pariter
968 2126 1227 2193 copiosa;
1262 2132 1318 2177 ut
1348 2122 1728 2193 pmnitentium
1755 2122 1865 2191 jam
1894 2121 2036 2176 bona

424 2221 782 2279 fructuositas
833 2220 1181 2273 hortamento
1215 2217 1308 2271 Dei
1359 2225 1758 2271 monstraretur
1805 2214 2037 2269 homini-

423 2315 549 2377 bus,
572 2328 679 2382 quo
696 2327 813 2367 eam
838 2310 1211 2380 pervidentes,
1242 2310 1477 2363 salutem
1503 2309 1682 2378 potius
1706 2324 1866 2378 quam
1889 2322 2037 2361 mor-

424 2416 537 2461 tem
578 2405 685 2460 sibi
725 2404 1042 2459 desiderent
1073 2400 1487 2472 acquirendam.
1514 2400 1672 2457 Unde
1704 2401 1869 2455 veluti
1901 2414 2035 2454 suus

424 2504 716 2552 accusator
747 2505 911 2565 atque
935 2494 1125 2563 judex,
1151 2508 1274 2547 cum
1312 2509 1378 2549 ex
1408 2500 1561 2563 parte
1594 2492 1835 2563 gignitur
1860 2492 1994 2547 Cain
2017 2535 2032 2559 ,

424 2591 615 2646 dicens
645 2590 789 2660 quod
819 2587 1162 2644 commiserit
1204 2586 1567 2641 fratricidium
1589 2628 1603 2651 ,
1634 2586 1826 2641 audire
1853 2601 1880 2638 a
1930 2586 2035 2640 Do-

424 2686 575 2740 mino
600 2684 826 2750 meruit,
862 2692 917 2737 ut
944 2683 987 2737 si
1017 2682 1225 2737 fructus
1264 2682 1533 2735 bonorum
1566 2695 1792 2749 operum
1829 2680 1896 2734 de
1922 2694 2031 2733 ca:-

422 2791 538 2835 tcro
568 2794 695 2835 eum
726 2787 1070 2846 sequeretur,
1104 2776 1484 2831 remissionem
1521 2775 1663 2830 tanti
1692 2775 1922 2830 sceleris
1945 2790 2033 2828 es-

419 2886 507 2927 set
537 2874 659 2927 sine
688 2871 853 2926 dubio
877 2879 1225 2940 accepturus,
1257 2868 1577 2938 nullumque
1607 2876 1812 2922 metum
1838 2865 2032 2922 mortis

415 2964 717 3021 inferendae
746 2964 859 3033 iam
903 2963 1275 3032 suspicaretur
1320 2961 1425 3016 sibi
1455 2972 1475 2999 ³
1503 2962 1569 3015 ab
1596 2961 1778 3030 aliquo
1804 2960 2029 3015 adfutu-

415 3072 557 3112 rum.
592 3055 819 3125 Insuper
843 3055 1008 3110 etiam
1041 3062 1094 3109 et
1122 3056 1146 3083 °
1181 3054 1396 3124 signum
1430 3063 1722 3122 acceperat
1773 3069 1843 3108 ne
1882 3053 2030 3109 occi-

2142 1847 2368 1915 periculi
2400 1847 2665 1902 devitare.

2260 1939 2546 1996 CXXXIII.
2605 1940 2693 1994 DE
2745 1938 3031 1995 STELLIS
3086 1938 3302 1995 COELO
3356 1938 3613 1996 INFIXIS

2775 2031 3116 2088 lIASRESlS.

2213 2124 2309 2179 Est
2338 2123 2566 2179 hmresis
2588 2168 2601 2190 ,
2635 2139 2758 2194 quae
2788 2121 2814 2159 ιι
2847 2123 3047 2179 Stellas
3084 2125 3280 2179 inlian
3310 2132 3465 2193 putat
3489 2139 3613 2180 esse
3640 2126 3661 2154 ⁸
3694 2127 3745 2180 in

2137 2216 2335 2270 coelum
2360 2257 2374 2280 ,
2405 2229 2512 2270 non
2551 2213 2563 2250 ί
2596 2213 2663 2269 de
2691 2214 2963 2269 thesauris
2995 2214 3238 2283 locisque
3265 2215 3603 2270 absconditis
3624 2257 3639 2279 ,
3670 2226 3749 2269 at-

2136 2324 2242 2379 que
2264 2325 2289 2361 a
2312 2309 2425 2363 Deo
2448 2308 2731 2379 dispositis
2759 2309 2810 2361 in
2845 2322 3131 2377 vesperum
3153 2308 3307 2377 jussu
3331 2307 3519 2362 divino
3550 2324 3751 2377 repen-

2138 2412 2188 2458 te
2220 2402 2549 2472 procedere,
2580 2402 2914 2471 statutisque
2946 2401 3099 2456 horis
3122 2402 3141 2431 ⁵
3164 2416 3262 2457 suo
3292 2402 3497 2458 lumine
3522 2418 3749 2458 cursum

2136 2494 2612 2563 ministeriumque
2652 2493 2916 2548 indictum
2964 2508 3267 2564 agnoscere
3299 2513 3311 2547 :
3346 2494 3490 2565 quod
3521 2504 3751 2551 contra-

2136 2586 2273 2641 rium
2302 2588 2649 2656 alienumque
2672 2585 2827 2641 Fidei
2854 2586 3140 2642 catholicm
3158 2587 3437 2642 invenitur
3458 2588 3504 2642 si
3527 2589 3599 2642 ita
3624 2589 3749 2659 quis

2134 2683 2402 2747 senserit,
2434 2682 2715 2752 magisque
2740 2696 2964 2751 pagana:
2987 2681 3247 2737 vanitatis
3268 2723 3282 2747 ,
3311 2690 3365 2736 et
3387 2682 3751 2753 philosopho-

2134 2791 2253 2831 rum
2310 2776 2487 2830 inanis
2533 2775 2859 2843 sementim,
2907 2791 3069 2846 quam
3119 2776 3450 2831 Christianae
3492 2777 3749 2833 scientiae

2136 2868 2339 2923 habere
2376 2867 2711 2923 consortium
2753 2868 3245 2924 demonstrabitur.
3272 2848 3560 2939 Scriptura
3596 2872 3746 2927 enim

2134 2963 2584 3033 omnipotentiam
2617 2962 3034 3019 Deiita‘edocet
3055 3005 3069 3030 ,
3096 2972 3153 3017 ut
3186 2964 3237 3017 in
3272 2964 3423 3018 brevi
3449 2979 3480 3020 e
3507 2965 3748 3022 diversis

2134 3055 2403 3110 thesauris
2432 3070 2763 3111 concurrere
2784 3097 2798 3122 ,
2832 3063 2995 3126 atque
3025 3054 3341 3111 discurrere
3378 3056 3560 3112 sidera
3595 3073 3743 3113 nun-

415 3151 639 3206 deretur
683 3150 750 3205 ab
794 3149 1013 3219 aliquo;
1047 3162 1284 3215 eumque
1310 3149 1483 3217 etiam.
1521 3143 1546 3181 ἀ
1573 3155 1784 3215 septem
1834 3162 2023 3216 pmnas
2052 3146 2097 3208 C
2132 3148 2375 3213 tiaverit;
2436 3158 2869 3219 ornamentoque
2917 3148 3087 3214 cceli,
3152 3150 3440 3220 noctique,
3492 3159 3550 3205 ut
3598 3151 3749 3205 lucis

418 3243 668 3313 perpeti,
712 3243 756 3298 si
792 3242 883 3312 qui
930 3240 1213 3296 hominum
1240 3253 1405 3293 ausus
1441 3237 1634 3293 fuisset
1664 3237 1718 3294 in
1747 3253 1871 3294 eum
1894 3255 2023 3309 ,ma-

2132 3255 2296 3295 causa
2339 3257 2406 3296 ex
2448 3250 2598 3311 parte
2628 3240 2741 3295 sint
2778 3258 2808 3296 a
2852 3241 2961 3297 Deo
2995 3242 3243 3311 priestita
3293 3252 3450 3313 atque
3477 3258 3743 3299 commo-

1283 3352 1437 3410 COD.
1480 3353 1590 3409 MS.
1632 3352 1981 3411 SANGERM.
2023 3354 2410 3412 LECTIONES
2453 3354 2873 3412 VARIANTES.

478 3457 493 3485 ¹
525 3454 798 3517 peccatoris
820 3456 1057 3517 quantum
1080 3458 1137 3517 ut

478 3520 497 3547 ²
523 3515 585 3565 ab
603 3517 771 3578 aliquo
795 3528 907 3564 cum
932 3515 1177 3578 bisetiam

411 3635 414 3639 ‘
479 3580 500 3610 ³
520 3572 778 3629 deﬁnitum
803 3585 879 3627 est
903 3590 916 3626 :
939 3577 988 3625 in
1011 3577 1175 3638 ipsa...
1202 3572 1414 3623 fructum
1437 3574 1618 3622 bonum

2180 3450 2201 3480 ⁸
2228 3448 2491 3513 pullulasse
2514 3454 2622 3513 post
2647 3462 2762 3499 eum

2184 3514 2205 3544 δ
2232 3511 2282 3559 in
2305 3511 2430 3561 coelo

2187 3576 2207 3605 θ
2237 3588 2325 3624 suo
2350 3574 2601 3625 volumine

1527 3658 1823 3715 FABRICII
1862 3659 1952 3715 ET
1991 3659 2349 3717 GALEARDI
2388 3660 2615 3716 ΝΟΤᾹΞ.

484 3770 510 3796 ⁸
545 3760 720 3829 Major
744 3773 900 3811 causa
925 3764 1001 3811 est
1028 3757 1073 3829 si
1098 3756 1339 3809 dimissus
1380 3754 1550 3829 fuero.
1583 3757 1772 3819 Μείζων
1802 3756 1831 3812 ἡ
1865 3754 2008 3810 αἰτία

414 3854 513 3902 μου
544 3826 892 3903 τοῦνὰφξθῆνας
914 3850 997 3903 με.
1021 3826 1229 3903 Sensus
1252 3834 1366 3903 est,
1396 3826 1570 3903 major
1596 3830 1753 3903 culpa
1780 3841 1897 3881 mea
1925 3835 2010 3881 est

410 3896 572 3968 quam
607 3911 662 3953 ut
690 3896 890 3968 dimitti
914 3896 1157 3965 impunis
1189 3898 1409 3964 possim.
1459 3896 1569 3951 Sed
1607 3897 1713 3960 illi,
1747 3912 1882 3964 quos
1923 3913 2009 3952 re-

413 3970 700 4041 prehendit
730 3967 1195 4041 Philastrius_,_it_a
1230 3968 1541 4041 ltrec__verba
1585 3978 1711 4041 sunt
1736 3968 2009 4041 interpree

411 4036 506 4096 iati
541 4060 553 4095 :
585 4041 792 4111 majore
838 4051 995 4104 plena
1027 4036 1234 4089 al’licior
1263 4038 1305 4088 si
1335 4037 1595 4091 dimissus
1639 4038 1820 4111 luero,
1860 4036 1922 4095 εἰς
1964 4040 2011 4095 si

412 4109 684 4185 legissent
708 4112 1126 4185 rqijqeefzvmps
1160 4121 1256 4173 pro
1286 4115 1377 4160 τοῦ
1403 4110 1647 4185 desertum.
1680 4109 1899 4165 FABRIC.

478 4177 509 4224 "b
536 4177 1021 4239 Dicente'Do'mino.
1056 4177 1231 4246 Supra
1261 4193 1383 4245 cap.
1413 4177 1500 4232 8’9.
1527 4177 1747 4233 FABRIC.

486 4270 507 4295 ο
539 4256 763 4327 Signum
794 4261 1059 4327 acceperat
1096 4265 1160 4303 ne
1192 4249 1528 4327 occideretur.
1555 4247 1676 4327 “Hae
1707 4249 2013 4327 ipsum_pro

412 4331 568 4400 signo
601 4319 730 4400 licet
757 4319 1038 4400 accipere,
1069 4320 1212 4400 quod
1256 4336 1362 4400 n_on
1383 4319 1840 4400 interﬁciendum
1882 4320 2010 4400 Cai-

412 4391 539 4454 ntim
573 4414 693 4453 esse
720 4399 857 4452 Deus
878 4391 1043 4448 Iidem
1070 4394 1116 4447 ei
1140 4392 1347 4447 lecerit.
1377 4391 1576 4446 Confer
1599 4408 1719 4460 quae
1746 4396 1924 4447 notavi
1957 4397 2009 4447 in

2114 3753 2298 3807 audire
2324 3772 2355 3807 a
2386 3752 2609 3808 Domino
2632 3756 2837 3808 meruit.
2871 3755 3094 3811 FABRIC.

2191 3824 2209 3861 ί
2239 3825 2586 3909 ᾼιιιιιιηιὶςιηέρ
2609 3828 2681 3880 eis
2708 3826 3012 3909 Noeubeato.
3042 3826 3197 3883 Unde
3216 3827 3547 3893 δικαιοσύνης
3573 3834 3736 3909 κῆρυξ

2114 3896 2208 3950 ille
2236 3896 2437 3951 dicitur
2471 3897 2511 3950 II
2534 3898 2682 3952 Petr.
2714 3914 2783 3963 ιι,
2815 3900 2866 3953 5.
2902 3900 3119 3955 ΡΑιιιιιο.

2189 3976 2213 4013 8
2241 3966 2478 4042 Excepto
2509 3978 2623 4022 octo
2662 3970 2866 4042 animis.
2901 3971 2917 4023 Ι
2955 3972 3100 4024 Petr.
3138 3986 3228 4035 lli,
3259 3970 3352 4024 20.
3386 3972 3559 4042 Lugd.
3587 4015 3600 4037 ,
3636 3991 3732 4027 cx-

2115 4040 2294 4105 ceptis.
2344 4038 2560 4094 FABRIC.
2591 4041 2910 4105 —Excepto
2961 4052 3072 4095 octo
3116 4042 3319 4095 animis.
3372 4038 3590 4098 Dicium
3624 4046 3732 4100 hoc

2118 4109 2332 4163 videtur
2372 4114 2526 4182 juxta
2576 4111 2775 4166 Italica:
2822 4112 3017 4182 lingua:
3064 4114 3488 4182 proprietatem,
3534 4127 3728 4170 eccetto

2118 4190 2229 4254 otto
2260 4182 2445 4234 anime.
2478 4181 2769 4238 Fabricius
2793 4181 2977 4238 monet
3001 4184 3053 4239 in
3084 4181 3333 4254 Lugdun.
3364 4186 3606 4242 editione
3629 4188 3731 4242 ha-

2120 4252 2234 4306 beri
2293 4254 2549 4319 exceptis,
2598 4254 2746 4323 quod
2798 4255 3029 4310 fortasse
3074 4252 3255 4310 ortum
3304 4257 3372 4310 ab
3414 4259 3726 4313 inconsulta

2114 4323 2449 4378 emendandi
2483 4326 2800 4394 prurigine;
2848 4342 3040 4381 verum
3072 4326 3240 4381 editio
3273 4327 3435 4381 Basil.
3466 4330 3725 4385 Sicbardi

2114 4397 2312 4465 retinet
2343 4405 2551 4465 excepto
2583 4406 2695 4449 octo
2723 4398 2929 4450 animis.
2980 4398 3183 4453 Confer
3224 4398 3433 4453 Baluzii
3470 4410 3626 4455 notas
3657 4403 3727 4457 ad

409 4472 610 4525 Codice
634 4463 1360 4540 pseudepigrapboYeteris
1380 4464 1539 4540 _'_I‘est.
1569 4478 1621 4540 p.
1650 4464 1775 4540 115,
1816 4466 2013 4540 ll_6._et

2133 4463 2473 4540 Reginonem
2505 4485 2557 4533 ιι.
2604 4466 2729 4533 591,
2775 4470 2839 4521 ad
2877 4468 3194 4524 Gratianum
3226 4486 3279 4537 p.
3312 4469 3448 4532 514,
3480 4471 3729 4540 itemque

408 4541 571 4597 Joau.
604 4534 925 4607 Christophl
954 4536 1189 4607 Urtlobii
1230 4534 1522 4589 diatribam
1560 4534 1628 4589 de
1670 4536 1825 4606 signo
1857 4537 2011 4592 Caini

409 4614 607 4667 editam
639 4605 844 4679 Lipsiae
865 4613 928 4662 Α.
960 4607 1119 4661 1701.
1146 4605 1367 4679 Fannia.

480 4682 505 4720 ἀ
528 4677 734 4763 septeni
756 4696 928 4763 prunas
946 4677 1413 4763 perpetizy'l‘argum
1432 4678 1691 4733 Uzielidis
1713 4678 1911 4762 Genes.
1934 4696 2002 4744 tv,

410 4756 477 4808 13
502 4772 514 4807 :
552 4747 796 4821 Quisquis
818 4748 1129 4821 interfecerit
1145 4747 1271 4801 Cain
1290 4789 1305 4814 ,
1326 4766 1415 4819 per
1434 4760 1624 4821 septem
1653 4753 2007 4820 generationes

406 4827 537 4880 ultio
558 4818 795 4879 sumetur
837 4823 899 4876 ab
928 4837 1007 4875 eo.
1039 4818 1213 4874 Aliter
1244 4818 1435 4888 plenas
1476 4818 1723 4885 septem,
1771 4824 2005 4889 peccatis

404 4898 631 4951 totidem
661 4893 812 4949 Caini
846 4890 1240 4961 respondentes
1268 4891 1491 4957 exponit
1521 4891 1719 4945 Suidas
1763 4894 1813 4946 in
1848 4898 1963 4948 Κάῖν
1987 4936 2000 4958 ,

403 4976 630 5023 secutus
652 4964 1013 5034 Epiphanium
1032 4964 1098 5017 de
1114 4976 1459 5034 numerorum
1481 4962 1757 5031 mysteriis
1779 4972 1908 5017 tum.
1935 4965 1998 5030 ll,

406 5057 454 5108 p.
490 5039 592 5094 307
624 5033 1331 5108 seq.F_.\nntc.—f-Eun_tque
1372 5034 1449 5086 liis
1478 5036 1631 5108 etiam
1669 5043 1858 5102 septem
1892 5052 1999 5108 pae-

402 5104 495 5164 nns
522 5104 742 5179 perpeti.
786 5106 901 5179 Vox
940 5105 1174 5179 Itis_loc_o
1212 5104 1337 5158 huic
1370 5120 1587 5179 prorsus
1608 5106 1960 5179 incommoda
1982 5148 1996 5172 ,

402 5176 559 5251 quam
591 5176 789 5249 ingerit
810 5176 1301 5251 editiogllamburg.
1322 5178 1561 5251 homnine
1589 5176 1817 5229 delenda
1831 5186 1960 5251 ‘crat
1980 5217 1994 5239 ,

399 5246 828 5323 quamvis—pacto
848 5248 1037 5323 nescio
1058 5262 1165 5323 quo
1192 5247 1244 5300 in
1268 5246 1561 5323 editionem
1577 5263 1803 5323 quoque.
1831 5248 1992 5323 B_asil.

397 5318 727 5393 ii‘repserit;
766 5319 861 5375 sed
896 5328 1044 5374 recte
1091 5319 1247 5372 deest
1279 5318 1330 5371 in
1361 5318 1526 5393 edittL
1552 5319 1746 5373 Colon.
1775 5330 1830 5374 et
1857 5319 1994 5391 Lug.

1488 5390 1765 5444 Cumano.

472 5476 494 5501 ε
523 5464 1019 5537 Acciperemerttit.
1051 5460 1123 5537 Ald
1175 5470 1258 5537 est
1301 5462 1529 5537 accepit.
1572 5462 1649 5514 Ila
1699 5463 1898 5517 mereri
1946 5472 1999 5517 et

396 5533 661 5603 ἀξιοῦσθαι
687 5535 921 5604 antiquis
944 5533 1316 5599 Scriptorihus
1344 5534 1656 5602 frequenter
1680 5544 1992 5599 usurpatur,

399 5619 457 5657 ιιι
488 5616 741 5659 notarunt
785 5605 1005 5660 Grotius
1032 5605 1098 5657 nd
1143 5604 1333 5656 Matth.
1371 5620 1419 5657 v1
1444 5645 1458 5667 ,
1494 5605 1555 5667 1,
1583 5613 1639 5658 et
1671 5605 1738 5658 Is.
1772 5604 1991 5659 Vossius

396 5675 461 5727 ad
494 5676 753 5743 Ignatium
788 5692 838 5744 p.
866 5676 991 5729 “295.
1023 5676 1117 5729 Sic
1146 5673 1282 5726 infra
1314 5673 1415 5727 hoc
1434 5676 1614 5743 capite
1642 5693 1653 5726 :
1683 5676 1767 5741 qui
1792 5692 1989 5727 uterne-

396 5753 516 5819 1ιιηι
562 5748 838 5811 procellam
878 5747 975 5799 soli
1003 5747 1133 5799 tanti
1164 5746 1381 5815 periculi
1416 5746 1628 5801 evitare.
1662 5746 1731 5800 Et.
1772 5761 1934 5819 supra
1968 5763 1981 5801 :

2121 4537 2187 4610 ad
2219 4538 2549 4610 C‘apilularia
2584 4554 2770 4608 regum
2799 4540 3130 4595 Francorum
3166 4551 3297 4595 tom.
3350 4541 3392 4595 II
3415 4586 3428 4604 ,
3464 4559 3515 4610 ιι.
3555 4537 3720 4598 ΙΞΞ9.

2118 4606 2306 4680 Simile
2334 4608 2587 4677 quiddam
2621 4606 2820 4665 Italicae
2842 4610 3041 4680 linguae
3068 4613 3355 4674 vestigium
3384 4606 3602 4666 memini
3627 4632 3726 4670 me

2117 4679 2525 4748 deprehendere
2551 4679 3012 4737 inGaudentioex
3044 4699 3175 4738 voce
3197 4682 3446 4738 Brodiam
3466 4695 3620 4737 tract.
3650 4686 3722 4748 2,

2117 4750 2254 4818 p.44
2277 4750 2407 4806 edit.
2438 4751 2648 4818 Patav.,
2675 4754 2804 4808 licet
2831 4753 3163 4822 conjectura:
3194 4770 3329 4809 mea:
3351 4771 3529 4823 parum
3556 4755 3723 4811 lave-

2115 4824 2223 4875 rint
2268 4826 2528 4877 Actorum
2568 4825 2932 4894 Lipsiensium
2966 4826 3313 4889 conditores;
3347 4838 3398 4880 at
3426 4827 3571 4881 enim
3613 4843 3719 4884 eos

2114 4895 2259 4949 viros
2306 4904 2464 4967 tenet
2510 4896 2811 4951 insanabile
2856 4896 3047 4952 alience
3090 4896 3371 4951 industria:
3416 4900 3718 4967 carpenda:

2112 4965 2402 5036 cacoethes
2422 5007 2435 5029 ,
2468 4976 2525 5019 ut
2554 4968 2723 5036 probe
2752 4978 2952 5022 norunt
2985 4968 3203 5023 eruditi.
3238 4967 3514 5023 Gansano.

2179 5034 2201 5072 ¹¹
2236 5038 2433 5109 Stellas
2456 5034 2664 5106 inﬁxas.
2700 5040 2770 5095 Ut
2816 5040 3127 5094 immobiles
3160 5040 3475 5109 sint;quod
3506 5044 3713 5097 refellit

2104 5109 2267 5163 etiam
2292 5108 2720 5180 Chrysostomus
2750 5112 2801 5164 in
2834 5111 3033 5166 Genes.
3070 5128 3123 5175 ι,
3157 5111 3224 5165 17
3246 5128 3257 5163 :
3282 5108 3411 5164 Cum
3438 5114 3715 5180 audimus,

2103 5180 2444 5254 posu_it_l)eus
2472 5183 2649 5235 stellas
2682 5182 2732 5254 in
2765 5183 3091 5250 ﬁrmamento
3116 5224 3129 5248 ,
3164 5181 3383 5254 absitut
3416 5186 3716 5254 cogitemus

2102 5251 2240 5319 quod
2275 5250 2415 5305 Deus
2438 5262 2579 5306 astra
2620 5252 2747 5305 caelo
2786 5254 3054 5321 infixerit,
3086 5270 3206 5307 nam
3234 5250 3558 5308 videntus'ea
3598 5273 3716 5310 mo-

2100 5325 2206 5374 veri
2232 5364 2244 5383 ,
2274 5334 2319 5374 et
2342 5326 2745 5391 unumquodque
2781 5340 2962 5379 eorum
2989 5327 3051 5379 de
3082 5326 3193 5379 loco
3222 5324 3291 5379 ad
3320 5324 3492 5379 locum
3526 5338 3710 5383 trans.

2102 5394 2271 5465 eundo
2294 5411 2500 5447 cursum
2530 5411 2683 5447 suum
2707 5412 2972 5465 peragere.
2995 5397 3128 5451 Vide
3151 5396 3363 5451 Sixtum
3394 5397 3712 5455 Senensetn

2100 5464 2197 5518 lib.
2236 5480 2289 5518 v.
2318 5465 2451 5519 Bibl.
2489 5464 2967 5521 sanctze'anntitat.
3003 5468 3336 5523 14.F.tnntc.

2179 5535 2193 5571 ί
2229 5536 2303 5589 De
2327 5535 2580 5590 thesauris
2602 5538 2827 5604 locisque
2853 5539 3187 5592 absconditis.
3205 5537 3276 5594 Ut
3295 5538 3385 5593 Ps.
3411 5556 3611 5606 cxxxv,
3635 5542 3706 5596 7:

2095 5605 2151 5689 :0
2175 5609 2364 5680 ἐξάγων
2389 5609 2604 5734 ἀνέἕους
2632 5612 2682 5663 ἐκ
2698 5620 2796 5665 τῶν
2819 5612 3089 5689 θησαυρῶν
3108 5613 3292 5667 αὐτοῦ.
3315 5610 3447 5666 Vide
3470 5605 3705 5671 Suidam

2095 5694 2145 5733 In
2170 5681 2442 5734 θησαυροί.
2514 5697 2687 5734 ABRIC.

2094 5681 2145 5733 in
2170 5681 2442 5754 θησαυροί.
2469 5681 2687 5737 FABRIC.
