4052 6192
368 261 507 341 ιπέ

1617 292 1820 350 LIBER
1852 295 1941 350 DE
1979 295 2417 354 H/ERESIBUS.

3532 304 3673 360 1266

362 404 486 459 data
507 446 523 473 ,
550 405 899 478 diversisque
931 407 1189 464 horarum
1214 412 1432 481 spatiis,
1459 412 1611 468 velut
1633 412 1700 468 ad
1724 429 1818 468 sua
1843 413 1964 468 loca
1991 419 2042 480 Α
2071 414 2346 485 penditur.
2387 415 2530 486 Ergo
2572 415 2718 487 quod
2765 417 2841 472 ait
2872 417 3168 488 Apostolus
3200 419 3269 476 de
3295 419 3619 491 quibusdam
3653 437 3670 475 :

362 512 582 551 rursum
623 499 806 554 redire
836 507 1038 556 statuta
1075 502 1216 571 sint,
1250 514 1310 559 ut
1350 519 1380 558 e
1417 505 1615 574 quibus
1645 505 1780 560 locis
1811 506 1964 562 exire

356 588 622 658 jubentur
651 590 927 660 quotidie,
962 593 1029 648 ad
1057 609 1118 648 ea
1149 595 1264 649 loca
1300 597 1498 651 reverti
1531 599 1728 652 iterum
1765 608 1789 635 α
1817 614 1961 669 prae-

359 681 577 738 sidente
620 683 850 754 angelo,
897 693 954 740 et
998 687 1402 757 eompellente,
1452 705 1672 744 cursum
1717 689 1960 746 debitum

359 774 647 842 praeterire
662 775 812 830 nullo
836 776 996 831 modo
1022 779 1234 846 possint
1250 797 1262 833 :
1287 782 1300 810 ¹
1325 779 1561 851 hincque
1578 781 1746 836 eiiusa
1761 781 1962 838 Christi

358 867 656 923 clementia
687 870 836 924 omni
866 871 1309 928 manilestaretnr
1339 875 1580 930 humano
1622 877 1840 947 generi,
1871 881 1960 948 qui

356 961 549 1031 jnstis,
579 973 634 1018 et
661 964 879 1034 iniustis
921 967 975 1021 in
1023 968 1127 1023 hoc
1159 968 1364 1024 mundo
1407 987 1593 1041 parem
1626 978 1963 1032 concesserit

359 1055 593 1124 gratiam
623 1055 886 1113 bonitatis
913 1062 1245 1116 annuntians
1265 1105 1279 1130 ,
1306 1062 1332 1100 b
1357 1065 1444 1134 qui
1469 1066 1630 1120 solem
1663 1083 1814 1121 suum
1837 1071 1964 1123 oriri

359 1148 489 1216 facit
516 1165 673 1217 super
685 1150 863 1219 justos
885 1191 898 1216 ,
924 1160 973 1206 et
1002 1153 1222 1225 injustas
1246 1171 1265 1208 :
1289 1165 1334 1208 et
1363 1158 1492 1225 pluit
1516 1175 1675 1228 super
1699 1161 1886 1229 bonos,
1915 1173 1961 1216 et

358 1241 526 1294 malos
562 1241 778 1314 (Matth.
810 1260 863 1312 ν,
893 1246 1009 1318 45).
1048 1259 1070 1284 ο
1107 1250 1204 1313 Et,
1239 1261 1489 1304 noverunt
1511 1253 1709 1320 sidera,
1747 1255 1960 1324 inquit,

358 1332 627 1388 thesauros
662 1352 818 1403 suos,
866 1347 914 1391 et
953 1355 1163 1394 cursum
1203 1341 1511 1412 dispositum
1548 1345 1782 1414 quotidie
1825 1331 1962 1418 (Ba-

358 1427 508 1480 ruch.
543 1443 636 1494 ιιι,
669 1429 759 1497 55,

432 1545 1066 1648 CXXXIV.H1ERESIS
1110 1591 1404 1651 VETERIS
1445 1595 1889 1653 TESTAMENTI

805 1683 1045 1740 MULTA
1084 1685 1518 1746 REPROBANS.

2068 503 2096 542 ιι
2116 505 2495 562 Manducemus
2511 550 2525 575 ,
2550 517 2596 562 et
2615 509 2846 564 bibamus
2861 551 2877 578 ,
2904 526 3018 565 cras
3041 512 3178 565 enim
3199 513 3503 580 moriemur,
3526 512 3671 584 quod

2067 601 2311 672 profecto
2340 603 2684 674 Paganorum
2705 645 2720 670 ,
2752 615 2807 659 et
2855 605 3247 674 Epicureorum
3278 615 3366 662 est
3405 606 3528 662 talis
3553 608 3670 662 hee-

2049 695 2203 752 .rcsis
2224 737 2238 760 ,
2267 710 2389 764 quae
2420 696 2544 750 vitae
2575 696 2842 766 pecudum
2872 707 3246 768 comparatur.
3277 700 3516 771 Ideoque
3536 699 3551 737 ί
3575 700 3671 754 ho-

2064 806 2148 842 mo
2175 790 2228 842 in
2260 791 2454 844 honore
2479 808 2594 844 cum
2620 801 2753 847 esset
2784 809 2886 846 non
2912 793 3167 847 intellexit
3190 835 3203 860 ,
3237 803 3572 864 comparatus
3594 802 3670 847 est

2067 881 2345 950 pecudibus
2384 883 2744 954 insipientibus
2770 883 2943 951 (Psal.
2992 901 3153 939 xum
3177 926 3191 950 ,
3229 885 3334 951 11,
3359 883 3477 956 21).
3513 885 3670 941 Salo-

2067 990 2192 1029 mon
2224 977 2406 1046 itaque
2435 987 2490 1031 et
2514 977 2790 1032 carnalem
2824 978 2988 1032 vitam
3022 980 3304 1033 hominum
3328 993 3356 1032 a
3386 979 3500 1034 Deo
3540 993 3671 1035 con-

2063 1074 2274 1122 cessam
2309 1069 2362 1122 in
2395 1069 2581 1123 multis
2611 1069 2814 1124 divitiis
2839 1069 3142 1137 nuntiavit,
3162 1079 3217 1124 et
3246 1069 3480 1124 futuram
3503 1083 3670 1139 ange-
3711 1099 3718 1105 -

2067 1160 2241 1215 lorum
2266 1162 2494 1231 gloriam
2524 1161 2878 1218 nihilominus
2905 1163 2958 1217 in
2989 1163 3247 1218 studiosis
3276 1163 3458 1218 inesse
3483 1164 3671 1233 paucis

2063 1253 2530 1321 desiderantibus,
2579 1264 2635 1310 et
2672 1255 3021 1311 credentibus
3049 1256 3392 1326 praedicavit.
3431 1257 3487 1311 Si
3518 1256 3666 1312 enim

2063 1359 2115 1402 et
2147 1347 2299 1402 dives
2325 1348 2378 1402 in
2409 1347 2512 1402 hoc
2541 1349 2746 1403 sarculo
2769 1349 2906 1404 bene
2929 1356 3188 1418 operatus
3211 1347 3410 1412 fuerit,
3439 1360 3666 1402 necesse

2063 1451 2146 1495 est
2178 1449 2235 1494 ut
2275 1450 2329 1496 et
2363 1441 2471 1495 illic
2499 1441 2697 1496 futura:
2722 1443 2847 1496 vitae
2879 1443 3217 1497 consortium
3257 1447 3667 1511 consequatur:

2063 1536 2204 1589 sicut
2231 1539 2373 1589 enim
2407 1544 2463 1590 et
2491 1535 2604 1591 haec
2636 1537 2917 1591 terrestris
2945 1550 3064 1591 esca
3099 1551 3129 1589 a
3161 1535 3276 1590 Deo
3306 1534 3429 1590 data
3451 1544 3567 1599 est,
3593 1533 3668 1588 ita

2062 1639 2114 1684 et
2137 1628 2225 1682 illa
2249 1629 2490 1684 caelestis
2515 1643 2636 1684 esca
2659 1629 2728 1684 de
2751 1629 2895 1698 Lege
2913 1627 3276 1684 desideranda
3299 1635 3385 1682 est
3403 1625 3662 1695 amplius.

2062 1719 2084 1751 ⁸
2106 1719 2271 1774 Fides
2301 1721 2502 1789 quippe
2526 1720 2728 1774 Christi
2757 1719 2972 1774 Domini
2999 1718 3067 1773 de
3096 1718 3268 1788 Lege,
3296 1727 3349 1771 et
3378 1715 3667 1786 Prophetis

430 1795 570 1851 Sunt
596 1795 815 1867 quidam
846 1798 1086 1857 ltzeretici
1108 1845 1122 1868 ,
1153 1804 1243 1874 qui
1274 1805 1344 1860 de
1382 1806 1557 1861 veteri
1602 1807 1954 1863 Testamento
1987 1822 2032 1882 Β
2060 1811 2352 1867 adveniens
2380 1812 2724 1882 cupientibus
2753 1811 2988 1880 gloriosa
3013 1851 3029 1876 ,
3059 1825 3221 1879 quam
3253 1809 3428 1879 magis
3455 1807 3623 1862 Maria
3649 1847 3666 1870 ,

356 1890 526 1945 multa
552 1893 848 1962 reprobant
870 1937 884 1959 ,
919 1896 968 1950 id
996 1906 1086 1952 est
1109 1895 1134 1933 ἀ
1161 1899 1472 1955 Salomonis
1499 1903 1518 1931 ¹
1544 1901 1914 1958 Ecclesiasten
1938 1945 1953 1970 ,

357 1985 542 2056 paucis
559 1988 776 2057 quidem
799 1991 1168 2062 conscriptum
1193 1996 1479 2050 sententiis
1499 2039 1511 2060 ,
1530 2012 1746 2052 omnem
1773 2006 1954 2054 tamen

355 2076 674 2133 thesaurum
704 2081 948 2137 ctelestis
978 2085 1222 2140 scicntia:
1251 2089 1631 2156 quzercntibus
1665 2092 1952 2145 continen-

355 2176 502 2224 tem:
536 2186 656 2226 nam
699 2173 844 2244 quod
879 2177 1136 2232 omnibus
1181 2180 1482 2249 sapientior
1523 2181 1802 2251 prioribus
1842 2183 1947 2251 sit,

355 2271 379 2299 ο
403 2263 520 2334 ipse
551 2265 806 2322 Salvator
837 2276 1065 2325 testatus
1089 2282 1190 2326 est.
1216 2273 1349 2328 Cum
1386 2275 1574 2344 legunt
1615 2291 1746 2346 ergo
1779 2295 1791 2330 :
1828 2277 1953 2330 0m-

350 2358 438 2412 nia
460 2361 660 2415 vanitas
688 2363 932 2418 vanitatis
953 2405 966 2431 ,
1005 2363 1022 2402 ί
1058 2383 1173 2435 quw
1201 2368 1294 2421 sub
1325 2369 1451 2423 cazlo
1493 2379 1613 2424 sunt
1646 2370 1874 2441 (Eccles.
1900 2387 1948 2438 ι,

354 2451 474 2522 14);
502 2463 556 2506 et
592 2451 938 2511 :Desideravi
979 2457 1198 2526 habere,
1238 2469 1296 2514 ut
1342 2460 1546 2516 dictum
1587 2470 1704 2528 est,
1747 2462 1950 2517 diversa

353 2543 581 2616 (Eccles.
608 2563 666 2610 ιι,
683 2547 763 2620 5);
784 2559 836 2604 et
855 2568 866 2603 :
887 2550 1028 2605 Deus
1044 2554 1171 2607 mihi
1187 2553 1352 2621 dedit,
1369 2555 1562 2626 inquit,
1581 2567 1627 2610 et
1641 2572 1756 2610 ecce
1776 2557 1950 2611 omnia

349 2637 552 2697 vanitas
570 2647 811 2700 vanitatis
838 2647 1001 2719 (Ibid.
1025 2691 1040 2715 ,
1060 2651 1151 2722 11)
1175 2667 1187 2716 ;
1222 2651 1401 2708 solum
1429 2662 1610 2708 tamen
1636 2654 1739 2708 hoc
1763 2667 1947 2723 postea

351 2734 499 2791 addit
525 2752 647 2792 esse
670 2754 698 2792 a
729 2739 843 2794 Deo
865 2782 878 2806 ,
913 2749 971 2795 ut
1002 2741 1049 2796 si
1081 2744 1203 2813 quis
1235 2745 1562 2812 manducet,
1594 2756 1646 2801 et
1680 2746 1861 2816 bibat,
1895 2761 1945 2803 et

351 2827 653 2884 benefaciat
671 2831 866 2898 animm
889 2847 1001 2889 sum
1024 2834 1192 2896 (Ibid.
1216 2836 1331 2908 24).
1356 2837 1508 2907 Quod
1533 2840 1576 2894 si
1603 2839 1741 2896 hanc
1767 2857 1946 2898 escam

348 2919 524 2973 solum
545 2963 557 2985 ,
579 2931 670 2976 aut
695 2920 841 2978 hunc
860 2933 1044 2994 potum
1073 2927 1212 2982 dixit
1233 2945 1356 2984 esse
1385 2932 1542 2986 istius
1569 2934 1782 2999 sreculi,
1803 2933 1822 2964 ³
1843 2935 1949 2988 uli-

349 3010 564 3082 lemque
595 3015 901 3083 carnalem,
921 3018 1054 3073 nihil
1079 3030 1262 3075 autem
1286 3021 1484 3077 futura:
1515 3024 1638 3078 vita:
1671 3026 1950 3081 immorta-

350 3102 416 3159 lis
449 3105 595 3161 aliud
628 3116 652 3153 ις
685 3110 985 3177 nuntiavit,
1023 3112 1076 3166 in
1115 3127 1312 3168 vanum
1347 3114 1631 3171 hominum
1667 3118 1821 3174 labor
1843 3119 1947 3174 im-

2061 1919 2219 1972 quam
2252 1902 2458 1957 Martha
2486 1902 2760 1972 elegerat,
2793 1901 3010 1956 dicente
3040 1901 3269 1954 Domino
3302 1917 3314 1953 :
3352 1901 3364 1948 i
3405 1898 3665 1966 Majorem

2059 2008 2247 2050 sortem
2273 1996 2497 2050 Mariam
2520 1996 2736 2067 elegisse
2752 2038 2765 2062 ,
2787 2012 2901 2066 qua:
2930 2012 3029 2050 non
3052 1995 3319 2063 auferetur
3341 1992 3404 2046 ab
3427 2010 3485 2047 ea
3508 1992 3663 2065 (Luc.

2059 2106 2089 2144 ι
2115 2132 2128 2155 ,
2170 2091 2284 2159 12).
2321 2090 2467 2159 Ergo
2512 2090 2555 2144 si
2589 2089 2762 2156 dixit,
2794 2090 2993 2142 vanitas
3023 2088 3262 2141 vanitatis
3303 2095 3377 2141 est
3399 2127 3414 2149 ,
3456 2101 3573 2156 quin
3609 2087 3665 2139 in

2056 2181 2243 2236 swculo
2297 2192 2444 2247 sunt,
2495 2183 2611 2236 huic
2659 2181 2844 2249 utique
2906 2179 3244 2233 transeuntia
3299 2175 3662 2247 praedicavit,

2057 2283 2283 2344 propter
2312 2272 2548 2327 futuram
2585 2273 2733 2326 illam
2765 2271 2993 2342 gloriam
3018 2271 3353 2326 eminentem
3385 2283 3451 2324 ac
3470 2284 3666 2340 perpe-

2057 2375 2232 2430 tuam,
2271 2373 2328 2418 ut
2358 2365 2428 2418 ait
2459 2363 2754 2433 Apostolus
2785 2380 2796 2416 :
2831 2362 2854 2400 ιε
2878 2361 3090 2417 Transit
3119 2361 3251 2416 enim
3293 2362 3466 2432 ﬁgura
3504 2361 3662 2432 hujus

2055 2458 2256 2524 mundi,
2281 2468 2332 2512 et
2359 2458 2532 2527 gloria
2558 2457 2600 2530 (l
2621 2457 2742 2512 Cor.
2778 2473 2887 2522 vn,
2921 2455 3035 2526 51).
3069 2455 3127 2512 Si
3157 2465 3342 2510 autem
3373 2456 3540 2526 ligura
3561 2497 3576 2521 ,
3605 2464 3662 2511 et

2053 2551 2161 2605 vita
2187 2593 2201 2618 ,
2245 2559 2298 2605 et
2331 2550 2531 2618 honor,
2566 2559 2621 2605 et
2651 2545 2887 2620 dignitas
2923 2547 3112 2604 mundi
3143 2548 3300 2604 istius
3330 2548 3659 2614 cessabunt,

2052 2655 2106 2699 et
2128 2646 2481 2700 destruentnr
2504 2663 2516 2698 :
2543 2645 2630 2699 illa
2660 2644 2861 2715 quippe
2889 2644 2995 2699 erit
3017 2642 3383 2724 desideranda
3409 2642 3658 2698 cmlestis

2053 2748 2103 2794 et
2145 2736 2159 2774 ι
2195 2737 2440 2807 angelica
2462 2737 2718 2809 dignitas,
2745 2752 2867 2807 quae
2889 2735 2928 2757 ‘“
2949 2737 3419 2806 incorporatione,
3447 2748 3510 2788 ac
3537 2748 3660 2801 pas-

2052 2833 2207 2887 sione
2223 2875 2237 2899 ,
2257 2842 2313 2886 et
2340 2832 2742 2886 resurrectione
2759 2829 2960 2901 quippe
2976 2837 3060 2884 est
3083 2826 3283 2882 Christi
3301 2825 3656 2882 credentibus

2053 2929 2378 2995 adventura;
2405 2943 2527 2998 quae
2555 2942 2661 2982 non
2691 2924 3034 2996 temporalis,
3060 2923 3297 2979 carnalis
3316 2965 3330 2990 ,
3355 2936 3418 2975 ac
3448 2921 3653 2975 caduca

2051 3023 2189 3089 erit,
2232 3032 2287 3077 ut
2329 3022 2642 3078 Judzeorum
2685 3019 2989 3076 secundum
3019 3018 3256 3073 litteram
3281 3059 3295 3083 ,
3325 3025 3382 3071 et
3422 3015 3653 3070 aliorum

2051 3117 2235 3173 talium
2257 3117 2601 3187 pereuntium
2627 3157 2641 3182 ,
2675 3116 2728 3169 in
2758 3121 3034 3184 posterum
3059 3120 3243 3167 autem
3269 3109 3404 3166 nihil
3425 3122 3654 3178 exspec-

1208 3274 1362 3331 COD.
1405 3276 1512 3333 MS.
1559 3277 1912 3336 SANGERM.
1955 3279 2337 3337 LECTIONES
2385 3277 2797 3336 VABIANTES.

409 3381 424 3448 ξ
450 3381 660 3448 hincque
684 3383 895 3448 humano
917 3389 1094 3448 generi

407 3444 426 3471 ²
452 3443 782 3496 Ecclesiasten
802 3443 999 3513 libru'm,
1027 3454 1192 3512 paucis

2102 3396 2122 3425 ³
2146 3393 2318 3456 utilem
2341 3408 2452 3456 quae
2474 3393 2684 3444 carnalis
2706 3399 2814 3452 est;
2840 3392 2958 3440 nihil

2100 3457 2120 3487 ’δ
2145 3455 2294 3507 Fides
2314 3455 2494 3507 Christi

1451 3581 1754 3638 FABRICII
1793 3582 1884 3638 ET
1924 3583 2278 3640 GALEARDI
2317 3584 2546 3641 NOTIE.

416 3697 456 3762 αῖ
473 3687 793 3745 Prtesidente
815 3692 1018 3761 angelo.
1046 3692 1127 3747 Ab
1154 3692 1362 3762 angelis
1387 3705 1565 3749 motus
1589 3695 1945 3752 admirandos

341 3761 555 3836 orbium
595 3763 898 3836 caelestium
933 3764 1044 3832 regi
1089 3761 1394 3819 dOCIICl‘Ulll.
1427 3783 1532 3819 non
1567 3768 1722 3836 pauci
1754 3768 1884 3823 olim
1915 3785 1946 3824 e

340 3831 571 3904 .ludaiis,
613 3833 809 3904 quibus
853 3831 1228 3890 assentiuntur
1266 3837 1428 3890 etiam
1476 3831 1830 3894 Maimonides
1883 3841 1942 3895 in

343 3903 490 3959 More
518 3903 818 3960 Neb’uchim
843 3921 910 3970 ιι,
937 3905 971 3959 4
993 3947 1007 3970 ,
1039 3919 1090 3960 et
1113 3906 1425 3962 Abarbanel
1455 3908 1519 3962 ad
1545 3909 1697 3963 Isaia:
1725 3927 1799 3964 vr.
1834 3909 1941 3965 Ea-

339 3975 462 4029 dem
484 3977 775 4031 mnltorum
800 3992 829 4031 e
850 3977 1176 4032 Christianis
1200 3977 1298 4031 fuit
1321 3982 1589 4035 sententia
1610 4022 1624 4044 ,
1652 3990 1708 4035 ut
1731 3982 1943 4036 Cosma:

339 4045 698 4117 lndopleustte
731 4049 821 4102 lib.
851 4064 919 4115 ιι,
947 4064 1002 4120 p.
1032 4050 1157 4110 150,
1184 4050 1306 4111 155,
1337 4064 1391 4104 et
1419 4051 1602 4106 iiutltis
1631 4053 1753 4108 aliis
1775 4054 1938 4119 locis;

339 4133 578 4192 necnon
627 4120 903 4192 Theodori
953 4121 1356 4192 hlottsuesteni,
1405 4138 1567 4192 quem
1612 4138 1678 4176 eo
1717 4126 1942 4180 nomine

339 4190 694 4256 reprehendit
747 4190 904 4245 Joan.
953 4191 1293 4259 Philoponns
1341 4190 1434 4247 lib.
1479 4195 1593 4247 tde
1647 4195 1941 4251 Creatinne

337 4273 387 4313 c.
419 4261 502 4313 1‘2.
537 4261 752 4317 Fanutc.

409 4329 436 4367 ι)
463 4332 563 4398 Qui
595 4333 753 4387 solem
803 4350 971 4386 suum.
1019 4334 1112 4388 Τὸν
1156 4335 1293 4392 ἥλιον
1343 4338 1506 4392 αὐτοῦ
1553 4337 1808 4392 ἀνατέλλει
1853 4341 1939 4394 ἐπὶ

336 4406 715 4480 πργηροὺς--καὶ
769 4408 1028 4478 ἀγαθοὺς,
1082 4409 1169 4460 καὶ
1216 4408 1402 4480 βρέχει
1448 4409 1531 4461 ἐπὶ
1584 4406 1812 4470 δικαίους
1852 4413 1938 4464 καὶ

334 4473 560 4550 ὰδέιᾴυς.
596 4473 822 4530 Faenio:
894 4547 939 4550 Α
1314 4473 1354 4477 ﬂ
1835 4529 1859 4550 ο

408 4557 430 4583 “-
461 4546 525 4599 [εἰ
573 4559 819 4601 ηυιιτιηιηῑ
859 4547 1062 4613 sidera,
1096 4549 1299 4618 inquit,
1334 4550 1606 4604 thesauros
1646 4567 1784 4606 suos.
1818 4546 1935 4609 Non

336 4617 558 4671 tuemini
609 4619 723 4673 lure
758 4619 888 4688 ipsis
928 4621 1108 4674 verbis
1141 4617 1211 4672 ita
1256 4622 1358 4686 legi
1392 4624 1446 4675 in
1477 4622 1648 4677 sacris
1684 4623 1931 4680 Litteris.

335 4689 398 4740 At
436 4689 486 4742 in
515 4690 654 4745 libro
676 4691 970 4761 Sapientia:
997 4705 1102 4749 vn.
1129 4693 1194 4744 15
1216 4733 1230 4754 ,
1256 4694 1460 4745 mentio
1484 4692 1722 4748 theSanri
1744 4698 1933 4750 ἀνεκλι-

333 4767 460 4820 ποῦς
479 4804 500 4840 ,
530 4771 585 4840 ct
614 4763 812 4817 deinde
837 4777 980 4840 vers.
1009 4761 1076 4816 19
1099 4763 1445 4840 celebrantur
1465 4774 1666 4838 τροπῶν
1687 4768 1929 4840 aliqua,

332 4834 613 4900 μεταϐολαὶ
651 4843 863 4909 καιρῶν,
897 4837 1139 4889 ἐνιαυτῶν
1176 4835 1348 4889 κύκλοι
1376 4841 1455 4890 καὶ
1484 4834 1716 4960 ἇσῦἐρων
1745 4834 1927 4900 θέἀεις.

1597 4925 1773 4960 ABRlC.

1597 4925 1773 4963 ABRIC.

404 4972 429 5006 ί¹
463 4972 760 5029 Salomonis
794 4976 1164 5030 Ecclesiasten.
1191 4975 1414 5029 Judzeos
1435 5019 1449 5040 ,
1493 4987 1546 5032 et
1589 4978 1929 5036 Christianos

331 5043 597 5112 quosdam
621 5047 818 5100 divina:
861 5047 1211 5101 Ecclesiastis
1252 5049 1559 5102 auctoritati
1591 5065 1713 5104 cum
1746 5051 1926 5106 Theo-

332 5117 470 5167 doro
517 5115 897 5184 Mepsnesteno
923 5119 1306 5184 detrahenles,
1333 5120 1589 5174 refellunt
1619 5123 1845 5177 lluetius
1873 5126 1926 5179 in

333 5185 1124 5262 pernonstrationeEvangcl.,
1160 5188 1483 5244 Frassenins
1530 5193 1582 5245 in
1627 5193 1924 5262 disquisitt.

332 5257 446 5312 Bibl
481 5298 496 5322 ,
528 5258 732 5312 Natalis
761 5260 1072 5313 Alexander
1100 5262 1152 5313 in
1193 5262 1425 5316 Historia
1456 5262 1572 5317 Vet.
1602 5257 1928 5323 Testimtate

329 5331 514 5397 quinta
539 5330 674 5384 diss.
694 5329 728 5384 4
753 5372 766 5393 ,
791 5328 1087 5384 Gudfridus
1107 5330 1410 5400 Wegnerns
1428 5335 1494 5389 de
1516 5336 1776 5390 canonica
1800 5355 1927 5394 auc-

330 5401 548 5454 toritate
597 5402 975 5465 lfcclesiastte,
1007 5411 1061 5455 et
1094 5417 1203 5467 prae
1233 5405 1452 5460 caeteris
1473 5405 1631 5460 Joan.
1663 5408 1927 5466 llenricus

329 5471 608 5526 Michaelis
641 5474 692 5527 in
726 5481 977 5526 accurate
1005 5472 1278 5526 elaborata
1311 5475 1441 5531 diss.
1483 5480 1551 5531 de
1593 5479 1926 5538 Ecclesiaste

330 5543 638 5598 Salomonis
667 5543 814 5597 Hahn
840 5543 968 5596 Sax.
1007 5545 1070 5594 A.
1109 5543 1266 5597 1716.
1305 5545 1519 5602 FABRIC.

406 5625 428 5649 θ
463 5613 586 5688 ipse
614 5615 861 5688 Salvator
901 5623 1117 5688 testatus
1153 5621 1246 5688 est.
1280 5614 1468 5688 Matth.
1508 5635 1604 5687 χιι,
1647 5621 1756 5688 42;
1792 5624 1921 5679 Luc.

331 5699 412 5749 Il,
465 5687 559 5749 51,
611 5687 849 5753 optimus
896 5684 1146 5739 Salvator
1192 5685 1261 5740 de
1301 5686 1562 5755 sapientia
1594 5684 1925 5750 Salomonis

328 5757 606 5825 egregium
655 5757 760 5811 [ert
808 5756 1208 5820 testimonium;
1250 5759 1504 5813 omnibus
1547 5769 1724 5819 tamen
1776 5767 1925 5821 illum

332 5829 718 5896 sapientiorem
768 5826 933 5882 fuisse
977 5826 1278 5895 prioribus.
1315 5830 1460 5896 quod
1504 5833 1574 5885 ait
1621 5850 1744 5906 cum
1795 5836 1922 5891 Phii

1956 5012 2008 5072 D

2049 3698 2268 3771 lastrius
2293 3703 2506 3765 testari,
2543 3715 2814 3771 nusquam
2839 3699 3065 3754 disertis
3092 3699 3276 3764 verbis
3304 3698 3562 3771 afﬁrmat.

2127 3769 2145 3807 τ
2183 3772 2311 3834 Qua:
2337 3771 2428 3824 sub
2457 3776 2584 3826 caelo
2613 3769 2752 3826 sunt.
2791 3771 2957 3839 LXX,
2982 3773 3084 3826 ὑπὸ
3113 3774 3199 3826 τὸν
3229 3772 3379 3830 ἥλιον.
3422 3769 3643 3825 FABntc.

2122 3852 2145 3888 ις
2177 3841 2475 3897 Nuntiavit.
2528 3846 2604 3898 Ita
2651 3844 2846 3914 scripsi
2900 3858 2998 3912 pro
3044 3843 3321 3914 nuntiabit.
3367 3841 3644 3895 Vocabulo

2048 3914 2331 3968 nuntiandi
2355 3915 2590 3970 libenter
2614 3913 2798 3970 noster
2821 3917 3010 3969 utitur.
3036 3913 3126 3968 Sic
3146 3914 3286 3984 inira
3310 3913 3414 3967 hoc
3434 3914 3641 3982 capite:

2045 3987 2308 4039 carnalem
2343 3988 2502 4040 vitam
2536 3987 2804 4041 hominum
2839 4003 2868 4040 a
2901 3985 3008 4040 Deo
3048 4002 3341 4040 concessam
3381 3985 3435 4037 in
3461 3984 3645 4037 multis

2046 4055 2238 4110 divitiis
2260 4059 2540 4112 nuntiavit.
2569 4062 2745 4126 Atque
2770 4059 2966 4113 iterum
3001 4073 3013 4109 :
3054 4059 3306 4110 diversam
3332 4072 3500 4109 escam
3525 4055 3642 4124 gla-

2044 4128 2276 4207 riamque
2314 4140 2608 4207 sanctorum
2654 4129 2918 4207 hominum
2961 4127 3249 4207 nuntiabat.
3291 4127 3637 4207 Etnrnrsush:

2043 4195 2298 4278 uitamque
2324 4201 2642 4270 pereundum
2670 4202 2961 4278 nuntiabat.
2992 4198 3209 4278 Ιῖιιιιιιιςιἶ
3239 4227 3302 4237 -
3342 4195 3393 4249 Ν
3401 4196 3635 4278 ιιζιιιαεὶι.

2053 4265 2634 4328 νοσαῦιιιόηυιςτιωυι
2662 4273 2874 4325 libenter
2908 4269 3101 4323 Noster
3136 4269 3317 4334 utitur,
3357 4267 3507 4321 addit
3538 4265 3641 4319 Fa-

2041 4340 2267 4403 bricius.
2304 4344 2546 4412 locisque
2585 4345 2652 4397 ab
2693 4358 2758 4397 eo
2805 4339 3029 4417 prolatis
3077 4338 3194 4394 haec
3237 4339 3469 4417 iungere
3509 4337 3640 4417 licet

2041 4427 2161 4482 cap.
2195 4415 2321 4479 110,
2351 4411 2651 4468 vox’l’atris
2689 4411 3165 4482 onmipotentisque
3185 4411 3400 4463 scientia
3426 4411 3637 4482 nuntia-

2041 4479 2224 4550 batur;
2258 4501 2391 4561 (εειι).Δ
2411 4485 2502 4548 75,
2534 4487 2630 4561 hoc
2668 4479 2936 4561 nuntiabat
2968 4479 3199 4534 docendo
3216 4494 3393 4561 _;._c_aph.
3425 4479 3494 4533 80
3533 4493 3633 4532 ex-

2042 4549 2216 4610 tremo
2245 4549 2445 4610 nuntiat
2474 4557 2666 4624 pariter
2697 4565 2741 4608 ct
2775 4554 3078 4624 prophetat;
3102 4561 3154 4605 et
3178 4551 3326 4604 alibi.
3352 4549 3627 4606 GALEARD.

2111 4625 2136 4662 ¹¹
2166 4626 2366 4690 Graec.,
2391 4621 2630 4700 eamea
2656 4632 2738 4680 καὶ
2764 4621 2979 4697 nimiam,
3005 4621 3179 4700 αὔριον
3205 4625 3637 4700 γὰρξάποθνήσιεο-

2037 4719 2146 4769 μεν.
2182 4698 2448 4753 Laconica
2471 4693 2593 4752 iure
2621 4709 2676 4752 et
2706 4693 3154 4766 vetns'parmn'tia
3185 4693 3306 4747 esse
3338 4704 3553 4769 notatur
3575 4693 3632 4769 i_n

2038 4764 2208 4822 veteri
2236 4769 2424 4823 codice
2463 4771 2813 4824 Bibliotheca:
2850 4764 3110 4821 Romanae
3153 4765 3542 4820 monachorum
3571 4764 3630 4818 S.

2037 4839 2218 4894 Basilii
2267 4841 2408 4911 apud
2454 4843 2726 4898 celeberr.
2770 4841 3210 4897 Montiauconum
3246 4851 3299 4906 p.
3329 4835 3436 4890 219.
3464 4834 3632 4889 Diarii

2037 4911 2224 4966 italici.
2262 4914 2481 4969 FABRIC.

2118 4982 2128 5019 ί
2166 4983 2332 5047 LXX,
2353 4982 2658 5062 Α’Ἀνθρωπος
2703 4988 2751 5039 ἐν
2788 4991 2910 5057 τιμῇ
2941 4982 3008 5036 ὧν
3034 4985 3091 5037 οὐ
3114 4990 3630 5067 ’σγνῆκςνλπαρεκστίν-

2036 5056 2221 5117 εὸληθή
2251 5066 2358 5118 τοῖς
2388 5053 2590 5116 uva-vsa:
2627 5066 2731 5118 τοῖς
2770 5053 3002 5116 siverint;
3039 5057 3126 5108 καὶ
3152 5053 3384 5177 «bacifera
3431 5053 3627 5108 αὐτοῖς.

3307 5137 3479 5177 ABRIC.

3307 5137 3479 5177 ABRIC.

2109 5198 2123 5279 ξ
2162 5189 2422 5279 glajore‘m
2454 5209 2663 5254 sortem.
2692 5205 2791 5279 τήν
2821 5200 3018 5279 ἀγαθήν·
3039 5193 3236 5279 μερίξα.
3271 5193 3489 5279 Fannia.

2108 5267 2131 5346 'f'
2162 5267 2324 5346 Teii.
2359 5271 2535 5346 (inec.
2579 5274 2811 5346 [inpar/si
2825 5267 2926 5346 γαρ
2967 5267 3047 5346 τὸς
3068 5267 3272 5346 σχῆμα.
3297 5267 3630 5346 τοῦ-,κόσμου

2108 5295 2131 5306 ’⁸
2173 5295 2318 5324 1631.
2359 5295 2535 5326 urwc.
2579 5295 2800 5346 ιιαραγει
2825 5295 2926 5394 ἔαρ
2967 5295 3026 5324 το
3068 5295 3272 5346 σχῆμα.
3297 5295 3389 5320 TOU
3425 5295 3630 5346 .KUUFUU

2033 5344 2248 5397 τούτου.
2288 5340 2458 5396 Verba
2489 5352 2535 5395 et
2563 5345 2750 5412 gloria,
2779 5342 2818 5396 P
2865 5341 3107 5396 ilastrius
3134 5334 3438 5407 explicandi
3467 5347 3630 5388 causa

2030 5413 2292 5480 adiunxit.
2331 5412 2546 5467 FABRIC.

2109 5474 2125 5519 Ῑ
2164 5485 2414 5554 Angelica
2461 5484 2707 5554 dignitas.
2752 5482 2890 5539 Vide
2926 5497 3048 5553 cap.
3095 5479 3222 5546 126,
3258 5476 3460 5604 113:5:
3501 5474 3626 5531 137.

2105 5635 2142 5660 ιη
2175 5625 2630 5702 incorporatione.
2659 5625 3078 5702 Ἑνανθρωπήᾳει.
3106 5623 3182 5676 lta
3200 5619 3489 5702 legendum
3518 5633 3628 5673 uno

2035 5691 2466 5765 Vocabuiofqno
2487 5695 2686 5766 smpins
2710 5691 2897 5752 nost'er
2930 5699 3097 5750 utitur
3125 5703 3183 5747 ut
3212 5692 3293 5746 bis
3311 5691 3462 5766 intra
3501 5703 3624 5760 cap.

2039 5768 2161 5833 158,
2192 5759 2540 5825 nou'duobus
2570 5759 2625 5823 ut
2654 5767 2784 5823 editi
2814 5770 2865 5823 in
2899 5765 3279 5838 corporatione.
3311 5759 3529 5815 FABRIC.‘
