4052 6192
354 225 377 280 I
388 224 498 282 269

1608 221 1810 276 LIBER
1853 219 1941 274 DE
1977 216 2411 275 II/ERESIBUS.

3516 211 3658 268 I270

354 342 676 397 salutarem.
713 350 738 377 ει
785 339 1028 410 Ideoque
1059 339 1322 394 Dominus
1351 338 1465 392 ait:
1502 337 1633 392 Ecce
1661 337 1749 408 qui
1777 337 1949 406 loque-
1983 336 2032 394 A
2063 335 2240 404 imago
2286 333 2359 388 sit
2403 333 2583 403 genita
2632 331 2873 401 proprie,
2916 344 3024 386 non
3078 329 3352 400 positione
3393 328 3676 386 servitutis

355 437 447 491 bar
489 436 543 490 in
583 434 882 506 Prophetis,
916 436 1098 488 adsum
1141 431 1300 506 (Isai.
1327 448 1422 498 LII,
1446 432 1526 499 6).
1559 431 1789 500 Majores
1827 438 1955 484 sunt

354 529 539 598 itaque
565 527 659 600 qui
694 527 798 583 sub
841 526 1097 580 Mandata
1137 527 1393 582 fuerunt‘
1424 525 1658 596 antiqui,
1689 540 1812 579 cum
1842 538 1952 578 non

258 685 262 691 η
351 621 511 676 obliti
537 621 701 676 etiam
732 622 751 650 ²
776 618 980 674 Christi
1008 618 1329 684 Salvatoris,
1355 618 1470 672 suis
1499 616 1735 686 posteris
1760 626 1813 671 et
1835 615 1954 685 ejus

354 714 679 785 mysterium
709 713 1055 767 nuntiarunt:
1080 711 1238 780 cujus
1279 720 1336 766 et
1371 709 1648 765 oblivione
1688 708 1955 764 existente

354 809 407 862 in
430 807 655 873 ludatis,
681 804 708 843 ι)
732 805 1035 860 admonitio
1065 819 1282 858 rursum
1305 803 1499 857 littera:
1525 801 1820 856 subsecuta
1846 807 1952 866 est,

354 911 412 957 ut
445 901 500 956 in
533 901 715 956 littera
740 899 928 964 ctiam,
959 898 1164 952 Christi
1191 896 1452 966 Spiritalis
1479 894 1731 960 scientia,
1763 903 1818 949 et
1841 908 1955 948 car-

354 994 498 1049 nalis
551 992 843 1062 prarseutia
903 990 1222 1046 illuminans
1279 987 1572 1052 sarculum,
1615 996 1952 1056 speraretur.

353 1085 588 1156 Ideoque
631 1084 739 1139 Lex
782 1084 914 1138 Mosi
956 1083 1104 1138 aliud
1139 1085 1204 1138 in
1259 1098 1396 1138 Sunt)
1451 1081 1627 1145 vocis,
1668 1080 1818 1136 aliud
1849 1091 1867 1117 ε
1899 1080 1954 1134 in

351 1176 671 1233 abscondito
721 1176 966 1231 salutare
1021 1174 1226 1229 CltriSti
1291 1173 1614 1245 mysteriqu
1665 1173 1956 1226 continens

354 1269 658 1325 nuntiabat.
693 1269 834 1338 Ergo
862 1282 1037 1336 neque
1066 1265 1375 1320 Mandatum
1397 1264 1514 1320 sine
1538 1263 1694 1334 Lege,
1728 1277 1825 1318 nec
1848 1261 1956 1316 Lex

353 1366 476 1419 sine
499 1363 778 1429 Mandata,
806 1376 907 1416 nec
935 1359 1120 1415 Gratia
1153 1359 1352 1415 Christi
1382 1359 1501 1413 sine
1528 1357 1684 1429 Lege,
1713 1366 1767 1412 et
1795 1355 1954 1411 Man-

353 1457 473 1510 data
497 1455 690 1524 accipi,
727 1463 820 1507 aut
846 1453 995 1508 credi
1025 1451 1188 1507 debet
1216 1451 1284 1506 ab
1313 1451 1518 1522 aliquo.

351 1545 662 1602 CXXXVII.
713 1542 1126 1600 DE'IIIAGINE
1178 1543 1266 1598 ET
1322 1540 1789 1598 SlIIlLlTUDI-NE
1841 1538 1952 1595 DEI

784 1636 847 1692 IN
891 1635 1146 1692 IIOIIINE
1186 1633 1532 1691 IIAEIIESIS.

2059 433 2242 480 creata
2270 439 2334 479 ex
2371 424 2566 500 nihilo,
2598 430 2657 478 ut
2679 421 2867 485 homo,
2899 430 2956 478 et
2981 422 3230 490 angelus.
3268 421 3502 491 Ideoque
3529 421 3670 477 ima-

2057 520 2260 590 ginem,
2297 518 2350 572 id
2379 528 2460 572 est
2488 517 2722 572 animam
2751 517 3033 572 hominum
3059 531 3422 588 paganorum,
3452 514 3674 572 Judaeu-

2057 627 2198 676 rmn,
2233 610 2642 675 ltznreticorum,
2671 619 2724 663 et
2765 611 3035 673 OlllllIIIIlI,
3067 610 3174 664 dici
3219 623 3378 678 posse
3417 592 3670 665 declara-

2057 705 2134 759 vit
2154 706 2205 759 in
2229 704 2505 760 communi
2529 706 2905 774 generatione,
2931 713 3094 772 atque
3117 712 3141 748 ε
3166 703 3326 757 unius
3349 701 3370 731 λ
3393 701 3673 772 qualitatis

2058 809 2275 867 natura,
2309 800 2594 868 Scriptura
2635 797 2995 852 substantiam
3029 797 3319 850 nuntiavit.
3356 793 3381 830 ιι
3407 794 3673 849 Similitu-
3719 789 3725 800 ’

2057 891 2242 947 dinem
2272 901 2454 946 autem
2487 906 2593 945 non
2634 890 2899 965 euntium,
2930 889 3027 943 sed
3056 881 3392 954 sanctorum,
3421 896 3477 942 et
3506 885 3673 942 Chri-

2057 988 2361 1042 stianorum
2401 1002 2522 1040 esse
2565 983 2949 1039 tantummodo
2980 982 3304 1047 declaravit,
3331 981 3421 1050 qui
3455 979 3509 1034 in
3539 977 3672 1046 (ide,

2058 1080 2191 1148 vita,
2235 1089 2292 1134 et
2328 1079 2476 1133 bono
2520 1093 2690 1148 Opere
2720 1086 3126 1147 permanentes,
3165 1074 3177 1111 ί
3213 1074 3530 1143 angelorum
3561 1085 3674 1128 cce-

2060 1173 2216 1226 lcstia
2242 1172 2435 1225 merita
2479 1170 2532 1224 in
2565 1170 2806 1224 futurum
2846 1168 3109 1236 consequi
3143 1166 3576 1236 promittuntur;
3613 1172 3674 1218 ut

2061 1264 2408 1334 patriarchm,
2440 1262 2747 1332 pr0plteta3.
2778 1259 3120 1325 sacerdotes,
3143 1258 3380 1329 judices,
3412 1256 3670 1327 apostoli,

2057 1366 2224 1426 atque
2268 1355 2640 1425 evangelista‘,
2686 1364 2739 1407 et
2783 1352 3072 1424 Martyres,
3106 1351 3198 1420 qui
3245 1348 3500 1404 Trinitati
3542 1363 3670 1404 cre-

2057 1449 2272 1512 dentes,
2300 1456 2355 1502 et
2386 1448 2437 1501 in
2469 1447 2579 1501 vita
2623 1444 2886 1515 praeclara
2914 1454 3320 1514 permanentes,
3349 1441 3671 1513 angelorum

2057 1541 2246 1611 gloriae
2301 1539 2553 1610 copulari
2603 1554 2629 1591 a
2682 1538 2914 1592 Domino
2961 1535 3305 1592 nuntiantur.
3357 1533 3672 1591 Similitudo

2056 1634 2203 1688 enim
2248 1650 2312 1688 ex
2363 1633 2614 1688 doctrina
2661 1631 2843 1703 chis,
2893 1630 3020 1695 (ide,
3076 1631 3210 1696 vita,
3260 1638 3316 1684 et
3365 1626 3570 1695 studio,
3615 1637 3673 1682 et

421 1733 563 1788 ﬁnit
606 1730 824 1800 quidam
872 1727 1141 1794 lnnretici,
1184 1728 1275 1799 qui
1318 1742 1442 1781 cum
1481 1727 1668 1796 legunt
1704 1724 1953 1795 Scriptu-
1985 1748 2031 1806 B
2059 1742 2226 1797 Opere
2251 1727 2599 1797 cognoscitur
2628 1740 2776 1791 vera,
2807 1733 2867 1779 ut
2891 1738 3014 1794 quae
3045 1740 3077 1776 ιι
3105 1721 3218 1776 Deo
3251 1720 3389 1774 facta
3423 1728 3531 1787 est,
3564 1719 3671 1790 legi

351 1841 488 1892 ram,
515 1823 735 1880 dicente
762 1822 992 1876 Domino
1017 1839 1030 1876 :
1065 1818 1345 1875 Faciamus
1375 1817 1630 1874 hominem
1667 1819 1734 1870 ad
1763 1817 1948 1887 imagi-

351 1935 490 1987 nem,
526 1930 574 1973 et
605 1917 999 1972 similitudinem
1039 1923 1268 1969 nostram
1307 1911 1462 1984 (Gen.
1498 1929 1538 1978 ι,
1576 1911 1699 1982 26);
1745 1928 1850 1965 [ιοιι
1897 1911 1950 1966 in

354 2018 579 2074 parvam
621 2003 963 2058 descendunt
997 2001 1331 2063 amentiam;
1371 1998 1686 2068 ignorantes
1717 1998 1950 2069 primum

350 2097 478 2168 quid
533 2098 752 2166 imago,
808 2095 1006 2167 quidve
1057 2093 1355 2148 similitudo
1409 2093 1480 2147 sit
1533 2092 1646 2148 Dei.
1707 2091 1951 2162 Cumque

351 2192 605 2246 nesciunt
633 2189 760 2261 quid
792 2193 863 2244 sit
889 2189 1066 2259 imago
1101 2187 1194 2242 Dei
1225 2195 1420 2241 natura
1443 2185 1812 2256 proprietatis,
1845 2181 1869 2220 ἀ
1897 2194 1953 2240 et

349 2283 478 2356 quid
519 2282 810 2354 positionis
853 2283 924 2337 sit
965 2281 1159 2352 gratia,
1194 2296 1300 2342 non
1343 2294 1565 2349 parvam
1604 2278 1705 2332 sibi
1751 2292 1954 2348 pracsu-

351 2386 505 2432 munt
527 2377 840 2448 superbiam
865 2374 1172 2445 dignitatis.
1200 2385 1222 2410 υ
1249 2373 1428 2444 Imago
1449 2375 1592 2428 enim
1625 2373 1740 2437 Dei,
1770 2373 1822 2428 id
1843 2383 1950 2439 est,

348 2470 531 2525 anima
570 2470 761 2526 omnis
810 2469 1072 2534 hominis,
1115 2467 1253 2523 facta
1303 2483 1367 2522 ex
1417 2467 1585 2522 nihilo
1614 2485 1626 2521 :
1655 2466 1952 2523 similitudo

351 2571 532 2617 autem
569 2563 624 2617 in
660 2561 817 2628 Fide,
845 2574 899 2617 et
929 2563 1036 2616 vita
1068 2560 1173 2616 nisi
1198 2558 1414 2630 cegnita
1445 2559 1605 2614 fuerit
1641 2575 1666 2613 a
1698 2560 1830 2627 Deo,
1860 2575 1954 2630 ap-

351 2657 543 2728 pellari
570 2671 676 2713 non
701 2667 877 2728 potest
905 2657 1002 2712 Dei
1029 2657 1206 2728 imago
1228 2656 1444 2712 Similis.
1470 2657 1715 2726 Ctnnque
1745 2670 1804 2710 se
1831 2668 1954 2712 esse

355 2749 474 2820 plus
496 2749 975 2821 mstimataliquis,
1012 2749 1452 2822 prmsumptionis
1490 2749 1697 2805 crimen
1728 2749 1955 2804 incurrit

353 2843 556 2913 potius,
581 2859 740 2914 quam
769 2843 1025 2898 meritum
1050 2842 1334 2912 dignitatis
1359 2843 1459 2897 sibi
1489 2843 1740 2912 acquirit.
1777 2841 1796 2871 ³
1818 2840 1952 2896 Nam

351 2952 473 2990 cum
500 2935 614 2991 hcce
637 2951 870 3007 peccans
895 2936 1170 2991 invenitur
1191 2936 1395 3001 anima,
1419 2945 1474 2990 et
1489 2933 1700 3004 judicio
1719 2934 1955 2989 obnoxia

353 3029 649 3089 detinendo
694 3031 1077 3102 cognoscitur,
1128 3029 1408 3101 quomodo
1452 3044 1575 3086 esse
1621 3038 1797 3100 potest
1841 3028 1955 3084 hare

2058 1822 2174 1891 ejus
2195 1820 2399 1876 divinae
2421 1819 2772 1874 consentiens
2795 1826 3069 1888 praecepta
3093 1822 3296 1871 statuta
3319 1813 3670 1882 eomplendo,

2059 1914 2211 1983 regni
2235 1912 2474 1968 caelestis
2500 1912 2841 1966 consortium
2866 1920 3055 1980 speret
3080 1907 3149 1963 ab
3175 1922 3241 1962 eo
3271 1922 3329 1963 se
3360 1919 3520 1977 posse
3551 1904 3673 1960 adi-

2058 2005 2220 2077 pisci,
2251 2006 2471 2060 dicente
2494 2005 2761 2075 Apostolo
2793 2023 2805 2059 :
2845 2003 3043 2058 Nostra
3069 2012 3242 2058 autem
3272 2001 3590 2055 conversatio
3616 2001 3672 2055 in

2055 2101 2194 2154 caelis
2217 2109 2290 2154 est
2315 2097 2539 2171 (Philip.
2567 2114 2648 2162 ιιι,
2672 2099 2792 2168 20).
2820 2099 2887 2153 Et
2914 2097 3179 2152 Dominus
3209 2098 3405 2151 iterum
3433 2113 3444 2148 :
3474 2095 3487 2144 ι
3522 2094 3668 2149 Cau-

2056 2195 2191 2258 dete,
2228 2193 2350 2263 quia
2393 2193 2603 2246 nomina
2647 2200 2813 2248 t'estra
2857 2193 2911 2245 in
2953 2190 3078 2246 caelo
3117 2191 3313 2260 scripta
3356 2199 3475 2243 sunt
3514 2187 3667 2260 (Luc.

2058 2303 2112 2349 κ,
2142 2285 2261 2355 220).
2290 2283 2360 2338 Et
2395 2285 2538 2356 quod
2577 2283 2628 2340 in
2666 2284 2754 2340 die
2779 2283 2972 2355 judicii
3000 2299 3094 2340 eos
3127 2284 3269 2338 sicut
3309 2283 3538 2352 angelos
3575 2282 3672 2337 dc-

2057 2378 2396 2433 monstrabat
2423 2377 2636 2432 futuros
2667 2377 2822 2448 (Luc.
2859 2393 2952 2442 xx,
2985 2376 3102 2447 5G),
3134 2374 3401 2430 Dominus
3433 2375 3562 2430 dicit
3594 2374 3665 2430 de

2057 2487 2225 2543 regno
2249 2470 2460 2526 cadesti
2491 2487 2502 2524 :
2532 2469 2556 2507 ιί
2591 2470 2792 2535 Venite,
2826 2470 3070 2540 percipite
3102 2468 3339 2541 Regnum
3364 2467 3503 2538 quod
3529 2467 3673 2520 robis

2059 2576 2298 2635 paratum
2331 2574 2404 2618 est
2440 2563 2502 2616 ab
2532 2563 2732 2634 origine
2764 2561 2953 2616 Mundi
2987 2560 3210 2632 (Matth.
3271 2575 3399 2628 xxv,
3433 2557 3545 2629 54).
3582 2557 3669 2614 Si-

2059 2657 2306 2713 militudo
2353 2656 2532 2727 itaque
2574 2671 2637 2710 ex
2688 2654 2821 2710 Fide
2867 2663 3072 2710 sanctm
3113 2653 3420 2716 Trinitatis,
3467 2661 3517 2708 et
3553 2653 3666 2707 vita

2058 2752 2218 2817 bona,
2251 2759 2306 2805 ct
2329 2765 2498 2821 opere
2523 2748 2781 2820 sequenti
2804 2749 2986 2804 inesse
3009 2747 3341 2814 ostenditur,
3375 2755 3433 2804 ut
3457 2760 3665 2801 exeun-

2058 2858 2140 2903 tes
2182 2846 2489 2917 percipiant
2532 2845 2860 2914 promissum
2892 2844 3230 2897 consortium
3271 2841 3538 2912 angelica:
3581 2838 3667 2894 di-

2058 2937 2316 3009 gnitatis,
2369 2946 2428 2991 ut
2477 2936 2553 2991 ait
2598 2935 2836 2991 Joannes
2879 2951 2891 2986 :
2932 2931 2946 2969 ι
2985 2917 3129 2988 Tunc
3175 2933 3370 2988 similes
3399 2933 3444 2985 ei
3471 2931 3665 2984 erimus

2059 3033 2103 3104 (ι
2131 3031 2293 3086 Joan.
2330 3047 2405 3096 ut,
2434 3031 2517 3100 2).
2554 3031 2620 3085 Et
2647 3030 2910 3085 Dominus
2936 3045 2950 3082 :
2981 3039 3018 3065 ιη
3044 3028 3258 3085 Similes
3285 3036 3446 3084 estote
3489 3027 3668 3082 Patris

356 3122 448 3176 Dei
482 3123 748 3177 naturalis
782 3124 980 3193 imago,
1011 3137 1130 3194 qua:
1155 3121 1387 3177 diversis
1415 3122 1653 3192 peccatis
1679 3122 1952 3191 dignosci-
1984 3144 2029 3205 ρ
2062 3129 2233 3183 vestri.

356 3223 440 3268 tur
477 3214 782 3271 inservire?
815 3231 938 3271 cum
980 3217 1081 3270 alia
1127 3216 1270 3270 nulla
1315 3231 1436 3272 esse
1481 3217 1652 3285 possit
1691 3216 1952 3272 naturalis

356 3308 534 3378 imago
562 3307 657 3364 Dei
686 3308 892 3372 divina,
931 3319 984 3362 ct
1017 3309 1189 3364 l‘atris
1225 3311 1462 3379 propria,
1494 3325 1598 3365 non
1626 3310 1830 3380 angeli,
1859 3318 1956 3364 aut

355 3401 613 3467 hominis,
644 3401 744 3455 nisi
776 3401 976 3456 Chriin
1022 3401 1122 3458 Dei
1167 3402 1306 3468 Filii,
1340 3403 1430 3474 qui
1467 3413 1654 3457 natura
1705 3402 1952 3473 prOprie~

357 3493 484 3548 tatis
510 3493 829 3557 indiscreta,
864 3494 881 3530 ί
909 3503 1148 3562 patermc
1171 3495 1491 3549 substantia:
1519 3510 1581 3547 ac
1607 3495 1953 3561 sempiterna:

2053 3220 2386 3276 CXXXVIII.
2443 3219 2766 3276 II/ERESIS
2809 3220 2992 3276 DEUM
3045 3217 3435 3274 INCREPANS
3473 3217 3663 3285 QUOD

2130 3313 2444 3367 DIVERSIS
2521 3311 2792 3368 LINGUIS
2881 3311 2970 3364 ET
3063 3310 3266 3366 MODIS
3353 3309 3662 3365 HOMINES

2127 3402 2537 3460 ALLOCUTUS
2580 3403 2709 3460 SIT.

2127 3496 2267 3551 Sunt
2293 3495 2509 3565 quidam
2529 3496 2776 3552 dicentes
2803 3495 3050 3550 hmretici
3075 3537 3088 3561 ,
3123 3510 3220 3550 cur
3253 3510 3360 3551 non
3385 3496 3526 3553 Deus
3555 3511 3669 3551 uno

1211 3696 1366 3750 COD.
1410 3696 1518 3750 MS.
1562 3696 1913 3753 SANGI-ZIIM.
1959 3696 2350 3753 LECTIONES
2397 3699 2806 3754 VARIANTES.

425 3841 435 3870 ¹
467 3839 654 3902 antiqui
676 3837 814 3902 cujus
837 3850 931 3902 non

422 3903 441 3930 ¹
467 3901 644 3964 Christi
669 3901 938 3950 Salvatoris
956 3902 1028 3950 sui
1057 3902 1235 3964 posteri

426 3966 444 3995 ³
468 3963 586 4013 Nam
612 3977 722 4014 cum
748 3965 850 4014 haec
880 3960 1088 4026 peccatis
1108 3965 1265 4012 anima
1292 3968 1342 4012 et
1368 3961 1550 4023 judicio
1572 3960 1784 4010 obnoxia
1821 3960 1950 4010 deti-

2060 3838 2221 3886 nenda

2124 3900 2141 3928 κ
2167 3897 2412 3960 qualitatis
2433 3907 2679 3948 natum...
2709 3900 2804 3948 vita
2834 3906 2884 3948 et
2911 3899 3036 3947 bono

1477 4135 1776 4192 FABRICII
1822 4134 1906 4188 ET
1945 4132 2299 4190 GALEAIIDI
2339 4133 2572 4190 NOTAE.

435 4283 458 4308 ι·
506 4270 727 4340 Ideoque
759 4270 1010 4326 Daumius
1049 4274 1139 4326 ait.
1184 4273 1336 4342 Apud
1374 4271 1568 4326 Isaiam
1598 4287 1690 4331 ιιι.
1720 4272 1774 4331 6,
1807 4269 1966 4324 hodie

363 4343 560 4420 legitur
588 4361 600 4396 :
629 4343 744 4399 ’Ὁτι
774 4345 872 4420 ἐγώ
900 4348 1004 4414 εἰμι
1030 4346 1178 4404 αὐτὸς
1208 4341 1420 4420 ὅλωώγ
1456 4346 1683 4420 πάρειμι.
1709 4342 1810 4420 Ἀξ)
1844 4341 1967 4412 Ιιῖμὶ-

366 4414 566 4483 μΙιιιιιίιι
613 4427 742 4469 tutlt.
774 4413 820 4474 ιζ
853 4413 972 4484 pag.
1011 4417 1140 4475 Sti'l.
1181 4418 1250 4470 ita
1297 4413 1673 4469 latulatni‘:"t)
1709 4414 1871 4468 λαλῶν
1917 4415 1966 4467 ἐν

2069 4272 2125 4328 S.
2177 4272 2435 4326 Paulinus
2467 4275 2628 4342 epist.
2663 4274 2720 4335 2,
2753 4274 2816 4328 ad
2866 4276 3146 4338 Severum,
3189 4275 3350 4329 docet
3394 4274 3445 4328 in
3495 4275 3667 4332 Adam

2070 4345 2243 4399 solam
2299 4345 2456 4401 nobis
2501 4346 2775 4416 imaginem
2817 4345 3290 4416 rentansissc;7ad
3341 4346 3669 4412 originalem

2071 4425 2249 4469 autem
2288 4416 2513 4483 gloriam
2556 4415 2652 4468 nus
2687 4417 2992 4480 reformari,
3020 4416 3064 4470 si
3097 4415 3333 4471 divinam
3367 4418 3672 4472 similitudi—

362 4481 468 4546 Ᾰτοῖς
497 4492 777 4562 προφήταις
810 4481 1167 4572 ἰδ-οὺῖπὰρειμι
1220 4486 1482 4542 Euutdt‘ttt
1519 4487 1696 4539 locum
1744 4486 1965 4538 adduxit

2073 4502 2187 4572 nem
2223 4481 2429 4572 Christi
2464 4486 2768 4572 imitatione
2788 4486 3102 4572 rapiamus.
3141 4488 3316 4542 Etiam
3360 4487 3574 4572 E’latoui
3615 4492 3670 4543 in

365 4559 550 4612 noster
577 4574 740 4625 SUpra
765 4573 886 4626 Cap.
927 4559 1043 4612 Illil'.
1082 4559 1300 4613 FABRIC.

437 4628 460 4666 δ
504 4628 797 4681 Αάοηοηὶιὶο
817 4647 1022 4682 rursum
1049 4632 1249 4684 litterae.
1277 4628 1521 4684 Mosaicae
1546 4627 1720 4698 Legis.
1745 4627 1963 4682 antttc.

437 4711 457 4773 ὲ
505 4699 570 4773 In
596 4701 920 4754 abscondito.
939 4702 1163 4773 Typictv.
1181 4702 1718 4773 tuystico-prescnsu.
1743 4698 1961 4752 lianntc.

436 4771 460 4807 ι¹
508 4771 571 4824 Et
621 4773 745 4841 quid
797 4771 1069 4841 positionis
1115 4774 1179 4826 sit
1231 4771 1418 4842 gratia.
1469 4771 1558 4824 Sic
1599 4771 1758 4839 paulo
1809 4777 1964 4842 just,

366 4844 534 4910 genita
565 4839 805 4911 proprie,
823 4861 925 4898 non
949 4846 1200 4913 positione
1220 4839 1476 4898 servitutis
1500 4852 1672 4896 creato
1695 4857 1757 4894 ex
1779 4839 1963 4892 nihilo.

368 4913 548 4968 Utitur
575 4916 765 4967 eadem
803 4931 937 4969 voce
981 4916 1316 4970 Gaudentius
1363 4931 1529 4968 serui.
1572 4913 1617 4970 I.
1651 4923 1836 4966 natura
1869 4927 1967 4964 non

367 4983 808 5058 positione_l)eus.
845 4987 996 5052 Vide,
1027 4989 1072 5040 si
1109 4987 1278 5051 lubet,
1315 4998 1469 5040 notas
1501 4994 1716 5039 nostras
1743 4983 1810 5038 ad
1840 4997 1966 5037 cum

368 5054 571 5109 locum.
605 5054 886 5112 GALEARD.

443 5139 465 5162 υ
509 5122 691 5196 Imago
716 5125 830 5187 Dei,
865 5129 916 5180 id
948 5139 1018 5182 est
1046 5128 1218 5182 anima
1243 5127 1407 5181 omnis
1433 5126 1673 5180 hominis.
1710 5125 1966 5180 I’Inrilitts

373 5203 474 5254 hoc
508 5198 784 5251 veteribus
812 5196 1070 5251 Εριτιιιεὶιιι
1096 5199 1422 5254 Doctoribus
1453 5210 1790 5262 persuasum.
1833 5197 1966 5251 Vide

373 5269 646 5339 l’etaviutu
675 5267 766 5320 lib.
797 5283 832 5320 Il
863 5268 1049 5339 Dogui.
1077 5269 1270 5325 Tltcol.
1296 5270 1361 5324 de
1391 5268 1608 5337 opilicio
1637 5282 1729 5322 sex
1754 5268 1963 5339 dierum

371 5361 417 5396 c.
451 5342 510 5404 2,
539 5349 592 5394 et
622 5337 1102 5411 Benedictinin'ntn
1144 5342 1526 5411 prulcguuu-na
1572 5340 1636 5392 ad
1678 5340 1734 5393 S.
1778 5337 1964 5394 Ililarii

371 5429 532 5481 opt-ra
570 5425 693 5480 pag.
725 5409 794 5464 78
823 5418 877 5481 et
905 5409 1026 5464 “9..
1066 5410 1283 5465 FADRIC.

451 5485 466 5522 ί
516 5479 754 5557 Paterna:
780 5479 1291 5557 substantiwjmago.
1337 5481 1500 5538 IIt-bt'.
1522 5497 1561 5548 t,
1585 5483 1618 5537 5
1647 5499 1661 5537 :
1691 5484 1970 5557 χαρακτὴρ

376 5567 464 5618 τῆς
488 5555 834 5612 ὑποστάσεως
865 5554 1046 5608 αὐτοῦ.
1079 5550 1296 5607 Fanum.

450 5639 472 5672 ις
520 5624 687 5680 Unius
730 5625 992 5694 qualitatis
1034 5634 1244 5688 natura,
1287 5625 1644 5678 substantiam.
1687 5624 1778 5679 Sic
1813 5637 1979 5693 supra

383 5713 500 5768 cap.
533 5695 623 5754 95.
655 5711 811 5768 unum
843 5696 1109 5766 qutilitatis
1137 5695 1497 5768 substantiam.
1543 5695 1764 5750 FABRIC.

463 5769 486 5804 ¹ι
540 5763 945 5823 Similitudincm
977 5784 1079 5823 non
1121 5767 1368 5836 omnium,
1402 5767 1492 5822 sed
1524 5768 1855 5824 Sanctorum.
1897 5763 1988 5822 Sic

2070 4559 2350 4611 'I‘ltcznteto
2383 4556 2625 4626 ὁμοίωσις
2655 4556 2892 4612 ltominis
2923 4558 2987 4610 ad
3023 4559 3192 4613 Deum
3234 4567 3318 4614 est
3363 4558 3560 4615 δίκαιον
3588 4567 3673 4616 καὶ

2072 4628 2208 4700 tiaran
2230 4630 2456 4700 γενέσθαι
2483 4632 2612 4700 μετά
2637 4635 2943 4700 φρονήσεως.
2976 4629 3196 4685 FABRIC.

2151 4699 2162 4733 ί
2215 4683 2531 4769 Ᾰηῃειοιιιῖη
2564 4683 2847 4755 caelestia
2881 4683 3342 4764 litt’t‘t'ltt.ﬂFtIItll'I
3412 4702 3671 4756 nimirum

2072 4770 2347 4843 ἰσάγγελοι.
2387 4769 2522 4826 Luc.
2568 4788 2659 4835 xx,
2703 4772 2790 4825 56.
2839 4772 2973 4826 Iliue
3017 4784 3230 4828 veteres
3257 4773 3478 4842 quidam
3510 4790 3674 4828 vene-

2074 4841 2199 4893 runt
2235 4841 2288 4895 in
2329 4857 2449 4895 eam
2489 4844 2824 4912 opinionem,
2861 4844 3175 4914 angelorum
3209 4841 3298 4914 qui
3330 4845 3672 4909 ceciderant,

2075 4927 2363 4966 uulnerum
2424 4914 2817 4969 restituendum
2868 4930 2991 4970 esse
3047 4915 3114 4970 de
3162 4915 3494 4971 lunninibus.
3552 4916 3672 4968 Viti.

2071 4983 2314 5037 Auselmi
2357 4982 2616 5042 Cautuar.
2661 4985 2861 5040 librum
2905 5003 2918 5041 ι
2959 5001 3057 5039 cur
3099 4987 3240 5042 Deus
3284 4987 3449 5041 homo
3487 5002 3536 5042 c.
3587 4988 3672 5052 l6,

2073 5073 2122 5125 p.
2156 5055 2245 5109 8|.
2281 5053 2500 5110 anmc.

2146 5126 2375 5204 l_Gt‘q:C.
2405 5136 2561 5204 text.,
2587 5127 2866 5204 Χαίρετε-δὲ
2889 5130 3077 5200 μᾶλλον
3104 5128 3178 5184 ὅτι
3201 5132 3262 5184 τὰ
3289 5132 3508 5202 ὀνόματα
3534 5131 3677 5202 ὑμῶν

2069 5200 2259 5278 ὲγράγδη
2281 5198 2332 5251 ἐν
2360 5206 2466 5260 τοῖς
2494 5198 2754 5278 οὐραγοῖς.
2791 5198 3008 5278 Fannia.

2146 5268 2398 5350 I‘_Gr:t.‘c.,
2422 5268 2571 5350 ᾼεῆτέ
2604 5271 2649 5324 oi
2668 5272 2986 5350 color/aptium
3016 5281 3106 5350 τοι]
3135 5272 3326 5350 liora-po;
3349 5295 3469 5350 you,
3499 5275 3678 5349 κληροο

2068 5344 2328 5415 aagendam-rs
2372 5346 2462 5399 τήν
2490 5343 2865 5415 ἰίςοιμασμένην
2903 5344 3020 5415 ὑμῖν
3065 5343 3478 5415 βασιλέίανήὰπὸ
3520 5343 3680 5399 καίτοι·

2074 5411 2219 5470 ξόλῆς
2250 5411 2467 5482 κόσμου.
2505 5411 2723 5469 anc.‘

2153 5482 2166 5564 ξ
2204 5482 2384 5564 (ξηροὲ
2411 5483 2624 5556 Οἴδαμεν
2672 5485 2724 5540 δὲ
2754 5483 2831 5542 ὅτι
2881 5486 2966 5542 ἐὰν
3001 5492 3280 5564 φανερωθῇ,
3328 5486 3489 5559 ὅμοιοι
3539 5490 3679 5561 αὐτῷ

2080 5555 2312 5625 ἐσόμεθα.
2347 5549 2564 5610 Fauste.
3010 5549 3019 5559 ’
3125 5549 3134 5564 ’
3233 5549 3242 5563 ⁸

2153 5635 2192 5660 ὐ
2225 5625 2550 5698 Similes.....
2591 5628 2829 5698 ltespicit
2862 5629 3049 5683 Matth.
3085 5646 3136 5692 ν,
3163 5629 3256 5692 48,
3298 5629 3432 5684 Luc.
3464 5646 3514 5684 νι
3541 5671 3556 5691 .
3590 5630 3684 5696 56,

2084 5697 2210 5750 licet
2238 5697 2412 5767 verba
2425 5698 2574 5767 ipsa,
2595 5697 2712 5767 (ιιιηὲ
2737 5699 2955 5756 adducit
2991 5699 3315 5758 l’ltilastrius
3343 5710 3541 5758 neutro
3564 5703 3684 5757 loco

2083 5769 2366 5839 legttntur.
2400 5766 2618 5826 FABRIC.
