  <div class='ocr_page' id='page_1' title='image "/cluster/home/n/w/nwhite01/storage/ocr_20150623/12/hvd.32044096580410/653.png"; bbox 0 0 4052 6192; ppageno 0'>
   <div class='ocr_carea' id='block_1_1' title="bbox 3608 248 3750 302">
    <p class='ocr_par' dir='ltr' id='par_1_1' title="bbox 3608 248 3750 302">
     <span class='ocr_line' id='line_1_1' title="bbox 3608 248 3750 302; baseline -0.007 0"><span class='ocrx_word' id='word_1_1' title='bbox 3608 248 3750 302; x_wconf 68' lang='lat'><strong>127?.</strong></span> 
     </span>
    </p>
   </div>
   <div class='ocr_carea' id='block_1_2' title="bbox 421 249 2433 312">
    <p class='ocr_par' dir='ltr' id='par_1_2' title="bbox 421 249 2433 312">
     <span class='ocr_line' id='line_1_2' title="bbox 421 249 2433 312; baseline -0.003 -1"><span class='ocrx_word' id='word_1_2' title='bbox 421 256 557 312; x_wconf 71' lang='lat'><strong>1271</strong></span> <span class='ocrx_word' id='word_1_3' title='bbox 1746 249 1997 307; x_wconf 83' lang='lat' dir='ltr'><strong>SANCTI</strong></span> <span class='ocrx_word' id='word_1_4' title='bbox 2040 250 2433 308; x_wconf 70' lang='lat' dir='ltr'><strong>PHILASTRII</strong></span> 
     </span>
    </p>
   </div>
   <div class='ocr_carea' id='block_1_3' title="bbox 409 364 3745 443">
    <p class='ocr_par' dir='ltr' id='par_1_3' title="bbox 409 364 3745 443">
     <span class='ocr_line' id='line_1_3' title="bbox 409 364 3745 443; baseline -0.003 -13"><span class='ocrx_word' id='word_1_5' title='bbox 409 373 576 431; x_wconf 89' lang='lat' dir='ltr'><strong>modo</strong></span> <span class='ocrx_word' id='word_1_6' title='bbox 613 385 829 443; x_wconf 86' lang='lat' dir='ltr'><strong>semper</strong></span> <span class='ocrx_word' id='word_1_7' title='bbox 860 371 1072 427; x_wconf 92' lang='lat' dir='ltr'><strong>locutus</strong></span> <span class='ocrx_word' id='word_1_8' title='bbox 1104 378 1221 433; x_wconf 90' lang='lat' dir='ltr'><strong>est,</strong></span> <span class='ocrx_word' id='word_1_9' title='bbox 1260 369 1353 425; x_wconf 92' lang='lat' dir='ltr'><strong>sed</strong></span> <span class='ocrx_word' id='word_1_10' title='bbox 1388 378 1412 405; x_wconf 75' lang='grc' dir='ltr'>ει</span> <span class='ocrx_word' id='word_1_11' title='bbox 1453 369 1688 424; x_wconf 85' lang='lat' dir='ltr'><strong>diversis</strong></span> <span class='ocrx_word' id='word_1_12' title='bbox 1726 369 1935 433; x_wconf 89' lang='lat' dir='ltr'><strong>modis,</strong></span> <span class='ocrx_word' id='word_1_13' title='bbox 1964 378 2017 423; x_wconf 89' lang='lat' dir='ltr'><strong>et</strong></span> <span class='ocrx_word' id='word_1_14' title='bbox 2045 378 2099 440; x_wconf 78' lang='grc' dir='ltr'><strong>Α</strong></span> <span class='ocrx_word' id='word_1_15' title='bbox 2121 378 2248 424; x_wconf 85' lang='lat' dir='ltr'><strong>sunt</strong></span> <span class='ocrx_word' id='word_1_16' title='bbox 2277 368 2457 439; x_wconf 79' lang='lat' dir='ltr'><strong>itaque</strong></span> <span class='ocrx_word' id='word_1_17' title='bbox 2488 367 2699 436; x_wconf 88' lang='lat' dir='ltr'><strong>priores</strong></span> <span class='ocrx_word' id='word_1_18' title='bbox 2723 365 2820 433; x_wconf 89' lang='lat' dir='ltr'><strong>illi,</strong></span> <span class='ocrx_word' id='word_1_19' title='bbox 2842 364 2867 403; x_wconf 81' lang='grc' dir='ltr'>¹ί</span> <span class='ocrx_word' id='word_1_20' title='bbox 2895 364 2986 437; x_wconf 94' lang='lat' dir='ltr'><strong>qui</strong></span> <span class='ocrx_word' id='word_1_21' title='bbox 3007 364 3294 421; x_wconf 85' lang='lat' dir='ltr'><strong>audientes</strong></span> <span class='ocrx_word' id='word_1_22' title='bbox 3323 364 3661 431; x_wconf 78' lang='lat' dir='ltr'><strong>credebant,</strong></span> <span class='ocrx_word' id='word_1_23' title='bbox 3687 373 3745 419; x_wconf 88' lang='lat' dir='ltr'><strong>ut</strong></span> 
     </span>
    </p>
   </div>
   <div class='ocr_carea' id='block_1_4' title="bbox 414 458 3747 535">
    <p class='ocr_par' dir='ltr' id='par_1_4' title="bbox 414 458 3747 535">
     <span class='ocr_line' id='line_1_4' title="bbox 414 458 3747 535; baseline -0.004 -13"><span class='ocrx_word' id='word_1_24' title='bbox 414 466 615 535; x_wconf 78' lang='lat' dir='ltr'><strong>linguis</strong></span> <span class='ocrx_word' id='word_1_25' title='bbox 644 464 884 518; x_wconf 88' lang='lat' dir='ltr'><strong>humano</strong></span> <span class='ocrx_word' id='word_1_26' title='bbox 924 463 1108 533; x_wconf 80' lang='lat' dir='ltr'><strong>generi</strong></span> <span class='ocrx_word' id='word_1_27' title='bbox 1156 461 1505 531; x_wconf 67' lang='lat' dir='ltr'><strong>praedicavit?</strong></span> <span class='ocrx_word' id='word_1_28' title='bbox 1539 461 1675 515; x_wconf 87' lang='lat' dir='ltr'><strong>Cum</strong></span> <span class='ocrx_word' id='word_1_29' title='bbox 1720 460 2019 516; x_wconf 91' lang='lat' dir='ltr'><strong>secundum</strong></span> <span class='ocrx_word' id='word_1_30' title='bbox 2123 460 2276 523; x_wconf 90' lang='lat' dir='ltr'><strong>Seth,</strong></span> <span class='ocrx_word' id='word_1_31' title='bbox 2313 459 2531 522; x_wconf 86' lang='lat' dir='ltr'><strong>Enoch,</strong></span> <span class='ocrx_word' id='word_1_32' title='bbox 2562 458 2703 525; x_wconf 86' lang='lat' dir='ltr'><strong>Noe,</strong></span> <span class='ocrx_word' id='word_1_33' title='bbox 2728 467 2785 513; x_wconf 90' lang='lat' dir='ltr'><strong>et</strong></span> <span class='ocrx_word' id='word_1_34' title='bbox 2817 458 3003 512; x_wconf 68' lang='lat' dir='ltr'><strong>caeteri</strong></span> <span class='ocrx_word' id='word_1_35' title='bbox 3028 501 3042 525; x_wconf 93' lang='lat'><strong>,</strong></span> <span class='ocrx_word' id='word_1_36' title='bbox 3076 472 3237 527; x_wconf 89' lang='lat' dir='ltr'><strong>quam</strong></span> <span class='ocrx_word' id='word_1_37' title='bbox 3272 471 3404 523; x_wconf 93' lang='lat' dir='ltr'><strong>nos;</strong></span> <span class='ocrx_word' id='word_1_38' title='bbox 3432 458 3531 529; x_wconf 86' lang='lat' dir='ltr'><strong>qui</strong></span> <span class='ocrx_word' id='word_1_39' title='bbox 3567 465 3628 512; x_wconf 91' lang='lat' dir='ltr'><strong>et</strong></span> <span class='ocrx_word' id='word_1_40' title='bbox 3651 471 3747 510; x_wconf 90' lang='lat' dir='ltr'><strong>au-</strong></span> 
     </span>
    </p>
   </div>
   <div class='ocr_carea' id='block_1_5' title="bbox 412 552 3752 630">
    <p class='ocr_par' dir='ltr' id='par_1_5' title="bbox 412 552 3752 630">
     <span class='ocr_line' id='line_1_5' title="bbox 412 552 3752 630; baseline -0.002 -16"><span class='ocrx_word' id='word_1_41' title='bbox 412 559 775 630; x_wconf 85' lang='lat' dir='ltr'><strong>capacitatem</strong></span> <span class='ocrx_word' id='word_1_42' title='bbox 801 555 1083 609; x_wconf 90' lang='lat' dir='ltr'><strong>hominum</strong></span> <span class='ocrx_word' id='word_1_43' title='bbox 1111 553 1411 609; x_wconf 83' lang='lat' dir='ltr'><strong>videntium</strong></span> <span class='ocrx_word' id='word_1_44' title='bbox 1432 595 1445 619; x_wconf 94' lang='lat'><strong>,</strong></span> <span class='ocrx_word' id='word_1_45' title='bbox 1468 554 1483 584; x_wconf 83' lang='grc'>¹</span> <span class='ocrx_word' id='word_1_46' title='bbox 1505 561 1665 624; x_wconf 89' lang='lat' dir='ltr'><strong>atque</strong></span> <span class='ocrx_word' id='word_1_47' title='bbox 1688 554 2020 623; x_wconf 87' lang='lat' dir='ltr'><strong>cupientium</strong></span> <span class='ocrx_word' id='word_1_48' title='bbox 2119 556 2335 611; x_wconf 91' lang='lat' dir='ltr'><strong>dientes</strong></span> <span class='ocrx_word' id='word_1_49' title='bbox 2390 562 2552 625; x_wconf 90' lang='lat' dir='ltr'><strong>atque</strong></span> <span class='ocrx_word' id='word_1_50' title='bbox 2597 554 2846 625; x_wconf 88' lang='lat' dir='ltr'><strong>legentes</strong></span> <span class='ocrx_word' id='word_1_51' title='bbox 2896 552 3338 609; x_wconf 87' lang='lat' dir='ltr'><strong>misericordiam</strong></span> <span class='ocrx_word' id='word_1_52' title='bbox 3390 553 3614 610; x_wconf 81' lang='lat' dir='ltr'><strong>Christi</strong></span> <span class='ocrx_word' id='word_1_53' title='bbox 3648 552 3752 607; x_wconf 84' lang='lat' dir='ltr'><strong>Do-</strong></span> 
     </span>
    </p>
   </div>
   <div class='ocr_carea' id='block_1_6' title="bbox 413 645 2017 719">
    <p class='ocr_par' dir='ltr' id='par_1_6' title="bbox 413 645 2017 719">
     <span class='ocr_line' id='line_1_6' title="bbox 413 645 2017 719; baseline -0.004 -13"><span class='ocrx_word' id='word_1_54' title='bbox 413 652 638 716; x_wconf 90' lang='lat' dir='ltr'><strong>videre,</strong></span> <span class='ocrx_word' id='word_1_55' title='bbox 670 658 834 719; x_wconf 92' lang='lat' dir='ltr'><strong>atque</strong></span> <span class='ocrx_word' id='word_1_56' title='bbox 865 646 1053 701; x_wconf 85' lang='lat' dir='ltr'><strong>audire</strong></span> <span class='ocrx_word' id='word_1_57' title='bbox 1077 688 1090 712; x_wconf 92' lang='lat'><strong>,</strong></span> <span class='ocrx_word' id='word_1_58' title='bbox 1120 646 1191 699; x_wconf 91' lang='lat' dir='ltr'><strong>ita</strong></span> <span class='ocrx_word' id='word_1_59' title='bbox 1219 647 1288 699; x_wconf 88' lang='lat' dir='ltr'><strong>sit</strong></span> <span class='ocrx_word' id='word_1_60' title='bbox 1313 646 1545 712; x_wconf 91' lang='lat' dir='ltr'><strong>locutus,</strong></span> <span class='ocrx_word' id='word_1_61' title='bbox 1576 655 1631 700; x_wconf 91' lang='lat' dir='ltr'><strong>et</strong></span> <span class='ocrx_word' id='word_1_62' title='bbox 1659 646 1812 699; x_wconf 91' lang='lat' dir='ltr'><strong>visus</strong></span> <span class='ocrx_word' id='word_1_63' title='bbox 1843 645 2017 700; x_wconf 76' lang='lat' dir='ltr'><strong>homi~</strong></span> 
     </span>
    </p>
   </div>
   <div class='ocr_carea' id='block_1_7' title="bbox 412 736 2023 810">
    <p class='ocr_par' dir='ltr' id='par_1_7' title="bbox 412 736 2023 810">
     <span class='ocr_line' id='line_1_7' title="bbox 412 736 2023 810; baseline -0.003 -13"><span class='ocrx_word' id='word_1_64' title='bbox 412 743 599 797; x_wconf 91' lang='lat' dir='ltr'><strong>nibus.</strong></span> <span class='ocrx_word' id='word_1_65' title='bbox 635 740 888 810; x_wconf 86' lang='lat' dir='ltr'><strong>Projeeto</strong></span> <span class='ocrx_word' id='word_1_66' title='bbox 916 739 1096 807; x_wconf 91' lang='lat' dir='ltr'><strong>itaque</strong></span> <span class='ocrx_word' id='word_1_67' title='bbox 1124 738 1193 793; x_wconf 89' lang='lat' dir='ltr'><strong>de</strong></span> <span class='ocrx_word' id='word_1_68' title='bbox 1226 737 1476 805; x_wconf 77' lang='lat' dir='ltr'><strong>paradiso</strong></span> <span class='ocrx_word' id='word_1_69' title='bbox 1502 738 1745 803; x_wconf 84' lang='lat' dir='ltr'><strong>homine,</strong></span> <span class='ocrx_word' id='word_1_70' title='bbox 1775 739 1795 768; x_wconf 85' lang='grc'>¹</span> <span class='ocrx_word' id='word_1_71' title='bbox 1826 736 1853 775; x_wconf 72' lang='grc' dir='ltr'>ι’</span> <span class='ocrx_word' id='word_1_72' title='bbox 1878 752 2023 793; x_wconf 93' lang='lat' dir='ltr'><strong>mor-</strong></span> 
     </span>
    </p>
   </div>
   <div class='ocr_carea' id='block_1_8' title="bbox 413 829 2017 906">
    <p class='ocr_par' dir='ltr' id='par_1_8' title="bbox 413 829 2017 906">
     <span class='ocr_line' id='line_1_8' title="bbox 413 829 2017 906; baseline -0.006 -14"><span class='ocrx_word' id='word_1_73' title='bbox 413 846 633 906; x_wconf 84' lang='lat' dir='ltr'><strong>temque</strong></span> <span class='ocrx_word' id='word_1_74' title='bbox 661 834 875 900; x_wconf 89' lang='lat' dir='ltr'><strong>induto,</strong></span> <span class='ocrx_word' id='word_1_75' title='bbox 900 846 1008 887; x_wconf 91' lang='lat' dir='ltr'><strong>non</strong></span> <span class='ocrx_word' id='word_1_76' title='bbox 1028 831 1141 901; x_wconf 87' lang='lat' dir='ltr'><strong>jam</strong></span> <span class='ocrx_word' id='word_1_77' title='bbox 1176 832 1245 884; x_wconf 90' lang='lat' dir='ltr'><strong>ita</strong></span> <span class='ocrx_word' id='word_1_78' title='bbox 1273 830 1570 901; x_wconf 81' lang='lat' dir='ltr'><strong>apparebat</strong></span> <span class='ocrx_word' id='word_1_79' title='bbox 1596 829 1736 885; x_wconf 85' lang='lat' dir='ltr'><strong>sicut</strong></span> <span class='ocrx_word' id='word_1_80' title='bbox 1766 837 2017 898; x_wconf 86' lang='lat' dir='ltr'><strong>etantea,</strong></span> 
     </span>
    </p>
   </div>
   <div class='ocr_carea' id='block_1_9' title="bbox 416 923 2021 999">
    <p class='ocr_par' dir='ltr' id='par_1_9' title="bbox 416 923 2021 999">
     <span class='ocr_line' id='line_1_9' title="bbox 416 923 2021 999; baseline -0.004 -14"><span class='ocrx_word' id='word_1_81' title='bbox 416 930 510 985; x_wconf 88' lang='lat' dir='ltr'><strong>sed</strong></span> <span class='ocrx_word' id='word_1_82' title='bbox 544 928 868 999; x_wconf 86' lang='lat' dir='ltr'><strong>loquebatur</strong></span> <span class='ocrx_word' id='word_1_83' title='bbox 892 936 913 963; x_wconf 78' lang='grc' dir='ltr'><strong>ο</strong></span> <span class='ocrx_word' id='word_1_84' title='bbox 940 925 1005 980; x_wconf 89' lang='lat' dir='ltr'><strong>de</strong></span> <span class='ocrx_word' id='word_1_85' title='bbox 1027 923 1165 979; x_wconf 65' lang='lat' dir='ltr'><strong>caelo</strong></span> <span class='ocrx_word' id='word_1_86' title='bbox 1197 938 1330 979; x_wconf 92' lang='lat' dir='ltr'><strong>voce</strong></span> <span class='ocrx_word' id='word_1_87' title='bbox 1350 923 1516 993; x_wconf 86' lang='lat' dir='ltr'><strong>ipsius</strong></span> <span class='ocrx_word' id='word_1_88' title='bbox 1542 923 1747 990; x_wconf 91' lang='lat' dir='ltr'><strong>audita,</strong></span> <span class='ocrx_word' id='word_1_89' title='bbox 1766 933 1929 994; x_wconf 88' lang='lat' dir='ltr'><strong>atque</strong></span> <span class='ocrx_word' id='word_1_90' title='bbox 1960 937 2021 978; x_wconf 88' lang='lat' dir='ltr'><strong>ea</strong></span> 
     </span>
    </p>
   </div>
   <div class='ocr_carea' id='block_1_10' title="bbox 412 1015 2023 1088">
    <p class='ocr_par' dir='ltr' id='par_1_10' title="bbox 412 1015 2023 1088">
     <span class='ocr_line' id='line_1_10' title="bbox 412 1015 2023 1088; baseline -0.004 -12"><span class='ocrx_word' id='word_1_91' title='bbox 412 1021 689 1077; x_wconf 85' lang='lat' dir='ltr'><strong>custodita</strong></span> <span class='ocrx_word' id='word_1_92' title='bbox 724 1038 753 1077; x_wconf 89' lang='lat'><strong>:.</strong></span> <span class='ocrx_word' id='word_1_93' title='bbox 790 1032 1050 1088; x_wconf 91' lang='lat' dir='ltr'><strong>processu</strong></span> <span class='ocrx_word' id='word_1_94' title='bbox 1096 1026 1277 1071; x_wconf 91' lang='lat' dir='ltr'><strong>autem</strong></span> <span class='ocrx_word' id='word_1_95' title='bbox 1314 1015 1609 1085; x_wconf 90' lang='lat' dir='ltr'><strong>temporis,</strong></span> <span class='ocrx_word' id='word_1_96' title='bbox 1654 1024 1712 1070; x_wconf 89' lang='lat' dir='ltr'><strong>et</strong></span> <span class='ocrx_word' id='word_1_97' title='bbox 1760 1029 2023 1085; x_wconf 85' lang='lat' dir='ltr'><strong>apparere</strong></span> 
     </span>
    </p>
   </div>
   <div class='ocr_carea' id='block_1_11' title="bbox 414 1106 2025 1185">
    <p class='ocr_par' dir='ltr' id='par_1_11' title="bbox 414 1106 2025 1185">
     <span class='ocr_line' id='line_1_11' title="bbox 414 1106 2025 1185; baseline -0.005 -16"><span class='ocrx_word' id='word_1_98' title='bbox 414 1114 767 1185; x_wconf 81' lang='lat' dir='ltr'><strong>dignabatur,</strong></span> <span class='ocrx_word' id='word_1_99' title='bbox 799 1120 856 1165; x_wconf 93' lang='lat' dir='ltr'><strong>ut</strong></span> <span class='ocrx_word' id='word_1_100' title='bbox 890 1110 1123 1165; x_wconf 84' lang='lat' dir='ltr'><strong>Abrah:e</strong></span> <span class='ocrx_word' id='word_1_101' title='bbox 1166 1106 1193 1145; x_wconf 75' lang='grc' dir='ltr'><strong>ἀ</strong></span> <span class='ocrx_word' id='word_1_102' title='bbox 1227 1108 1544 1162; x_wconf 88' lang='lat' dir='ltr'><strong>beatissimo</strong></span> <span class='ocrx_word' id='word_1_103' title='bbox 1573 1106 1899 1176; x_wconf 71' lang='lat' dir='ltr'><strong>patriarcha:</strong></span> <span class='ocrx_word' id='word_1_104' title='bbox 1926 1149 1937 1169; x_wconf 89' lang='lat'><strong>,</strong></span> <span class='ocrx_word' id='word_1_105' title='bbox 1969 1116 2025 1161; x_wconf 91' lang='lat' dir='ltr'><strong>et</strong></span> 
     </span>
    </p>
   </div>
   <div class='ocr_carea' id='block_1_12' title="bbox 410 1199 2023 1276">
    <p class='ocr_par' dir='ltr' id='par_1_12' title="bbox 410 1199 2023 1276">
     <span class='ocr_line' id='line_1_12' title="bbox 410 1199 2023 1276; baseline -0.004 -13"><span class='ocrx_word' id='word_1_106' title='bbox 410 1209 539 1263; x_wconf 85' lang='lat' dir='ltr'><strong>aliis</strong></span> <span class='ocrx_word' id='word_1_107' title='bbox 574 1220 595 1241; x_wconf 63' lang='grc' dir='ltr'>υ</span> <span class='ocrx_word' id='word_1_108' title='bbox 635 1221 731 1276; x_wconf 89' lang='lat' dir='ltr'><strong>per</strong></span> <span class='ocrx_word' id='word_1_109' title='bbox 762 1205 1035 1258; x_wconf 88' lang='lat' dir='ltr'><strong>ordinem.</strong></span> <span class='ocrx_word' id='word_1_110' title='bbox 1067 1202 1178 1257; x_wconf 88' lang='lat' dir='ltr'><strong>Sub</strong></span> <span class='ocrx_word' id='word_1_111' title='bbox 1208 1201 1354 1255; x_wconf 86' lang='lat' dir='ltr'><strong>Mose</strong></span> <span class='ocrx_word' id='word_1_112' title='bbox 1392 1213 1575 1256; x_wconf 86' lang='lat' dir='ltr'><strong>autem</strong></span> <span class='ocrx_word' id='word_1_113' title='bbox 1610 1199 1627 1237; x_wconf 73' lang='grc' dir='ltr'><strong>ί</strong></span> <span class='ocrx_word' id='word_1_114' title='bbox 1658 1201 1897 1255; x_wconf 90' lang='lat' dir='ltr'><strong>diversis</strong></span> <span class='ocrx_word' id='word_1_115' title='bbox 1932 1216 2023 1256; x_wconf 89' lang='lat' dir='ltr'><strong>re-</strong></span> 
     </span>
    </p>
   </div>
   <div class='ocr_carea' id='block_1_13' title="bbox 415 1294 2026 1371">
    <p class='ocr_par' dir='ltr' id='par_1_13' title="bbox 415 1294 2026 1371">
     <span class='ocr_line' id='line_1_13' title="bbox 415 1294 2026 1371; baseline -0.006 -13"><span class='ocrx_word' id='word_1_116' title='bbox 415 1307 517 1359; x_wconf 84' lang='lat' dir='ltr'><strong>bus</strong></span> <span class='ocrx_word' id='word_1_117' title='bbox 548 1315 851 1371; x_wconf 84' lang='lat' dir='ltr'><strong>apparens,</strong></span> <span class='ocrx_word' id='word_1_118' title='bbox 882 1308 937 1353; x_wconf 90' lang='lat' dir='ltr'><strong>ct</strong></span> <span class='ocrx_word' id='word_1_119' title='bbox 967 1299 1109 1367; x_wconf 91' lang='lat' dir='ltr'><strong>quod</strong></span> <span class='ocrx_word' id='word_1_120' title='bbox 1140 1306 1259 1351; x_wconf 89' lang='lat' dir='ltr'><strong>erat</strong></span> <span class='ocrx_word' id='word_1_121' title='bbox 1284 1308 1307 1341; x_wconf 65' lang='grc' dir='ltr'><strong>μ</strong></span> <span class='ocrx_word' id='word_1_122' title='bbox 1338 1297 1572 1359; x_wconf 87' lang='lat' dir='ltr'><strong>timoris,</strong></span> <span class='ocrx_word' id='word_1_123' title='bbox 1602 1305 1764 1365; x_wconf 90' lang='lat' dir='ltr'><strong>atque</strong></span> <span class='ocrx_word' id='word_1_124' title='bbox 1796 1294 2026 1350; x_wconf 88' lang='lat' dir='ltr'><strong>terroris</strong></span> 
     </span>
    </p>
   </div>
   <div class='ocr_carea' id='block_1_14' title="bbox 416 1390 2026 1460">
    <p class='ocr_par' dir='ltr' id='par_1_14' title="bbox 416 1390 2026 1460">
     <span class='ocr_line' id='line_1_14' title="bbox 416 1390 2026 1460; baseline -0.004 -10"><span class='ocrx_word' id='word_1_125' title='bbox 416 1398 471 1451; x_wconf 92' lang='lat' dir='ltr'><strong>in</strong></span> <span class='ocrx_word' id='word_1_126' title='bbox 500 1405 687 1449; x_wconf 91' lang='lat' dir='ltr'><strong>monte</strong></span> <span class='ocrx_word' id='word_1_127' title='bbox 714 1393 846 1448; x_wconf 87' lang='lat' dir='ltr'><strong>Sina</strong></span> <span class='ocrx_word' id='word_1_128' title='bbox 878 1390 1318 1453; x_wconf 87' lang='lat' dir='ltr'><strong>demonstrabat,</strong></span> <span class='ocrx_word' id='word_1_129' title='bbox 1344 1390 1364 1420; x_wconf 85' lang='grc'>³</span> <span class='ocrx_word' id='word_1_130' title='bbox 1390 1400 1743 1460; x_wconf 85' lang='lat' dir='ltr'><strong>posteaquam</strong></span> <span class='ocrx_word' id='word_1_131' title='bbox 1776 1390 1832 1443; x_wconf 93' lang='lat' dir='ltr'><strong>in</strong></span> <span class='ocrx_word' id='word_1_132' title='bbox 1856 1390 2026 1459; x_wconf 84' lang='lat' dir='ltr'><strong>figura</strong></span> 
     </span>
    </p>
   </div>
   <div class='ocr_carea' id='block_1_15' title="bbox 414 1482 2023 1560">
    <p class='ocr_par' dir='ltr' id='par_1_15' title="bbox 414 1482 2023 1560">
     <span class='ocr_line' id='line_1_15' title="bbox 414 1482 2023 1560; baseline -0.005 -16"><span class='ocrx_word' id='word_1_133' title='bbox 414 1489 593 1559; x_wconf 84' lang='lat' dir='ltr'><strong>angeli</strong></span> <span class='ocrx_word' id='word_1_134' title='bbox 642 1486 838 1560; x_wconf 76' lang='lat' dir='ltr'><strong>(Exod.</strong></span> <span class='ocrx_word' id='word_1_135' title='bbox 876 1502 981 1553; x_wconf 86' lang='lat' dir='ltr'><strong>xtv,</strong></span> <span class='ocrx_word' id='word_1_136' title='bbox 1033 1485 1157 1556; x_wconf 88' lang='lat'><strong>19),</strong></span> <span class='ocrx_word' id='word_1_137' title='bbox 1192 1496 1244 1539; x_wconf 91' lang='lat' dir='ltr'><strong>et</strong></span> <span class='ocrx_word' id='word_1_138' title='bbox 1275 1484 1329 1539; x_wconf 90' lang='lat' dir='ltr'><strong>in</strong></span> <span class='ocrx_word' id='word_1_139' title='bbox 1378 1483 1551 1538; x_wconf 90' lang='lat' dir='ltr'><strong>forma</strong></span> <span class='ocrx_word' id='word_1_140' title='bbox 1585 1483 1828 1538; x_wconf 89' lang='lat' dir='ltr'><strong>hominis</strong></span> <span class='ocrx_word' id='word_1_141' title='bbox 1868 1482 2023 1553; x_wconf 75' lang='lat' dir='ltr'><strong>(Gen.</strong></span> 
     </span>
    </p>
   </div>
   <div class='ocr_carea' id='block_1_16' title="bbox 413 1575 2029 1650">
    <p class='ocr_par' dir='ltr' id='par_1_16' title="bbox 413 1575 2029 1650">
     <span class='ocr_line' id='line_1_16' title="bbox 413 1575 2029 1650; baseline -0.006 -12"><span class='ocrx_word' id='word_1_142' title='bbox 413 1599 564 1638; x_wconf 83' lang='lat' dir='ltr'><strong>xxxn</strong></span> <span class='ocrx_word' id='word_1_143' title='bbox 592 1624 605 1648; x_wconf 96' lang='lat'><strong>,</strong></span> <span class='ocrx_word' id='word_1_144' title='bbox 638 1581 734 1650; x_wconf 72' lang='lat'><strong>24)</strong></span> <span class='ocrx_word' id='word_1_145' title='bbox 768 1582 788 1611; x_wconf 57' lang='grc' dir='ltr'>δ</span> <span class='ocrx_word' id='word_1_146' title='bbox 823 1578 1289 1649; x_wconf 90' lang='lat' dir='ltr'><strong>incorporationis</strong></span> <span class='ocrx_word' id='word_1_147' title='bbox 1327 1592 1440 1632; x_wconf 68' lang='lat' dir='ltr'><strong>sum</strong></span> <span class='ocrx_word' id='word_1_148' title='bbox 1491 1576 1760 1631; x_wconf 67' lang='lat' dir='ltr'><strong>adfutura:</strong></span> <span class='ocrx_word' id='word_1_149' title='bbox 1808 1575 2029 1630; x_wconf 88' lang='lat' dir='ltr'><strong>indiciis</strong></span> 
     </span>
    </p>
   </div>
   <div class='ocr_carea' id='block_1_17' title="bbox 417 1669 2030 1750">
    <p class='ocr_par' dir='ltr' id='par_1_17' title="bbox 417 1669 2030 1750">
     <span class='ocr_line' id='line_1_17' title="bbox 417 1669 2030 1750; baseline -0.007 -16"><span class='ocrx_word' id='word_1_150' title='bbox 417 1676 890 1750; x_wconf 66' lang='lat' dir='ltr'><strong>praecurrentibus</strong></span> <span class='ocrx_word' id='word_1_151' title='bbox 931 1674 1246 1745; x_wconf 88' lang='lat' dir='ltr'><strong>generalem</strong></span> <span class='ocrx_word' id='word_1_152' title='bbox 1279 1672 1583 1728; x_wconf 77' lang='lat' dir='ltr'><strong>clementia:</strong></span> <span class='ocrx_word' id='word_1_153' title='bbox 1632 1669 1919 1725; x_wconf 86' lang='lat' dir='ltr'><strong>nuntiabat</strong></span> <span class='ocrx_word' id='word_1_154' title='bbox 1946 1670 2030 1723; x_wconf 91' lang='lat' dir='ltr'><strong>vi-</strong></span> 
     </span>
    </p>
   </div>
   <div class='ocr_carea' id='block_1_18' title="bbox 2123 648 3753 719">
    <p class='ocr_par' dir='ltr' id='par_1_18' title="bbox 2123 648 3753 719">
     <span class='ocr_line' id='line_1_18' title="bbox 2123 648 3753 719; baseline -0.002 -15"><span class='ocrx_word' id='word_1_155' title='bbox 2123 650 2279 714; x_wconf 90' lang='lat' dir='ltr'><strong>mini,</strong></span> <span class='ocrx_word' id='word_1_156' title='bbox 2301 658 2357 704; x_wconf 91' lang='lat' dir='ltr'><strong>et</strong></span> <span class='ocrx_word' id='word_1_157' title='bbox 2373 649 2676 704; x_wconf 83' lang='lat' dir='ltr'><strong>bonitatem</strong></span> <span class='ocrx_word' id='word_1_158' title='bbox 2697 648 2817 719; x_wconf 91' lang='lat' dir='ltr'><strong>ejus</strong></span> <span class='ocrx_word' id='word_1_159' title='bbox 2830 649 3238 705; x_wconf 91' lang='lat' dir='ltr'><strong>contemnimus</strong></span> <span class='ocrx_word' id='word_1_160' title='bbox 3260 648 3553 719; x_wconf 85' lang='lat' dir='ltr'><strong>copiosam</strong></span> <span class='ocrx_word' id='word_1_161' title='bbox 3587 667 3600 701; x_wconf 90' lang='lat'>:</span> <span class='ocrx_word' id='word_1_162' title='bbox 3631 664 3753 701; x_wconf 86' lang='lat' dir='ltr'><strong>nam</strong></span> 
     </span>
    </p>
   </div>
   <div class='ocr_carea' id='block_1_19' title="bbox 2123 741 3756 811">
    <p class='ocr_par' dir='ltr' id='par_1_19' title="bbox 2123 741 3756 811">
     <span class='ocr_line' id='line_1_19' title="bbox 2123 741 3756 811; baseline -0.002 -12"><span class='ocrx_word' id='word_1_163' title='bbox 2123 754 2178 799; x_wconf 93' lang='lat' dir='ltr'><strong>et</strong></span> <span class='ocrx_word' id='word_1_164' title='bbox 2203 743 2516 799; x_wconf 69' lang='lat' dir='ltr'><strong>Judaaorum</strong></span> <span class='ocrx_word' id='word_1_165' title='bbox 2545 757 2731 809; x_wconf 90' lang='lat' dir='ltr'><strong>causa,</strong></span> <span class='ocrx_word' id='word_1_166' title='bbox 2756 753 2813 798; x_wconf 92' lang='lat' dir='ltr'><strong>et</strong></span> <span class='ocrx_word' id='word_1_167' title='bbox 2841 742 2859 779; x_wconf 82' lang='grc' dir='ltr'><strong>ι</strong></span> <span class='ocrx_word' id='word_1_168' title='bbox 2888 744 2908 773; x_wconf 80' lang='grc'><strong><em>⁵</em></strong></span> <span class='ocrx_word' id='word_1_169' title='bbox 2934 742 3056 796; x_wconf 91' lang='lat' dir='ltr'><strong>aliis</strong></span> <span class='ocrx_word' id='word_1_170' title='bbox 3084 743 3299 797; x_wconf 86' lang='lat' dir='ltr'><strong>locutus</strong></span> <span class='ocrx_word' id='word_1_171' title='bbox 3327 741 3675 811; x_wconf 80' lang='lat' dir='ltr'><strong>estlinguis,</strong></span> <span class='ocrx_word' id='word_1_172' title='bbox 3700 750 3756 795; x_wconf 91' lang='lat' dir='ltr'><strong>ut</strong></span> 
     </span>
    </p>
   </div>
   <div class='ocr_carea' id='block_1_20' title="bbox 2123 837 3758 910">
    <p class='ocr_par' dir='ltr' id='par_1_20' title="bbox 2123 837 3758 910">
     <span class='ocr_line' id='line_1_20' title="bbox 2123 837 3758 910; baseline -0.002 -18"><span class='ocrx_word' id='word_1_173' title='bbox 2123 839 2463 909; x_wconf 85' lang='lat' dir='ltr'><strong>compleatur</strong></span> <span class='ocrx_word' id='word_1_174' title='bbox 2502 837 2643 909; x_wconf 90' lang='lat' dir='ltr'><strong>quod</strong></span> <span class='ocrx_word' id='word_1_175' title='bbox 2686 838 2741 891; x_wconf 88' lang='lat' dir='ltr'><strong>in</strong></span> <span class='ocrx_word' id='word_1_176' title='bbox 2766 837 2959 910; x_wconf 83' lang='lat' dir='ltr'><strong>linguis</strong></span> <span class='ocrx_word' id='word_1_177' title='bbox 2982 838 3123 901; x_wconf 81' lang='lat' dir='ltr'><strong>aliis,</strong></span> <span class='ocrx_word' id='word_1_178' title='bbox 3152 848 3203 891; x_wconf 85' lang='lat' dir='ltr'><strong>et</strong></span> <span class='ocrx_word' id='word_1_179' title='bbox 3226 838 3378 891; x_wconf 79' lang='lat' dir='ltr'><strong>labiis</strong></span> <span class='ocrx_word' id='word_1_180' title='bbox 3401 838 3602 908; x_wconf 87' lang='lat' dir='ltr'><strong>loquar</strong></span> <span class='ocrx_word' id='word_1_181' title='bbox 3635 837 3758 889; x_wconf 85' lang='lat' dir='ltr'><strong>huic</strong></span> 
     </span>
    </p>
   </div>
   <div class='ocr_carea' id='block_1_21' title="bbox 2123 929 3753 1001">
    <p class='ocr_par' dir='ltr' id='par_1_21' title="bbox 2123 929 3753 1001">
     <span class='ocr_line' id='line_1_21' title="bbox 2123 929 3753 1001; baseline -0.001 -17"><span class='ocrx_word' id='word_1_182' title='bbox 2123 932 2315 1001; x_wconf 87' lang='lat' dir='ltr'><strong>populo</strong></span> <span class='ocrx_word' id='word_1_183' title='bbox 2344 932 2360 1001; x_wconf 97' lang='lat'>(</span> <span class='ocrx_word' id='word_1_184' title='bbox 2390 929 2519 984; x_wconf 85' lang='lat' dir='ltr'><strong>Isai.</strong></span> <span class='ocrx_word' id='word_1_185' title='bbox 2545 946 2733 994; x_wconf 83' lang='lat' dir='ltr'><strong>xxvni,</strong></span> <span class='ocrx_word' id='word_1_186' title='bbox 2772 932 2828 986; x_wconf 83' lang='lat'><strong>1|</strong></span> <span class='ocrx_word' id='word_1_187' title='bbox 2865 930 2903 999; x_wconf 90' lang='lat'><strong>).</strong></span> <span class='ocrx_word' id='word_1_188' title='bbox 2938 939 2994 985; x_wconf 93' lang='lat' dir='ltr'><strong>et</strong></span> <span class='ocrx_word' id='word_1_189' title='bbox 3027 944 3127 985; x_wconf 92' lang='lat' dir='ltr'><strong>nec</strong></span> <span class='ocrx_word' id='word_1_190' title='bbox 3150 930 3221 984; x_wconf 88' lang='lat' dir='ltr'><strong>ita</strong></span> <span class='ocrx_word' id='word_1_191' title='bbox 3245 940 3411 985; x_wconf 91' lang='lat' dir='ltr'><strong>erunt</strong></span> <span class='ocrx_word' id='word_1_192' title='bbox 3439 929 3753 993; x_wconf 87' lang='lat' dir='ltr'><strong>credituri,</strong></span> 
     </span>
    </p>
   </div>
   <div class='ocr_carea' id='block_1_22' title="bbox 2123 1021 3754 1093">
    <p class='ocr_par' dir='ltr' id='par_1_22' title="bbox 2123 1021 3754 1093">
     <span class='ocr_line' id='line_1_22' title="bbox 2123 1021 3754 1093; baseline -0.002 -16"><span class='ocrx_word' id='word_1_193' title='bbox 2123 1022 2251 1077; x_wconf 89' lang='lat' dir='ltr'><strong>dicit</strong></span> <span class='ocrx_word' id='word_1_194' title='bbox 2299 1022 2599 1087; x_wconf 85' lang='lat' dir='ltr'><strong>Dominus;</strong></span> <span class='ocrx_word' id='word_1_195' title='bbox 2646 1037 2771 1077; x_wconf 90' lang='lat' dir='ltr'><strong>nam</strong></span> <span class='ocrx_word' id='word_1_196' title='bbox 2818 1038 2917 1093; x_wconf 89' lang='lat' dir='ltr'><strong>per</strong></span> <span class='ocrx_word' id='word_1_197' title='bbox 2966 1022 3163 1077; x_wconf 88' lang='lat' dir='ltr'><strong>Isaiam</strong></span> <span class='ocrx_word' id='word_1_198' title='bbox 3210 1022 3395 1076; x_wconf 89' lang='lat' dir='ltr'><strong>dicit:</strong></span> <span class='ocrx_word' id='word_1_199' title='bbox 3435 1030 3474 1057; x_wconf 79' lang='grc' dir='ltr'>ω</span> <span class='ocrx_word' id='word_1_200' title='bbox 3518 1021 3754 1075; x_wconf 77' lang='lat' dir='ltr'><strong>Verbum</strong></span> 
     </span>
    </p>
   </div>
   <div class='ocr_carea' id='block_1_23' title="bbox 2127 1116 2898 1171">
    <p class='ocr_par' dir='ltr' id='par_1_23' title="bbox 2127 1116 2898 1171">
     <span class='ocr_line' id='line_1_23' title="bbox 2127 1116 2898 1171; baseline 0 -2"><span class='ocrx_word' id='word_1_201' title='bbox 2127 1133 2293 1170; x_wconf 86' lang='lat' dir='ltr'><strong>meum</strong></span> <span class='ocrx_word' id='word_1_202' title='bbox 2315 1117 2515 1171; x_wconf 86' lang='lat' dir='ltr'><strong>mittam</strong></span> <span class='ocrx_word' id='word_1_203' title='bbox 2544 1118 2597 1171; x_wconf 86' lang='lat' dir='ltr'><strong>in</strong></span> <span class='ocrx_word' id='word_1_204' title='bbox 2623 1116 2898 1170; x_wconf 83' lang='lat' dir='ltr'><strong>Achaiam.</strong></span> 
     </span>
    </p>
   </div>
   <div class='ocr_carea' id='block_1_24' title="bbox 2124 1209 3756 1279">
    <p class='ocr_par' dir='ltr' id='par_1_24' title="bbox 2124 1209 3756 1279">
     <span class='ocr_line' id='line_1_24' title="bbox 2124 1209 3756 1279; baseline 0 -14"><span class='ocrx_word' id='word_1_205' title='bbox 2124 1209 2420 1265; x_wconf 80' lang='lat' dir='ltr'><strong>CXXXIX.</strong></span> <span class='ocrx_word' id='word_1_206' title='bbox 2464 1210 2552 1264; x_wconf 88' lang='lat' dir='ltr'><strong>DE</strong></span> <span class='ocrx_word' id='word_1_207' title='bbox 2612 1210 3035 1267; x_wconf 74' lang='lat' dir='ltr'><strong>ANIMALIBUS</strong></span> <span class='ocrx_word' id='word_1_208' title='bbox 3072 1210 3412 1279; x_wconf 84' lang='lat' dir='ltr'><strong>QUATUOR</strong></span> <span class='ocrx_word' id='word_1_209' title='bbox 3466 1209 3545 1266; x_wconf 86' lang='lat' dir='ltr'><strong>IN</strong></span> <span class='ocrx_word' id='word_1_210' title='bbox 3587 1209 3756 1265; x_wconf 73' lang='grc' dir='ltr'><strong>ΡΒΟο</strong></span> 
     </span>
    </p>
   </div>
   <div class='ocr_carea' id='block_1_25' title="bbox 2343 1302 3521 1360">
    <p class='ocr_par' dir='ltr' id='par_1_25' title="bbox 2343 1302 3521 1360">
     <span class='ocr_line' id='line_1_25' title="bbox 2343 1302 3521 1360; baseline 0.001 -3"><span class='ocrx_word' id='word_1_211' title='bbox 2343 1303 2587 1359; x_wconf 84' lang='lat' dir='ltr'><strong>PIIETIS</strong></span> <span class='ocrx_word' id='word_1_212' title='bbox 2637 1302 2951 1359; x_wconf 68' lang='lat' dir='ltr'><strong>H/ERESIS</strong></span> <span class='ocrx_word' id='word_1_213' title='bbox 2994 1304 3181 1359; x_wconf 75' lang='lat' dir='ltr'><strong>NIMIS</strong></span> <span class='ocrx_word' id='word_1_214' title='bbox 3220 1303 3521 1360; x_wconf 75' lang='lat' dir='ltr'><strong>CRASSA.</strong></span> 
     </span>
    </p>
   </div>
   <div class='ocr_carea' id='block_1_26' title="bbox 2204 1397 3759 1469">
    <p class='ocr_par' dir='ltr' id='par_1_26' title="bbox 2204 1397 3759 1469">
     <span class='ocr_line' id='line_1_26' title="bbox 2204 1397 3759 1469; baseline 0.002 -19"><span class='ocrx_word' id='word_1_215' title='bbox 2204 1397 2324 1452; x_wconf 81' lang='lat' dir='ltr'><strong>Alia</strong></span> <span class='ocrx_word' id='word_1_216' title='bbox 2369 1406 2455 1452; x_wconf 89' lang='lat' dir='ltr'><strong>est</strong></span> <span class='ocrx_word' id='word_1_217' title='bbox 2486 1397 2744 1462; x_wconf 87' lang='lat' dir='ltr'><strong>haeresis,</strong></span> <span class='ocrx_word' id='word_1_218' title='bbox 2779 1414 2899 1469; x_wconf 78' lang='lat' dir='ltr'><strong>qute</strong></span> <span class='ocrx_word' id='word_1_219' title='bbox 2930 1413 3052 1453; x_wconf 90' lang='lat' dir='ltr'><strong>cum</strong></span> <span class='ocrx_word' id='word_1_220' title='bbox 3092 1399 3221 1468; x_wconf 83' lang='lat' dir='ltr'><strong>legit</strong></span> <span class='ocrx_word' id='word_1_221' title='bbox 3259 1408 3505 1469; x_wconf 84' lang='lat' dir='ltr'><strong>quatuor</strong></span> <span class='ocrx_word' id='word_1_222' title='bbox 3536 1400 3759 1453; x_wconf 86' lang='lat' dir='ltr'><strong>anima-</strong></span> 
     </span>
    </p>
   </div>
   <div class='ocr_carea' id='block_1_27' title="bbox 2128 1491 3755 1564">
    <p class='ocr_par' dir='ltr' id='par_1_27' title="bbox 2128 1491 3755 1564">
     <span class='ocr_line' id='line_1_27' title="bbox 2128 1491 3755 1564; baseline 0.001 -19"><span class='ocrx_word' id='word_1_223' title='bbox 2128 1492 2196 1546; x_wconf 91' lang='lat' dir='ltr'><strong>lia</strong></span> <span class='ocrx_word' id='word_1_224' title='bbox 2227 1500 2251 1527; x_wconf 81' lang='lat'><strong>&quot;</strong></span> <span class='ocrx_word' id='word_1_225' title='bbox 2285 1491 2339 1545; x_wconf 92' lang='lat' dir='ltr'><strong>in</strong></span> <span class='ocrx_word' id='word_1_226' title='bbox 2371 1491 2653 1561; x_wconf 87' lang='lat' dir='ltr'><strong>prophetis</strong></span> <span class='ocrx_word' id='word_1_227' title='bbox 2680 1534 2694 1559; x_wconf 93' lang='lat'><strong>,</strong></span> <span class='ocrx_word' id='word_1_228' title='bbox 2730 1507 2837 1548; x_wconf 94' lang='lat' dir='ltr'><strong>non</strong></span> <span class='ocrx_word' id='word_1_229' title='bbox 2877 1509 3103 1563; x_wconf 87' lang='lat' dir='ltr'><strong>parvum</strong></span> <span class='ocrx_word' id='word_1_230' title='bbox 3137 1509 3384 1549; x_wconf 88' lang='lat' dir='ltr'><strong>errorem</strong></span> <span class='ocrx_word' id='word_1_231' title='bbox 3436 1495 3755 1564; x_wconf 86' lang='lat' dir='ltr'><strong>persentit,</strong></span> 
     </span>
    </p>
   </div>
   <div class='ocr_carea' id='block_1_28' title="bbox 2127 1584 3756 1656">
    <p class='ocr_par' dir='ltr' id='par_1_28' title="bbox 2127 1584 3756 1656">
     <span class='ocr_line' id='line_1_28' title="bbox 2127 1584 3756 1656; baseline 0 -17"><span class='ocrx_word' id='word_1_232' title='bbox 2127 1584 2408 1640; x_wconf 69' lang='lat' dir='ltr'><strong>aestimans</strong></span> <span class='ocrx_word' id='word_1_233' title='bbox 2465 1584 2608 1655; x_wconf 91' lang='lat' dir='ltr'><strong>quod</strong></span> <span class='ocrx_word' id='word_1_234' title='bbox 2670 1585 2929 1639; x_wconf 88' lang='lat' dir='ltr'><strong>animalia</strong></span> <span class='ocrx_word' id='word_1_235' title='bbox 2997 1586 3215 1641; x_wconf 89' lang='lat' dir='ltr'><strong>diversa</strong></span> <span class='ocrx_word' id='word_1_236' title='bbox 3275 1587 3448 1641; x_wconf 88' lang='lat' dir='ltr'><strong>forma</strong></span> <span class='ocrx_word' id='word_1_237' title='bbox 3513 1587 3756 1656; x_wconf 64' lang='lat' dir='ltr'><strong>praedita</strong></span> 
     </span>
    </p>
   </div>
   <div class='ocr_carea' id='block_1_29' title="bbox 2130 1678 3759 1752">
    <p class='ocr_par' dir='ltr' id='par_1_29' title="bbox 2130 1678 3759 1752">
     <span class='ocr_line' id='line_1_29' title="bbox 2130 1678 3759 1752; baseline 0.003 -20"><span class='ocrx_word' id='word_1_238' title='bbox 2130 1679 2301 1734; x_wconf 92' lang='lat' dir='ltr'><strong>Deum</strong></span> <span class='ocrx_word' id='word_1_239' title='bbox 2345 1678 2818 1745; x_wconf 89' lang='lat' dir='ltr'><strong>collaudaverint;</strong></span> <span class='ocrx_word' id='word_1_240' title='bbox 2852 1680 3167 1751; x_wconf 79' lang='lat' dir='ltr'><strong>ignorantes</strong></span> <span class='ocrx_word' id='word_1_241' title='bbox 3197 1682 3344 1752; x_wconf 91' lang='lat' dir='ltr'><strong>quod</strong></span> <span class='ocrx_word' id='word_1_242' title='bbox 3390 1682 3759 1737; x_wconf 52' lang='lat' dir='ltr'><strong>irrationabi-</strong></span> 
     </span>
    </p>
   </div>
   <div class='ocr_carea' id='block_1_30' title="bbox 414 1763 3761 1845">
    <p class='ocr_par' dir='ltr' id='par_1_30' title="bbox 414 1763 3761 1845">
     <span class='ocr_line' id='line_1_30' title="bbox 414 1763 3761 1845; baseline -0.001 -10"><span class='ocrx_word' id='word_1_243' title='bbox 414 1772 627 1827; x_wconf 77' lang='lat' dir='ltr'><strong>Sionem</strong></span> <span class='ocrx_word' id='word_1_244' title='bbox 650 1811 665 1835; x_wconf 74' lang='grc'><em>,</em></span> <span class='ocrx_word' id='word_1_245' title='bbox 692 1783 797 1838; x_wconf 70' lang='lat' dir='ltr'><strong>qua</strong></span> <span class='ocrx_word' id='word_1_246' title='bbox 826 1767 937 1837; x_wconf 68' lang='lat' dir='ltr'><strong>iam</strong></span> <span class='ocrx_word' id='word_1_247' title='bbox 972 1782 1068 1836; x_wconf 69' lang='grc' dir='ltr'><strong>ρει·</strong></span> <span class='ocrx_word' id='word_1_248' title='bbox 1095 1766 1310 1821; x_wconf 68' lang='lat' dir='ltr'><strong>somnia</strong></span> <span class='ocrx_word' id='word_1_249' title='bbox 1340 1765 1505 1832; x_wconf 71' lang='lat' dir='ltr'><strong>iUSliS</strong></span> <span class='ocrx_word' id='word_1_250' title='bbox 1533 1778 1590 1818; x_wconf 71' lang='grc' dir='ltr'><strong>δα</strong></span> <span class='ocrx_word' id='word_1_251' title='bbox 1639 1763 1903 1817; x_wconf 70' lang='lat' dir='ltr'><strong>Dominus</strong></span> <span class='ocrx_word' id='word_1_252' title='bbox 1935 1777 2025 1817; x_wconf 73' lang='grc' dir='ltr'><strong>οε·</strong></span> <span class='ocrx_word' id='word_1_253' title='bbox 2058 1786 2102 1845; x_wconf 78' lang='grc' dir='ltr'><strong>Β</strong></span> <span class='ocrx_word' id='word_1_254' title='bbox 2132 1773 2202 1827; x_wconf 90' lang='lat' dir='ltr'><strong>lia</strong></span> <span class='ocrx_word' id='word_1_255' title='bbox 2222 1814 2235 1837; x_wconf 90' lang='lat'><strong>,</strong></span> <span class='ocrx_word' id='word_1_256' title='bbox 2267 1772 2319 1827; x_wconf 91' lang='lat' dir='ltr'><strong>id</strong></span> <span class='ocrx_word' id='word_1_257' title='bbox 2348 1782 2432 1827; x_wconf 83' lang='lat' dir='ltr'><strong>est</strong></span> <span class='ocrx_word' id='word_1_258' title='bbox 2464 1788 2571 1827; x_wconf 90' lang='lat' dir='ltr'><strong>non</strong></span> <span class='ocrx_word' id='word_1_259' title='bbox 2605 1774 2837 1828; x_wconf 89' lang='lat' dir='ltr'><strong>rationis</strong></span> <span class='ocrx_word' id='word_1_260' title='bbox 2866 1776 3086 1845; x_wconf 88' lang='lat' dir='ltr'><strong>capacia</strong></span> <span class='ocrx_word' id='word_1_261' title='bbox 3106 1817 3121 1843; x_wconf 91' lang='lat'><strong>,</strong></span> <span class='ocrx_word' id='word_1_262' title='bbox 3157 1775 3267 1830; x_wconf 89' lang='lat' dir='ltr'><strong>Deo</strong></span> <span class='ocrx_word' id='word_1_263' title='bbox 3299 1776 3524 1831; x_wconf 89' lang='lat' dir='ltr'><strong>laudem</strong></span> <span class='ocrx_word' id='word_1_264' title='bbox 3569 1787 3635 1831; x_wconf 93' lang='lat' dir='ltr'><strong>ut</strong></span> <span class='ocrx_word' id='word_1_265' title='bbox 3662 1777 3761 1831; x_wconf 87' lang='lat' dir='ltr'><strong>ho-</strong></span> 
     </span>
    </p>
   </div>
   <div class='ocr_carea' id='block_1_31' title="bbox 411 1854 2024 1930">
    <p class='ocr_par' dir='ltr' id='par_1_31' title="bbox 411 1854 2024 1930">
     <span class='ocr_line' id='line_1_31' title="bbox 411 1854 2024 1930; baseline -0.004 -13"><span class='ocrx_word' id='word_1_266' title='bbox 411 1863 702 1927; x_wconf 83' lang='lat' dir='ltr'><strong>tendebat,</strong></span> <span class='ocrx_word' id='word_1_267' title='bbox 735 1871 795 1914; x_wconf 89' lang='lat' dir='ltr'><strong>ut</strong></span> <span class='ocrx_word' id='word_1_268' title='bbox 846 1860 1112 1929; x_wconf 90' lang='lat' dir='ltr'><strong>scriptum</strong></span> <span class='ocrx_word' id='word_1_269' title='bbox 1165 1867 1248 1913; x_wconf 91' lang='lat' dir='ltr'><strong>est</strong></span> <span class='ocrx_word' id='word_1_270' title='bbox 1290 1856 1479 1930; x_wconf 89' lang='lat' dir='ltr'><strong>(Num.</strong></span> <span class='ocrx_word' id='word_1_271' title='bbox 1511 1873 1582 1910; x_wconf 89' lang='lat' dir='ltr'><strong>xn</strong></span> <span class='ocrx_word' id='word_1_272' title='bbox 1608 1899 1621 1923; x_wconf 94' lang='lat'><strong>,</strong></span> <span class='ocrx_word' id='word_1_273' title='bbox 1647 1856 1724 1925; x_wconf 86' lang='lat'><strong>6).</strong></span> <span class='ocrx_word' id='word_1_274' title='bbox 1756 1854 1785 1889; x_wconf 70' lang='lat' dir='ltr'><strong>h</strong></span> <span class='ocrx_word' id='word_1_275' title='bbox 1827 1857 2024 1911; x_wconf 86' lang='lat' dir='ltr'><strong>Postea</strong></span> 
     </span>
    </p>
   </div>
   <div class='ocr_carea' id='block_1_32' title="bbox 416 1950 2027 2026">
    <p class='ocr_par' dir='ltr' id='par_1_32' title="bbox 416 1950 2027 2026">
     <span class='ocr_line' id='line_1_32' title="bbox 416 1950 2027 2026; baseline -0.007 -12"><span class='ocrx_word' id='word_1_276' title='bbox 416 1975 548 2015; x_wconf 90' lang='lat' dir='ltr'><strong>vero</strong></span> <span class='ocrx_word' id='word_1_277' title='bbox 582 1960 633 2013; x_wconf 91' lang='lat' dir='ltr'><strong>iu</strong></span> <span class='ocrx_word' id='word_1_278' title='bbox 664 1956 1113 2026; x_wconf 86' lang='lat' dir='ltr'><strong>incorporatione</strong></span> <span class='ocrx_word' id='word_1_279' title='bbox 1144 1968 1417 2023; x_wconf 83' lang='lat' dir='ltr'><strong>apparens</strong></span> <span class='ocrx_word' id='word_1_280' title='bbox 1440 1993 1456 2019; x_wconf 93' lang='lat'><strong>,</strong></span> <span class='ocrx_word' id='word_1_281' title='bbox 1489 1952 1793 2007; x_wconf 86' lang='lat' dir='ltr'><strong>testabatur</strong></span> <span class='ocrx_word' id='word_1_282' title='bbox 1818 1950 2027 2005; x_wconf 62' lang='lat' dir='ltr'><strong>Judaeis</strong></span> 
     </span>
    </p>
   </div>
   <div class='ocr_carea' id='block_1_33' title="bbox 415 2043 2025 2121">
    <p class='ocr_par' dir='ltr' id='par_1_33' title="bbox 415 2043 2025 2121">
     <span class='ocr_line' id='line_1_33' title="bbox 415 2043 2025 2121; baseline -0.007 -12"><span class='ocrx_word' id='word_1_283' title='bbox 415 2054 751 2109; x_wconf 90' lang='lat' dir='ltr'><strong>annuntians</strong></span> <span class='ocrx_word' id='word_1_284' title='bbox 792 2066 913 2121; x_wconf 83' lang='lat' dir='ltr'><strong>quae</strong></span> <span class='ocrx_word' id='word_1_285' title='bbox 944 2059 1069 2104; x_wconf 90' lang='lat' dir='ltr'><strong>ante</strong></span> <span class='ocrx_word' id='word_1_286' title='bbox 1112 2049 1331 2103; x_wconf 86' lang='lat' dir='ltr'><strong>dixerat</strong></span> <span class='ocrx_word' id='word_1_287' title='bbox 1377 2061 1474 2116; x_wconf 91' lang='lat' dir='ltr'><strong>per</strong></span> <span class='ocrx_word' id='word_1_288' title='bbox 1524 2046 1838 2115; x_wconf 85' lang='lat' dir='ltr'><strong>prephctas.</strong></span> <span class='ocrx_word' id='word_1_289' title='bbox 1888 2043 2025 2112; x_wconf 86' lang='lat' dir='ltr'><strong>Quia</strong></span> 
     </span>
    </p>
   </div>
   <div class='ocr_carea' id='block_1_34' title="bbox 414 2141 2029 2220">
    <p class='ocr_par' dir='ltr' id='par_1_34' title="bbox 414 2141 2029 2220">
     <span class='ocr_line' id='line_1_34' title="bbox 414 2141 2029 2220; baseline -0.007 -15"><span class='ocrx_word' id='word_1_290' title='bbox 414 2164 548 2220; x_wconf 91' lang='lat' dir='ltr'><strong>ergo</strong></span> <span class='ocrx_word' id='word_1_291' title='bbox 588 2149 805 2203; x_wconf 91' lang='lat' dir='ltr'><strong>diversa</strong></span> <span class='ocrx_word' id='word_1_292' title='bbox 856 2155 978 2201; x_wconf 89' lang='lat' dir='ltr'><strong>erat</strong></span> <span class='ocrx_word' id='word_1_293' title='bbox 1022 2143 1300 2214; x_wconf 89' lang='lat' dir='ltr'><strong>capacitas</strong></span> <span class='ocrx_word' id='word_1_294' title='bbox 1334 2141 1548 2197; x_wconf 87' lang='lat' dir='ltr'><strong>visendi</strong></span> <span class='ocrx_word' id='word_1_295' title='bbox 1600 2141 1890 2196; x_wconf 91' lang='lat' dir='ltr'><strong>Dominum</strong></span> <span class='ocrx_word' id='word_1_296' title='bbox 1918 2182 1932 2206; x_wconf 95' lang='lat'><strong>,</strong></span> <span class='ocrx_word' id='word_1_297' title='bbox 1970 2151 2029 2194; x_wconf 95' lang='lat' dir='ltr'><strong>ut</strong></span> 
     </span>
    </p>
   </div>
   <div class='ocr_carea' id='block_1_35' title="bbox 417 2233 2025 2306">
    <p class='ocr_par' dir='ltr' id='par_1_35' title="bbox 417 2233 2025 2306">
     <span class='ocr_line' id='line_1_35' title="bbox 417 2233 2025 2306; baseline -0.006 -9"><span class='ocrx_word' id='word_1_298' title='bbox 417 2244 597 2297; x_wconf 91' lang='lat' dir='ltr'><strong>bonus</strong></span> <span class='ocrx_word' id='word_1_299' title='bbox 621 2240 890 2304; x_wconf 86' lang='lat' dir='ltr'><strong>medicus,</strong></span> <span class='ocrx_word' id='word_1_300' title='bbox 924 2238 1069 2292; x_wconf 90' lang='lat' dir='ltr'><strong>sicut</strong></span> <span class='ocrx_word' id='word_1_301' title='bbox 1090 2236 1379 2292; x_wconf 83' lang='lat' dir='ltr'><strong>infirmitas</strong></span> <span class='ocrx_word' id='word_1_302' title='bbox 1401 2235 1692 2306; x_wconf 88' lang='lat' dir='ltr'><strong>exigebat,</strong></span> <span class='ocrx_word' id='word_1_303' title='bbox 1727 2243 1781 2289; x_wconf 90' lang='lat' dir='ltr'><strong>et</strong></span> <span class='ocrx_word' id='word_1_304' title='bbox 1808 2233 2025 2290; x_wconf 82' lang='lat' dir='ltr'><strong>diversa</strong></span> 
     </span>
    </p>
   </div>
   <div class='ocr_carea' id='block_1_36' title="bbox 420 2330 2027 2393">
    <p class='ocr_par' dir='ltr' id='par_1_36' title="bbox 420 2330 2027 2393">
     <span class='ocr_line' id='line_1_36' title="bbox 420 2330 2027 2393; baseline -0.005 -2"><span class='ocrx_word' id='word_1_305' title='bbox 420 2336 665 2393; x_wconf 89' lang='lat' dir='ltr'><strong>remedia</strong></span> <span class='ocrx_word' id='word_1_306' title='bbox 707 2334 987 2389; x_wconf 91' lang='lat' dir='ltr'><strong>hominum</strong></span> <span class='ocrx_word' id='word_1_307' title='bbox 1039 2330 1453 2386; x_wconf 81' lang='lat' dir='ltr'><strong>infirmitatibus</strong></span> <span class='ocrx_word' id='word_1_308' title='bbox 1492 2330 1847 2393; x_wconf 86' lang='lat' dir='ltr'><strong>conferebat;</strong></span> <span class='ocrx_word' id='word_1_309' title='bbox 1878 2330 2027 2384; x_wconf 86' lang='lat' dir='ltr'><strong>ideo-</strong></span> 
     </span>
    </p>
   </div>
   <div class='ocr_carea' id='block_1_37' title="bbox 418 2423 2033 2501">
    <p class='ocr_par' dir='ltr' id='par_1_37' title="bbox 418 2423 2033 2501">
     <span class='ocr_line' id='line_1_37' title="bbox 418 2423 2033 2501; baseline -0.002 -19"><span class='ocrx_word' id='word_1_310' title='bbox 418 2444 526 2501; x_wconf 90' lang='lat' dir='ltr'><strong>que</strong></span> <span class='ocrx_word' id='word_1_311' title='bbox 564 2428 576 2465; x_wconf 77' lang='grc' dir='ltr'><strong>ί</strong></span> <span class='ocrx_word' id='word_1_312' title='bbox 618 2427 898 2498; x_wconf 88' lang='lat' dir='ltr'><strong>languenti</strong></span> <span class='ocrx_word' id='word_1_313' title='bbox 926 2425 1127 2481; x_wconf 72' lang='lat' dir='ltr'><strong>szecnlo</strong></span> <span class='ocrx_word' id='word_1_314' title='bbox 1159 2426 1213 2478; x_wconf 93' lang='lat' dir='ltr'><strong>in</strong></span> <span class='ocrx_word' id='word_1_315' title='bbox 1246 2424 1351 2479; x_wconf 85' lang='lat' dir='ltr'><strong>fine</strong></span> <span class='ocrx_word' id='word_1_316' title='bbox 1381 2424 1501 2495; x_wconf 91' lang='lat' dir='ltr'><strong>plus</strong></span> <span class='ocrx_word' id='word_1_317' title='bbox 1544 2423 1778 2479; x_wconf 92' lang='lat' dir='ltr'><strong>contulit</strong></span> <span class='ocrx_word' id='word_1_318' title='bbox 1806 2423 2033 2479; x_wconf 88' lang='lat' dir='ltr'><strong>medici-</strong></span> 
     </span>
    </p>
   </div>
   <div class='ocr_carea' id='block_1_38' title="bbox 421 2520 2033 2591">
    <p class='ocr_par' dir='ltr' id='par_1_38' title="bbox 421 2520 2033 2591">
     <span class='ocr_line' id='line_1_38' title="bbox 421 2520 2033 2591; baseline -0.002 -13"><span class='ocrx_word' id='word_1_319' title='bbox 421 2538 529 2589; x_wconf 66' lang='lat' dir='ltr'><strong>nte,</strong></span> <span class='ocrx_word' id='word_1_320' title='bbox 558 2532 617 2576; x_wconf 90' lang='lat' dir='ltr'><strong>ut</strong></span> <span class='ocrx_word' id='word_1_321' title='bbox 646 2531 700 2577; x_wconf 91' lang='lat' dir='ltr'><strong>et</strong></span> <span class='ocrx_word' id='word_1_322' title='bbox 731 2522 949 2577; x_wconf 91' lang='lat' dir='ltr'><strong>illorum</strong></span> <span class='ocrx_word' id='word_1_323' title='bbox 981 2521 1286 2591; x_wconf 91' lang='lat' dir='ltr'><strong>primorum</strong></span> <span class='ocrx_word' id='word_1_324' title='bbox 1315 2520 1491 2574; x_wconf 89' lang='lat' dir='ltr'><strong>virtus</strong></span> <span class='ocrx_word' id='word_1_325' title='bbox 1514 2529 1827 2589; x_wconf 82' lang='lat' dir='ltr'><strong>praepotens</strong></span> <span class='ocrx_word' id='word_1_326' title='bbox 1850 2534 2033 2575; x_wconf 91' lang='lat' dir='ltr'><strong>mons-</strong></span> 
     </span>
    </p>
   </div>
   <div class='ocr_carea' id='block_1_39' title="bbox 419 2611 2029 2684">
    <p class='ocr_par' dir='ltr' id='par_1_39' title="bbox 419 2611 2029 2684">
     <span class='ocr_line' id='line_1_39' title="bbox 419 2611 2029 2684; baseline -0.003 -14"><span class='ocrx_word' id='word_1_327' title='bbox 419 2623 695 2681; x_wconf 89' lang='lat' dir='ltr'><strong>traretur,</strong></span> <span class='ocrx_word' id='word_1_328' title='bbox 755 2623 811 2669; x_wconf 88' lang='lat' dir='ltr'><strong>et</strong></span> <span class='ocrx_word' id='word_1_329' title='bbox 858 2613 1031 2669; x_wconf 87' lang='lat' dir='ltr'><strong>nostri</strong></span> <span class='ocrx_word' id='word_1_330' title='bbox 1082 2613 1303 2684; x_wconf 90' lang='lat' dir='ltr'><strong>generis</strong></span> <span class='ocrx_word' id='word_1_331' title='bbox 1366 2612 1675 2683; x_wconf 89' lang='lat' dir='ltr'><strong>periculosa</strong></span> <span class='ocrx_word' id='word_1_332' title='bbox 1736 2611 2029 2667; x_wconf 81' lang='lat' dir='ltr'><strong>infirmitas</strong></span> 
     </span>
    </p>
   </div>
   <div class='ocr_carea' id='block_1_40' title="bbox 418 2705 2031 2778">
    <p class='ocr_par' dir='ltr' id='par_1_40' title="bbox 418 2705 2031 2778">
     <span class='ocr_line' id='line_1_40' title="bbox 418 2705 2031 2778; baseline -0.002 -15"><span class='ocrx_word' id='word_1_333' title='bbox 418 2716 770 2775; x_wconf 90' lang='lat' dir='ltr'><strong>nosceretur,</strong></span> <span class='ocrx_word' id='word_1_334' title='bbox 815 2708 1035 2763; x_wconf 86' lang='lat' dir='ltr'><strong>dicente</strong></span> <span class='ocrx_word' id='word_1_335' title='bbox 1070 2707 1300 2761; x_wconf 80' lang='lat' dir='ltr'><strong>Domino</strong></span> <span class='ocrx_word' id='word_1_336' title='bbox 1337 2725 1349 2761; x_wconf 90' lang='lat'><strong>:</strong></span> <span class='ocrx_word' id='word_1_337' title='bbox 1387 2707 1405 2755; x_wconf 80' lang='lat' dir='ltr'><strong>i</strong></span> <span class='ocrx_word' id='word_1_338' title='bbox 1444 2705 1567 2760; x_wconf 83' lang='lat' dir='ltr'><strong>Non</strong></span> <span class='ocrx_word' id='word_1_339' title='bbox 1594 2716 1740 2778; x_wconf 83' lang='lat' dir='ltr'><strong>egent</strong></span> <span class='ocrx_word' id='word_1_340' title='bbox 1768 2707 1883 2759; x_wconf 85' lang='lat' dir='ltr'><strong>sani</strong></span> <span class='ocrx_word' id='word_1_341' title='bbox 1927 2722 2031 2760; x_wconf 86' lang='lat' dir='ltr'><strong>me-</strong></span> 
     </span>
    </p>
   </div>
   <div class='ocr_carea' id='block_1_41' title="bbox 420 2798 2029 2873">
    <p class='ocr_par' dir='ltr' id='par_1_41' title="bbox 420 2798 2029 2873">
     <span class='ocr_line' id='line_1_41' title="bbox 420 2798 2029 2873; baseline -0.002 -17"><span class='ocrx_word' id='word_1_342' title='bbox 420 2802 569 2869; x_wconf 86' lang='lat' dir='ltr'><strong>dico,</strong></span> <span class='ocrx_word' id='word_1_343' title='bbox 614 2805 705 2858; x_wconf 81' lang='lat' dir='ltr'><strong>sed</strong></span> <span class='ocrx_word' id='word_1_344' title='bbox 742 2804 832 2873; x_wconf 85' lang='lat' dir='ltr'><strong>qui</strong></span> <span class='ocrx_word' id='word_1_345' title='bbox 878 2802 1074 2872; x_wconf 79' lang='lat' dir='ltr'><strong>inﬁrmi</strong></span> <span class='ocrx_word' id='word_1_346' title='bbox 1116 2811 1232 2855; x_wconf 86' lang='lat' dir='ltr'><strong>sunt</strong></span> <span class='ocrx_word' id='word_1_347' title='bbox 1263 2798 1479 2869; x_wconf 82' lang='lat' dir='ltr'><strong>(Matth.</strong></span> <span class='ocrx_word' id='word_1_348' title='bbox 1521 2800 1747 2869; x_wconf 75' lang='lat' dir='ltr'><strong>xt,1‘2).</strong></span> <span class='ocrx_word' id='word_1_349' title='bbox 1792 2798 2029 2868; x_wconf 85' lang='lat' dir='ltr'><strong>Majores</strong></span> 
     </span>
    </p>
   </div>
   <div class='ocr_carea' id='block_1_42' title="bbox 2130 1865 3761 1937">
    <p class='ocr_par' dir='ltr' id='par_1_42' title="bbox 2130 1865 3761 1937">
     <span class='ocr_line' id='line_1_42' title="bbox 2130 1865 3761 1937; baseline 0.004 -21"><span class='ocrx_word' id='word_1_350' title='bbox 2130 1865 2305 1917; x_wconf 91' lang='lat' dir='ltr'><strong>mines</strong></span> <span class='ocrx_word' id='word_1_351' title='bbox 2352 1865 2561 1920; x_wconf 85' lang='lat' dir='ltr'><strong>referre</strong></span> <span class='ocrx_word' id='word_1_352' title='bbox 2593 1880 2703 1919; x_wconf 93' lang='lat' dir='ltr'><strong>non</strong></span> <span class='ocrx_word' id='word_1_353' title='bbox 2736 1875 2983 1936; x_wconf 82' lang='lat' dir='ltr'><strong>possunt.</strong></span> <span class='ocrx_word' id='word_1_354' title='bbox 3018 1866 3209 1937; x_wconf 86' lang='lat' dir='ltr'><strong>Neque</strong></span> <span class='ocrx_word' id='word_1_355' title='bbox 3245 1869 3390 1924; x_wconf 91' lang='lat' dir='ltr'><strong>enim</strong></span> <span class='ocrx_word' id='word_1_356' title='bbox 3422 1868 3586 1924; x_wconf 91' lang='lat' dir='ltr'><strong>Deus</strong></span> <span class='ocrx_word' id='word_1_357' title='bbox 3644 1869 3761 1924; x_wconf 85' lang='lat' dir='ltr'><strong>Iau-</strong></span> 
     </span>
    </p>
   </div>
   <div class='ocr_carea' id='block_1_43' title="bbox 2130 1955 3756 2033">
    <p class='ocr_par' dir='ltr' id='par_1_43' title="bbox 2130 1955 3756 2033">
     <span class='ocr_line' id='line_1_43' title="bbox 2130 1955 3756 2033; baseline 0.003 -23"><span class='ocrx_word' id='word_1_358' title='bbox 2130 1955 2254 2010; x_wconf 91' lang='lat' dir='ltr'><strong>dem</strong></span> <span class='ocrx_word' id='word_1_359' title='bbox 2284 1956 2551 2024; x_wconf 87' lang='lat' dir='ltr'><strong>pecudum</strong></span> <span class='ocrx_word' id='word_1_360' title='bbox 2577 1958 2789 2026; x_wconf 70' lang='lat' dir='ltr'><strong>quau-it,</strong></span> <span class='ocrx_word' id='word_1_361' title='bbox 2821 1959 2941 2028; x_wconf 88' lang='lat' dir='ltr'><strong>quia</strong></span> <span class='ocrx_word' id='word_1_362' title='bbox 2965 1975 3072 2014; x_wconf 91' lang='lat' dir='ltr'><strong>non</strong></span> <span class='ocrx_word' id='word_1_363' title='bbox 3093 1960 3333 2030; x_wconf 86' lang='lat' dir='ltr'><strong>pecudes</strong></span> <span class='ocrx_word' id='word_1_364' title='bbox 3357 1960 3425 2016; x_wconf 87' lang='lat' dir='ltr'><strong>ad</strong></span> <span class='ocrx_word' id='word_1_365' title='bbox 3446 1962 3756 2033; x_wconf 79' lang='lat' dir='ltr'><strong>imaginem</strong></span> 
     </span>
    </p>
   </div>
   <div class='ocr_carea' id='block_1_44' title="bbox 2133 2046 3753 2115">
    <p class='ocr_par' dir='ltr' id='par_1_44' title="bbox 2133 2046 3753 2115">
     <span class='ocr_line' id='line_1_44' title="bbox 2133 2046 3753 2115; baseline 0.004 -15"><span class='ocrx_word' id='word_1_366' title='bbox 2133 2047 2228 2101; x_wconf 89' lang='lat' dir='ltr'><strong>Dei</strong></span> <span class='ocrx_word' id='word_1_367' title='bbox 2260 2046 2453 2115; x_wconf 72' lang='lat' dir='ltr'><strong>factm,</strong></span> <span class='ocrx_word' id='word_1_368' title='bbox 2504 2048 2600 2103; x_wconf 91' lang='lat' dir='ltr'><strong>sed</strong></span> <span class='ocrx_word' id='word_1_369' title='bbox 2651 2049 2901 2105; x_wconf 88' lang='lat' dir='ltr'><strong>homines</strong></span> <span class='ocrx_word' id='word_1_370' title='bbox 2954 2052 3309 2108; x_wconf 83' lang='lat' dir='ltr'><strong>rationabiles</strong></span> <span class='ocrx_word' id='word_1_371' title='bbox 3364 2068 3394 2107; x_wconf 90' lang='lat' dir='ltr'><strong>a</strong></span> <span class='ocrx_word' id='word_1_372' title='bbox 3446 2054 3572 2108; x_wconf 88' lang='lat' dir='ltr'><strong>Deo</strong></span> <span class='ocrx_word' id='word_1_373' title='bbox 3632 2063 3753 2108; x_wconf 67' lang='lat' dir='ltr'><strong>sunt</strong></span> 
     </span>
    </p>
   </div>
   <div class='ocr_carea' id='block_1_45' title="bbox 2130 2140 3757 2216">
    <p class='ocr_par' dir='ltr' id='par_1_45' title="bbox 2130 2140 3757 2216">
     <span class='ocr_line' id='line_1_45' title="bbox 2130 2140 3757 2216; baseline 0.002 -22"><span class='ocrx_word' id='word_1_374' title='bbox 2130 2141 2333 2204; x_wconf 89' lang='lat' dir='ltr'><strong>creati,</strong></span> <span class='ocrx_word' id='word_1_375' title='bbox 2365 2149 2417 2195; x_wconf 91' lang='lat' dir='ltr'><strong>et</strong></span> <span class='ocrx_word' id='word_1_376' title='bbox 2438 2140 2503 2194; x_wconf 90' lang='lat' dir='ltr'><strong>ad</strong></span> <span class='ocrx_word' id='word_1_377' title='bbox 2533 2140 2636 2197; x_wconf 90' lang='lat' dir='ltr'><strong>hoc</strong></span> <span class='ocrx_word' id='word_1_378' title='bbox 2668 2142 2854 2212; x_wconf 88' lang='lat' dir='ltr'><strong>positi.</strong></span> <span class='ocrx_word' id='word_1_379' title='bbox 2882 2142 2987 2198; x_wconf 92' lang='lat' dir='ltr'><strong>Sed</strong></span> <span class='ocrx_word' id='word_1_380' title='bbox 3018 2144 3143 2213; x_wconf 89' lang='lat' dir='ltr'><strong>quia</strong></span> <span class='ocrx_word' id='word_1_381' title='bbox 3175 2146 3312 2199; x_wconf 83' lang='lat' dir='ltr'><strong>visio</strong></span> <span class='ocrx_word' id='word_1_382' title='bbox 3332 2154 3418 2200; x_wconf 90' lang='lat' dir='ltr'><strong>est</strong></span> <span class='ocrx_word' id='word_1_383' title='bbox 3449 2146 3757 2216; x_wconf 83' lang='lat' dir='ltr'><strong>prOphcta-</strong></span> 
     </span>
    </p>
   </div>
   <div class='ocr_carea' id='block_1_46' title="bbox 2136 2234 3753 2306">
    <p class='ocr_par' dir='ltr' id='par_1_46' title="bbox 2136 2234 3753 2306">
     <span class='ocr_line' id='line_1_46' title="bbox 2136 2234 3753 2306; baseline 0.002 -16"><span class='ocrx_word' id='word_1_384' title='bbox 2136 2250 2254 2290; x_wconf 89' lang='lat' dir='ltr'><strong>rum</strong></span> <span class='ocrx_word' id='word_1_385' title='bbox 2289 2234 2473 2289; x_wconf 88' lang='lat' dir='ltr'><strong>divino</strong></span> <span class='ocrx_word' id='word_1_386' title='bbox 2503 2234 2713 2304; x_wconf 87' lang='lat' dir='ltr'><strong>Spiritu</strong></span> <span class='ocrx_word' id='word_1_387' title='bbox 2763 2236 3060 2306; x_wconf 71' lang='lat' dir='ltr'><strong>prmdicata</strong></span> <span class='ocrx_word' id='word_1_388' title='bbox 3086 2280 3100 2298; x_wconf 83' lang='lat'><strong>,</strong></span> <span class='ocrx_word' id='word_1_389' title='bbox 3151 2238 3171 2267; x_wconf 78' lang='grc'>⁸</span> <span class='ocrx_word' id='word_1_390' title='bbox 3205 2238 3334 2293; x_wconf 92' lang='lat' dir='ltr'><strong>hinc</strong></span> <span class='ocrx_word' id='word_1_391' title='bbox 3373 2237 3393 2257; x_wconf 91' lang='lat'><strong>°</strong></span> <span class='ocrx_word' id='word_1_392' title='bbox 3424 2249 3753 2296; x_wconf 80' lang='lat' dir='ltr'><strong>sanctorum</strong></span> 
     </span>
    </p>
   </div>
   <div class='ocr_carea' id='block_1_47' title="bbox 2136 2326 3757 2403">
    <p class='ocr_par' dir='ltr' id='par_1_47' title="bbox 2136 2326 3757 2403">
     <span class='ocr_line' id='line_1_47' title="bbox 2136 2326 3757 2403; baseline 0.006 -24"><span class='ocrx_word' id='word_1_393' title='bbox 2136 2326 2460 2396; x_wconf 86' lang='lat' dir='ltr'><strong>populorum</strong></span> <span class='ocrx_word' id='word_1_394' title='bbox 2513 2337 2746 2397; x_wconf 88' lang='lat' dir='ltr'><strong>quatuor</strong></span> <span class='ocrx_word' id='word_1_395' title='bbox 2792 2328 3026 2384; x_wconf 77' lang='lat' dir='ltr'><strong>diversa:</strong></span> <span class='ocrx_word' id='word_1_396' title='bbox 3078 2330 3349 2397; x_wconf 85' lang='lat' dir='ltr'><strong>virtutes,</strong></span> <span class='ocrx_word' id='word_1_397' title='bbox 3410 2331 3757 2403; x_wconf 73' lang='lat' dir='ltr'><strong>diversaque</strong></span> 
     </span>
    </p>
   </div>
   <div class='ocr_carea' id='block_1_48' title="bbox 2130 2419 3757 2480">
    <p class='ocr_par' dir='ltr' id='par_1_48' title="bbox 2130 2419 3757 2480">
     <span class='ocr_line' id='line_1_48' title="bbox 2130 2419 3757 2480; baseline 0.004 -6"><span class='ocrx_word' id='word_1_398' title='bbox 2130 2421 2429 2475; x_wconf 87' lang='lat' dir='ltr'><strong>certamina</strong></span> <span class='ocrx_word' id='word_1_399' title='bbox 2461 2419 2855 2475; x_wconf 86' lang='lat' dir='ltr'><strong>nuntiabantur</strong></span> <span class='ocrx_word' id='word_1_400' title='bbox 2882 2420 3186 2475; x_wconf 88' lang='lat' dir='ltr'><strong>adventura</strong></span> <span class='ocrx_word' id='word_1_401' title='bbox 3212 2423 3414 2477; x_wconf 73' lang='lat' dir='ltr'><strong>saeculo</strong></span> <span class='ocrx_word' id='word_1_402' title='bbox 3433 2424 3483 2477; x_wconf 92' lang='lat' dir='ltr'><strong>in</strong></span> <span class='ocrx_word' id='word_1_403' title='bbox 3511 2424 3757 2480; x_wconf 76' lang='lat' dir='ltr'><strong>diversis</strong></span> 
     </span>
    </p>
   </div>
   <div class='ocr_carea' id='block_1_49' title="bbox 2132 2514 3756 2582">
    <p class='ocr_par' dir='ltr' id='par_1_49' title="bbox 2132 2514 3756 2582">
     <span class='ocr_line' id='line_1_49' title="bbox 2132 2514 3756 2582; baseline 0.001 -13"><span class='ocrx_word' id='word_1_404' title='bbox 2132 2514 2397 2569; x_wconf 90' lang='lat' dir='ltr'><strong>doctrinis</strong></span> <span class='ocrx_word' id='word_1_405' title='bbox 2425 2528 2487 2568; x_wconf 88' lang='lat' dir='ltr'><strong>ac</strong></span> <span class='ocrx_word' id='word_1_406' title='bbox 2518 2514 2850 2582; x_wconf 90' lang='lat' dir='ltr'><strong>virtutibus,</strong></span> <span class='ocrx_word' id='word_1_407' title='bbox 2897 2515 2950 2569; x_wconf 91' lang='lat' dir='ltr'><strong>in</strong></span> <span class='ocrx_word' id='word_1_408' title='bbox 2982 2515 3201 2570; x_wconf 89' lang='lat' dir='ltr'><strong>diversa</strong></span> <span class='ocrx_word' id='word_1_409' title='bbox 3233 2515 3580 2573; x_wconf 85' lang='lat' dir='ltr'><strong>sublimitate</strong></span> <span class='ocrx_word' id='word_1_410' title='bbox 3614 2520 3756 2573; x_wconf 85' lang='lat' dir='ltr'><strong>cmi-</strong></span> 
     </span>
    </p>
   </div>
   <div class='ocr_carea' id='block_1_50' title="bbox 2134 2606 3753 2681">
    <p class='ocr_par' dir='ltr' id='par_1_50' title="bbox 2134 2606 3753 2681">
     <span class='ocr_line' id='line_1_50' title="bbox 2134 2606 3753 2681; baseline 0.002 -20"><span class='ocrx_word' id='word_1_411' title='bbox 2134 2608 2334 2661; x_wconf 73' lang='lat' dir='ltr'><strong>neutia:</strong></span> <span class='ocrx_word' id='word_1_412' title='bbox 2370 2624 2382 2659; x_wconf 90' lang='lat'><strong>:</strong></span> <span class='ocrx_word' id='word_1_413' title='bbox 2414 2606 2558 2676; x_wconf 88' lang='lat' dir='ltr'><strong>quod</strong></span> <span class='ocrx_word' id='word_1_414' title='bbox 2591 2606 2826 2672; x_wconf 83' lang='lat' dir='ltr'><strong>Leonis,</strong></span> <span class='ocrx_word' id='word_1_415' title='bbox 2876 2606 3069 2674; x_wconf 89' lang='lat' dir='ltr'><strong>Vituli,</strong></span> <span class='ocrx_word' id='word_1_416' title='bbox 3098 2607 3371 2674; x_wconf 89' lang='lat' dir='ltr'><strong>Hominis,</strong></span> <span class='ocrx_word' id='word_1_417' title='bbox 3418 2617 3475 2663; x_wconf 90' lang='lat' dir='ltr'><strong>et</strong></span> <span class='ocrx_word' id='word_1_418' title='bbox 3503 2610 3753 2681; x_wconf 67' lang='lat' dir='ltr'><strong>Aquilm,</strong></span> 
     </span>
    </p>
   </div>
   <div class='ocr_carea' id='block_1_51' title="bbox 2132 2698 3751 2773">
    <p class='ocr_par' dir='ltr' id='par_1_51' title="bbox 2132 2698 3751 2773">
     <span class='ocr_line' id='line_1_51' title="bbox 2132 2698 3751 2773; baseline 0.004 -20"><span class='ocrx_word' id='word_1_419' title='bbox 2132 2714 2369 2769; x_wconf 89' lang='lat' dir='ltr'><strong>quorum</strong></span> <span class='ocrx_word' id='word_1_420' title='bbox 2400 2698 2636 2754; x_wconf 86' lang='lat' dir='ltr'><strong>diversae</strong></span> <span class='ocrx_word' id='word_1_421' title='bbox 2672 2700 2943 2755; x_wconf 69' lang='lat' dir='ltr'><strong>doctrina:</strong></span> <span class='ocrx_word' id='word_1_422' title='bbox 2991 2715 3054 2755; x_wconf 92' lang='lat' dir='ltr'><strong>ac</strong></span> <span class='ocrx_word' id='word_1_423' title='bbox 3083 2702 3276 2756; x_wconf 86' lang='lat' dir='ltr'><strong>merita</strong></span> <span class='ocrx_word' id='word_1_424' title='bbox 3305 2702 3569 2773; x_wconf 81' lang='lat' dir='ltr'><strong>fulgentia</strong></span> <span class='ocrx_word' id='word_1_425' title='bbox 3602 2721 3751 2773; x_wconf 67' lang='lat' dir='ltr'><strong>prm—</strong></span> 
     </span>
    </p>
   </div>
   <div class='ocr_carea' id='block_1_52' title="bbox 2131 2794 3752 2865">
    <p class='ocr_par' dir='ltr' id='par_1_52' title="bbox 2131 2794 3752 2865">
     <span class='ocr_line' id='line_1_52' title="bbox 2131 2794 3752 2865; baseline 0.002 -16"><span class='ocrx_word' id='word_1_426' title='bbox 2131 2794 2444 2850; x_wconf 85' lang='lat' dir='ltr'><strong>currebant.</strong></span> <span class='ocrx_word' id='word_1_427' title='bbox 2467 2794 2717 2849; x_wconf 91' lang='lat' dir='ltr'><strong>Primum</strong></span> <span class='ocrx_word' id='word_1_428' title='bbox 2750 2794 2801 2848; x_wconf 92' lang='lat' dir='ltr'><strong>in</strong></span> <span class='ocrx_word' id='word_1_429' title='bbox 2834 2794 3143 2864; x_wconf 85' lang='lat' dir='ltr'><strong>patriarchis</strong></span> <span class='ocrx_word' id='word_1_430' title='bbox 3176 2794 3380 2865; x_wconf 86' lang='lat' dir='ltr'><strong>regalis</strong></span> <span class='ocrx_word' id='word_1_431' title='bbox 3403 2798 3752 2863; x_wconf 85' lang='lat' dir='ltr'><strong>auctoritas;</strong></span> 
     </span>
    </p>
   </div>
   <div class='ocr_carea' id='block_1_53' title="bbox 1287 2954 2875 3017">
    <p class='ocr_par' dir='ltr' id='par_1_53' title="bbox 1287 2954 2875 3017">
     <span class='ocr_line' id='line_1_53' title="bbox 1287 2954 2875 3017; baseline -0.001 -3"><span class='ocrx_word' id='word_1_432' title='bbox 1287 2958 1441 3015; x_wconf 89' lang='lat' dir='ltr'><strong>COD.</strong></span> <span class='ocrx_word' id='word_1_433' title='bbox 1483 2960 1594 3017; x_wconf 85' lang='lat' dir='ltr'><strong>MS.</strong></span> <span class='ocrx_word' id='word_1_434' title='bbox 1638 2957 1987 3017; x_wconf 81' lang='lat' dir='ltr'><strong>SANGERM.</strong></span> <span class='ocrx_word' id='word_1_435' title='bbox 2031 2955 2417 3014; x_wconf 79' lang='lat' dir='ltr'><strong>LECTIONES</strong></span> <span class='ocrx_word' id='word_1_436' title='bbox 2458 2954 2875 3011; x_wconf 73' lang='lat' dir='ltr'><strong>VARIANTES.</strong></span> 
     </span>
    </p>
   </div>
   <div class='ocr_carea' id='block_1_54' title="bbox 487 3074 996 3137">
    <p class='ocr_par' dir='ltr' id='par_1_54' title="bbox 487 3074 996 3137">
     <span class='ocr_line' id='line_1_54' title="bbox 487 3074 996 3137; baseline -0.008 -12"><span class='ocrx_word' id='word_1_437' title='bbox 487 3078 502 3105; x_wconf 84' lang='grc'>¹</span> <span class='ocrx_word' id='word_1_438' title='bbox 530 3080 680 3137; x_wconf 90' lang='lat' dir='ltr'><strong>atque</strong></span> <span class='ocrx_word' id='word_1_439' title='bbox 702 3074 996 3137; x_wconf 85' lang='lat' dir='ltr'><strong>capientium</strong></span> 
     </span>
    </p>
   </div>
   <div class='ocr_carea' id='block_1_55' title="bbox 483 3141 789 3199">
    <p class='ocr_par' dir='ltr' id='par_1_55' title="bbox 483 3141 789 3199">
     <span class='ocr_line' id='line_1_55' title="bbox 483 3141 789 3199; baseline -0.003 -14"><span class='ocrx_word' id='word_1_440' title='bbox 483 3141 503 3169; x_wconf 81' lang='grc'>²</span> <span class='ocrx_word' id='word_1_441' title='bbox 530 3144 789 3199; x_wconf 87' lang='lat' dir='ltr'><strong>morteque</strong></span> 
     </span>
    </p>
   </div>
   <div class='ocr_carea' id='block_1_56' title="bbox 486 3201 877 3263">
    <p class='ocr_par' dir='ltr' id='par_1_56' title="bbox 486 3201 877 3263">
     <span class='ocr_line' id='line_1_56' title="bbox 486 3201 877 3263; baseline -0.01 -12"><span class='ocrx_word' id='word_1_442' title='bbox 486 3201 506 3231; x_wconf 83' lang='grc'>³</span> <span class='ocrx_word' id='word_1_443' title='bbox 532 3205 803 3263; x_wconf 88' lang='lat' dir='ltr'><strong>posteaque</strong></span> <span class='ocrx_word' id='word_1_444' title='bbox 830 3201 877 3247; x_wconf 93' lang='lat' dir='ltr'><strong>in</strong></span> 
     </span>
    </p>
   </div>
   <div class='ocr_carea' id='block_1_57' title="bbox 2192 3069 3587 3138">
    <p class='ocr_par' dir='ltr' id='par_1_57' title="bbox 2192 3069 3587 3138">
     <span class='ocr_line' id='line_1_57' title="bbox 2192 3069 3587 3138; baseline 0.005 -20"><span class='ocrx_word' id='word_1_445' title='bbox 2192 3071 2213 3138; x_wconf 62' lang='grc' dir='ltr'><strong>ξ</strong></span> <span class='ocrx_word' id='word_1_446' title='bbox 2234 3070 2645 3138; x_wconf 72' lang='lat' dir='ltr'><strong>incorporationis</strong></span> <span class='ocrx_word' id='word_1_447' title='bbox 2667 3083 2768 3138; x_wconf 69' lang='lat' dir='ltr'><strong>suae</strong></span> <span class='ocrx_word' id='word_1_448' title='bbox 2794 3069 3032 3123; x_wconf 77' lang='lat' dir='ltr'><strong>futurae...</strong></span> <span class='ocrx_word' id='word_1_449' title='bbox 3060 3075 3109 3121; x_wconf 89' lang='lat' dir='ltr'><strong>in</strong></span> <span class='ocrx_word' id='word_1_450' title='bbox 3134 3075 3587 3138; x_wconf 81' lang='lat' dir='ltr'><strong>ineorporationem</strong></span> 
     </span>
    </p>
   </div>
   <div class='ocr_carea' id='block_1_58' title="bbox 2189 3132 2792 3194">
    <p class='ocr_par' dir='ltr' id='par_1_58' title="bbox 2189 3132 2792 3194">
     <span class='ocr_line' id='line_1_58' title="bbox 2189 3132 2792 3194; baseline 0.003 -14"><span class='ocrx_word' id='word_1_451' title='bbox 2189 3135 2209 3164; x_wconf 74' lang='grc'>⁸</span> <span class='ocrx_word' id='word_1_452' title='bbox 2234 3132 2415 3194; x_wconf 86' lang='lat' dir='ltr'><strong>linguis</strong></span> <span class='ocrx_word' id='word_1_453' title='bbox 2432 3132 2542 3182; x_wconf 86' lang='lat' dir='ltr'><strong>aliis</strong></span> <span class='ocrx_word' id='word_1_454' title='bbox 2563 3140 2614 3183; x_wconf 89' lang='lat' dir='ltr'><strong>et</strong></span> <span class='ocrx_word' id='word_1_455' title='bbox 2633 3133 2792 3185; x_wconf 83' lang='lat' dir='ltr'><strong>labiis.</strong></span> 
     </span>
    </p>
   </div>
   <div class='ocr_carea' id='block_1_59' title="bbox 2192 3194 2637 3247">
    <p class='ocr_par' dir='ltr' id='par_1_59' title="bbox 2192 3194 2637 3247">
     <span class='ocr_line' id='line_1_59' title="bbox 2192 3194 2637 3247; baseline 0.002 -5"><span class='ocrx_word' id='word_1_456' title='bbox 2192 3196 2212 3225; x_wconf 72' lang='grc'>⁸</span> <span class='ocrx_word' id='word_1_457' title='bbox 2234 3194 2313 3244; x_wconf 87' lang='lat' dir='ltr'><strong>hic</strong></span> <span class='ocrx_word' id='word_1_458' title='bbox 2332 3196 2637 3247; x_wconf 82' lang='lat' dir='ltr'><strong>Sanctorum.</strong></span> 
     </span>
    </p>
   </div>
   <div class='ocr_carea' id='block_1_60' title="bbox 1524 3320 2611 3378">
    <p class='ocr_par' dir='ltr' id='par_1_60' title="bbox 1524 3320 2611 3378">
     <span class='ocr_line' id='line_1_60' title="bbox 1524 3320 2611 3378; baseline 0.001 -1"><span class='ocrx_word' id='word_1_459' title='bbox 1524 3320 1817 3378; x_wconf 78' lang='lat' dir='ltr'><strong>FABRICII</strong></span> <span class='ocrx_word' id='word_1_460' title='bbox 1856 3320 1944 3377; x_wconf 85' lang='lat' dir='ltr'><strong>ET</strong></span> <span class='ocrx_word' id='word_1_461' title='bbox 1986 3320 2340 3378; x_wconf 79' lang='lat' dir='ltr'><strong>GALEARDI</strong></span> <span class='ocrx_word' id='word_1_462' title='bbox 2378 3322 2611 3378; x_wconf 69' lang='lat' dir='ltr'><strong>NOTAE.</strong></span> 
     </span>
    </p>
   </div>
   <div class='ocr_carea' id='block_1_61' title="bbox 498 3442 2031 3521">
    <p class='ocr_par' dir='ltr' id='par_1_61' title="bbox 498 3442 2031 3521">
     <span class='ocr_line' id='line_1_61' title="bbox 498 3442 2031 3521; baseline -0.004 -18"><span class='ocrx_word' id='word_1_463' title='bbox 498 3459 524 3486; x_wconf 75' lang='grc' dir='ltr'><strong>ιι</strong></span> <span class='ocrx_word' id='word_1_464' title='bbox 558 3450 789 3505; x_wconf 69' lang='lat' dir='ltr'><strong>Diversis</strong></span> <span class='ocrx_word' id='word_1_465' title='bbox 807 3449 977 3503; x_wconf 80' lang='lat' dir='ltr'><strong>modis</strong></span> <span class='ocrx_word' id='word_1_466' title='bbox 994 3456 1080 3521; x_wconf 79' lang='lat' dir='ltr'><strong>,_et</strong></span> <span class='ocrx_word' id='word_1_467' title='bbox 1112 3444 1645 3521; x_wconf 40' lang='grc' dir='ltr'><strong>Ιίνιθαὶεηηολυμερᾶξ</strong></span> <span class='ocrx_word' id='word_1_468' title='bbox 1662 3444 1751 3521; x_wconf 45' lang='lat' dir='ltr'><strong>imi</strong></span> <span class='ocrx_word' id='word_1_469' title='bbox 1778 3442 2031 3521; x_wconf 59' lang='grc' dir='ltr'><strong>πολυτρό-</strong></span> 
     </span>
    </p>
   </div>
   <div class='ocr_carea' id='block_1_62' title="bbox 424 3514 2026 3587">
    <p class='ocr_par' dir='ltr' id='par_1_62' title="bbox 424 3514 2026 3587">
     <span class='ocr_line' id='line_1_62' title="bbox 424 3514 2026 3587; baseline -0.009 -6"><span class='ocrx_word' id='word_1_470' title='bbox 424 3547 567 3587; x_wconf 85' lang='grc' dir='ltr'><strong>πως,</strong></span> <span class='ocrx_word' id='word_1_471' title='bbox 611 3522 777 3577; x_wconf 82' lang='lat' dir='ltr'><strong>Hebr.</strong></span> <span class='ocrx_word' id='word_1_472' title='bbox 809 3537 863 3584; x_wconf 88' lang='lat'><strong>1,</strong></span> <span class='ocrx_word' id='word_1_473' title='bbox 900 3520 950 3574; x_wconf 91' lang='lat'><strong>1.</strong></span> <span class='ocrx_word' id='word_1_474' title='bbox 1002 3514 1262 3574; x_wconf 76' lang='lat' dir='ltr'><strong>Clemens</strong></span> <span class='ocrx_word' id='word_1_475' title='bbox 1311 3516 1470 3570; x_wconf 81' lang='lat' dir='ltr'><strong>Alex.</strong></span> <span class='ocrx_word' id='word_1_476' title='bbox 1513 3514 1563 3581; x_wconf 74' lang='lat' dir='ltr'><strong>p&#39;.</strong></span> <span class='ocrx_word' id='word_1_477' title='bbox 1600 3514 1631 3566; x_wconf 93' lang='lat'>7</span> <span class='ocrx_word' id='word_1_478' title='bbox 1662 3514 2026 3587; x_wconf 82' lang='lat' dir='ltr'><strong>Protreptiei:</strong></span> 
     </span>
    </p>
   </div>
   <div class='ocr_carea' id='block_1_63' title="bbox 428 3586 2028 3668">
    <p class='ocr_par' dir='ltr' id='par_1_63' title="bbox 428 3586 2028 3668">
     <span class='ocr_line' id='line_1_63' title="bbox 428 3586 2028 3668; baseline -0.01 -17"><span class='ocrx_word' id='word_1_479' title='bbox 428 3596 720 3668; x_wconf 74' lang='grc' dir='ltr'><strong>Πολύφωνός</strong></span> <span class='ocrx_word' id='word_1_480' title='bbox 748 3615 804 3667; x_wconf 70' lang='grc' dir='ltr'><strong>γε</strong></span> <span class='ocrx_word' id='word_1_481' title='bbox 928 3598 1099 3668; x_wconf 70' lang='grc' dir='ltr'><em>Σωτὴρ</em></span> <span class='ocrx_word' id='word_1_482' title='bbox 1277 3588 1600 3668; x_wconf 52' lang='grc' dir='ltr'><strong>πςζλιξτροπος</strong></span> <span class='ocrx_word' id='word_1_483' title='bbox 1637 3590 1708 3646; x_wconf 81' lang='grc' dir='ltr'><strong>εἰς</strong></span> <span class='ocrx_word' id='word_1_484' title='bbox 1753 3586 2028 3668; x_wconf 58' lang='grc' dir='ltr'><strong>ἀνθρὼπφν</strong></span> 
     </span>
    </p>
   </div>
   <div class='ocr_carea' id='block_1_64' title="bbox 426 3659 2030 3737">
    <p class='ocr_par' dir='ltr' id='par_1_64' title="bbox 426 3659 2030 3737">
     <span class='ocr_line' id='line_1_64' title="bbox 426 3659 2030 3737; baseline -0.007 -16"><span class='ocrx_word' id='word_1_485' title='bbox 426 3659 684 3737; x_wconf 56' lang='grc' dir='ltr'><strong>σωτήρων</strong></span> <span class='ocrx_word' id='word_1_486' title='bbox 713 3684 724 3717; x_wconf 93' lang='lat'>:</span> <span class='ocrx_word' id='word_1_487' title='bbox 756 3659 1292 3737; x_wconf 57' lang='lat' dir='ltr'><strong>inultiplicesadhibet</strong></span> <span class='ocrx_word' id='word_1_488' title='bbox 1316 3659 1558 3715; x_wconf 81' lang='lat' dir='ltr'><strong>Salvator</strong></span> <span class='ocrx_word' id='word_1_489' title='bbox 1582 3672 1724 3711; x_wconf 82' lang='lat' dir='ltr'><strong>voces</strong></span> <span class='ocrx_word' id='word_1_490' title='bbox 1744 3698 1757 3721; x_wconf 91' lang='lat'><strong>,</strong></span> <span class='ocrx_word' id='word_1_491' title='bbox 1782 3667 1827 3710; x_wconf 88' lang='lat' dir='ltr'><strong>et</strong></span> <span class='ocrx_word' id='word_1_492' title='bbox 1842 3659 2030 3710; x_wconf 67' lang='lat' dir='ltr'><strong>&#39;modos</strong></span> 
     </span>
    </p>
   </div>
   <div class='ocr_carea' id='block_1_65' title="bbox 424 3733 1315 3792">
    <p class='ocr_par' dir='ltr' id='par_1_65' title="bbox 424 3733 1315 3792">
     <span class='ocr_line' id='line_1_65' title="bbox 424 3733 1315 3792; baseline -0.008 0"><span class='ocrx_word' id='word_1_493' title='bbox 424 3740 494 3792; x_wconf 86' lang='lat' dir='ltr'><strong>ad</strong></span> <span class='ocrx_word' id='word_1_494' title='bbox 524 3733 743 3791; x_wconf 78' lang='lat' dir='ltr'><strong>salutem</strong></span> <span class='ocrx_word' id='word_1_495' title='bbox 774 3736 1061 3789; x_wconf 85' lang='lat' dir='ltr'><strong>hominum.</strong></span> <span class='ocrx_word' id='word_1_496' title='bbox 1099 3733 1315 3786; x_wconf 74' lang='lat' dir='ltr'><strong>FABRIC.</strong></span> 
     </span>
    </p>
   </div>
   <div class='ocr_carea' id='block_1_66' title="bbox 495 3798 2029 3866">
    <p class='ocr_par' dir='ltr' id='par_1_66' title="bbox 495 3798 2029 3866">
     <span class='ocr_line' id='line_1_66' title="bbox 495 3798 2029 3866; baseline -0.005 -5"><span class='ocrx_word' id='word_1_497' title='bbox 495 3809 523 3845; x_wconf 69' lang='grc' dir='ltr'><strong>ιι</strong></span> <span class='ocrx_word' id='word_1_498' title='bbox 560 3808 781 3862; x_wconf 82' lang='lat' dir='ltr'><strong>Mortem</strong></span> <span class='ocrx_word' id='word_1_499' title='bbox 824 3808 1025 3861; x_wconf 85' lang='lat' dir='ltr'><strong>induto.</strong></span> <span class='ocrx_word' id='word_1_500' title='bbox 1061 3804 1262 3859; x_wconf 83' lang='lat' dir='ltr'><strong>Cenes.</strong></span> <span class='ocrx_word' id='word_1_501' title='bbox 1300 3818 1348 3866; x_wconf 89' lang='grc' dir='ltr'><strong>ι,</strong></span> <span class='ocrx_word' id='word_1_502' title='bbox 1376 3802 1478 3866; x_wconf 77' lang='grc'><strong>21,</strong></span> <span class='ocrx_word' id='word_1_503' title='bbox 1515 3800 1726 3855; x_wconf 91' lang='lat' dir='ltr'><strong>tunicas</strong></span> <span class='ocrx_word' id='word_1_504' title='bbox 1768 3798 2029 3866; x_wconf 89' lang='lat' dir='ltr'><strong>pelliceas</strong></span> 
     </span>
    </p>
   </div>
   <div class='ocr_carea' id='block_1_67' title="bbox 425 3876 2024 3947">
    <p class='ocr_par' dir='ltr' id='par_1_67' title="bbox 425 3876 2024 3947">
     <span class='ocr_line' id='line_1_67' title="bbox 425 3876 2024 3947; baseline -0.008 -14"><span class='ocrx_word' id='word_1_505' title='bbox 425 3880 779 3947; x_wconf 84' lang='lat' dir='ltr'><strong>protoplastis</strong></span> <span class='ocrx_word' id='word_1_506' title='bbox 821 3880 1035 3932; x_wconf 88' lang='lat' dir='ltr'><strong>indutas</strong></span> <span class='ocrx_word' id='word_1_507' title='bbox 1058 3919 1071 3943; x_wconf 94' lang='lat'><strong>,</strong></span> <span class='ocrx_word' id='word_1_508' title='bbox 1097 3876 1443 3930; x_wconf 83' lang='lat' dir='ltr'><strong>mortalitatis</strong></span> <span class='ocrx_word' id='word_1_509' title='bbox 1470 3888 1565 3942; x_wconf 90' lang='lat' dir='ltr'><strong>per</strong></span> <span class='ocrx_word' id='word_1_510' title='bbox 1587 3884 1870 3947; x_wconf 68' lang='lat' dir='ltr'><strong>peccatum</strong></span> <span class='ocrx_word' id='word_1_511' title='bbox 1894 3884 2024 3947; x_wconf 56' lang='lat' dir='ltr'><strong>con:</strong></span> 
     </span>
    </p>
   </div>
   <div class='ocr_carea' id='block_1_68' title="bbox 426 3941 2029 4018">
    <p class='ocr_par' dir='ltr' id='par_1_68' title="bbox 426 3941 2029 4018">
     <span class='ocr_line' id='line_1_68' title="bbox 426 3941 2029 4018; baseline -0.004 -16"><span class='ocrx_word' id='word_1_512' title='bbox 426 3941 613 4002; x_wconf 52' lang='lat' dir='ltr'><strong>iractai:</strong></span> <span class='ocrx_word' id='word_1_513' title='bbox 645 3948 950 4018; x_wconf 86' lang='lat' dir='ltr'><strong>symbolum</strong></span> <span class='ocrx_word' id='word_1_514' title='bbox 983 3941 1210 4018; x_wconf 62' lang='lat' dir='ltr'><strong>Veteres</strong></span> <span class='ocrx_word' id='word_1_515' title='bbox 1240 3941 1695 4018; x_wconf 78' lang='lat' dir='ltr'><strong>interpretantur.</strong></span> <span class='ocrx_word' id='word_1_516' title='bbox 1725 3941 1978 4018; x_wconf 79' lang='lat' dir='ltr'><strong>Vicissim</strong></span> <span class='ocrx_word' id='word_1_517' title='bbox 2010 3941 2029 3995; x_wconf 94' lang='lat' dir='ltr'><strong>I</strong></span> 
     </span>
    </p>
   </div>
   <div class='ocr_carea' id='block_1_69' title="bbox 421 4014 2029 4087">
    <p class='ocr_par' dir='ltr' id='par_1_69' title="bbox 421 4014 2029 4087">
     <span class='ocr_line' id='line_1_69' title="bbox 421 4014 2029 4087; baseline -0.006 -12"><span class='ocrx_word' id='word_1_518' title='bbox 421 4014 689 4075; x_wconf 50' lang='lat' dir='ltr'><strong>Corinthi</strong></span> <span class='ocrx_word' id='word_1_519' title='bbox 714 4034 815 4083; x_wconf 87' lang='lat' dir='ltr'><strong>xv,</strong></span> <span class='ocrx_word' id='word_1_520' title='bbox 849 4019 939 4084; x_wconf 76' lang='lat'><strong>53,</strong></span> <span class='ocrx_word' id='word_1_521' title='bbox 984 4016 1076 4080; x_wconf 73' lang='grc'><strong>54,</strong></span> <span class='ocrx_word' id='word_1_522' title='bbox 1106 4017 1306 4071; x_wconf 83' lang='lat' dir='ltr'><strong>Paulus</strong></span> <span class='ocrx_word' id='word_1_523' title='bbox 1328 4014 1795 4087; x_wconf 52' lang='lat' dir='ltr'><strong>dixitévdua’aoﬂat</strong></span> <span class='ocrx_word' id='word_1_524' title='bbox 1838 4015 2029 4087; x_wconf 76' lang='grc' dir='ltr'><strong>ἀφθαρ-</strong></span> 
     </span>
    </p>
   </div>
   <div class='ocr_carea' id='block_1_70' title="bbox 424 4085 1654 4156">
    <p class='ocr_par' dir='ltr' id='par_1_70' title="bbox 424 4085 1654 4156">
     <span class='ocr_line' id='line_1_70' title="bbox 424 4085 1654 4156; baseline -0.007 -10"><span class='ocrx_word' id='word_1_525' title='bbox 424 4096 563 4156; x_wconf 82' lang='grc' dir='ltr'><strong>σὶαν,</strong></span> <span class='ocrx_word' id='word_1_526' title='bbox 596 4089 810 4143; x_wconf 85' lang='lat' dir='ltr'><strong>induere</strong></span> <span class='ocrx_word' id='word_1_527' title='bbox 832 4087 1399 4155; x_wconf 81' lang='lat' dir='ltr'><strong>incorruptibilitatem.</strong></span> <span class='ocrx_word' id='word_1_528' title='bbox 1435 4085 1654 4139; x_wconf 76' lang='lat' dir='ltr'><strong>FABRIC.</strong></span> 
     </span>
    </p>
   </div>
   <div class='ocr_carea' id='block_1_71' title="bbox 502 4156 2029 4231">
    <p class='ocr_par' dir='ltr' id='par_1_71' title="bbox 502 4156 2029 4231">
     <span class='ocr_line' id='line_1_71' title="bbox 502 4156 2029 4231; baseline -0.002 -18"><span class='ocrx_word' id='word_1_529' title='bbox 502 4174 522 4199; x_wconf 78' lang='grc' dir='ltr'><em>ε</em></span> <span class='ocrx_word' id='word_1_530' title='bbox 556 4160 633 4215; x_wconf 90' lang='lat' dir='ltr'><strong>De</strong></span> <span class='ocrx_word' id='word_1_531' title='bbox 654 4161 779 4215; x_wconf 72' lang='lat' dir='ltr'><strong>coelo</strong></span> <span class='ocrx_word' id='word_1_532' title='bbox 808 4176 929 4215; x_wconf 84' lang='lat' dir='ltr'><strong>voce</strong></span> <span class='ocrx_word' id='word_1_533' title='bbox 970 4160 1135 4231; x_wconf 85' lang='lat' dir='ltr'><strong>ipsius</strong></span> <span class='ocrx_word' id='word_1_534' title='bbox 1157 4158 1357 4231; x_wconf 68' lang='lat' dir='ltr'><strong>audita.</strong></span> <span class='ocrx_word' id='word_1_535' title='bbox 1407 4158 1482 4211; x_wconf 89' lang='lat' dir='ltr'><strong>Ita</strong></span> <span class='ocrx_word' id='word_1_536' title='bbox 1528 4156 2029 4231; x_wconf 33' lang='lat' dir='ltr'><strong>putat-intelligen-</strong></span> 
     </span>
    </p>
   </div>
   <div class='ocr_carea' id='block_1_72' title="bbox 426 4226 2024 4299">
    <p class='ocr_par' dir='ltr' id='par_1_72' title="bbox 426 4226 2024 4299">
     <span class='ocr_line' id='line_1_72' title="bbox 426 4226 2024 4299; baseline -0.004 -12"><span class='ocrx_word' id='word_1_537' title='bbox 426 4236 554 4288; x_wconf 89' lang='lat' dir='ltr'><strong>dum</strong></span> <span class='ocrx_word' id='word_1_538' title='bbox 595 4232 918 4287; x_wconf 89' lang='lat' dir='ltr'><strong>Philastrius</strong></span> <span class='ocrx_word' id='word_1_539' title='bbox 949 4226 1165 4299; x_wconf 82' lang='lat' dir='ltr'><strong>quando</strong></span> <span class='ocrx_word' id='word_1_540' title='bbox 1192 4229 1396 4284; x_wconf 89' lang='lat' dir='ltr'><strong>Genes.</strong></span> <span class='ocrx_word' id='word_1_541' title='bbox 1433 4242 1509 4293; x_wconf 85' lang='lat' dir='ltr'><strong>tv,</strong></span> <span class='ocrx_word' id='word_1_542' title='bbox 1548 4226 1602 4292; x_wconf 89' lang='lat'><strong>6,</strong></span> <span class='ocrx_word' id='word_1_543' title='bbox 1652 4226 1737 4288; x_wconf 78' lang='lat'><strong>15,</strong></span> <span class='ocrx_word' id='word_1_544' title='bbox 1764 4241 1841 4292; x_wconf 81' lang='lat' dir='ltr'><strong>vi,</strong></span> <span class='ocrx_word' id='word_1_545' title='bbox 1886 4230 1940 4295; x_wconf 81' lang='lat'><strong>3,</strong></span> <span class='ocrx_word' id='word_1_546' title='bbox 1971 4230 2024 4291; x_wconf 89' lang='lat'><strong>7,</strong></span> 
     </span>
    </p>
   </div>
   <div class='ocr_carea' id='block_1_73' title="bbox 428 4300 1455 4369">
    <p class='ocr_par' dir='ltr' id='par_1_73' title="bbox 428 4300 1455 4369">
     <span class='ocr_line' id='line_1_73' title="bbox 428 4300 1455 4369; baseline -0.01 -8"><span class='ocrx_word' id='word_1_547' title='bbox 428 4308 517 4369; x_wconf 77' lang='lat'><strong>15,</strong></span> <span class='ocrx_word' id='word_1_548' title='bbox 546 4305 781 4359; x_wconf 91' lang='lat' dir='ltr'><strong>occurrit</strong></span> <span class='ocrx_word' id='word_1_549' title='bbox 814 4314 861 4357; x_wconf 89' lang='lat' dir='ltr'><strong>et</strong></span> <span class='ocrx_word' id='word_1_550' title='bbox 884 4305 1013 4357; x_wconf 77' lang='lat' dir='ltr'><strong>dixit</strong></span> <span class='ocrx_word' id='word_1_551' title='bbox 1041 4300 1202 4356; x_wconf 79' lang='lat' dir='ltr'><strong>Deus.</strong></span> <span class='ocrx_word' id='word_1_552' title='bbox 1236 4300 1455 4356; x_wconf 78' lang='lat' dir='ltr'><strong>FABRIC.</strong></span> 
     </span>
    </p>
   </div>
   <div class='ocr_carea' id='block_1_74' title="bbox 498 4370 2023 4452">
    <p class='ocr_par' dir='ltr' id='par_1_74' title="bbox 498 4370 2023 4452">
     <span class='ocr_line' id='line_1_74' title="bbox 498 4370 2023 4452; baseline -0.002 -24"><span class='ocrx_word' id='word_1_553' title='bbox 498 4376 523 4412; x_wconf 77' lang='grc' dir='ltr'><strong>ιι</strong></span> <span class='ocrx_word' id='word_1_554' title='bbox 577 4375 1180 4452; x_wconf 18' lang='grc' dir='ltr'><strong>Αὸνᾳιιιιςςεγῄῥράέματι</strong></span> <span class='ocrx_word' id='word_1_555' title='bbox 1218 4372 1355 4429; x_wconf 89' lang='lat' dir='ltr'><strong>Gen.</strong></span> <span class='ocrx_word' id='word_1_556' title='bbox 1386 4387 1475 4437; x_wconf 92' lang='lat' dir='ltr'><strong>xv,</strong></span> <span class='ocrx_word' id='word_1_557' title='bbox 1509 4372 1570 4434; x_wconf 93' lang='lat'><strong>1;</strong></span> <span class='ocrx_word' id='word_1_558' title='bbox 1607 4384 1741 4435; x_wconf 90' lang='lat' dir='ltr'><strong>xvn,</strong></span> <span class='ocrx_word' id='word_1_559' title='bbox 1778 4370 1838 4435; x_wconf 91' lang='lat'><strong>1;</strong></span> <span class='ocrx_word' id='word_1_560' title='bbox 1875 4386 2023 4438; x_wconf 84' lang='lat' dir='ltr'><strong>xvtn,</strong></span> 
     </span>
    </p>
   </div>
   <div class='ocr_carea' id='block_1_75' title="bbox 426 4447 1242 4515">
    <p class='ocr_par' dir='ltr' id='par_1_75' title="bbox 426 4447 1242 4515">
     <span class='ocr_line' id='line_1_75' title="bbox 426 4447 1242 4515; baseline -0.006 -13"><span class='ocrx_word' id='word_1_561' title='bbox 426 4450 489 4515; x_wconf 91' lang='lat'><strong>1;</strong></span> <span class='ocrx_word' id='word_1_562' title='bbox 520 4464 655 4512; x_wconf 71' lang='grc' dir='ltr'>χχιι,</span> <span class='ocrx_word' id='word_1_563' title='bbox 692 4447 743 4509; x_wconf 89' lang='lat'><strong>1,</strong></span> <span class='ocrx_word' id='word_1_564' title='bbox 782 4448 866 4512; x_wconf 71' lang='lat'><strong>14,</strong></span> <span class='ocrx_word' id='word_1_565' title='bbox 901 4447 994 4502; x_wconf 55' lang='lat'><strong>15.&quot;</strong></span> <span class='ocrx_word' id='word_1_566' title='bbox 1025 4447 1242 4501; x_wconf 77' lang='lat' dir='ltr'><strong>FABRIC.</strong></span> 
     </span>
    </p>
   </div>
   <div class='ocr_carea' id='block_1_76' title="bbox 501 4513 2029 4586">
    <p class='ocr_par' dir='ltr' id='par_1_76' title="bbox 501 4513 2029 4586">
     <span class='ocr_line' id='line_1_76' title="bbox 501 4513 2029 4586; baseline -0.003 -14"><span class='ocrx_word' id='word_1_567' title='bbox 501 4530 523 4555; x_wconf 70' lang='grc' dir='ltr'><strong>υ</strong></span> <span class='ocrx_word' id='word_1_568' title='bbox 556 4518 622 4572; x_wconf 86' lang='lat' dir='ltr'><strong>Et</strong></span> <span class='ocrx_word' id='word_1_569' title='bbox 651 4519 768 4572; x_wconf 84' lang='lat' dir='ltr'><strong>aliis</strong></span> <span class='ocrx_word' id='word_1_570' title='bbox 798 4535 888 4586; x_wconf 88' lang='lat' dir='ltr'><strong>per</strong></span> <span class='ocrx_word' id='word_1_571' title='bbox 923 4519 1173 4573; x_wconf 86' lang='lat' dir='ltr'><strong>ordinem.</strong></span> <span class='ocrx_word' id='word_1_572' title='bbox 1208 4518 1393 4571; x_wconf 85' lang='lat' dir='ltr'><strong>Isaaco</strong></span> <span class='ocrx_word' id='word_1_573' title='bbox 1434 4516 1635 4571; x_wconf 87' lang='lat' dir='ltr'><strong>Genes.</strong></span> <span class='ocrx_word' id='word_1_574' title='bbox 1671 4528 1817 4579; x_wconf 64' lang='grc' dir='ltr'>χχιιι,</span> <span class='ocrx_word' id='word_1_575' title='bbox 1838 4513 1952 4586; x_wconf 70' lang='grc'><strong>24,</strong></span> <span class='ocrx_word' id='word_1_576' title='bbox 1974 4524 2029 4568; x_wconf 84' lang='lat' dir='ltr'><strong>ct</strong></span> 
     </span>
    </p>
   </div>
   <div class='ocr_carea' id='block_1_77' title="bbox 426 4585 2024 4655">
    <p class='ocr_par' dir='ltr' id='par_1_77' title="bbox 426 4585 2024 4655">
     <span class='ocr_line' id='line_1_77' title="bbox 426 4585 2024 4655; baseline -0.003 -10"><span class='ocrx_word' id='word_1_577' title='bbox 426 4591 631 4645; x_wconf 86' lang='lat' dir='ltr'><strong>Jacobo</strong></span> <span class='ocrx_word' id='word_1_578' title='bbox 665 4589 867 4645; x_wconf 86' lang='lat' dir='ltr'><strong>Genes.</strong></span> <span class='ocrx_word' id='word_1_579' title='bbox 898 4605 1086 4654; x_wconf 85' lang='lat' dir='ltr'><strong>xxvnt,</strong></span> <span class='ocrx_word' id='word_1_580' title='bbox 1117 4589 1207 4649; x_wconf 71' lang='lat'><strong>12,</strong></span> <span class='ocrx_word' id='word_1_581' title='bbox 1242 4589 1337 4651; x_wconf 79' lang='lat'><strong>15;</strong></span> <span class='ocrx_word' id='word_1_582' title='bbox 1370 4603 1519 4651; x_wconf 77' lang='lat' dir='ltr'><strong>xxxr,</strong></span> <span class='ocrx_word' id='word_1_583' title='bbox 1545 4588 1608 4650; x_wconf 78' lang='lat'><strong>5;</strong></span> <span class='ocrx_word' id='word_1_584' title='bbox 1642 4601 1809 4652; x_wconf 80' lang='lat' dir='ltr'><strong>xxxn,</strong></span> <span class='ocrx_word' id='word_1_585' title='bbox 1849 4586 1899 4651; x_wconf 93' lang='lat'><strong>1,</strong></span> <span class='ocrx_word' id='word_1_586' title='bbox 1932 4585 2024 4655; x_wconf 69' lang='lat'><strong>9.4,</strong></span> 
     </span>
    </p>
   </div>
   <div class='ocr_carea' id='block_1_78' title="bbox 427 4658 1412 4726">
    <p class='ocr_par' dir='ltr' id='par_1_78' title="bbox 427 4658 1412 4726">
     <span class='ocr_line' id='line_1_78' title="bbox 427 4658 1412 4726; baseline -0.005 -9"><span class='ocrx_word' id='word_1_587' title='bbox 427 4663 533 4725; x_wconf 78' lang='lat'><strong>50;</strong></span> <span class='ocrx_word' id='word_1_588' title='bbox 564 4676 728 4724; x_wconf 85' lang='lat' dir='ltr'><strong>xxxv,</strong></span> <span class='ocrx_word' id='word_1_589' title='bbox 760 4662 812 4725; x_wconf 91' lang='lat'><strong>1,</strong></span> <span class='ocrx_word' id='word_1_590' title='bbox 841 4660 905 4725; x_wconf 89' lang='lat'><strong>9;</strong></span> <span class='ocrx_word' id='word_1_591' title='bbox 936 4676 1080 4726; x_wconf 76' lang='lat' dir='ltr'><strong>XLVI,</strong></span> <span class='ocrx_word' id='word_1_592' title='bbox 1108 4659 1164 4713; x_wconf 66' lang='grc' dir='ltr'><strong>Ξ.</strong></span> <span class='ocrx_word' id='word_1_593' title='bbox 1197 4658 1412 4713; x_wconf 75' lang='lat' dir='ltr'><strong>FABRIC.</strong></span> 
     </span>
    </p>
   </div>
   <div class='ocr_carea' id='block_1_79' title="bbox 504 4728 2105 4808">
    <p class='ocr_par' dir='ltr' id='par_1_79' title="bbox 504 4728 2105 4808">
     <span class='ocr_line' id='line_1_79' title="bbox 504 4728 2105 4808; baseline -0.002 -23"><span class='ocrx_word' id='word_1_594' title='bbox 504 4732 523 4769; x_wconf 73' lang='grc' dir='ltr'><strong><em>ἲ</em></strong></span> <span class='ocrx_word' id='word_1_595' title='bbox 558 4732 787 4808; x_wconf 71' lang='lat' dir='ltr'><strong>Diuersis</strong></span> <span class='ocrx_word' id='word_1_596' title='bbox 826 4733 977 4786; x_wconf 82' lang='lat' dir='ltr'><strong>rebus</strong></span> <span class='ocrx_word' id='word_1_597' title='bbox 1025 4747 1301 4808; x_wconf 69' lang='lat' dir='ltr'><strong>apparens.</strong></span> <span class='ocrx_word' id='word_1_598' title='bbox 1336 4730 1437 4785; x_wconf 89' lang='lat' dir='ltr'><strong>Per</strong></span> <span class='ocrx_word' id='word_1_599' title='bbox 1476 4728 1777 4808; x_wconf 71' lang='lat' dir='ltr'><strong>somnium.</strong></span> <span class='ocrx_word' id='word_1_600' title='bbox 1813 4729 2025 4808; x_wconf 59' lang='lat' dir='ltr'><strong>visunt,</strong></span> <span class='ocrx_word' id='word_1_601' title='bbox 2058 4750 2105 4808; x_wconf 76' lang='grc' dir='ltr'>ι)</span> 
     </span>
    </p>
   </div>
   <div class='ocr_carea' id='block_1_80' title="bbox 424 4800 2028 4869">
    <p class='ocr_par' dir='ltr' id='par_1_80' title="bbox 424 4800 2028 4869">
     <span class='ocr_line' id='line_1_80' title="bbox 424 4800 2028 4869; baseline -0.002 -10"><span class='ocrx_word' id='word_1_602' title='bbox 424 4804 891 4869; x_wconf 88' lang='lat' dir='ltr'><strong>admonitionem,</strong></span> <span class='ocrx_word' id='word_1_603' title='bbox 922 4802 1297 4869; x_wconf 86' lang='lat' dir='ltr'><strong>spectaculum</strong></span> <span class='ocrx_word' id='word_1_604' title='bbox 1318 4843 1332 4867; x_wconf 93' lang='lat'><strong>,</strong></span> <span class='ocrx_word' id='word_1_605' title='bbox 1362 4811 1415 4855; x_wconf 93' lang='lat' dir='ltr'><strong>et</strong></span> <span class='ocrx_word' id='word_1_606' title='bbox 1440 4801 1858 4855; x_wconf 84' lang='lat' dir='ltr'><strong>revelationem.</strong></span> <span class='ocrx_word' id='word_1_607' title='bbox 1893 4800 2028 4855; x_wconf 85' lang='lat' dir='ltr'><strong>Vide</strong></span> 
     </span>
    </p>
   </div>
   <div class='ocr_carea' id='block_1_81' title="bbox 424 4873 2027 4943">
    <p class='ocr_par' dir='ltr' id='par_1_81' title="bbox 424 4873 2027 4943">
     <span class='ocr_line' id='line_1_81' title="bbox 424 4873 2027 4943; baseline -0.001 -15"><span class='ocrx_word' id='word_1_608' title='bbox 424 4878 758 4943; x_wconf 80' lang='lat' dir='ltr'><strong>lnterpretes</strong></span> <span class='ocrx_word' id='word_1_609' title='bbox 798 4875 865 4927; x_wconf 91' lang='lat' dir='ltr'><strong>ad</strong></span> <span class='ocrx_word' id='word_1_610' title='bbox 913 4874 1211 4928; x_wconf 86' lang='lat' dir='ltr'><strong>Numeror.</strong></span> <span class='ocrx_word' id='word_1_611' title='bbox 1248 4888 1340 4935; x_wconf 81' lang='lat' dir='ltr'><strong>xu,</strong></span> <span class='ocrx_word' id='word_1_612' title='bbox 1373 4873 1429 4937; x_wconf 91' lang='lat'><strong>8,</strong></span> <span class='ocrx_word' id='word_1_613' title='bbox 1477 4882 1531 4924; x_wconf 88' lang='lat' dir='ltr'><strong>et</strong></span> <span class='ocrx_word' id='word_1_614' title='bbox 1581 4885 1705 4941; x_wconf 64' lang='lat' dir='ltr'><strong>qua:</strong></span> <span class='ocrx_word' id='word_1_615' title='bbox 1735 4874 1917 4924; x_wconf 88' lang='lat' dir='ltr'><strong>notavi</strong></span> <span class='ocrx_word' id='word_1_616' title='bbox 1960 4873 2027 4926; x_wconf 88' lang='lat' dir='ltr'><strong>ad</strong></span> 
     </span>
    </p>
   </div>
   <div class='ocr_carea' id='block_1_82' title="bbox 421 4943 1325 5014">
    <p class='ocr_par' dir='ltr' id='par_1_82' title="bbox 421 4943 1325 5014">
     <span class='ocr_line' id='line_1_82' title="bbox 421 4943 1325 5014; baseline -0.007 -12"><span class='ocrx_word' id='word_1_617' title='bbox 421 4947 764 5002; x_wconf 90' lang='lat' dir='ltr'><strong>Chalcidium</strong></span> <span class='ocrx_word' id='word_1_618' title='bbox 790 4960 911 5014; x_wconf 90' lang='lat' dir='ltr'><strong>cap.</strong></span> <span class='ocrx_word' id='word_1_619' title='bbox 946 4943 1074 5001; x_wconf 71' lang='grc'>254.</span> <span class='ocrx_word' id='word_1_620' title='bbox 1106 4944 1325 4998; x_wconf 72' lang='lat' dir='ltr'><strong>FABRIC.</strong></span> 
     </span>
    </p>
   </div>
   <div class='ocr_carea' id='block_1_83' title="bbox 501 5012 2029 5083">
    <p class='ocr_par' dir='ltr' id='par_1_83' title="bbox 501 5012 2029 5083">
     <span class='ocr_line' id='line_1_83' title="bbox 501 5012 2029 5083; baseline -0.001 -14"><span class='ocrx_word' id='word_1_621' title='bbox 501 5028 524 5061; x_wconf 74' lang='grc' dir='ltr'>κ</span> <span class='ocrx_word' id='word_1_622' title='bbox 561 5016 782 5070; x_wconf 85' lang='lat' dir='ltr'><strong>Timoris</strong></span> <span class='ocrx_word' id='word_1_623' title='bbox 802 5012 953 5083; x_wconf 73' lang='lat' dir='ltr'><strong>atque</strong></span> <span class='ocrx_word' id='word_1_624' title='bbox 990 5017 1222 5070; x_wconf 87' lang='lat' dir='ltr'><strong>terroris.</strong></span> <span class='ocrx_word' id='word_1_625' title='bbox 1260 5014 1396 5069; x_wconf 77' lang='lat' dir='ltr'><strong>Male</strong></span> <span class='ocrx_word' id='word_1_626' title='bbox 1426 5013 1614 5067; x_wconf 81' lang='lat' dir='ltr'><strong>erroris</strong></span> <span class='ocrx_word' id='word_1_627' title='bbox 1643 5012 1694 5065; x_wconf 93' lang='lat' dir='ltr'><strong>in</strong></span> <span class='ocrx_word' id='word_1_628' title='bbox 1726 5012 2029 5081; x_wconf 86' lang='lat' dir='ltr'><strong>superiori-</strong></span> 
     </span>
    </p>
   </div>
   <div class='ocr_carea' id='block_1_84' title="bbox 424 5086 960 5145">
    <p class='ocr_par' dir='ltr' id='par_1_84' title="bbox 424 5086 960 5145">
     <span class='ocr_line' id='line_1_84' title="bbox 424 5086 960 5145; baseline -0.007 0"><span class='ocrx_word' id='word_1_629' title='bbox 424 5089 527 5145; x_wconf 85' lang='lat' dir='ltr'><strong>bus</strong></span> <span class='ocrx_word' id='word_1_630' title='bbox 556 5087 715 5143; x_wconf 86' lang='lat' dir='ltr'><strong>editt.</strong></span> <span class='ocrx_word' id='word_1_631' title='bbox 743 5086 960 5142; x_wconf 80' lang='lat' dir='ltr'><strong>FABRIC.</strong></span> 
     </span>
    </p>
   </div>
   <div class='ocr_carea' id='block_1_85' title="bbox 499 5154 2022 5225">
    <p class='ocr_par' dir='ltr' id='par_1_85' title="bbox 499 5154 2022 5225">
     <span class='ocr_line' id='line_1_85' title="bbox 499 5154 2022 5225; baseline -0.001 -14"><span class='ocrx_word' id='word_1_632' title='bbox 499 5158 527 5196; x_wconf 69' lang='grc' dir='ltr'><strong>ιι</strong></span> <span class='ocrx_word' id='word_1_633' title='bbox 558 5157 745 5213; x_wconf 80' lang='lat' dir='ltr'><strong>Postea</strong></span> <span class='ocrx_word' id='word_1_634' title='bbox 771 5174 889 5211; x_wconf 87' lang='lat' dir='ltr'><strong>vero</strong></span> <span class='ocrx_word' id='word_1_635' title='bbox 927 5159 985 5212; x_wconf 89' lang='lat' dir='ltr'><strong>in</strong></span> <span class='ocrx_word' id='word_1_636' title='bbox 1021 5159 1438 5225; x_wconf 85' lang='lat' dir='ltr'><strong>incorporatione</strong></span> <span class='ocrx_word' id='word_1_637' title='bbox 1467 5171 1744 5225; x_wconf 76' lang='lat' dir='ltr'><strong>apparens.</strong></span> <span class='ocrx_word' id='word_1_638' title='bbox 1785 5154 1952 5209; x_wconf 89' lang='lat' dir='ltr'><strong>Hebr.</strong></span> <span class='ocrx_word' id='word_1_639' title='bbox 1986 5173 2022 5221; x_wconf 84' lang='grc' dir='ltr'><strong>ι,</strong></span> 
     </span>
    </p>
   </div>
   <div class='ocr_carea' id='block_1_86' title="bbox 423 5227 2025 5305">
    <p class='ocr_par' dir='ltr' id='par_1_86' title="bbox 423 5227 2025 5305">
     <span class='ocr_line' id='line_1_86' title="bbox 423 5227 2025 5305; baseline -0.001 -22"><span class='ocrx_word' id='word_1_640' title='bbox 423 5231 450 5283; x_wconf 74' lang='lat'><strong>1</strong></span> <span class='ocrx_word' id='word_1_641' title='bbox 486 5248 498 5284; x_wconf 86' lang='lat'>:</span> <span class='ocrx_word' id='word_1_642' title='bbox 542 5232 650 5305; x_wconf 48' lang='lat' dir='ltr'><strong>&#39;ljlrr’</strong></span> <span class='ocrx_word' id='word_1_643' title='bbox 688 5232 931 5301; x_wconf 84' lang='grc' dir='ltr'><strong>ἐσχάτων</strong></span> <span class='ocrx_word' id='word_1_644' title='bbox 968 5238 1068 5285; x_wconf 83' lang='grc' dir='ltr'><strong>τῶν</strong></span> <span class='ocrx_word' id='word_1_645' title='bbox 1092 5232 1290 5305; x_wconf 76' lang='grc' dir='ltr'><strong>ἡμερῷν</strong></span> <span class='ocrx_word' id='word_1_646' title='bbox 1335 5228 1531 5305; x_wconf 48' lang='grc' dir='ltr'>τούτων</span> <span class='ocrx_word' id='word_1_647' title='bbox 1579 5227 1815 5305; x_wconf 55' lang='grc' dir='ltr'><strong>ἐλάλησεν</strong></span> <span class='ocrx_word' id='word_1_648' title='bbox 1842 5229 1957 5305; x_wconf 50' lang='grc' dir='ltr'><strong>ἡμῖν</strong></span> <span class='ocrx_word' id='word_1_649' title='bbox 1977 5230 2025 5305; x_wconf 62' lang='grc' dir='ltr'><strong>ἐν</strong></span> 
     </span>
    </p>
   </div>
   <div class='ocr_carea' id='block_1_87' title="bbox 422 5299 2025 5376">
    <p class='ocr_par' dir='ltr' id='par_1_87' title="bbox 422 5299 2025 5376">
     <span class='ocr_line' id='line_1_87' title="bbox 422 5299 2025 5376; baseline -0.001 -21"><span class='ocrx_word' id='word_1_650' title='bbox 422 5304 537 5376; x_wconf 79' lang='grc' dir='ltr'><strong>υἱῷ.</strong></span> <span class='ocrx_word' id='word_1_651' title='bbox 566 5299 1068 5376; x_wconf 62' lang='lat' dir='ltr'><strong>Incorpuratignen]</strong></span> <span class='ocrx_word' id='word_1_652' title='bbox 1113 5299 1210 5368; x_wconf 73' lang='lat' dir='ltr'><strong>pro</strong></span> <span class='ocrx_word' id='word_1_653' title='bbox 1240 5302 1614 5371; x_wconf 79' lang='grc' dir='ltr'><strong>ἐνανθρωπὴσει</strong></span> <span class='ocrx_word' id='word_1_654' title='bbox 1644 5309 1699 5353; x_wconf 84' lang='lat' dir='ltr'><strong>et</strong></span> <span class='ocrx_word' id='word_1_655' title='bbox 1728 5300 1857 5352; x_wconf 80' lang='lat' dir='ltr'><strong>alibi</strong></span> <span class='ocrx_word' id='word_1_656' title='bbox 1886 5299 2025 5353; x_wconf 82' lang='lat' dir='ltr'><strong>dixit</strong></span> 
     </span>
    </p>
   </div>
   <div class='ocr_carea' id='block_1_88' title="bbox 420 5371 1247 5441">
    <p class='ocr_par' dir='ltr' id='par_1_88' title="bbox 420 5371 1247 5441">
     <span class='ocr_line' id='line_1_88' title="bbox 420 5371 1247 5441; baseline -0.005 -14"><span class='ocrx_word' id='word_1_657' title='bbox 420 5371 612 5427; x_wconf 85' lang='lat' dir='ltr'><strong>noster</strong></span> <span class='ocrx_word' id='word_1_658' title='bbox 643 5382 701 5426; x_wconf 92' lang='lat' dir='ltr'><strong>ut</strong></span> <span class='ocrx_word' id='word_1_659' title='bbox 725 5371 845 5441; x_wconf 87' lang='lat' dir='ltr'><strong>eap.</strong></span> <span class='ocrx_word' id='word_1_660' title='bbox 881 5373 1001 5427; x_wconf 76' lang='grc'>154.</span> <span class='ocrx_word' id='word_1_661' title='bbox 1029 5371 1247 5426; x_wconf 76' lang='lat' dir='ltr'><strong>FABRIC.</strong></span> 
     </span>
    </p>
   </div>
   <div class='ocr_carea' id='block_1_89' title="bbox 504 5441 2020 5510">
    <p class='ocr_par' dir='ltr' id='par_1_89' title="bbox 504 5441 2020 5510">
     <span class='ocr_line' id='line_1_89' title="bbox 504 5441 2020 5510; baseline 0.001 -14"><span class='ocrx_word' id='word_1_662' title='bbox 504 5443 517 5479; x_wconf 80' lang='grc' dir='ltr'><strong>ί</strong></span> <span class='ocrx_word' id='word_1_663' title='bbox 553 5444 842 5510; x_wconf 77' lang='lat' dir='ltr'><strong>Languenti</strong></span> <span class='ocrx_word' id='word_1_664' title='bbox 883 5445 1073 5498; x_wconf 75' lang='lat' dir='ltr'><strong>saeculo</strong></span> <span class='ocrx_word' id='word_1_665' title='bbox 1109 5445 1162 5495; x_wconf 86' lang='lat' dir='ltr'><strong>in</strong></span> <span class='ocrx_word' id='word_1_666' title='bbox 1195 5444 1297 5510; x_wconf 85' lang='lat' dir='ltr'><strong>ﬁne</strong></span> <span class='ocrx_word' id='word_1_667' title='bbox 1336 5444 1451 5507; x_wconf 83' lang='lat' dir='ltr'><strong>plus</strong></span> <span class='ocrx_word' id='word_1_668' title='bbox 1477 5441 1693 5495; x_wconf 85' lang='lat' dir='ltr'><strong>contulit</strong></span> <span class='ocrx_word' id='word_1_669' title='bbox 1736 5442 2020 5497; x_wconf 64' lang='lat' dir='ltr'><strong>medicinae.</strong></span> 
     </span>
    </p>
   </div>
   <div class='ocr_carea' id='block_1_90' title="bbox 421 5513 2019 5581">
    <p class='ocr_par' dir='ltr' id='par_1_90' title="bbox 421 5513 2019 5581">
     <span class='ocr_line' id='line_1_90' title="bbox 421 5513 2019 5581; baseline 0 -14"><span class='ocrx_word' id='word_1_670' title='bbox 421 5513 995 5569; x_wconf 70' lang='lat' dir='ltr'><strong>Aceeditl’hilaSIrius</strong></span> <span class='ocrx_word' id='word_1_671' title='bbox 1016 5528 1208 5569; x_wconf 90' lang='lat' dir='ltr'><strong>eorum</strong></span> <span class='ocrx_word' id='word_1_672' title='bbox 1230 5513 1638 5581; x_wconf 79' lang='lat' dir='ltr'><strong>sententiae,qui</strong></span> <span class='ocrx_word' id='word_1_673' title='bbox 1656 5521 1783 5565; x_wconf 92' lang='lat' dir='ltr'><strong>tunc</strong></span> <span class='ocrx_word' id='word_1_674' title='bbox 1803 5514 2019 5567; x_wconf 90' lang='lat' dir='ltr'><strong>demum</strong></span> 
     </span>
    </p>
   </div>
   <div class='ocr_carea' id='block_1_91' title="bbox 421 5583 2017 5648">
    <p class='ocr_par' dir='ltr' id='par_1_91' title="bbox 421 5583 2017 5648">
     <span class='ocr_line' id='line_1_91' title="bbox 421 5583 2017 5648; baseline -0.001 -10"><span class='ocrx_word' id='word_1_675' title='bbox 421 5584 622 5639; x_wconf 87' lang='lat' dir='ltr'><strong>Filium</strong></span> <span class='ocrx_word' id='word_1_676' title='bbox 671 5586 767 5639; x_wconf 88' lang='lat' dir='ltr'><strong>Dei</strong></span> <span class='ocrx_word' id='word_1_677' title='bbox 817 5588 1155 5641; x_wconf 84' lang='lat' dir='ltr'><strong>inearnatum</strong></span> <span class='ocrx_word' id='word_1_678' title='bbox 1216 5592 1495 5648; x_wconf 86' lang='lat' dir='ltr'><strong>statuunt,</strong></span> <span class='ocrx_word' id='word_1_679' title='bbox 1556 5598 1679 5636; x_wconf 89' lang='lat' dir='ltr'><strong>cum</strong></span> <span class='ocrx_word' id='word_1_680' title='bbox 1739 5583 2017 5637; x_wconf 89' lang='lat' dir='ltr'><strong>hominum</strong></span> 
     </span>
    </p>
   </div>
   <div class='ocr_carea' id='block_1_92' title="bbox 420 5653 2023 5723">
    <p class='ocr_par' dir='ltr' id='par_1_92' title="bbox 420 5653 2023 5723">
     <span class='ocr_line' id='line_1_92' title="bbox 420 5653 2023 5723; baseline 0.002 -17"><span class='ocrx_word' id='word_1_681' title='bbox 420 5657 703 5721; x_wconf 81' lang='lat' dir='ltr'><strong>corruptio</strong></span> <span class='ocrx_word' id='word_1_682' title='bbox 735 5658 801 5709; x_wconf 88' lang='lat' dir='ltr'><strong>ad</strong></span> <span class='ocrx_word' id='word_1_683' title='bbox 826 5672 1095 5710; x_wconf 89' lang='lat' dir='ltr'><strong>summum</strong></span> <span class='ocrx_word' id='word_1_684' title='bbox 1128 5656 1395 5723; x_wconf 81' lang='lat' dir='ltr'><strong>pervenit.</strong></span> <span class='ocrx_word' id='word_1_685' title='bbox 1426 5653 1514 5708; x_wconf 85' lang='lat' dir='ltr'><strong>Sic</strong></span> <span class='ocrx_word' id='word_1_686' title='bbox 1546 5653 1850 5723; x_wconf 86' lang='lat' dir='ltr'><strong>Gregorius</strong></span> <span class='ocrx_word' id='word_1_687' title='bbox 1888 5654 2023 5723; x_wconf 89' lang='lat' dir='ltr'><strong>Nys-</strong></span> 
     </span>
    </p>
   </div>
   <div class='ocr_carea' id='block_1_93' title="bbox 417 5724 2015 5793">
    <p class='ocr_par' dir='ltr' id='par_1_93' title="bbox 417 5724 2015 5793">
     <span class='ocr_line' id='line_1_93' title="bbox 417 5724 2015 5793; baseline 0.005 -21"><span class='ocrx_word' id='word_1_688' title='bbox 417 5735 751 5793; x_wconf 16' lang='lat' dir='ltr'><strong>genus‘orat.</strong></span> <span class='ocrx_word' id='word_1_689' title='bbox 786 5728 839 5779; x_wconf 93' lang='lat' dir='ltr'><strong>in</strong></span> <span class='ocrx_word' id='word_1_690' title='bbox 871 5726 1114 5779; x_wconf 83' lang='lat' dir='ltr'><strong>Natalem</strong></span> <span class='ocrx_word' id='word_1_691' title='bbox 1143 5725 1351 5779; x_wconf 84' lang='lat' dir='ltr'><strong>Christi</strong></span> <span class='ocrx_word' id='word_1_692' title='bbox 1384 5736 1515 5778; x_wconf 88' lang='lat' dir='ltr'><strong>tom.</strong></span> <span class='ocrx_word' id='word_1_693' title='bbox 1550 5724 1612 5778; x_wconf 91' lang='lat' dir='ltr'><strong>III</strong></span> <span class='ocrx_word' id='word_1_694' title='bbox 1645 5740 1771 5793; x_wconf 83' lang='lat' dir='ltr'><strong>opp.</strong></span> <span class='ocrx_word' id='word_1_695' title='bbox 1807 5743 1859 5791; x_wconf 90' lang='lat' dir='ltr'><strong>p.</strong></span> <span class='ocrx_word' id='word_1_696' title='bbox 1888 5724 2015 5792; x_wconf 74' lang='lat'><strong>341,</strong></span> 
     </span>
    </p>
   </div>
   <div class='ocr_carea' id='block_1_94' title="bbox 412 5789 2014 5866">
    <p class='ocr_par' dir='ltr' id='par_1_94' title="bbox 412 5789 2014 5866">
     <span class='ocr_line' id='line_1_94' title="bbox 412 5789 2014 5866; baseline 0.004 -22"><span class='ocrx_word' id='word_1_697' title='bbox 412 5789 813 5860; x_wconf 85' lang='lat' dir='ltr'><strong>Theodoritus,</strong></span> <span class='ocrx_word' id='word_1_698' title='bbox 864 5796 1223 5864; x_wconf 82' lang='lat' dir='ltr'><strong>Enthymius,</strong></span> <span class='ocrx_word' id='word_1_699' title='bbox 1274 5806 1326 5850; x_wconf 88' lang='lat' dir='ltr'><strong>et</strong></span> <span class='ocrx_word' id='word_1_700' title='bbox 1369 5789 1736 5863; x_wconf 67' lang='lat' dir='ltr'><strong>Bernhardus,</strong></span> <span class='ocrx_word' id='word_1_701' title='bbox 1780 5789 2014 5866; x_wconf 82' lang='lat' dir='ltr'><strong>quorum</strong></span> 
     </span>
    </p>
   </div>
   <div class='ocr_carea' id='block_1_95' title="bbox 2134 3441 3742 3521">
    <p class='ocr_par' dir='ltr' id='par_1_95' title="bbox 2134 3441 3742 3521">
     <span class='ocr_line' id='line_1_95' title="bbox 2134 3441 3742 3521; baseline 0.004 -26"><span class='ocrx_word' id='word_1_702' title='bbox 2134 3442 2466 3521; x_wconf 30' lang='lat' dir='ltr'><strong>locaﬁlaudat</strong></span> <span class='ocrx_word' id='word_1_703' title='bbox 2496 3442 2561 3496; x_wconf 94' lang='lat' dir='ltr'><strong>D.</strong></span> <span class='ocrx_word' id='word_1_704' title='bbox 2586 3442 2745 3521; x_wconf 80' lang='lat' dir='ltr'><strong>Joan.</strong></span> <span class='ocrx_word' id='word_1_705' title='bbox 2782 3441 3142 3521; x_wconf 80' lang='lat' dir='ltr'><strong>Frid._ll_1ayer</strong></span> <span class='ocrx_word' id='word_1_706' title='bbox 3168 3444 3193 3499; x_wconf 88' lang='grc' dir='ltr'><strong>ὁ</strong></span> <span class='ocrx_word' id='word_1_707' title='bbox 3222 3444 3579 3521; x_wconf 52' lang='lat' dir='ltr'><strong>pangi-mem</strong></span> <span class='ocrx_word' id='word_1_708' title='bbox 3597 3446 3742 3502; x_wconf 88' lang='lat' dir='ltr'><strong>diss.</strong></span> 
     </span>
    </p>
   </div>
   <div class='ocr_carea' id='block_1_96' title="bbox 2134 3514 3744 3587">
    <p class='ocr_par' dir='ltr' id='par_1_96' title="bbox 2134 3514 3744 3587">
     <span class='ocr_line' id='line_1_96' title="bbox 2134 3514 3744 3587; baseline 0.002 -19"><span class='ocrx_word' id='word_1_709' title='bbox 2134 3528 2232 3568; x_wconf 92' lang='lat' dir='ltr'><strong>cur</strong></span> <span class='ocrx_word' id='word_1_710' title='bbox 2256 3514 2395 3569; x_wconf 91' lang='lat' dir='ltr'><strong>Deus</strong></span> <span class='ocrx_word' id='word_1_711' title='bbox 2423 3528 2531 3587; x_wconf 90' lang='lat' dir='ltr'><strong>non</strong></span> <span class='ocrx_word' id='word_1_712' title='bbox 2557 3514 2739 3587; x_wconf 89' lang='lat' dir='ltr'><strong>statim</strong></span> <span class='ocrx_word' id='word_1_713' title='bbox 2771 3526 2891 3585; x_wconf 86' lang='lat' dir='ltr'><strong>post</strong></span> <span class='ocrx_word' id='word_1_714' title='bbox 2912 3514 3104 3569; x_wconf 84' lang='lat' dir='ltr'><strong>Adami</strong></span> <span class='ocrx_word' id='word_1_715' title='bbox 3128 3514 3337 3587; x_wconf 87' lang='lat' dir='ltr'><strong>lapsum</strong></span> <span class='ocrx_word' id='word_1_716' title='bbox 3357 3514 3534 3570; x_wconf 78' lang='lat' dir='ltr'><strong>&#39;fuerit</strong></span> <span class='ocrx_word' id='word_1_717' title='bbox 3561 3520 3744 3572; x_wconf 83' lang='lat' dir='ltr'><strong>incar-</strong></span> 
     </span>
    </p>
   </div>
   <div class='ocr_carea' id='block_1_97' title="bbox 2135 3586 3717 3656">
    <p class='ocr_par' dir='ltr' id='par_1_97' title="bbox 2135 3586 3717 3656">
     <span class='ocr_line' id='line_1_97' title="bbox 2135 3586 3717 3656; baseline 0.003 -17"><span class='ocrx_word' id='word_1_718' title='bbox 2135 3594 2328 3652; x_wconf 91' lang='lat' dir='ltr'><strong>natus,</strong></span> <span class='ocrx_word' id='word_1_719' title='bbox 2388 3586 2483 3640; x_wconf 92' lang='lat' dir='ltr'><strong>sed</strong></span> <span class='ocrx_word' id='word_1_720' title='bbox 2541 3586 2726 3639; x_wconf 90' lang='lat' dir='ltr'><strong>mundi</strong></span> <span class='ocrx_word' id='word_1_721' title='bbox 2784 3587 3181 3656; x_wconf 87' lang='lat' dir='ltr'><strong>exspectaverit</strong></span> <span class='ocrx_word' id='word_1_722' title='bbox 3231 3595 3575 3642; x_wconf 91' lang='lat' dir='ltr'><strong>senectutem</strong></span> <span class='ocrx_word' id='word_1_723' title='bbox 3633 3590 3717 3643; x_wconf 78' lang='lat' dir='ltr'><strong>Kil</strong></span> 
     </span>
    </p>
   </div>
   <div class='ocr_carea' id='block_1_98' title="bbox 2135 3656 3742 3728">
    <p class='ocr_par' dir='ltr' id='par_1_98' title="bbox 2135 3656 3742 3728">
     <span class='ocr_line' id='line_1_98' title="bbox 2135 3656 3742 3728; baseline 0.002 -18"><span class='ocrx_word' id='word_1_724' title='bbox 2135 3656 2293 3711; x_wconf 83' lang='lat'><strong>1695.</strong></span> <span class='ocrx_word' id='word_1_725' title='bbox 2329 3657 2422 3712; x_wconf 89' lang='lat' dir='ltr'><strong>llis</strong></span> <span class='ocrx_word' id='word_1_726' title='bbox 2449 3657 2570 3711; x_wconf 89' lang='lat' dir='ltr'><strong>addi</strong></span> <span class='ocrx_word' id='word_1_727' title='bbox 2598 3668 2820 3726; x_wconf 89' lang='lat' dir='ltr'><strong>possunt</strong></span> <span class='ocrx_word' id='word_1_728' title='bbox 2852 3658 3054 3728; x_wconf 92' lang='lat' dir='ltr'><strong>quibus</strong></span> <span class='ocrx_word' id='word_1_729' title='bbox 3078 3658 3267 3713; x_wconf 86' lang='lat' dir='ltr'><strong>eadem</strong></span> <span class='ocrx_word' id='word_1_730' title='bbox 3293 3660 3495 3728; x_wconf 87' lang='lat' dir='ltr'><strong>placuit</strong></span> <span class='ocrx_word' id='word_1_731' title='bbox 3523 3671 3742 3715; x_wconf 85' lang='lat' dir='ltr'><strong>senten-</strong></span> 
     </span>
    </p>
   </div>
   <div class='ocr_carea' id='block_1_99' title="bbox 2134 3729 3740 3801">
    <p class='ocr_par' dir='ltr' id='par_1_99' title="bbox 2134 3729 3740 3801">
     <span class='ocr_line' id='line_1_99' title="bbox 2134 3729 3740 3801; baseline 0.002 -19"><span class='ocrx_word' id='word_1_732' title='bbox 2134 3729 2204 3783; x_wconf 87' lang='lat' dir='ltr'><strong>tia</strong></span> <span class='ocrx_word' id='word_1_733' title='bbox 2230 3730 2461 3799; x_wconf 88' lang='lat' dir='ltr'><strong>Cyrillus</strong></span> <span class='ocrx_word' id='word_1_734' title='bbox 2488 3730 2649 3784; x_wconf 83' lang='lat' dir='ltr'><strong>Alex.</strong></span> <span class='ocrx_word' id='word_1_735' title='bbox 2681 3740 2871 3785; x_wconf 86' lang='lat' dir='ltr'><strong>contra</strong></span> <span class='ocrx_word' id='word_1_736' title='bbox 2889 3730 3480 3799; x_wconf 80' lang='lat' dir='ltr'><strong>Anthropomorphitas</strong></span> <span class='ocrx_word' id='word_1_737' title='bbox 3504 3733 3740 3801; x_wconf 71' lang='lat' dir='ltr'><strong>cap.24,</strong></span> 
     </span>
    </p>
   </div>
   <div class='ocr_carea' id='block_1_100' title="bbox 2133 3801 3743 3869">
    <p class='ocr_par' dir='ltr' id='par_1_100' title="bbox 2133 3801 3743 3869">
     <span class='ocr_line' id='line_1_100' title="bbox 2133 3801 3743 3869; baseline 0.005 -18"><span class='ocrx_word' id='word_1_738' title='bbox 2133 3808 2300 3869; x_wconf 89' lang='lat' dir='ltr'><strong>atque</strong></span> <span class='ocrx_word' id='word_1_739' title='bbox 2341 3802 2460 3856; x_wconf 91' lang='lat' dir='ltr'><strong>aliis</strong></span> <span class='ocrx_word' id='word_1_740' title='bbox 2494 3801 2549 3856; x_wconf 92' lang='lat' dir='ltr'><strong>in</strong></span> <span class='ocrx_word' id='word_1_741' title='bbox 2581 3801 2749 3866; x_wconf 89' lang='lat' dir='ltr'><strong>locis;</strong></span> <span class='ocrx_word' id='word_1_742' title='bbox 2794 3801 3036 3857; x_wconf 88' lang='lat' dir='ltr'><strong>Isidorus</strong></span> <span class='ocrx_word' id='word_1_743' title='bbox 3078 3801 3352 3856; x_wconf 85' lang='lat' dir='ltr'><strong>Pelusiota</strong></span> <span class='ocrx_word' id='word_1_744' title='bbox 3380 3843 3393 3866; x_wconf 94' lang='lat'><strong>,</strong></span> <span class='ocrx_word' id='word_1_745' title='bbox 3421 3811 3475 3857; x_wconf 91' lang='lat' dir='ltr'><strong>et</strong></span> <span class='ocrx_word' id='word_1_746' title='bbox 3501 3802 3743 3859; x_wconf 79' lang='lat' dir='ltr'><strong>Joannes</strong></span> 
     </span>
    </p>
   </div>
   <div class='ocr_carea' id='block_1_101' title="bbox 2133 3871 3738 3945">
    <p class='ocr_par' dir='ltr' id='par_1_101' title="bbox 2133 3871 3738 3945">
     <span class='ocr_line' id='line_1_101' title="bbox 2133 3871 3738 3945; baseline 0.003 -21"><span class='ocrx_word' id='word_1_747' title='bbox 2133 3871 2402 3935; x_wconf 88' lang='lat' dir='ltr'><strong>Zonaras,</strong></span> <span class='ocrx_word' id='word_1_748' title='bbox 2434 3889 2665 3945; x_wconf 77' lang='lat' dir='ltr'><strong>quorum</strong></span> <span class='ocrx_word' id='word_1_749' title='bbox 2696 3873 2811 3928; x_wconf 90' lang='lat' dir='ltr'><strong>loca</strong></span> <span class='ocrx_word' id='word_1_750' title='bbox 2845 3871 3049 3928; x_wconf 89' lang='lat' dir='ltr'><strong>Bonav.</strong></span> <span class='ocrx_word' id='word_1_751' title='bbox 3087 3873 3353 3927; x_wconf 89' lang='lat' dir='ltr'><strong>Vulcanus</strong></span> <span class='ocrx_word' id='word_1_752' title='bbox 3385 3876 3451 3928; x_wconf 87' lang='lat' dir='ltr'><strong>ad</strong></span> <span class='ocrx_word' id='word_1_753' title='bbox 3475 3872 3738 3945; x_wconf 80' lang='lat' dir='ltr'><strong>Cyrillum</strong></span> 
     </span>
    </p>
   </div>
   <div class='ocr_carea' id='block_1_102' title="bbox 2134 3944 2677 4000">
    <p class='ocr_par' dir='ltr' id='par_1_102' title="bbox 2134 3944 2677 4000">
     <span class='ocr_line' id='line_1_102' title="bbox 2134 3944 2677 4000; baseline 0.002 -3"><span class='ocrx_word' id='word_1_754' title='bbox 2134 3944 2435 3997; x_wconf 85' lang='lat' dir='ltr'><strong>annotavit.</strong></span> <span class='ocrx_word' id='word_1_755' title='bbox 2464 3944 2677 4000; x_wconf 70' lang='lat' dir='ltr'><strong>Faantc.</strong></span> 
     </span>
    </p>
   </div>
   <div class='ocr_carea' id='block_1_103' title="bbox 2209 4015 3736 4095">
    <p class='ocr_par' dir='ltr' id='par_1_103' title="bbox 2209 4015 3736 4095">
     <span class='ocr_line' id='line_1_103' title="bbox 2209 4015 3736 4095; baseline 0.004 -27"><span class='ocrx_word' id='word_1_756' title='bbox 2209 4015 2423 4095; x_wconf 34' lang='lat' dir='ltr'><strong>i‘T-ext.</strong></span> <span class='ocrx_word' id='word_1_757' title='bbox 2455 4016 2577 4095; x_wconf 76' lang='lat' dir='ltr'><strong>Gr.__,</strong></span> <span class='ocrx_word' id='word_1_758' title='bbox 2607 4020 2679 4071; x_wconf 80' lang='grc' dir='ltr'><strong>Οὐ</strong></span> <span class='ocrx_word' id='word_1_759' title='bbox 2705 4020 2888 4095; x_wconf 51' lang='grc' dir='ltr'><strong>χρε-ιξαν</strong></span> <span class='ocrx_word' id='word_1_760' title='bbox 2917 4016 3132 4088; x_wconf 78' lang='grc' dir='ltr'><strong>ἔχουσιν</strong></span> <span class='ocrx_word' id='word_1_761' title='bbox 3154 4020 3198 4072; x_wconf 86' lang='grc' dir='ltr'>οἱ</span> <span class='ocrx_word' id='word_1_762' title='bbox 3225 4019 3505 4088; x_wconf 72' lang='grc' dir='ltr'><strong>ἰσχύοντες</strong></span> <span class='ocrx_word' id='word_1_763' title='bbox 3536 4022 3736 4095; x_wconf 53' lang='lat' dir='ltr'><strong>iambo-3,</strong></span> 
     </span>
    </p>
   </div>
   <div class='ocr_carea' id='block_1_104' title="bbox 2152 4086 3015 4160">
    <p class='ocr_par' dir='ltr' id='par_1_104' title="bbox 2152 4086 3015 4160">
     <span class='ocr_line' id='line_1_104' title="bbox 2152 4086 3015 4160; baseline 0.001 -19"><span class='ocrx_word' id='word_1_764' title='bbox 2270 4088 2316 4160; x_wconf 67' lang='lat' dir='ltr'><strong>oi</strong></span> <span class='ocrx_word' id='word_1_765' title='bbox 2338 4097 2501 4148; x_wconf 80' lang='grc' dir='ltr'><em>κακῶς</em></span> <span class='ocrx_word' id='word_1_766' title='bbox 2529 4086 2765 4160; x_wconf 68' lang='grc' dir='ltr'><strong>ἔχοντέξ.</strong></span> <span class='ocrx_word' id='word_1_767' title='bbox 2796 4086 3015 4143; x_wconf 68' lang='lat' dir='ltr'><strong>Fannii).</strong></span> 
     </span>
    </p>
   </div>
   <div class='ocr_carea' id='block_1_105' title="bbox 2209 4156 3735 4231">
    <p class='ocr_par' dir='ltr' id='par_1_105' title="bbox 2209 4156 3735 4231">
     <span class='ocr_line' id='line_1_105' title="bbox 2209 4156 3735 4231; baseline 0.003 -22"><span class='ocrx_word' id='word_1_768' title='bbox 2209 4156 2230 4193; x_wconf 64' lang='grc' dir='ltr'>ιλ</span> <span class='ocrx_word' id='word_1_769' title='bbox 2267 4157 2367 4223; x_wconf 84' lang='lat' dir='ltr'><strong>Qui</strong></span> <span class='ocrx_word' id='word_1_770' title='bbox 2416 4156 2684 4215; x_wconf 75' lang='lat' dir='ltr'><strong>audientes</strong></span> <span class='ocrx_word' id='word_1_771' title='bbox 2734 4160 3024 4214; x_wconf 83' lang='lat' dir='ltr'><strong>credebant.</strong></span> <span class='ocrx_word' id='word_1_772' title='bbox 3062 4159 3290 4216; x_wconf 85' lang='lat' dir='ltr'><strong>Helmsl.</strong></span> <span class='ocrx_word' id='word_1_773' title='bbox 3333 4178 3465 4231; x_wconf 83' lang='lat' dir='ltr'><strong>qua,</strong></span> <span class='ocrx_word' id='word_1_774' title='bbox 3517 4164 3735 4217; x_wconf 81' lang='lat' dir='ltr'><strong>vitiose.</strong></span> 
     </span>
    </p>
   </div>
   <div class='ocr_carea' id='block_1_106' title="bbox 3366 4233 3590 4289">
    <p class='ocr_par' dir='ltr' id='par_1_106' title="bbox 3366 4233 3590 4289">
     <span class='ocr_line' id='line_1_106' title="bbox 3366 4233 3590 4289; baseline -0.009 -1"><span class='ocrx_word' id='word_1_775' title='bbox 3366 4233 3590 4289; x_wconf 75' lang='lat' dir='ltr'><strong>FABRIC.</strong></span> 
     </span>
    </p>
   </div>
   <div class='ocr_carea' id='block_1_107' title="bbox 2213 4301 3797 4382">
    <p class='ocr_par' dir='ltr' id='par_1_107' title="bbox 2213 4301 3797 4382">
     <span class='ocr_line' id='line_1_107' title="bbox 2213 4301 3797 4382; baseline 0.004 -27"><span class='ocrx_word' id='word_1_776' title='bbox 2213 4301 2430 4382; x_wconf 24' lang='lat' dir='ltr'><strong>&#39;.L_X.X,</strong></span> <span class='ocrx_word' id='word_1_777' title='bbox 2463 4308 2553 4359; x_wconf 85' lang='grc' dir='ltr'><strong>Διά</strong></span> <span class='ocrx_word' id='word_1_778' title='bbox 2584 4304 2864 4382; x_wconf 47' lang='lat' dir='ltr'><strong>(patuitque?</strong></span> <span class='ocrx_word' id='word_1_779' title='bbox 2896 4304 3125 4382; x_wconf 52' lang='grc' dir='ltr'><strong>χειλέων)</strong></span> <span class='ocrx_word' id='word_1_780' title='bbox 3159 4304 3243 4382; x_wconf 48' lang='lat' dir='ltr'><strong>dicit</strong></span> <span class='ocrx_word' id='word_1_781' title='bbox 3270 4307 3522 4382; x_wconf 59' lang='grc' dir='ltr'><strong>γᾏὼςῡόητμῖ⁸</strong></span> <span class='ocrx_word' id='word_1_782' title='bbox 3559 4306 3740 4382; x_wconf 62' lang='grc' dir='ltr'><strong>ἐτέρας</strong></span> <span class='ocrx_word' id='word_1_783' title='bbox 3790 4316 3797 4319; x_wconf 74' lang='grc'><em>’</em></span> 
     </span>
    </p>
   </div>
   <div class='ocr_carea' id='block_1_108' title="bbox 2134 4373 3740 4447">
    <p class='ocr_par' dir='ltr' id='par_1_108' title="bbox 2134 4373 3740 4447">
     <span class='ocr_line' id='line_1_108' title="bbox 2134 4373 3740 4447; baseline 0.002 -20"><span class='ocrx_word' id='word_1_784' title='bbox 2134 4373 2613 4447; x_wconf 14' lang='grc' dir='ltr'><strong>ὃτιᾼλα).ήσουσιτῷ</strong></span> <span class='ocrx_word' id='word_1_785' title='bbox 2642 4373 2957 4447; x_wconf 30' lang='lat' dir='ltr'><strong>lapsuum.</strong></span> <span class='ocrx_word' id='word_1_786' title='bbox 3009 4376 3115 4429; x_wconf 80' lang='lat' dir='ltr'><strong>Sed</strong></span> <span class='ocrx_word' id='word_1_787' title='bbox 3163 4373 3353 4445; x_wconf 65' lang='lat' dir='ltr'><strong>Aquila</strong></span> <span class='ocrx_word' id='word_1_788' title='bbox 3375 4419 3388 4441; x_wconf 90' lang='lat'><strong>,</strong></span> <span class='ocrx_word' id='word_1_789' title='bbox 3433 4378 3525 4431; x_wconf 85' lang='lat' dir='ltr'><strong>cui</strong></span> <span class='ocrx_word' id='word_1_790' title='bbox 3559 4373 3740 4432; x_wconf 81' lang='lat' dir='ltr'><strong>Phila-</strong></span> 
     </span>
    </p>
   </div>
   <div class='ocr_carea' id='block_1_109' title="bbox 2132 4434 3738 4523">
    <p class='ocr_par' dir='ltr' id='par_1_109' title="bbox 2132 4434 3738 4523">
     <span class='ocr_line' id='line_1_109' title="bbox 2132 4434 3738 4523; baseline 0.004 -25"><span class='ocrx_word' id='word_1_791' title='bbox 2132 4445 2309 4523; x_wconf 61' lang='lat' dir='ltr'><strong>strius</strong></span> <span class='ocrx_word' id='word_1_792' title='bbox 2337 4434 2805 4523; x_wconf 54' lang='lat' dir='ltr'><strong>propius&#39;acce&#39;dit</strong></span> <span class='ocrx_word' id='word_1_793' title='bbox 2833 4464 2849 4523; x_wconf 66' lang='grc' dir='ltr'>ξ</span> <span class='ocrx_word' id='word_1_794' title='bbox 2884 4434 2958 4499; x_wconf 65' lang='grc' dir='ltr'>Ἑν</span> <span class='ocrx_word' id='word_1_795' title='bbox 2984 4434 3491 4523; x_wconf 30' lang='grc' dir='ltr'><strong>ἑτξρογλέλτσοιςνκαὶ</strong></span> <span class='ocrx_word' id='word_1_796' title='bbox 3524 4451 3574 4503; x_wconf 86' lang='grc' dir='ltr'><strong>ἐν</strong></span> <span class='ocrx_word' id='word_1_797' title='bbox 3620 4456 3738 4521; x_wconf 64' lang='lat' dir='ltr'><strong>xei-</strong></span> 
     </span>
    </p>
   </div>
   <div class='ocr_carea' id='block_1_110' title="bbox 2132 4518 3405 4591">
    <p class='ocr_par' dir='ltr' id='par_1_110' title="bbox 2132 4518 3405 4591">
     <span class='ocr_line' id='line_1_110' title="bbox 2132 4518 3405 4591; baseline 0.003 -23"><span class='ocrx_word' id='word_1_798' title='bbox 2132 4518 2481 4591; x_wconf 53' lang='grc' dir='ltr'><strong>λεσιν-ξτέροις</strong></span> <span class='ocrx_word' id='word_1_799' title='bbox 2504 4520 2707 4578; x_wconf 75' lang='grc' dir='ltr'><strong>λαλήσω</strong></span> <span class='ocrx_word' id='word_1_800' title='bbox 2732 4526 2805 4589; x_wconf 81' lang='grc' dir='ltr'><strong>τῷ</strong></span> <span class='ocrx_word' id='word_1_801' title='bbox 2833 4520 2942 4591; x_wconf 79' lang='grc' dir='ltr'><strong>λαῷ</strong></span> <span class='ocrx_word' id='word_1_802' title='bbox 2967 4518 3157 4590; x_wconf 54' lang='grc' dir='ltr'><strong>τούξ-ῳ.</strong></span> <span class='ocrx_word' id='word_1_803' title='bbox 3189 4519 3405 4574; x_wconf 77' lang='lat' dir='ltr'><strong>FABRIC.</strong></span> 
     </span>
    </p>
   </div>
   <div class='ocr_carea' id='block_1_111' title="bbox 2205 4588 3739 4661">
    <p class='ocr_par' dir='ltr' id='par_1_111' title="bbox 2205 4588 3739 4661">
     <span class='ocr_line' id='line_1_111' title="bbox 2205 4588 3739 4661; baseline 0.003 -22"><span class='ocrx_word' id='word_1_804' title='bbox 2205 4598 2242 4661; x_wconf 62' lang='grc' dir='ltr'>ιη</span> <span class='ocrx_word' id='word_1_805' title='bbox 2268 4588 2484 4642; x_wconf 83' lang='lat' dir='ltr'><strong>Verbum</strong></span> <span class='ocrx_word' id='word_1_806' title='bbox 2506 4606 2673 4643; x_wconf 80' lang='lat' dir='ltr'><strong>nteant</strong></span> <span class='ocrx_word' id='word_1_807' title='bbox 2694 4588 2891 4661; x_wconf 41' lang='lat' dir='ltr'><strong>mittam</strong></span> <span class='ocrx_word' id='word_1_808' title='bbox 2908 4588 2957 4645; x_wconf 86' lang='lat' dir='ltr'><strong>in</strong></span> <span class='ocrx_word' id='word_1_809' title='bbox 2981 4588 3243 4644; x_wconf 74' lang='lat' dir='ltr'><strong>Achaiam.</strong></span> <span class='ocrx_word' id='word_1_810' title='bbox 3271 4592 3393 4646; x_wconf 69' lang='lat' dir='ltr'><strong>lla&#39;c</strong></span> <span class='ocrx_word' id='word_1_811' title='bbox 3413 4592 3574 4645; x_wconf 89' lang='lat' dir='ltr'><strong>verba</strong></span> <span class='ocrx_word' id='word_1_812' title='bbox 3596 4593 3739 4661; x_wconf 86' lang='lat' dir='ltr'><strong>apud</strong></span> 
     </span>
    </p>
   </div>
   <div class='ocr_carea' id='block_1_112' title="bbox 2134 4657 2939 4729">
    <p class='ocr_par' dir='ltr' id='par_1_112' title="bbox 2134 4657 2939 4729">
     <span class='ocr_line' id='line_1_112' title="bbox 2134 4657 2939 4729; baseline 0.006 -19"><span class='ocrx_word' id='word_1_813' title='bbox 2134 4657 2326 4713; x_wconf 89' lang='lat' dir='ltr'><strong>Isaiam</strong></span> <span class='ocrx_word' id='word_1_814' title='bbox 2356 4675 2462 4713; x_wconf 89' lang='lat' dir='ltr'><strong>non</strong></span> <span class='ocrx_word' id='word_1_815' title='bbox 2494 4661 2691 4729; x_wconf 87' lang='lat' dir='ltr'><strong>reperi.</strong></span> <span class='ocrx_word' id='word_1_816' title='bbox 2719 4659 2939 4717; x_wconf 75' lang='lat' dir='ltr'><strong>FABRIC.</strong></span> 
     </span>
    </p>
   </div>
   <div class='ocr_carea' id='block_1_113' title="bbox 2205 4731 3739 4803">
    <p class='ocr_par' dir='ltr' id='par_1_113' title="bbox 2205 4731 3739 4803">
     <span class='ocr_line' id='line_1_113' title="bbox 2205 4731 3739 4803; baseline 0.004 -20"><span class='ocrx_word' id='word_1_817' title='bbox 2205 4740 2229 4766; x_wconf 81' lang='grc' dir='ltr'><strong>η</strong></span> <span class='ocrx_word' id='word_1_818' title='bbox 2260 4731 2325 4783; x_wconf 83' lang='grc' dir='ltr'><strong>1η</strong></span> <span class='ocrx_word' id='word_1_819' title='bbox 2357 4732 2637 4802; x_wconf 78' lang='lat' dir='ltr'><strong>prophetis.</strong></span> <span class='ocrx_word' id='word_1_820' title='bbox 2669 4732 2867 4785; x_wconf 83' lang='lat' dir='ltr'><strong>Ezeclt.</strong></span> <span class='ocrx_word' id='word_1_821' title='bbox 2898 4750 2934 4799; x_wconf 90' lang='grc' dir='ltr'><strong>ι,</strong></span> <span class='ocrx_word' id='word_1_822' title='bbox 2963 4733 3022 4796; x_wconf 87' lang='grc'><strong>5;</strong></span> <span class='ocrx_word' id='word_1_823' title='bbox 3056 4732 3283 4803; x_wconf 87' lang='lat' dir='ltr'><strong>Apocal.</strong></span> <span class='ocrx_word' id='word_1_824' title='bbox 3316 4750 3398 4801; x_wconf 85' lang='lat' dir='ltr'><strong>Iv,</strong></span> <span class='ocrx_word' id='word_1_825' title='bbox 3428 4736 3479 4789; x_wconf 88' lang='lat'><strong>6.</strong></span> <span class='ocrx_word' id='word_1_826' title='bbox 3505 4732 3739 4800; x_wconf 86' lang='lat' dir='ltr'><strong>Confer,</strong></span> 
     </span>
    </p>
   </div>
   <div class='ocr_carea' id='block_1_114' title="bbox 2132 4802 3357 4873">
    <p class='ocr_par' dir='ltr' id='par_1_114' title="bbox 2132 4802 3357 4873">
     <span class='ocr_line' id='line_1_114' title="bbox 2132 4802 3357 4873; baseline 0.003 -18"><span class='ocrx_word' id='word_1_827' title='bbox 2132 4802 2177 4855; x_wconf 92' lang='lat' dir='ltr'><strong>si</strong></span> <span class='ocrx_word' id='word_1_828' title='bbox 2211 4803 2405 4871; x_wconf 88' lang='lat' dir='ltr'><strong>placet,</strong></span> <span class='ocrx_word' id='word_1_829' title='bbox 2434 4820 2553 4872; x_wconf 74' lang='lat' dir='ltr'><strong>qua:</strong></span> <span class='ocrx_word' id='word_1_830' title='bbox 2574 4818 2738 4873; x_wconf 89' lang='lat' dir='ltr'><strong>supra</strong></span> <span class='ocrx_word' id='word_1_831' title='bbox 2768 4803 2833 4856; x_wconf 92' lang='lat' dir='ltr'><strong>ad</strong></span> <span class='ocrx_word' id='word_1_832' title='bbox 2864 4821 2985 4873; x_wconf 87' lang='lat' dir='ltr'><strong>cap.</strong></span> <span class='ocrx_word' id='word_1_833' title='bbox 3012 4802 3117 4859; x_wconf 14' lang='lat'><strong>56.7</strong></span> <span class='ocrx_word' id='word_1_834' title='bbox 3138 4805 3357 4861; x_wconf 74' lang='lat' dir='ltr'><strong>Faamc.</strong></span> 
     </span>
    </p>
   </div>
   <div class='ocr_carea' id='block_1_115' title="bbox 2207 4874 3744 4947">
    <p class='ocr_par' dir='ltr' id='par_1_115' title="bbox 2207 4874 3744 4947">
     <span class='ocr_line' id='line_1_115' title="bbox 2207 4874 3744 4947; baseline 0.004 -20"><span class='ocrx_word' id='word_1_835' title='bbox 2207 4888 2231 4907; x_wconf 81' lang='grc' dir='ltr'>υ</span> <span class='ocrx_word' id='word_1_836' title='bbox 2266 4874 2582 4947; x_wconf 87' lang='lat' dir='ltr'><strong>Sanctorum</strong></span> <span class='ocrx_word' id='word_1_837' title='bbox 2622 4875 2930 4944; x_wconf 87' lang='lat' dir='ltr'><strong>populorum</strong></span> <span class='ocrx_word' id='word_1_838' title='bbox 2974 4888 3195 4947; x_wconf 84' lang='lat' dir='ltr'><strong>quatuor</strong></span> <span class='ocrx_word' id='word_1_839' title='bbox 3228 4879 3459 4931; x_wconf 72' lang='lat' dir='ltr'><strong>virtutes.</strong></span> <span class='ocrx_word' id='word_1_840' title='bbox 3491 4876 3744 4947; x_wconf 79' lang='lat' dir='ltr'><strong>Populos</strong></span> 
     </span>
    </p>
   </div>
   <div class='ocr_carea' id='block_1_116' title="bbox 2134 4946 3741 5017">
    <p class='ocr_par' dir='ltr' id='par_1_116' title="bbox 2134 4946 3741 5017">
     <span class='ocr_line' id='line_1_116' title="bbox 2134 4946 3741 5017; baseline 0.004 -21"><span class='ocrx_word' id='word_1_841' title='bbox 2134 4954 2319 5017; x_wconf 13' lang='lat' dir='ltr'><strong>vocati</strong></span> <span class='ocrx_word' id='word_1_842' title='bbox 2342 4946 2745 4999; x_wconf 88' lang='lat' dir='ltr'><strong>multitudinem</strong></span> <span class='ocrx_word' id='word_1_843' title='bbox 2795 4946 3224 5016; x_wconf 86' lang='lat' dir='ltr'><strong>patriarcharum</strong></span> <span class='ocrx_word' id='word_1_844' title='bbox 3243 4990 3256 5011; x_wconf 94' lang='lat'><strong>,</strong></span> <span class='ocrx_word' id='word_1_845' title='bbox 3316 4946 3741 5017; x_wconf 84' lang='lat' dir='ltr'><strong>prophetarum,</strong></span> 
     </span>
    </p>
   </div>
   <div class='ocr_carea' id='block_1_117' title="bbox 2132 5016 3744 5087">
    <p class='ocr_par' dir='ltr' id='par_1_117' title="bbox 2132 5016 3744 5087">
     <span class='ocr_line' id='line_1_117' title="bbox 2132 5016 3744 5087; baseline 0.004 -17"><span class='ocrx_word' id='word_1_846' title='bbox 2132 5016 2501 5083; x_wconf 90' lang='lat' dir='ltr'><strong>sacerdotum,</strong></span> <span class='ocrx_word' id='word_1_847' title='bbox 2535 5030 2589 5071; x_wconf 91' lang='lat' dir='ltr'><strong>et</strong></span> <span class='ocrx_word' id='word_1_848' title='bbox 2633 5018 3038 5085; x_wconf 89' lang='lat' dir='ltr'><strong>apostolorum,</strong></span> <span class='ocrx_word' id='word_1_849' title='bbox 3065 5016 3573 5087; x_wconf 27' lang='lat' dir='ltr'><strong>qum-univir’tutes</strong></span> <span class='ocrx_word' id='word_1_850' title='bbox 3612 5016 3744 5077; x_wconf 81' lang='lat' dir='ltr'><strong>mox</strong></span> 
     </span>
    </p>
   </div>
   <div class='ocr_carea' id='block_1_118' title="bbox 2131 5087 3745 5157">
    <p class='ocr_par' dir='ltr' id='par_1_118' title="bbox 2131 5087 3745 5157">
     <span class='ocr_line' id='line_1_118' title="bbox 2131 5087 3745 5157; baseline 0.006 -18"><span class='ocrx_word' id='word_1_851' title='bbox 2131 5088 2375 5156; x_wconf 76' lang='lat' dir='ltr'><strong>exponit.</strong></span> <span class='ocrx_word' id='word_1_852' title='bbox 2406 5087 2585 5142; x_wconf 86' lang='lat' dir='ltr'><strong>Fuere</strong></span> <span class='ocrx_word' id='word_1_853' title='bbox 2614 5092 2777 5142; x_wconf 83' lang='lat' dir='ltr'><strong>etiam</strong></span> <span class='ocrx_word' id='word_1_854' title='bbox 2805 5088 2979 5157; x_wconf 88' lang='lat' dir='ltr'><strong>quide</strong></span> <span class='ocrx_word' id='word_1_855' title='bbox 3008 5092 3306 5145; x_wconf 87' lang='lat' dir='ltr'><strong>novissimo</strong></span> <span class='ocrx_word' id='word_1_856' title='bbox 3330 5093 3588 5145; x_wconf 89' lang='lat' dir='ltr'><strong>virtutum</strong></span> <span class='ocrx_word' id='word_1_857' title='bbox 3613 5108 3745 5148; x_wconf 80' lang='lat' dir='ltr'><strong>car-</strong></span> 
     </span>
    </p>
   </div>
   <div class='ocr_carea' id='block_1_119' title="bbox 2133 5158 3747 5233">
    <p class='ocr_par' dir='ltr' id='par_1_119' title="bbox 2133 5158 3747 5233">
     <span class='ocr_line' id='line_1_119' title="bbox 2133 5158 3747 5233; baseline 0.006 -23"><span class='ocrx_word' id='word_1_858' title='bbox 2133 5158 2392 5233; x_wconf 30' lang='lat' dir='ltr'><strong>dinali‘um</strong></span> <span class='ocrx_word' id='word_1_859' title='bbox 2437 5161 2837 5233; x_wconf 79' lang='lat' dir='ltr'><strong>quaternione,</strong></span> <span class='ocrx_word' id='word_1_860' title='bbox 2889 5161 3143 5233; x_wconf 89' lang='lat' dir='ltr'><strong>animalia</strong></span> <span class='ocrx_word' id='word_1_861' title='bbox 3185 5162 3273 5215; x_wconf 91' lang='lat' dir='ltr'><strong>illa</strong></span> <span class='ocrx_word' id='word_1_862' title='bbox 3307 5164 3747 5233; x_wconf 85' lang='lat' dir='ltr'><strong>interpretaren-</strong></span> 
     </span>
    </p>
   </div>
   <div class='ocr_carea' id='block_1_120' title="bbox 2134 5230 3742 5303">
    <p class='ocr_par' dir='ltr' id='par_1_120' title="bbox 2134 5230 3742 5303">
     <span class='ocr_line' id='line_1_120' title="bbox 2134 5230 3742 5303; baseline 0.006 -22"><span class='ocrx_word' id='word_1_863' title='bbox 2134 5238 2251 5303; x_wconf 88' lang='lat' dir='ltr'><strong>tur;</strong></span> <span class='ocrx_word' id='word_1_864' title='bbox 2297 5230 2532 5303; x_wconf 84' lang='lat' dir='ltr'><strong>Leonem</strong></span> <span class='ocrx_word' id='word_1_865' title='bbox 2587 5230 2654 5283; x_wconf 88' lang='lat' dir='ltr'><strong>dc</strong></span> <span class='ocrx_word' id='word_1_866' title='bbox 2709 5230 3048 5293; x_wconf 89' lang='lat' dir='ltr'><strong>fortitudine,</strong></span> <span class='ocrx_word' id='word_1_867' title='bbox 3102 5233 3339 5285; x_wconf 91' lang='lat' dir='ltr'><strong>Vitulum</strong></span> <span class='ocrx_word' id='word_1_868' title='bbox 3388 5230 3465 5288; x_wconf 26' lang='lat' dir='ltr'><strong>dei</strong></span> <span class='ocrx_word' id='word_1_869' title='bbox 3501 5236 3742 5303; x_wconf 83' lang='lat' dir='ltr'><strong>justitia,</strong></span> 
     </span>
    </p>
   </div>
   <div class='ocr_carea' id='block_1_121' title="bbox 2129 5302 3743 5375">
    <p class='ocr_par' dir='ltr' id='par_1_121' title="bbox 2129 5302 3743 5375">
     <span class='ocr_line' id='line_1_121' title="bbox 2129 5302 3743 5375; baseline 0.004 -22"><span class='ocrx_word' id='word_1_870' title='bbox 2129 5302 2379 5375; x_wconf 49' lang='lat' dir='ltr'><strong>Aquilam</strong></span> <span class='ocrx_word' id='word_1_871' title='bbox 2429 5302 2497 5375; x_wconf 82' lang='lat' dir='ltr'><strong>de</strong></span> <span class='ocrx_word' id='word_1_872' title='bbox 2541 5304 2934 5375; x_wconf 87' lang='lat' dir='ltr'><strong>temperantia,</strong></span> <span class='ocrx_word' id='word_1_873' title='bbox 2985 5303 3265 5375; x_wconf 89' lang='lat' dir='ltr'><strong>Hominem</strong></span> <span class='ocrx_word' id='word_1_874' title='bbox 3314 5305 3382 5359; x_wconf 91' lang='lat' dir='ltr'><strong>de</strong></span> <span class='ocrx_word' id='word_1_875' title='bbox 3421 5302 3743 5375; x_wconf 77' lang='lat' dir='ltr'><strong>prudentia.</strong></span> 
     </span>
    </p>
   </div>
   <div class='ocr_carea' id='block_1_122' title="bbox 2130 5370 3746 5444">
    <p class='ocr_par' dir='ltr' id='par_1_122' title="bbox 2130 5370 3746 5444">
     <span class='ocr_line' id='line_1_122' title="bbox 2130 5370 3746 5444; baseline 0.006 -20"><span class='ocrx_word' id='word_1_876' title='bbox 2130 5370 2264 5444; x_wconf 86' lang='lat' dir='ltr'><strong>Vide</strong></span> <span class='ocrx_word' id='word_1_877' title='bbox 2292 5373 2550 5444; x_wconf 72' lang='lat' dir='ltr'><strong>Aretham</strong></span> <span class='ocrx_word' id='word_1_878' title='bbox 2576 5374 2641 5425; x_wconf 90' lang='lat' dir='ltr'><strong>ad</strong></span> <span class='ocrx_word' id='word_1_879' title='bbox 2670 5374 3058 5444; x_wconf 87' lang='lat' dir='ltr'><strong>Apocalypsin.</strong></span> <span class='ocrx_word' id='word_1_880' title='bbox 3093 5374 3198 5429; x_wconf 87' lang='lat' dir='ltr'><strong>Alii</strong></span> <span class='ocrx_word' id='word_1_881' title='bbox 3228 5370 3450 5431; x_wconf 76' lang='lat' dir='ltr'><strong>Veteres</strong></span> <span class='ocrx_word' id='word_1_882' title='bbox 3476 5377 3593 5431; x_wconf 74' lang='lat' dir='ltr'><strong>lure</strong></span> <span class='ocrx_word' id='word_1_883' title='bbox 3621 5382 3746 5434; x_wconf 85' lang='lat' dir='ltr'><strong>ani—</strong></span> 
     </span>
    </p>
   </div>
   <div class='ocr_carea' id='block_1_123' title="bbox 2127 5443 3740 5518">
    <p class='ocr_par' dir='ltr' id='par_1_123' title="bbox 2127 5443 3740 5518">
     <span class='ocr_line' id='line_1_123' title="bbox 2127 5443 3740 5518; baseline 0.005 -22"><span class='ocrx_word' id='word_1_884' title='bbox 2127 5443 2289 5497; x_wconf 88' lang='lat' dir='ltr'><strong>malia</strong></span> <span class='ocrx_word' id='word_1_885' title='bbox 2343 5443 2547 5518; x_wconf 82' lang='lat' dir='ltr'><strong>referre</strong></span> <span class='ocrx_word' id='word_1_886' title='bbox 2582 5443 2891 5518; x_wconf 67' lang='lat' dir='ltr'><strong>maluerunt</strong></span> <span class='ocrx_word' id='word_1_887' title='bbox 2935 5446 3005 5518; x_wconf 72' lang='lat' dir='ltr'><strong>ad</strong></span> <span class='ocrx_word' id='word_1_888' title='bbox 3054 5458 3288 5515; x_wconf 78' lang='lat' dir='ltr'><strong>quatuor</strong></span> <span class='ocrx_word' id='word_1_889' title='bbox 3321 5448 3740 5518; x_wconf 80' lang='lat' dir='ltr'><strong>Evangelistas,</strong></span> 
     </span>
    </p>
   </div>
   <div class='ocr_carea' id='block_1_124' title="bbox 2124 5514 3745 5588">
    <p class='ocr_par' dir='ltr' id='par_1_124' title="bbox 2124 5514 3745 5588">
     <span class='ocr_line' id='line_1_124' title="bbox 2124 5514 3745 5588; baseline 0.006 -22"><span class='ocrx_word' id='word_1_890' title='bbox 2124 5528 2355 5588; x_wconf 85' lang='lat' dir='ltr'><strong>quorum</strong></span> <span class='ocrx_word' id='word_1_891' title='bbox 2392 5516 2508 5569; x_wconf 90' lang='lat' dir='ltr'><strong>luca</strong></span> <span class='ocrx_word' id='word_1_892' title='bbox 2540 5516 2717 5588; x_wconf 80' lang='lat' dir='ltr'><strong>notavi</strong></span> <span class='ocrx_word' id='word_1_893' title='bbox 2752 5515 2802 5569; x_wconf 92' lang='lat' dir='ltr'><strong>in</strong></span> <span class='ocrx_word' id='word_1_894' title='bbox 2834 5514 3038 5570; x_wconf 85' lang='lat' dir='ltr'><strong>Codice</strong></span> <span class='ocrx_word' id='word_1_895' title='bbox 3069 5514 3395 5588; x_wconf 82' lang='lat' dir='ltr'><strong>Apocrypho</strong></span> <span class='ocrx_word' id='word_1_896' title='bbox 3426 5514 3552 5574; x_wconf 75' lang='lat' dir='ltr'><strong>novi</strong></span> <span class='ocrx_word' id='word_1_897' title='bbox 3600 5514 3745 5576; x_wconf 52' lang='lat' dir='ltr'><strong>Tesé</strong></span> 
     </span>
    </p>
   </div>
   <div class='ocr_carea' id='block_1_125' title="bbox 2124 5584 3744 5657">
    <p class='ocr_par' dir='ltr' id='par_1_125' title="bbox 2124 5584 3744 5657">
     <span class='ocr_line' id='line_1_125' title="bbox 2124 5584 3744 5657; baseline 0.006 -19"><span class='ocrx_word' id='word_1_898' title='bbox 2124 5587 2353 5657; x_wconf 82' lang='lat' dir='ltr'><strong>tumenti</strong></span> <span class='ocrx_word' id='word_1_899' title='bbox 2388 5598 2516 5639; x_wconf 88' lang='lat' dir='ltr'><strong>tom.</strong></span> <span class='ocrx_word' id='word_1_900' title='bbox 2550 5584 2601 5651; x_wconf 91' lang='lat' dir='ltr'><strong>I,</strong></span> <span class='ocrx_word' id='word_1_901' title='bbox 2634 5601 2756 5655; x_wconf 89' lang='lat' dir='ltr'><strong>pag.</strong></span> <span class='ocrx_word' id='word_1_902' title='bbox 2791 5588 2896 5641; x_wconf 82' lang='grc'><strong>’585</strong></span> <span class='ocrx_word' id='word_1_903' title='bbox 2922 5598 2975 5641; x_wconf 92' lang='lat' dir='ltr'><strong>et</strong></span> <span class='ocrx_word' id='word_1_904' title='bbox 3008 5584 3141 5641; x_wconf 83' lang='lat' dir='ltr'><strong>tum.</strong></span> <span class='ocrx_word' id='word_1_905' title='bbox 3179 5584 3394 5657; x_wconf 59' lang='lat' dir='ltr'><strong>ll,&#39;pag.</strong></span> <span class='ocrx_word' id='word_1_906' title='bbox 3432 5590 3558 5645; x_wconf 81' lang='grc'><strong>559.</strong></span> <span class='ocrx_word' id='word_1_907' title='bbox 3596 5592 3744 5650; x_wconf 89' lang='lat' dir='ltr'><strong>Vide</strong></span> 
     </span>
    </p>
   </div>
   <div class='ocr_carea' id='block_1_126' title="bbox 2120 5656 3743 5734">
    <p class='ocr_par' dir='ltr' id='par_1_126' title="bbox 2120 5656 3743 5734">
     <span class='ocr_line' id='line_1_126' title="bbox 2120 5656 3743 5734; baseline 0.004 -25"><span class='ocrx_word' id='word_1_908' title='bbox 2120 5664 2178 5734; x_wconf 63' lang='lat' dir='ltr'><strong>et</strong></span> <span class='ocrx_word' id='word_1_909' title='bbox 2204 5656 2389 5734; x_wconf 69' lang='lat' dir='ltr'><strong>Jacobi</strong></span> <span class='ocrx_word' id='word_1_910' title='bbox 2414 5658 2692 5734; x_wconf 83' lang='lat' dir='ltr'><strong>&#39;l‘homasii</strong></span> <span class='ocrx_word' id='word_1_911' title='bbox 2723 5666 2813 5713; x_wconf 80' lang='grc' dir='ltr'><strong>τοῦ</strong></span> <span class='ocrx_word' id='word_1_912' title='bbox 2844 5661 3128 5734; x_wconf 60' lang='grc' dir='ltr'><strong>μᾳκαρίτορ</strong></span> <span class='ocrx_word' id='word_1_913' title='bbox 3161 5656 3295 5734; x_wconf 83' lang='lat' dir='ltr'><strong>diss.</strong></span> <span class='ocrx_word' id='word_1_914' title='bbox 3328 5656 3743 5734; x_wconf 62' lang='lat' dir='ltr'><strong>deinsignibus</strong></span> 
     </span>
    </p>
   </div>
   <div class='ocr_carea' id='block_1_127' title="bbox 2123 5727 3593 5799">
    <p class='ocr_par' dir='ltr' id='par_1_127' title="bbox 2123 5727 3593 5799">
     <span class='ocr_line' id='line_1_127' title="bbox 2123 5727 3593 5799; baseline 0.004 -18"><span class='ocrx_word' id='word_1_915' title='bbox 2123 5727 2591 5799; x_wconf 73' lang='lat' dir='ltr'><strong>Evangelistarum</strong></span> <span class='ocrx_word' id='word_1_916' title='bbox 2620 5731 2819 5784; x_wconf 81' lang='lat' dir='ltr'><strong>editam</strong></span> <span class='ocrx_word' id='word_1_917' title='bbox 2845 5727 3050 5799; x_wconf 70' lang='lat' dir='ltr'><strong>Lipsiw</strong></span> <span class='ocrx_word' id='word_1_918' title='bbox 3080 5730 3145 5784; x_wconf 79' lang='grc' dir='ltr'><strong>Α.</strong></span> <span class='ocrx_word' id='word_1_919' title='bbox 3180 5733 3337 5789; x_wconf 83' lang='lat'><strong>1667.</strong></span> <span class='ocrx_word' id='word_1_920' title='bbox 3375 5727 3593 5788; x_wconf 58' lang='lat' dir='ltr'><strong>Fannia.</strong></span> 
     </span>
    </p>
   </div>
  </div>
