4052 6192
337 248 482 306 1Ξ75

1593 247 1797 305 LIBER
1845 249 1931 305 DE
1970 247 2409 307 HIERESIBUS.

3502 249 3642 307 1274

334 365 388 422 in
420 365 687 436 praphetis
717 364 918 421 deinde
962 364 1215 421 scientia:
1244 366 1485 421 cmlestis
1517 364 1853 432 fecunditas;
1885 368 1935 421 in
1966 378 2020 438 Α
2045 366 2096 420 in
2128 381 2233 436 quo
2262 367 2532 437 apparuit,
2565 366 2616 421 id
2664 376 2746 421 est
2784 382 2855 422 xu
2881 366 2999 423 dies
3040 375 3160 438 post
3206 366 3257 422 in
3305 381 3415 439 quo
3452 382 3646 438 passus

332 458 684 513 sacerdotibus
714 458 867 512 labor
887 458 1069 523 fortis,
1096 468 1153 513 et
1178 460 1430 529 pertinax
1455 461 1797 515 concertatio
1824 475 1941 515 cer-

336 560 601 615 neretur;
630 551 682 604 in
712 551 965 621 apostolis
993 551 1203 606 volatus
1234 552 1481 607 sublimis
1525 553 1577 606 in
1615 552 1814 608 caelum
1840 593 1855 619 ,
1889 562 1944 609 et

333 644 582 699 eminens
629 643 863 713 dignitas
915 654 1339 700 monstraretur.
1406 645 1585 716 thue
1643 647 1941 701 formarum

331 744 465 790 ante
494 736 794 791 diversitas
822 737 1139 803 nuntiabat,
1171 737 1516 805 diversarum
1544 739 1746 809 quippe
1776 739 1943 792 virtu-

332 840 445 885 tum
466 830 709 885 cazleStia
742 831 934 885 merita
970 841 994 867 η
1025 831 1081 885 in
1118 830 1325 886 Christi
1357 833 1648 902 praesentia
1679 832 1941 887 manifes-

331 933 582 979 tarentur
608 924 662 978 in
692 925 896 979 sa'culo
916 966 931 990 ,
960 926 1028 978 ab
1069 938 1139 979 eo
1168 926 1371 995 quippe
1399 940 1663 981 concessa
1708 924 1940 980 Domino

326 1018 662 1074 Salvatore:
698 1034 824 1072 nam
873 1020 925 1074 in
958 1020 1143 1075 Leone
1198 1035 1424 1089 regnum
1471 1018 1847 1085 fortitudinis,
1885 1020 1939 1073 in

336 1097 514 1165 Vitnlo
553 1111 707 1165 labor
737 1113 1078 1177 exuberans,
1132 1112 1182 1166 in
1245 1112 1475 1167 llomine
1506 1113 1691 1181 passio
1736 1112 1939 1167 indesi-

330 1218 491 1269 nens,
527 1203 580 1257 in
608 1202 801 1272 Aquila
833 1204 1047 1257 volatus
1079 1203 1329 1258 sublimis
1357 1205 1694 1275 agnoscitur,
1724 1212 1938 1259 certan-

329 1296 461 1349 tium
491 1294 726 1360 scilicet,
756 1293 784 1331 ι)
814 1305 975 1364 atque
999 1296 1315 1351 micantium
1338 1338 1350 1361 ,
1386 1296 1651 1365 Apostolo
1677 1296 1894 1352 dicente
1921 1314 1933 1349 :

329 1386 528 1442 Nostra
559 1390 879 1442 conversatio
906 1390 919 1418 ¹
952 1390 1003 1443 in
1026 1390 1167 1443 caelis
1193 1389 1414 1460 (Philip.
1461 1406 1540 1455 ιιι,
1572 1389 1665 1459 9.0)
1690 1406 1703 1455 ;
1731 1401 1783 1444 et
1812 1408 1823 1440 :
1850 1408 1935 1443 ra-

327 1483 531 1552 pientur
547 1484 598 1537 in
612 1485 816 1548 caelum,
836 1495 882 1537 et
906 1484 1096 1538 erimus
1110 1500 1309 1553 semper
1322 1501 1437 1537 cum
1460 1483 1664 1539 Christo
1685 1484 1727 1553 (Ι
1749 1482 1929 1537 Thess.

326 1593 399 1644 tv,
432 1577 544 1649 17).
583 1578 649 1632 Et
684 1578 945 1633 Dominus
982 1579 1241 1648 dignatus
1281 1588 1366 1633 est
1396 1578 1579 1634 dicere
1613 1596 1626 1633 :
1658 1578 1814 1632 Pater
1847 1577 1933 1631 ubi

324 1686 418 1741 ego
448 1688 599 1739 sum,
628 1673 647 1701 ²
671 1672 784 1725 volo
812 1680 855 1725 et
880 1672 965 1725 isti
991 1673 1091 1725 sint
1122 1669 1303 1741 (Joan.
1336 1686 1465 1736 xvtt,
1498 1670 1618 1741 25).

940 1754 945 1759 ’
1041 1762 1199 1818 CXL.

395 1858 439 1931 [³
469 1858 607 1915 Sunt
637 1858 1185 1930 quidamdubitantes
1214 1857 1458 1914 hzcretici
1489 1859 1557 1914 de
1574 1858 1662 1914 die
1680 1858 1919 1929 Epipha-

324 1956 539 2010 niorum
568 1954 779 2009 Domini
807 1953 1109 2009 Salvatoris
1132 1955 1219 2023 qui
1244 1953 1553 2010 celebratur
1581 1964 1771 2009 octavo
1800 1952 1921 2007 idus

318 2046 633 2111 Januarias,
662 2047 905 2102 dicentes
935 2047 1112 2102 solum
1143 2046 1385 2101 Natalem
1418 2046 1620 2100 debere
1650 2060 1745 2100 eos
1777 2046 1922 2100 cele-

320 2138 481 2194 brare
516 2139 728 2193 Domini
761 2146 949 2193 octavo
975 2138 1234 2194 kalendas
1262 2138 1567 2206 ianuarias,
1603 2152 1707 2191 non
1740 2146 1918 2193 tamen

320 2231 462 2286 diem
512 2231 975 2302 Epiphaniorum,
1011 2232 1323 2303 ignorantes
1368 2231 1514 2301 quod
1564 2231 1665 2285 sub
1716 2232 1836 2301 lege
1866 2240 1921 2286 ct

318 2327 617 2382 secundum
666 2328 917 2383 Salvator
947 2330 1239 2384 carnaliter
1289 2330 1468 2382 omnia
1503 2329 1554 2382 in
1586 2343 1645 2382 sc
1676 2337 1729 2383 et
1764 2328 1832 2383 de
1858 2341 1917 2380 sc

318 2420 749 2485 consumrnabat,
773 2428 831 2475 ut
851 2429 904 2476 et
927 2432 1240 2477 nasceretur
1270 2436 1361 2474 vni
1390 2419 1497 2473 kal.
1521 2419 1643 2475 Jan.
1676 2428 1729 2473 et
1754 2433 1919 2488 appa-

318 2520 468 2566 reret
500 2527 570 2565 vi.
596 2513 863 2581 Apparuit
893 2512 1058 2583 Magis
1085 2522 1205 2584 post
1236 2512 1524 2567 duodecim
1549 2510 1664 2567 dies
1691 2512 1741 2565 in
1776 2518 1913 2565 tem-

316 2605 427 2676 plo.
459 2604 537 2659 Ne
564 2621 693 2675 ergo
745 2607 935 2661 umbra
965 2608 1108 2677 quod
1154 2624 1340 2663 verum
1393 2617 1508 2663 erat
1552 2615 1832 2676 pareretur
1862 2616 1918 2661 et

316 2699 395 2752 sic
425 2714 453 2752 a
488 2699 656 2769 Magis
687 2699 1033 2767 adoraretur,
1066 2716 1163 2771 per
1192 2700 1442 2755 ordinem
1470 2700 1670 2769 quippe
1698 2712 1795 2769 pro
1826 2712 1920 2751 no-

317 2800 427 2845 stra
460 2790 637 2846 salute
664 2799 718 2846 et
744 2792 909 2847 annui
941 2792 1059 2847 dies
1088 2792 1395 2848 festivitatis
1427 2792 1661 2861 majores
1695 2792 1781 2847 isti
1811 2800 1920 2845 sta-

318 2884 417 2938 tuti
448 2892 605 2951 sunt,
638 2894 870 2955 quatuor
901 2886 1135 2956 primum
1166 2886 1219 2940 in
1251 2900 1358 2955 quo
1391 2895 1547 2940 natus
1574 2894 1687 2950 est;
1725 2882 1920 2939 deinde

1955 1785 2002 1845 B

2045 470 2128 516 est
2159 460 2211 514 in
2244 460 2467 527 Pascha,
2498 461 2550 515 in
2575 459 2680 515 ﬁne
2702 475 2831 516 vero
2854 459 2905 515 in
2930 475 3037 530 quo
3059 459 3306 515 ascendit
3335 461 3387 515 in
3418 460 3642 525 caelum,

2044 553 2186 607 circa
2216 552 2575 608 Pentecosten
2600 553 2868 607 vincentis
2890 562 2973 607 est
2996 553 3197 622 quippe
3223 554 3641 607 consummatio:

2044 644 2134 714 qui
2166 660 2295 715 ergo
2322 660 2486 699 unum
2520 646 2732 715 ignorat
2762 644 3148 714 praetermittit.
3167 644 3509 700 Potestctdc
3525 644 3649 700 aliis

2043 739 2234 794 diebus
2260 752 2280 777 ε
2312 740 2527 795 dubitas
2558 755 2665 794 non
2697 740 2901 795 habens
2931 738 3318 809 plenitudinem
3363 740 3638 807 veritatis,

2042 831 2184 902 quod
2216 832 2512 887 secundum
2541 830 2566 868 ἀ
2597 843 2841 903 tempore
2871 844 3103 903 quatuor
3129 831 3392 902 cujusque
3417 832 3544 887 anni
3572 832 3645 886 ita

2042 926 2200 981 nobis
2226 925 2441 981 diversa
2472 926 2665 997 gaudia
2697 941 2724 978 a
2759 925 2977 980 Christo
3008 925 3241 980 Domino
3272 926 3637 995 pullularunt,

2043 1019 2094 1073 id
2124 1028 2205 1074 est
2237 1020 2288 1074 in
2320 1035 2425 1089 quo
2457 1030 2617 1074 natus
2645 1030 2756 1079 est.
2789 1029 2909 1089 post
2941 1021 2991 1074 in
3040 1034 3145 1089 quo
3176 1019 3457 1090 apparuit,
3484 1020 3645 1073 tertio

2042 1115 2094 1167 in
2127 1129 2235 1183 quo
2268 1129 2460 1185 passus
2487 1122 2568 1170 est
2596 1122 2651 1169 et
2681 1112 2981 1169 resurrexit
3025 1122 3081 1167 et
3115 1114 3263 1167 visus
3303 1122 3420 1178 cst,
3451 1122 3646 1183 quarto

2042 1208 2093 1262 in
2124 1223 2229 1278 quo
2262 1206 2507 1263 ascendit
2547 1208 2598 1261 in
2650 1208 2885 1273 coelum;
2917 1214 2972 1262 et
3020 1205 3135 1260 bmc
3166 1221 3261 1276 per
3291 1222 3492 1261 annum
3524 1208 3642 1262 sine

2040 1302 2442 1358 intermissione
2483 1301 2822 1357 celebremus
2876 1302 3203 1371 generaliter
3268 1302 3640 1368 exsultantes,

2036 1404 2200 1464 atque
2229 1396 2568 1465 hmcintegra
2601 1394 2969 1465 inviolataque
2990 1392 3363 1449 custodientes
3395 1394 3638 1448 detinea-

2037 1506 2177 1545 mus.
2211 1490 2437 1558 Quidam
2467 1500 2645 1545 autem
2678 1489 2822 1544 diem
2872 1488 3303 1559 Epiphaniorum
3344 1488 3637 1559 baptismi,

2036 1586 2126 1640 alii
2177 1584 2668 1640 transformationis
2716 1583 2769 1638 in
2800 1592 2983 1637 monte
3027 1598 3149 1652 qua:
3200 1582 3340 1637 iacta
3396 1591 3479 1636 est
3519 1594 3641 1636 esse

2034 1676 2370 1749 opinantur.]

2246 1769 2426 1825 CXLI.
2462 1770 2549 1825 DE
2580 1767 2904 1825 LEVITICO
2943 1765 3103 1823 MOSI
3143 1765 3403 1822 ERROR.

2100 1865 2202 1919 Alii
2250 1873 2377 1918 sunt
2421 1863 2695 1928 haeretici,
2726 1863 2815 1933 qui
2863 1862 3023 1932 Legis
3070 1868 3339 1929 praecepta
3382 1874 3504 1929 qua:
3537 1875 3633 1930 per

2028 1958 2211 2012 Mosen
2268 1958 2411 2011 dicta
2459 1967 2584 2009 sunt
2635 1956 2687 2009 in
2742 1954 2987 2010 Levitico
3034 1951 3237 2008 Judaeis
3300 1952 3625 2016 carnaliter,

2027 2059 2322 2119 nostroque
2371 2050 2420 2101 in
2478 2057 2719 2117 tempore
2766 2058 2788 2083 ο
2841 2045 3160 2116 spiritaliter
3208 2043 3447 2098 revelata
3503 2052 3631 2099 sunt

2026 2142 2336 2211 ignorantes
2360 2180 2374 2205 ,
2406 2138 2423 2176 ί
2459 2154 2726 2195 summam
2774 2152 2953 2192 rerum
3004 2136 3352 2192 festivitatem
3377 2145 3401 2181 ις
3433 2150 3628 2190 nume-

2024 2248 2253 2303 rumque
2305 2248 2494 2289 earom
2540 2230 2779 2286 caelestis
2830 2229 3078 2284 utilitatis
3130 2226 3481 2297 praetereunt,
3535 2242 3631 2282 nc-

2026 2327 2264 2382 scientes
2308 2324 2440 2395 quid
2490 2324 2799 2388 celebrent;
2832 2329 3086 2391 putantes
3113 2318 3256 2388 quod
3285 2318 3354 2373 de
3383 2318 3634 2374 Sabbatis

2025 2421 2198 2475 solum
2225 2461 2239 2483 ,
2272 2428 2325 2471 et
2373 2417 2577 2473 Pascha
2610 2425 2665 2471 et
2694 2416 2914 2487 Azymis
2959 2413 3137 2470 Moses
3189 2415 3546 2483 praeceperit,
3578 2421 3633 2467 ct

2025 2529 2133 2568 non
2190 2510 2213 2547 ιλ
2246 2511 2312 2565 dc
2357 2518 2479 2565 octo
2527 2508 2906 2563 festivitatibus
2949 2521 3084 2577 quas
3132 2505 3376 2561 Ecclesia
3438 2503 3629 2558 catho-

2025 2607 2126 2660 lica
2151 2603 2501 2675 cognoscitet
2528 2601 2754 2656 detinet.
2782 2599 2924 2654 Dicit
2945 2599 3088 2653 enim
3129 2597 3199 2651 ita
3233 2597 3410 2652 Moses
3441 2595 3625 2665 (Leuit.

2025 2716 2177 2766 χχιιι,
2213 2698 2375 2752 Num.
2409 2712 2598 2764 xxviii,
2632 2711 2781 2761 xxix,
2813 2693 2967 2748 Deut.
2998 2692 3109 2762 xvr)
3157 2676 3469 2746 Jtidmorum
3519 2704 3620 2758 po-

2026 2793 2154 2859 pulo
2194 2791 2425 2861 primum
2454 2790 2521 2844 de
2544 2787 2839 2844 Neomenia
2869 2796 2923 2841 et
2946 2784 3220 2849 Sabbatis,
3250 2782 3489 2838 secundo
3519 2780 3531 2816 λ
3564 2780 3633 2835 de

2026 2883 2236 2939 Pascha
2260 2927 2273 2951 ,
2311 2885 2471 2939 tertio
2501 2880 2569 2937 de
2612 2878 2866 2952 Azymis,
2906 2887 3103 2948 quarto
3136 2878 3149 2926 i
3192 2876 3259 2931 de
3308 2874 3633 2945 Manipulis;

1172 3040 1325 3097 COD.
1373 3044 1480 3099 MS.
1524 3044 1876 3101 SANGERM.
1920 3043 2305 3102 LECTIONES
2342 3042 2766 3102 VARIANTES.

380 3180 393 3208 ¹
426 3180 473 3227 in
496 3179 635 3230 crelis
658 3188 753 3231 est.
781 3180 843 3232 Et

378 3243 396 3271 ³
428 3242 533 3293 volo
557 3250 610 3294 ut
635 3252 683 3294 et
709 3246 786 3295 isti
808 3246 907 3295 sint
932 3257 1126 3294 mecura

2083 3185 2205 3247 {Ex
2228 3183 2425 3235 laudato
2460 3183 2569 3247 cod.
2611 3183 2869 3247 Saugerm.
2903 3179 3105 3232 additur
3132 3178 3236 3229 lucc
3260 3176 3487 3237 htcresis,
3518 3190 3627 3241 qum

2020 3243 2331 3299 desideratur
2354 3249 2405 3297 in
2428 3243 2589 3297 editis.

1418 3394 1720 3451 FABRICII
1758 3394 1847 3449 ET
1888 3393 2247 3450 GALEARDI
2284 3391 2515 3447 ΝΟΤᾸΕ.

392 3521 414 3547 τι
450 3510 516 3565 In
546 3511 740 3582 Christi
785 3514 1080 3582 pi'tesentia.
1117 3512 1269 3580 Apud
1320 3511 1578 3566 Aretham
1623 3512 1681 3582 in
1713 3510 1925 3582 Apoca-

318 3582 498 3652 lypsin
526 3626 539 3649 ,
589 3580 839 3635 Christus
886 3581 996 3636 Leo
1021 3625 1033 3647 ,
1064 3583 1187 3652 quia
1235 3583 1347 3635 Rex
1386 3600 1396 3633 :
1434 3582 1574 3634 idem
1621 3580 1836 3652 V'itulus
1866 3589 1923 3633 ut

318 3650 595 3709 Sacerdos
624 3695 637 3717 ,
671 3653 752 3706 vel
805 3654 982 3721 potius
1019 3650 1369 3714 sacriﬁcium,
1405 3663 1458 3705 et
1493 3652 1666 3705 hostia
1704 3670 1716 3703 :
1750 3650 1922 3705 Homo

315 3740 542 3793 prOpIcr
595 3740 692 3779 nos
735 3724 909 3777 factus
965 3736 1063 3778 :et
1091 3725 1284 3792 Aquila
1331 3724 1521 3792 spiritu
1569 3723 1773 3776 etelesti
1818 3738 1919 3777 nos

315 3795 637 3866 impertiens
674 3814 684 3849 :
713 3798 801 3850 Διά
823 3804 911 3851 τοῦ
954 3797 1149 3856 λέοντος
1172 3799 1239 3857 ὡς
1268 3795 1535 3866 βασιλεὺς,
1565 3793 1648 3849 διὰ
1669 3800 1759 3848 τοῦ
1784 3795 1918 3863 μόσ-

316 3890 421 3939 χου
453 3873 520 3929 ὡς
545 3870 735 3943 ἱερεὺςἶ
764 3869 951 3940 μᾶλλον
973 3866 1132 3923 δὲκαὶ
1161 3868 1365 3942 ἱερεῖον.
1397 3870 1487 3921 Διὰ
1513 3872 1605 3920 τοῦ
1648 3867 1915 3938 ἀνθρώπου

314 3938 381 4000 ὦς
404 3940 467 3995 δι’
490 3938 622 4013 ἡμᾶς
652 3938 923 4016 ἀνδρωθείς
940 3979 951 3991 .
986 3941 1074 3993 Διά
1124 3938 1215 4016 ποῦ’
1242 3940 1393 4016 ἀετοῦ
1414 3977 1426 4000 ,
1458 3941 1525 3997 ὡς
1572 3939 1801 4016 Zephyri;
1822 3942 1913 3991 τοῦ

315 4010 559 4075 ζωοποιόῦ
612 4010 940 4083 ΙΙνεύριατος,
994 4014 1077 4065 καὶ
1130 4012 1213 4065 ἐπὶ
1268 4012 1464 4069 πάντας
1531 4010 1909 4131 aegrest-tauros.

1621 4094 1793 4131 ABRIC.

1621 4094 1793 4133 ABRIC.

386 4154 588 4224 l’Atque
615 4156 937 4208 micantium.
960 4154 1229 4209 Eminenti
1263 4152 1910 4224 dignitatc,quainsupra

311 4220 513 4279 Christi
544 4226 827 4293 discipulis
859 4226 1142 4280 tribuerat.
1182 4224 1254 4278 Ita
1287 4220 1491 4292 optime
1542 4223 1683 4293 hunc
1732 4220 1908 4293 locum

313 4297 552 4350 restituit
583 4290 887 4352 Cotelerius
917 4297 980 4351 Ill
1010 4290 1341 4350 Monument.
1376 4308 1494 4362 pag.
1528 4290 1653 4354 E345,
1687 4306 1812 4345 cum
1858 4292 1907 4345 in

316 4366 475 4421 editis
508 4378 652 4422 esset
684 4368 1003 4422 mirantium.
1039 4368 1259 4422 Fanum.

390 4452 409 4475 ί·
446 4437 683 4493 Dubitas.
720 4439 877 4493 Forte
906 4442 1162 4493 dubitare.
1195 4438 1413 4492 Faentc.

385 4511 408 4549 ἀ
443 4510 713 4578 Tempore.
746 4510 887 4579 Lege
919 4521 1169 4580 tempora.
1207 4508 1425 4563 FABntc.

388 4599 409 4619 ιτ
442 4576 761 4649 Spirilaliter
787 4576 1031 4635 revelata.
1066 4580 1348 4635 Manifesta
1381 4578 1620 4647 impleta.
1656 4576 1873 4631 Faumc.

390 4658 409 4697 ί
445 4654 717 4709 Summam
744 4670 917 4707 rerum
941 4654 1286 4723 festivitatem.
1308 4651 1400 4723 Est
1423 4651 1509 4719 qui
1536 4649 1899 4723 legitdierum.

314 4726 416 4779 Sed
450 4727 607 4795 longe
640 4732 861 4793 prtesmt
892 4720 1079 4777 rerum.
1117 4724 1209 4776 Est
1254 4722 1397 4795 enim
1445 4736 1615 4795 rerum
1656 4720 1905 4795 festivitas

312 4791 586 4884 ἀντίῖυπον
623 4791 836 4879 verum,
868 4810 931 4884 ac
965 4796 1109 4884 reale
1134 4794 1321 4884 gratia:
1362 4792 1501 4884 ιιι)νίΙ
1526 4791 1862 4884 Τεειτιιιιειιιί
1886 4830 1899 4852 ,
1932 4825 1985 4884 D

313 4867 455 4933 quod
510 4868 788 4922 iestivitati
824 4866 1099 4920 tunbratili
1131 4861 1343 4921 dierum
1396 4864 1448 4916 in
1484 4862 1626 4930 Lege
1654 4861 1901 4933 AMosaica

314 4931 648 5006 respondere
669 4938 991 4994 Philastrius
1021 4939 1292 4991 observat.
1326 4933 1619 5006 Fanmcf—
1639 4931 1907 5006 Summam

316 5002 486 5060 rerum
534 5010 879 5077 festivitatem.
932 5008 1125 5063 Snbdit
1166 5006 1481 5069 Fabricius,
1510 5002 1605 5057 Est
1652 5004 1741 5072 qni
1788 5004 1908 5072 legit

314 5094 549 5141 utanuu,
582 5081 669 5131 sed
691 5080 839 5149 longe
867 5091 1074 5150 praestat
1106 5094 1308 5133 nenuu.
1339 5080 1595 5150 Qumnani
1624 5078 1905 5150 eaempla-

316 5151 397 5204 ria
432 5150 666 5203 habeant
701 5145 900 5202 dierum
946 5153 1072 5206 silet
1115 5150 1426 5210 Fabricius;
1458 5157 1512 5199 at
1543 5146 1706 5199 Basil.
1736 5145 1905 5200 editio

314 5220 563 5274 Sichardi
597 5218 723 5287 legit
758 5237 949 5275 rerum.
979 5222 1113 5276 Cod.
1139 5222 1302 5274 Corb.
1338 5233 1553 5288 quoque
1586 5228 1639 5270 ut
1673 5228 1725 5269 et
1768 5217 1907 5286 Lug-

313 5293 442 5347 (Ιιιιι.
479 5292 643 5345 editio
672 5292 873 5345 habent
904 5308 1091 5343 rerum.
1125 5292 1402 5346 GALEARD.

388 5374 411 5407 Β
444 5363 832 5430 Numerumque
860 5378 1033 5414 earum
1064 5364 1277 5415 cwlestis
1306 5360 1561 5415 utilitatis.
1593 5358 1694 5412 Per
1727 5374 1905 5413 nume-

314 5451 432 5489 rum
465 5435 841 5496 octonarium,
876 5434 1084 5486 beatam
1118 5434 1589 5497 resurrectionem,
1622 5440 1675 5485 et
1703 5440 1902 5484 reterna

313 5507 551 5559 cogitastis
584 5507 707 5559 vita:
738 5503 930 5572 gaudia
956 5502 1205 5557 denotari
1228 5503 1521 5557 credebant
1553 5503 1622 5571 pii
1658 5501 1896 5567 Veteres,

314 5594 547 5647 quorum
580 5574 1015 5647 localandarunt
1065 5574 1216 5647 Htng
1261 5573 1549 5647 Menardus
1596 5573 1661 5647 ad
1708 5573 1907 5647 Sacra;

315 5644 640 5702 tirenlarintn
684 5645 930 5715 Gregorii
961 5645 1028 5699 Μ.
1062 5662 1113 5715 p.
1146 5645 1217 5700 55
1262 5659 1379 5712 seq.
1406 5654 1458 5699 et
1488 5645 1791 5700 Culelcrius
1839 5644 1902 5698 ad

317 5716 620 5787 Epistolam
653 5717 911 5771 Barnaba:
942 5732 1060 5785 cap.
1095 5718 1180 5779 15,
1214 5734 1263 5785 p.
1298 5717 1387 5787 4:77.
1422 5715 1637 5770 FABRIC.

385 5784 408 5825 ἰ
459 5788 533 5844 De
576 5800 689 5844 octo
731 5784 1085 5859 festivitatibus
1142 5784 1269 5858 quas
1330 5785 1563 5841 Ecclesia
1631 5786 1903 5840 catholica.

2027 3508 2298 3578 Tempore
2344 3506 2620 3561 Philastrii
2667 3516 2789 3578 octo
2835 3506 2939 3578 illic
2972 3505 3298 3578 festivitates
3326 3514 3484 3578 erant
3516 3524 3529 3559 ;
3566 3507 3623 3560 1υ

2024 3576 2344 3643 Sabbatnm,
2372 3578 2435 3631 ‘20
2466 3578 2678 3631 Domini
2727 3576 2950 3639 Natalis,
2988 3578 3050 3631 '50
3098 3577 3217 3631 dies
3261 3576 3617 3644 Epiphaniae,

2022 3652 2084 3704 4ο
2114 3650 2387 3719 Jejunium
2435 3649 2913 3717 Quadragcsimas,
2941 3649 3003 3703 5"
3046 3657 3235 3717 quarta
3272 3648 3524 3707 Sabbati.
3558 3649 3619 3701 6"

2020 3721 2342 3783 Parasceve,
2370 3722 2429 3774 7°
2456 3719 2675 3774 Pascha:
2694 3720 2973 3785 [usritivas,
2992 3732 3040 3774 et
3064 3720 3126 3773 8°
3149 3719 3497 3773 Pentecostcs
3524 3719 3618 3772 Ias-

2024 3795 2157 3846 titia.
2188 3792 2314 3847 llaec
2344 3792 2519 3846 omnia
2550 3802 2920 3844 memorantur
2945 3792 2995 3843 in
3020 3790 3336 3843 Constitutt.
3367 3792 3615 3855 Apostol.

2023 3879 2076 3925 ν,
2114 3864 2179 3917 15
2209 3878 2353 3933 seq.,
2385 3873 2439 3917 et
2468 3865 2606 3931 apud
2640 3862 2861 3916 Hieron.
2894 3861 3122 3933 epistola
3154 3860 3294 3925 259,
3316 3860 3379 3915 ad
3410 3861 3612 3915 Cmsar.

2018 3934 2589 4004 (ICllIlﬂIllOl‘jt'jllnIIS.
2621 3935 2777 3986 intra.
2800 3948 2851 3987 c.
2882 3932 3003 3986 149.
3028 3935 3043 3999 (
3064 3932 3141 3985 De
3163 3944 3289 3986 octo
3322 3933 3474 3987 festis
3502 3951 3621 4001 qua!

2017 4005 2121 4059 hoc
2149 4006 2269 4060 loco
2301 4017 2584 4060 emnncrat
2620 4004 2929 4066 Fabricius,
2961 4013 3160 4057 caetera
3189 4004 3403 4072 vulgata
3433 4013 3487 4059 et
3515 4006 3611 4058 oh-

2016 4078 2098 4128 via
2138 4093 2150 4128 :
2181 4077 2247 4129 de
2275 4086 2465 4146 quarta
2500 4076 2707 4129 sabbati
2754 4074 2919 4128 adisis
2944 4073 3266 4146 Constitut.,
3288 4075 3474 4143 Apost.
3513 4093 3581 4131 vn
3603 4118 3616 4137 ,

2015 4147 2105 4213 25,
2141 4145 2324 4216 ibique
2361 4146 2690 4202 Cotelerium
2738 4165 2789 4215 p.
2821 4147 2949 4210 ⁸569,
2995 4145 3191 4214 quibus
3242 4147 3442 4199 addere
3495 4146 3619 4201 licet

2017 4221 2349 4272 Amalarium
2402 4218 2687 4273 diaconum
2743 4234 2794 4271 ιιι
2848 4218 2991 4270 Eccl.
3036 4216 3190 4269 Oi'iic.
3243 4216 3344 4279 27,
3379 4217 3617 4286 itemque

2017 4290 2404 4362 Hieronymum
2454 4292 2762 4362 Comment.
2818 4290 2882 4340 ad
2931 4286 3107 4340 Galat.
3140 4286 3234 4339 lib.
3273 4302 3330 4362 ιι,
3378 4302 3427 4339 c.
3466 4288 3531 4362 _4,
3565 4291 3615 4342 io

2014 4361 2145 4415 illud
2199 4357 2388 4414 {Dies
2439 4360 2755 4420 observatis,
2805 4367 2935 4421 etc.,
2989 4373 3124 4419 tllltls
3188 4360 3393 4426 profert
3454 4357 3615 4413 Joan.

2016 4432 2217 4487 Fronto
2248 4432 2298 4486 in
2349 4433 2662 4502 prmnotatis
2707 4429 2777 4502 ad_
2799 4428 2968 4502 _Vctt_ts
2996 4427 3227 4483 Kalend.
3258 4428 3284 4499 §
3316 4429 3370 4491 5,
3399 4446 3449 4497 p.
3483 4432 3607 4486 I54.

2011 4497 2603 4573 Augustinuquuoque,
2637 4517 2723 4569 ep.
2745 4499 2823 4573 A86
2856 4518 2867 4553 :
2901 4497 3006 4573 Cur
3026 4508 3208 4573 quarta
3235 4497 3452 4573 etsvxta
3496 4519 3607 4556 ma-

2010 4570 2147 4627 xime
2174 4572 2648 4645 jejunetdEcclesia
2692 4570 2785 4625 illa
2834 4572 2967 4623 ratio
3018 4570 3162 4645 reddi
3210 4572 3428 4645 videtur,
3474 4578 3611 4639 quod

2010 4640 2331 4699 considerato
2360 4643 2639 4711 Evangelia
2671 4645 2782 4712 ipsa
2813 4652 2994 4715 quarta
3026 4640 3225 4715 sabbati
3246 4684 3258 4701 ,
3288 4659 3438 4712 quam
3462 4647 3613 4715 vulgo

2009 4728 2246 4784 quartam
2276 4717 2457 4784 feriant
2488 4724 2666 4767 vacant
2686 4756 2699 4777 ,
2735 4714 3005 4784 concilium
3034 4713 3355 4783 reperiuntur
3382 4715 3450 4766 ad
3479 4713 3613 4768 occi-

2010 4783 2231 4839 (lendum
2262 4783 2540 4841 Dominum
2572 4787 2749 4855 fecisse
2774 4783 2968 4837 Jul/lci.
2996 4784 3510 4855 C(HIIICDBHI'OHIUIH
3545 4790 3610 4841 ad

2013 4873 2101 4912 an.
2136 4860 2227 4920 57,
2261 4877 2314 4913 ιι.
2344 4859 2445 4913 199
2494 4854 2674 4926 seqq.,
2706 4857 3057 4918 Beveregiutn
3094 4872 3148 4909 ιιι
3187 4854 3404 4909 Codicis
3452 4872 3617 4913 cano—

2015 4945 2143 4983 num
2178 4930 2464 4998 priniitivm
2512 4925 2768 4983 Ecclesizv
2809 4944 2857 4979 (ι.
2896 4925 2981 4981 10.
3025 4926 3350 4998 Cumae.)
3392 4928 3613 4997 Septem

2014 4999 2147 5053 festa
2186 5004 2234 5055 in
2272 5002 2489 5053 homilia
2521 5001 2913 5069 Chrysostomo
2939 4998 3240 5067 supposita.
3275 5014 3396 5066 qntL‘
3428 5002 3615 5069 incipit

2011 5072 2201 5149 (ργιᾷρά
2227 5077 2317 5145 μὲν
2358 5079 2505 5129 πᾶσα
2531 5068 2691 5149 ,ξορὲή
2719 5088 2729 5121 2
2764 5068 3117 5149 I“.N:l.lI\'il_t_lS
3138 5112 3165 5149 ,Δ
3184 5071 3245 5122 ‘2”
3283 5068 3576 5149 Epiphania
3598 5115 3611 5131 .

2011 5144 2073 5195 5ῦ
2105 5140 2409 5205 Passionis,
2442 5150 2502 5197 4ο
2530 5140 2967 5195 liesurrectionis
2997 5182 3007 5197 .
3044 5142 3105 5195 5°
3140 5141 3489 5196 A~crnsionis
3510 5187 3521 5201 .
3549 5146 3612 5195 (ιο

2011 5212 2248 5281 Spiritus
2305 5222 2558 5274 sanctus,
2616 5212 2924 5281 ’ῖίίἘϐὃὸμη
2974 5213 3616 5288 ἐορῖῄήῌπροσδοκωμένη

2011 5288 2173 5361 ᾐμέρα
2194 5293 2284 5347 τὴς
2315 5288 2653 5344 ἀναστάσεως
2678 5291 3004 5361 τῶν-νεκρῶν.
3028 5284 3314 5361 Similiter
3346 5286 3397 5338 in
3446 5284 3615 5339 I’t‘ot-li

2013 5354 2232 5429 [inutilia
2275 5362 2345 5418 εἰς
2381 5361 2446 5413 τά
2481 5357 2735 5429 γενέθλια.
2784 5354 2924 5409 Bibl.
2978 5356 3152 5409 (irae.
3212 5354 3342 5421 VIII,
3396 5374 3448 5427 p.
3481 5357 3607 5411 602.

2011 5428 2229 5483 anmc.

2092 5499 2231 5567 ille
2284 5500 2507 5555 Pascha.
2571 5500 2666 5555 Die
2710 5516 2795 5553 xw
2857 5500 3059 5553 mensis
3113 5499 3279 5552 Nisan
3332 5499 3607 5570 (Martii).

3246 5570 3461 5625 FABRIC.

2090 5644 2101 5693 i
2147 5642 2221 5696 De
2253 5642 2565 5713 Manipulis.
2597 5644 2781 5697 Mense
2815 5642 2974 5696 Siron
3008 5640 3184 5713 (Maii)
3216 5641 3303 5695 die
3343 5645 3604 5713 quinqua-

2013 5716 2223 5786 gesimo
2256 5727 2375 5786 post
2406 5713 2634 5770 Pascha.
2670 5713 2885 5768 FABRIC.
