4052 6192
324 252 455 310 1281

1546 253 1754 311 LIBER
1797 254 1887 311 DF.
1932 252 2368 313 lUERESlBUS.

3483 261 3627 318 1232

316 377 469 431 vam,
498 368 509 396 ¹
550 373 805 436 putantes
836 365 901 420 de
934 367 1174 423 vanitate
1202 381 1538 439 paganorum
1568 369 1792 437 dixisse,
1832 380 1916 424 at-
1948 380 1995 438 Α
2025 372 2304 436 laudandi,
2326 374 2529 441 “atque
2572 370 2875 427 honorandi
2920 382 2973 427 ct
2997 373 3363 443 gloriﬁcandi,
3408 386 3461 431 ut
3491 379 3631 433 dixit

314 474 423 528 que
450 460 521 512 ita
559 460 859 514 sentientes
890 475 999 514 non
1025 474 1250 529 parvum
1283 462 1476 517 salutis
1503 478 1619 517 sua:
1646 464 1918 519 sustinent

313 554 726 611 detrimentum.
759 556 888 609 Cum
929 555 1071 610 enim
1103 554 1281 610 Moses
1311 556 1457 610 dicat
1488 574 1501 609 :
1540 566 1561 594 ⁸
1592 555 1811 627 Templa
1832 574 1919 612 eo-

315 665 433 701 rum
477 648 772 712 destructis,
814 648 958 702 idola
1000 650 1253 719 frangetis
1288 648 1485 721 (Exod.
1539 667 1686 715 xxiv,
1727 651 1840 720 15);
1868 660 1925 706 et

316 740 623 797 1’Ahraham
652 742 1001 797 beatissimus
1020 741 1275 814 frangens
1297 743 1439 798 idola
1462 744 1790 814 justiﬁcatus
1812 756 1915 811 est;

314 842 369 889 et
408 833 631 889 cheon
670 833 870 906 (Judic.
904 850 978 899 vr,
1010 834 1104 905 28)
1140 845 1299 890 nocte
1330 835 1633 892 incendens
1662 836 1830 903 idola,
1865 849 1918 893 et

310 927 592 997 frangens,
624 928 643 957 ²
685 942 713 980 a
748 927 861 982 Deo
889 936 1097 982 tantum
1128 929 1345 983 virtutis
1371 929 1570 984 meruit
1600 930 1915 999 impetrare,

313 1031 518 1076 utcum
549 1022 734 1092 paucis
763 1022 1003 1078 inﬁnitos
1034 1023 1278 1079 vinceret
1306 1023 1585 1089 inimicos;
1618 1039 1918 1095 omnesque

308 1114 463 1185 justi,
500 1124 555 1169 ut
580 1115 727 1169 Elias
753 1115 819 1187 (V
850 1114 986 1187 Reg.
1012 1133 1168 1183 xvm,
1196 1118 1308 1187 40),
1338 1126 1392 1173 et
1418 1118 1509 1172 alii
1538 1118 1746 1173 itidem.
1772 1119 1919 1184 Quo—

313 1208 477 1264 modo
498 1223 629 1280 ergo
648 1208 737 1263 hic
763 1210 1002 1264 aestimat
1033 1210 1195 1266 homo
1215 1210 1534 1280 imprudens
1556 1210 1626 1265 de.
1647 1211 1917 1267 idolorum

311 1301 793 1368 dixissevauitate,
829 1301 1133 1373 iisdemque
1155 1320 1263 1358 non
1292 1318 1416 1358 esse
1445 1304 1917 1361 maledicendum?

313 1409 435 1449 cum
469 1394 637 1448 David
667 1394 849 1449 dicat:
883 1408 903 1432 ο
939 1394 1147 1450 Similes
1176 1397 1283 1449 illis
1307 1397 1436 1466 ﬁant
1460 1399 1545 1466 qui
1580 1397 1801 1451 adorant
1836 1415 1914 1453 ea.

311 1488 408 1544 Hie
438 1490 624 1559 itaque
642 1488 746 1544 diis
773 1505 881 1545 non
912 1505 1035 1545 esse
1067 1490 1503 1546 maledicendum
1524 1492 1714 1547 alienis
1744 1491 1764 1521 ³
1791 1507 1915 1547 cum

313 1582 465 1649 dicit,
498 1583 759 1653 estjustis
779 1584 848 1638 ab
867 1583 1086 1654 origine
1109 1585 1297 1639 mundi
1324 1586 1636 1641 colentibus
1657 1587 1916 1657 pietatem

313 1691 516 1741 veram,
554 1675 607 1729 id
630 1673 757 1730 estd
788 1675 1018 1745 angelis,
1049 1685 1105 1734 et
1126 1678 1331 1733 sanctis
1353 1678 1475 1732 aliis
1508 1694 1648 1733 verae
1677 1678 1798 1733 ﬁdei
1824 1679 1911 1733 de-

2026 464 2192 518 David
2226 483 2239 519 :
2275 464 2535 518 Timentes
2571 475 2742 519 autem
2784 463 3066 519 Dominum
3108 468 3414 537 glori/iracit
3452 468 3627 534 (Paul.

2022 573 2136 622 XIV,
2188 558 2268 627 4).
2311 557 2381 612 Ει
2430 558 2693 613 Dominus
2736 575 2747 610 ε
2801 558 3162 629 Gloriﬁcanles
3204 577 3284 615 me
3326 560 3631 631 glori/icabo

2025 650 2067 719 (l
2099 651 2229 723 Reg.
2257 667 2312 717 ιι,
2339 652 2454 721 50).
2479 652 2595 706 Non
2621 665 2753 722 ergo
2785 652 3151 724 intelligentes
3169 653 3426 708 virtutem
3449 654 3634 723 Scrip-

2022 750 2266 797 turarum
2298 759 2364 797 cx
2399 744 2575 799 littera
2607 744 3293 815 paganitaticonsentiunt,
3327 756 3383 800 et
3409 746 3570 801 alieni
3599 763 3630 802 a

2018 835 2429 894 Christianitate
2458 838 2824 907 reperiuntur.
2857 837 2990 907 Quia
3020 854 3152 910 ergo
3182 855 3289 895 non
3322 840 3630 897 credebant

2016 928 2182 997 justis
2220 929 2394 984 Judaei
2429 931 2734 1003 prophetis,
2777 940 2833 986 et
2860 932 2981 987 aliis
3013 933 3233 998 talibus,
3262 933 3425 989 alieni
3456 944 3510 989 et
3542 935 3630 989 isti

2020 1022 2159 1076 sicut
2190 1032 2245 1077 et
2280 1024 2471 1093 pagani
2503 1020 2530 1058 ιλ
2565 1022 2959 1093 judicabantur
2998 1040 3027 1078 a
3064 1025 3292 1081 Domino
3324 1042 3419 1096 per
3446 1027 3631 1096 Scrip-

2021 1120 2226 1178 turam;
2270 1121 2432 1183 atque
2459 1114 2531 1167 ita
2563 1114 2937 1181 nuntiabatur,
2975 1130 3043 1171 ne
3075 1115 3475 1173 maledicerent
3515 1116 3631 1173 suis

2023 1205 2353 1260 Doctoribus
2376 1246 2390 1271 ,
2416 1215 2472 1261 et
2497 1206 2813 1276 Prophetis,
2834 1218 2889 1263 et
2913 1208 3077 1279 justis
3102 1209 3244 1265 aliis.

2126 1299 2403 1356 CXLVIII.
2450 1300 2766 1357 HIERESIS
2832 1303 2920 1357 DE
2980 1303 3515 1361 MELCHISEDECII

2604 1395 3046 1452 SACERDOTE.

2092 1486 2229 1542 Sunt
2251 1487 2470 1558 quidam
2504 1490 2746 1559 legentes
2773 1489 3015 1545 haeretici
3050 1490 3061 1526 ί
3093 1491 3146 1546 in
3171 1492 3369 1548 Genesi
3402 1492 3471 1549 de
3497 1493 3630 1549 Mcl-

2019 1580 2311 1636 chisedech
2345 1581 2634 1638 sacerdote
2674 1591 2837 1653 atque
2870 1599 3016 1654 rege,
3072 1585 3162 1655 qui
3215 1595 3332 1640 erat
3364 1586 3414 1640 in
3444 1587 3627 1642 Salem

2019 1673 2260 1737 civitate,
2296 1683 2425 1731 tunc
2455 1677 2715 1745 temporis
2744 1677 2815 1731 ita
2858 1678 3154 1743 nominata,
3211 1678 3314 1733 sub
3353 1679 3627 1734 Abraham

311 1767 526 1834 dicatis,
560 1784 669 1823 non
701 1783 823 1823 esse
854 1768 1316 1823 maledicendum.
1353 1770 1375 1800 δ
1408 1769 1536 1823 Nam
1568 1786 1757 1825 omnes
1780 1770 1910 1841 justi
1947 1766 1992 1826 Β
2019 1765 2335 1823 beatissimo
2381 1769 2721 1837 patriarcha;
2755 1769 2820 1824 de
2851 1786 2960 1838 quo
2990 1769 3065 1824 ait
3095 1768 3384 1839 Scriptura
3417 1789 3429 1823 :
3467 1773 3479 1820 ι
3516 1773 3628 1826 sine

312 1862 710 1917 maledixerunt
734 1861 919 1927 idolis,
949 1870 1005 1917 et
1027 1862 1305 1933 fregerunt
1332 1878 1417 1930 ea,
1440 1863 1672 1933 indeque
1700 1878 1916 1918 merue-

311 1965 432 2010 runt
469 1955 719 2026 gratiam,
759 1964 817 2009 ut
840 1954 1017 2010 Moses
1050 1956 1176 2011 fecit
1203 1955 1272 2011 de
1304 1957 1538 2011 monte.5
1576 1955 1917 2012 descendens

311 2048 511 2120 (Exod.
537 2064 713 2115 xxxn,
737 2048 853 2120 20);
880 2059 901 2086 ε
930 2050 1049 2103 sine
1080 2064 1149 2104 eo
1171 2049 1314 2119 quod
1345 2048 1548 2103 Christi
1574 2051 1594 2079 ⁸
1627 2050 1828 2115 nuntii,
1862 2048 1914 2103 hi

311 2154 438 2198 sunt
485 2143 586 2209 dii,
637 2154 691 2198 ut
752 2142 930 2198 Moses
974 2143 1274 2208 Pharaoni,
1334 2154 1389 2197 et
1438 2142 1732 2213 Egyptiis,
1790 2158 1913 2197 cum

312 2237 597 2307 Scriptura
657 2236 861 2292 clamet
911 2255 924 2290 :
977 2235 993 2274 ί
1046 2236 1162 2309 Ego
1218 2236 1361 2301 Dixi,
1419 2237 1494 2290 dii
1548 2237 1671 2292 estis
1720 2235 1909 2307 (Psal.

311 2349 499 2395 Lxxxt,
542 2332 620 2404 7).
675 2331 874 2401 Utique
923 2333 1013 2402 qui
1070 2340 1335 2397 sanctam,
1393 2333 1413 2361 "
1464 2331 1912 2400 adorandamquc

309 2422 630 2477 Trinitatem
663 2422 907 2477 colentes
936 2422 1062 2477 forti
1101 2422 1204 2477 ﬁde
1239 2420 1554 2490 pradicant,
1591 2422 1680 2491 qui
1703 2431 1759 2476 et
1789 2436 1911 2475 om-

308 2530 405 2571 nes
426 2516 557 2585 justi
582 2530 710 2571 vere
739 2515 881 2569 beati
905 2524 959 2570 et
988 2516 1320 2581 sanctisunt,
1348 2521 1482 2568 etut
1506 2514 1578 2568 dii
1611 2513 1909 2569 inﬁdelium

308 2609 516 2664 scilicet
561 2608 981 2679 dignoscuntur,
1022 2607 1147 2679 quia
1178 2609 1253 2662 ait
1293 2607 1559 2662 Dominus
1592 2629 1603 2661 :
1637 2617 1660 2655 Β
1691 2609 1760 2660 ad
1784 2624 1912 2677 quos

309 2703 409 2772 fuit
433 2704 635 2757 verbum
667 2702 784 2770 Dei,
816 2712 872 2758 et
895 2718 991 2774 per
1013 2718 1107 2758 eos
1140 2702 1493 2772 praedicatum
1520 2710 1626 2769 est,
1657 2700 1913 2756 incredu-

310 2794 487 2848 lorum
529 2794 606 2849 dii
647 2794 751 2864 ipsi
784 2802 912 2848 sunt
944 2793 1223 2865 appellati,
1265 2801 1326 2847 ut
1364 2791 1590 2860 Paulus,
1636 2794 1913 2849 Barnabas

313 2886 450 2956 (Act.
486 2903 599 2955 xw,
631 2886 744 2955 12),
778 2896 833 2942 et
856 2887 1034 2942 Moses
1063 2886 1335 2942 Pharaoni
1358 2884 1553 2959 (Exod.
1586 2886 1906 2959 xxxn,,20);

310 2980 400 3049 qui
442 2996 549 3036 non
577 2990 705 3037 sunt
736 2979 1116 3050 maledicendi,
1160 2980 1253 3037 sed
1300 2980 1476 3036 modis
1517 2982 1773 3037 omnibus
1799 2982 1913 3037 col-

2024 1868 2187 1929 palre,
2221 1862 2329 1914 sine
2352 1871 2515 1914 matre
2536 1862 2698 1933 fuisse
2716 1863 2944 1932 genitum
2959 1878 3093 1927 eum,
3130 1877 3254 1917 cum
3280 1862 3353 1915 sit
3374 1861 3477 1917 hoc
3498 1877 3630 1918 con-

2024 1954 2246 2006 trarium
2276 1952 2347 2006 ita
2379 1954 2604 2009 sentire.
2666 1954 2946 2024 Scriptura
2996 1954 3141 2010 enim
3184 1971 3290 2010 non
3324 1956 3392 2012 de
3420 1957 3629 2011 carnali

2022 2059 2144 2098 cum
2168 2046 2522 2114 generatione
2548 2046 2751 2102 editum
2782 2062 2903 2103 esse
2935 2049 3173 2117 negavit,
3216 2049 3313 2104 sed
3345 2050 3413 2105 de
3458 2050 3626 2120 justis

2019 2152 2140 2191 eum
2169 2154 2279 2192 non
2303 2140 2543 2208 genitum
2571 2140 2886 2209 parentibus
2908 2141 3244 2207 declaravit;
3270 2143 3361 2214 qui
3382 2146 3621 2200 naturali

2020 2229 2201 2284 studio
2228 2229 2253 2267 ¹ί
2286 2231 2352 2285 de
2382 2230 2635 2285 Mandata
2667 2233 2899 2302 pristino
2924 2233 2991 2288 ad
3030 2244 3233 2288 tantam
3261 2234 3467 2290 Christi
3503 2252 3627 2306 per-

2019 2323 2205 2378 venire
2261 2324 2462 2379 meruit
2505 2326 2811 2392 scientiam,
2844 2337 2898 2381 ut
2923 2342 3045 2397 qu:e
3073 2342 3102 2382 a
3135 2329 3455 2398 parentibus
3511 2332 3628 2387 suis

2022 2431 2127 2471 non
2157 2417 2429 2486 audierat,
2463 2419 2687 2489 proprio
2713 2430 2895 2475 tamen
2928 2421 3140 2487 studio,
3192 2424 3399 2492 majora
3431 2424 3634 2482 Christi

2022 2509 2278 2582 mysteria
2313 2527 2411 2581 per
2440 2512 2748 2569 Mandatum
2783 2524 3109 2584 agnosceret
3142 2514 3452 2583 oﬁerenda,
3501 2533 3625 2572 cum

2019 2605 2165 2662 dicat
2194 2608 2458 2664 Dominus
2486 2625 2585 2677 per
2616 2610 2913 2680 prophetas
2942 2627 2954 2663 :
2985 2609 3121 2666 Ecce
3170 2628 3263 2685 ego
3310 2612 3449 2684 facio
3495 2630 3629 2668 nova

2018 2698 2172 2771 (Isai.
2210 2717 2359 2767 XLlll,
2394 2702 2503 2772 i9).
2547 2702 2613 2757 Et
2643 2720 2655 2756 :
2681 2701 2997 2773 Priusquam
3050 2705 3275 2772 veniant,
3321 2706 3629 2760 annuntiata

2015 2806 2133 2849 sunt
2172 2795 2309 2850 vobis
2339 2795 2488 2867 (Isai.
2551 2813 2740 2864 XLVIII,
2765 2799 2817 2867 5,
2852 2798 2930 2869 6).
2963 2798 3033 2853 Ει
3066 2816 3079 2853 :
3117 2798 3293 2854 Nolite
3337 2800 3629 2855 meminisse

2017 2890 2299 2958 praeterita,
2333 2904 2455 2958 quae
2510 2890 2565 2943 in
2616 2889 2759 2961 Lege
2788 2891 3085 2947 carnaliter
3130 2890 3272 2947 dicta
3300 2901 3432 2948 sunt
3460 2891 3620 2963 (Isai.

2017 2999 2169 3051 ιιιιιι,
2215 2983 2325 3055 18).
2383 2984 2451 3039 Ει
2482 2983 2736 3040 Salvator
2764 2985 2876 3040 ait:
2917 2984 3069 3052 Quod
3093 2986 3327 3040 nascitur
3347 2985 3411 3041 de
3440 3001 3615 3051 carne,

1158 3157 1313 3215 COD.
1356 3159 1465 3215 MS.
1510 3158 1865 3216 SANGERM.
1912 3157 2299 3216 LECTIONES
2339 3159 2754 3217 VARIANTES.

378 3302 393 3331 ι
423 3304 651 3363 putantes
669 3300 975 3352 divinitatem

374 3365 393 3429 ξ
418 3375 445 3409 a
468 3365 677 3429 Domino
699 3364 1156 3429 Christotantum...
1178 3366 1299 3429 justi
1325 3372 1377 3415 et
1395 3364 1565 3415 Helias

377 3426 398 3488 il
421 3438 531 3488 cum
554 3427 691 3486 dicit,
718 3427 763 3476 id
791 3434 869 3477 est
882 3426 1003 3488 justi
1029 3427 1091 3475 ab

374 3487 395 3516 ⁸
420 3486 541 3535 Nam
559 3489 685 3549 quod
709 3486 1016 3550 omnes'justi
1039 3488 1446 3540 maledixerint...
1472 3497 1523 3539 et
1547 3488 1791 3551 fregeriut

1935 3301 1980 3364 C
2079 3303 2099 3364 εξ
2124 3300 2440 3351 descendens
2462 3302 2570 3351 sine
2593 3309 2645 3351 et
2667 3302 2799 3363 quod

2083 3362 2104 3391 ⁶
2128 3364 2283 3411 nuntii
2309 3369 2424 3411 sunt

2078 3424 2097 3453 ⁷
2126 3424 2423 3473 adorandum

2078 3486 2100 3515 ⁸
2126 3493 2273 3548 atque
2296 3486 2525 3536 orandi...
2548 3485 2835 3550 gloriﬁcabit

1440 3629 1737 3685 FABRICII
1780 3630 1868 3686 ET
1909 3629 2267 3687 GALEARDI
2307 3630 2538 3687 ΝΟΤᾸΕ.

310 3771 555 3846 δεῖγούδέ
612 3775 698 3846 τῷν
742 3770 1038 3846 Ἑλληνικαῖς
1092 3774 1387 3846 dgna-iesione
1438 3770 1909 3846 npoamazsinavov

310 3845 586 3920 ἐξυϐρίζειν
635 3843 761 3919 ὅπερ
812 3845 1062 3920 aligerae;
1093 3841 1306 3920 Niphon
1366 3841 1654 3920 anathema
1721 3842 1909 3893 dicens

310 3911 805 3986 Deo'ilchrmorum
840 3915 983 3986 (vide
1024 3911 1284 3986 Cangium
1326 3912 1390 3986 ad
1430 3911 1754 3986 Cinnanium
1782 3925 1905 3986 pag.

308 3985 437 4056 458)
482 3982 880 4042 condemnatur
932 3988 981 4038 in
1029 3985 1249 4056 decreto
1291 3984 1550 4056 adversus
1602 3982 1909 4056 Bogomilos

308 4059 374 4112 A.
406 4052 468 4113 C.
497 4059 660 4124 1145,
692 4059 830 4129 apud
854 4056 1110 4129 Allatium
1144 4055 1234 4129 lib.
1257 4072 1295 4129 ιι
1326 4055 1394 4109 de
1426 4052 1905 4129 Consens_u_c._12,

310 4144 365 4197 p.
397 4129 522 4184 682.
556 4124 857 4184 Anattt'ema
887 4129 936 4181 in
971 4128 1135 4181 Deum
1167 4126 1503 4181 Muhamedis
1534 4124 1675 4197 quod
1702 4125 1909 4197 legitur

309 4194 365 4270 in
412 4202 681 4270 Sylburgii
735 4200 1077 4255 Saracenicis
1108 4214 1158 4262 p.
1205 4197 1295 4257 86.
1335 4196 1658 4270 improbavit
1696 4194 1911 4270 Manut-1

306 4266 928 4335 Comuenus'imperator
946 4271 1085 4337 apud
1106 4270 1345 4324 Nicetam
1362 4267 1678 4322 Choniatem
1695 4266 1910 4331 lib.Vll,

308 4355 360 4395 c.
390 4343 447 4406 6,
478 4358 601 4412 pag.
633 4342 740 4398 “235
787 4358 903 4409 seq.
953 4341 1100 4395 Inter
1126 4340 1481 4410 gravissimas
1511 4353 1756 4412 remoras
1783 4352 1913 4412 con-

310 4410 583 4469 vcrsiOnis
617 4414 928 4468 Judmurum
970 4414 1107 4467 hanc
1142 4427 1266 4467 esse
1298 4428 1401 4466 non
1443 4410 1656 4472 dubito,
1691 4410 1833 4476 quod
1879 4425 1906 4462 a

309 4486 513 4541 teneris
544 4484 808 4541 docentur
855 4499 882 4537 a
918 4484 1235 4552 parentibus
1267 4484 1378 4536 suis
1419 4482 1604 4537 Jesum
1649 4481 1906 4550 blasphe-

309 4564 478 4611 mare.
510 4556 577 4611 Et
622 4556 733 4626 jam
761 4570 861 4610 suo
891 4564 1132 4624 tempore
1164 4554 1529 4624 Hieronymus
1561 4552 1625 4605 ad
1658 4552 1811 4626 Isaiae
1843 4568 1893 4613 v.

304 4626 375 4682 49
404 4637 459 4683 ct
491 4629 582 4693 52,
619 4624 844 4682 testatus
877 4626 973 4679 fuit
1020 4633 1101 4680 ter
1131 4626 1375 4694 quotidie
1418 4626 1469 4677 in
1502 4624 1813 4695 synagogis,
1845 4635 1899 4677 et

2019 3775 2101 3821 est
2130 3766 2585 3847 maledicendum,
2619 3767 2797 3823 Moses
2826 3768 3162 3828 intellexerit
3192 3776 3448 3847 angelos,
3496 3794 3622 3836 san-

2017 3846 2206 3893 ctosve
2237 3838 2509 3894 homines.
2542 3838 2760 3895 Fanum.

2093 3920 2115 3944 ο
2147 3910 2373 3990 Sineeo
2400 3911 2558 3990 quod.
2590 3910 2796 3966 Praeter
2844 3912 2948 3968 hoc
2974 3915 3115 3990 quod
3139 3916 3212 3990 de
3242 3919 3390 3975 Mose
3415 3924 3621 3990 attulit,

2018 3995 2153 4058 nova
2186 3981 2553 4058 Philastrioin
2603 3993 2838 4038 mentem
2868 3981 3018 4058 venit
3046 3989 3210 4053 ratio,
3254 3992 3396 4058 quod
3421 3981 3624 4050 Clitiin

2018 4052 2285 4121 Apostoli,
2338 4066 2391 4131 et
2442 4054 2659 4131 illorum
2710 4057 2971 4131 exemplo
3001 4052 3305 4131 Evangelii
3363 4063 3625 4122 Doctores

2018 4134 2167 4178 recte
2211 4125 2423 4194 possint
2462 4125 2725 4195 appellari
2772 4125 2892 4194 Dii,’
2915 4138 2971 4182 ut
3000 4125 3204 4185 Moses'
3230 4132 3403 4187 Exod.
3439 4152 3531 4200 vn,
3569 4140 3619 4192 1.

3211 4202 3431 4259 FABItIC.

2094 4266 2113 4303 ί
2144 4264 2257 4349 Eg!)
2303 4268 2434 4349 dixi,
2466 4265 2554 4320 Dii
2601 4269 2740 4321 estis.
2778 4268 2851 4349 In
2884 4270 3071 4349 _editis
3103 4277 3460 4349 crat_\'it‘iose,
3497 4295 3620 4349 ergo

2016 4339 2089 4390 dii
2142 4340 2281 4391 estis.
2340 4339 2513 4393 Locus
2568 4348 2730 4393 notus
2778 4339 2919 4394 Psal.
2956 4358 3162 4408 Lxxxn,
3210 4344 3242 4397 7
3274 4364 3286 4398 :
3318 4339 3617 4421 mattea,

2015 4415 2132 4465 Θεοὶ
2160 4414 2298 4466 ἐστε.
3026 4420 3045 4430 ’
3375 4414 3387 4421 ⁷
3596 4444 3602 4451 ·

2086 4492 2110 4528 ις
2143 4484 2224 4557 Ad
2244 4498 2371 4551 quos
2402 4480 2731 4557 [uit_ver_but_n
2752 4482 2865 4536 Dei.
2899 4484 3059 4539 Joan.
3088 4502 3141 4547 Χ,
3166 4486 3235 4541 ’55
3267 4505 3278 4539 :
3306 4491 3363 4543 Εἰ
3400 4492 3618 4557 ἐκείνους

2013 4549 2119 4629 sine
2152 4549 2295 4629 ρεοῇς
2321 4555 2450 4629 πρὸς
2481 4551 2799 4629 οὒς-ῥᾷλόγος
2827 4561 2957 4610 Θεοῦ
2985 4558 3200 4627 ἐγένετο.
3246 4558 3467 4616 FABRIC.

2075 4623 2101 4659 ιι
2139 4623 2535 4705 Judicabantur.
2580 4623 2754 4679 Minus
2788 4626 2926 4681 bene
2955 4623 3154 4682 eratin
3205 4631 3367 4686 editis
3402 4636 3619 4705 judica-

309 4700 597 4767 diebus,ac
618 4700 868 4754 noctibus
886 4693 1250 4767 blasphemari
1274 4693 1903 4767 aJudaaisi'Salvatorem.
1934 4693 1990 4753 D
2014 4694 2221 4767 buntur.
2256 4696 2475 4767 if‘aentc.

1499 4766 1716 4821 Fanmc.

385 4849 411 4875 ⁸
435 4841 596 4908 LXX,
630 4846 759 4904 Τοὺς
786 4844 990 4914 βωμοὺς
1017 4843 1179 4897 αὐτῶν
1207 4842 1452 4895 καθελεῐτε
1483 4844 1569 4894 καὶ
1595 4842 1688 4914 τὰς
1712 4839 1903 4899 στήλας

313 4912 476 4966 αὐτῶν
521 4912 898 4985 ἐκκόψετείκάὶ
927 4920 995 4970 τὰ
1037 4914 1239 4983 γλυπτά
1281 4921 1378 4966 τῶν
1406 4915 1524 4965 θεῶν
1554 4913 1713 4963 αὐτῶν
1753 4932 1909 4964 notw-

314 4986 529 5059 καψσεῖὲ
561 4986 779 5059 inrupi.
808 4986 1027 5040 FABRIC.

384 5052 413 5091 ι)
461 5051 717 5107 Abraham
766 5058 1110 5111 beatissimus.
1148 5054 1316 5110 Vetus
1370 5053 1614 5117 traditio,
1656 5051 1908 5107 Abraha-

312 5140 459 5179 Inum
490 5123 631 5195 idola
683 5126 855 5179 Patris
894 5130 974 5181 sui
1024 5126 1385 5195 confregisse,
1419 5141 1538 5194 quae
1580 5123 1811 5178 refertur
1849 5126 1903 5178 in

312 5194 560 5250 Beresith
615 5194 797 5251 Bahba
842 5212 960 5266 cap.
1003 5198 1088 5252 58.
1125 5194 1258 5252 Vide
1301 5197 1614 5266 Dionysium
1652 5195 1904 5250 Vossium

310 5267 379 5322 ad
410 5266 787 5339 Maimonidem
818 5268 884 5321 de
910 5267 1208 5323 idololatria
1243 5284 1363 5338 cap.
1413 5285 1451 5332 1,
1559 5268 1611 5332 7,
1659 5276 1713 5321 et
1753 5266 1909 5322 Gott-

310 5337 717 5412 friiliwagneri
745 5344 832 5392 τοῦ
858 5341 1138 5412 μακ-αρίτου
1170 5337 1609 5412 dissertationem
1635 5339 1903 5412 eruditam

310 5410 378 5463 de
408 5409 489 5466 Ur
519 5408 897 5463 Chaldaeorum
948 5408 1146 5478 Lipsiae
1192 5411 1352 5476 1681,
1406 5412 1574 5476 ιιι-1ο,
1631 5412 1682 5463 in
1729 5411 1902 5465 lucem

314 5482 538 5536 editam.
573 5480 796 5535 Faemc.

389 5565 409 5589 π
444 5551 604 5615 LXX,
630 5550 835 5625 Ὀμοιφι
863 5555 1033 5613 αὐτοῖς
1061 5555 1278 5625 γένῃντο
1306 5552 1351 5605 οἱ
1371 5561 1636 5615 ποιοῦντες
1662 5555 1795 5609 αὑτά
1826 5558 1909 5610 καὶ

312 5627 499 5684 πάντες
524 5626 569 5678 oi
599 5622 893 5685 πετὲοιθότες
923 5622 1119 5685 αὐτοῖς.
1146 5622 1364 5677 FABRIC.

384 5694 410 5729 ά
447 5696 673 5765 Angelis,
708 5706 752 5747 et
774 5698 963 5749 sanctis
984 5697 1125 5748 aliis.
1154 5694 1255 5749 Vix
1288 5696 1535 5765 cuiquam
1564 5697 1667 5753 hoc
1700 5698 1909 5752 Philas-

315 5764 449 5824 trius
479 5764 845 5837 persuadebit,
875 5768 1017 5841 quod
1048 5784 1143 5839 per
1165 5766 1297 5822 deos
1323 5764 1554 5835 alienos,
1582 5770 1778 5839 quibus
1803 5786 1907 5825 non

2091 4765 2103 4801 ί
2153 4764 2445 4845 inﬂarent
2478 4782 2601 4845 x1v_,_
2622 4767 2846 4845 1-8_:_Kai
2880 4771 3198 4845 Μελχισεδὲκ
3240 4774 3483 4845 βασιλεὺς
3523 4792 3617 4835 Eat--

2014 4837 2132 4909 λῄμ.
2166 4839 2316 4911 lianc
2347 4838 2526 4911 salem
2558 4838 2937 4896 Melchisedeci
2966 4837 3190 4911 R'egiam
3216 4837 3471 4901 eamdem
3491 4866 3616 4907 esse

2016 4908 2562 4984 enm‘Hicrosolyma,
2587 4908 3124 4984 variisargumenvtis
3158 4928 3353 4984 pugnat
3380 4919 3619 4977 Ludovi-

2016 4979 2474 5064 gusﬂBorghesius
2503 4980 2818 5064 inHistoria
2859 4979 3460 5064 criti£a_hlelcltisedeci
3493 5009 3617 5064 cap.

2016 5050 2068 5105 7.
2104 5051 2271 5121 Negat
2305 5061 2480 5106 tamen
2512 5051 2870 5132 ljjeronymus
2900 5056 2955 5132 in
2971 5056 3218 5132 Epistula
3242 5060 3305 5112 ad
3332 5050 3615 5132 Evagriuin

2014 5133 2066 5177 et
2091 5135 2272 5177 nostra
2318 5132 2476 5177 aetate
2526 5123 2690 5177 Hadr.
2751 5123 3029 5182 Relandus
3081 5130 3161 5181 vir
3187 5123 3615 5189 doctissiniusiu

2015 5194 2302 5249 Palaestina
2351 5208 2444 5248 sua
2476 5210 2530 5265 p.
2582 5195 2687 5251 855
2713 5207 2767 5250 et
2794 5197 2922 5262 976,
2971 5199 3055 5253 cui
3106 5201 3356 5256 assentiri
3409 5205 3613 5260 malim.

3245 5270 3465 5329 FABRIC.

2088 5338 2101 5386 ἱ
2154 5337 2281 5391 Sine
2302 5337 2850 5419 ρᾳινε....ηξΛπάτωρ,
2888 5343 3138 5419 ᾲμήιιξωρ,
3173 5345 3615 5419 ’ἀγενεαλᾷγητοῇ

2014 5408 2116 5464 hoc
2143 5418 2249 5474 est,
2277 5409 2429 5477 cujus
2461 5410 2592 5464 nulli
2621 5408 2875 5479 parentes
2923 5408 2981 5465 ut
3016 5408 3380 5471 Leviticorum
3412 5408 3611 5474 Sacer;

2011 5480 2197 5535 dotum
2230 5496 2258 5533 a
2281 5479 2427 5535 Mose
2455 5491 2974 5536 commemorantur.
3010 5484 3231 5539 FABRIC.

2086 5551 2111 5588 1‘
2154 5551 2229 5606 De
2260 5552 2514 5606 Mandata
2562 5553 2802 5622 pristino.
2836 5552 3342 5611 5016ῑ1³1ιί1ει81νὶιι8
3383 5559 3614 5615 Manda-

2012 5634 2120 5677 tum
2147 5639 2175 5677 a
2189 5623 2444 5693 ppellare,
2472 5620 2652 5679 lumen
2668 5620 2805 5678 illud
2826 5624 3064 5678 divimnu
3087 5628 3241 5689 cujus
3257 5629 3419 5685 ductu
3446 5633 3615 5689 Deum

2012 5706 2135 5778 ante
2165 5695 2930 5778 hggem“Mosaigamhc‘oluere
2959 5697 3302 5766 patriarchae.
3336 5703 3469 5760 Vide
3494 5720 3615 5778 cap.

2016 5768 2137 5838 tto,
2174 5768 2294 5833 136,
2335 5768 2455 5831 150,
2489 5766 2612 5831 tas,
2648 5765 2773 5820 156.
2814 5765 3037 5823 Faenio.
