3878 6186
71 5977 82 6085 l

1095 403 1374 414 ραν-...ιο

238 395 269 399 —
1095 403 1353 414 ’.ἠ-’κ
1358 404 1374 412 ο
1379 401 2577 414 ——.———_————————a———————_——

239 395 2503 444 hllm__
543 439 616 444 ___
633 440 648 444 _
670 443 677 444 7
1130 443 1133 444 7
1277 442 1289 444 7
1774 443 1781 444 7
1890 443 1897 444 7
2016 443 2019 444 7
2435 443 2438 444 7
2507 418 2518 439 Ι
2579 404 3512 444 Ιπγ

847 442 938 453 _’"-;
955 442 998 454 κῇ
1013 442 1220 450 τεά-ολ--ρ
1243 444 1260 448 ~-
1275 442 1332 448 ονι-
1349 445 1352 447 λ
1369 443 1950 450 ~..——_.._________.____
1969 444 1986 449 _

1842 443 2412 451 Ἢ.-
2425 443 2547 451 οο*“
2561 444 2572 450 ι
2583 443 3124 451 εν-ςῄ-ς-ων,κςος-“.-.--.-.-.
3157 447 3246 451 .--ητνν
3265 448 3270 451 ,
3293 447 3334 452 -,.
3349 447 3373 451 Α-.

1529 563 2381 689 PB/EFATIO.

305 877 650 956 Secundus
673 898 944 948 operum
982 884 1231 953 Origenis
1279 893 1453 938 tomus
1482 883 1851 951 complectitur
1875 887 2085 940 residua
2112 886 2228 953 ejus
2255 887 2305 938 in
2341 887 2608 955 Genesim,
2639 891 2687 944 in
2721 889 2978 958 Exodum,
3033 897 3083 949 in
3131 892 3447 964 Leviticum,
3479 899 3530 954 in

225 965 567 1034 Numeros,
615 970 682 1022 in
721 972 1253 1032 Deuteronomium,
1279 974 1330 1025 in
1354 972 1534 1038 Josue,
1571 974 1622 1025 in
1679 973 1918 1039 Judices,
1955 975 2008 1028 in
2038 975 2202 1039 Ruth,
2245 976 2296 1028 in
2321 976 2480 1030 libros
2502 977 2723 1047 Regum,
2748 985 2796 1034 in
2824 981 2943 1046 .Iob,
2969 999 3031 1037 ac
3064 986 3276 1039 demum
3308 987 3359 1039 in
3386 986 3536 1042 Psal-

231 1072 358 1109 "IOS
385 1058 797 1128 ἐξηγητικὰ,
838 1064 928 1117 vel
985 1063 1319 1132 ἐξηγητικῶν
1369 1063 1659 1131 fragmenta
1687 1064 2096 1132 quamplurima,
2134 1067 2321 1133 partim
2371 1067 2478 1134 jam
2511 1070 2648 1136 typis
2702 1084 2918 1136 excusa,
2973 1075 3160 1140 partim
3206 1077 3431 1132 nontltun
3483 1079 3536 1133 in

229 1146 430 1201 lucem
475 1149 828 1217 evulgata.
864 1154 999 1220 Quae
1023 1153 1211 1205 Latine
1275 1160 1477 1205 tantum
1510 1161 1794 1220 supersunt
1820 1168 1883 1207 ex
1918 1153 2352 1220 interpretatione
2386 1155 2578 1219 Ruﬁni,
2611 1171 2672 1210 ea
2702 1159 2766 1212 ad
2799 1170 3032 1215 veterum
3059 1166 3537 1233 manuscriptornm

231 1237 412 1291 fidem
459 1245 924 1296 recensnimus
949 1259 963 1302 ;
985 1242 1171 1295 Graaca
1195 1251 1372 1294 autem
1406 1239 1705 1309 fragmenta
1743 1248 1882 1294 unde
1915 1241 1964 1294 in
2001 1243 2138 1295 hanc
2185 1243 2468 1296 editionem
2499 1246 2886 1311 adduxerimns,
2915 1254 3158 1320 Specialis
3183 1254 3335 1307 docet
3365 1257 3542 1310 adtno-

228 1325 402 1387 uitio,
435 1341 584 1395 qua:
608 1329 717 1380 vel
762 1333 843 1382 ad
885 1331 1024 1383 imas
1074 1331 1294 1398 paginas
1325 1329 1494 1397 posita
1527 1340 1631 1390 est,
1665 1329 1746 1382 vel
1799 1329 2085 1397 unicuique
2140 1329 2576 1398 Origenialtorum
2630 1333 2679 1386 in
2729 1337 2962 1406 singulos
3021 1339 3312 1408 Scriptura:
3368 1357 3538 1398 sacrae

229 1417 426 1470 libros
475 1418 902 1488 ὲξηγητικῶν
933 1419 1237 1473 collectioni
1269 1417 1483 1487 praefixa
1515 1429 1614 1472 est.
1641 1417 1755 1471 Non
1801 1417 1968 1471 let-em
2009 1420 2134 1471 mihi
2159 1420 2451 1472 molestiam
2479 1430 2532 1474 et
2553 1422 2786 1478 laborem
2809 1429 3011 1495 peperit
3043 1431 3085 1483 is
3108 1431 3194 1496 qui
3239 1434 3542 1488 necessario

229 1509 563 1563 habendus
606 1512 737 1565 fuit
769 1513 1038 1566 delectus
1063 1526 1252 1565 eorum
1283 1525 1400 1579 qum
1435 1511 1484 1562 iu
1514 1511 1729 1564 Catenis
1763 1511 1962 1564 Graecis
1989 1513 2085 1565 sub
2115 1513 2324 1564 nomine
2345 1510 2590 1581 Origenis
2629 1516 3085 1572 circumferuntur.
3121 1521 3233 1575 Vidi
3271 1523 3541 1590 fragmen-

231 1609 286 1650 ta
323 1603 542 1654 omnia
609 1602 672 1654 ei
718 1603 1012 1668 ascripta,
1072 1610 1182 1653 tum
1211 1615 1331 1668 qua:
1356 1599 1710 1654 Combeflsius
1751 1614 1781 1650 e
1821 1599 2036 1652 Catenis
2065 1615 2191 1653 mss.
2225 1600 2638 1666 Parisiensibns,
2677 1618 2784 1659 tum
2814 1623 2931 1673 quae
2960 1609 3216 1662 Eruestus
3247 1612 3476 1666 Grabitts
3511 1628 3540 1667 θ

227 1688 486 1743 Catenis
530 1692 997 1759 manuscriptis
1025 1689 1342 1757 Anglicanis
1370 1689 1746 1756 exscripserat.
1784 1687 1876 1741 Illa
1905 1690 1970 1740 ab
2002 1689 2209 1742 erudito
2228 1690 2384 1744 Patre
2409 1691 2674 1747 Ludovico
2705 1699 2768 1749 de
2798 1685 3416 1765 Tournetniue'Jesuita,
3449 1717 3539 1770 pe-

230 1794 338 1832 nes
375 1795 569 1847 quem
610 1791 911 1844 exstant,
953 1795 1164 1834 mecum
1205 1781 1613 1847 perhumaniter
1642 1778 2031 1830 communicata
2062 1790 2211 1840 sunt;
2244 1781 2354 1836 htec
2377 1796 2503 1835 vero
2527 1797 2554 1834 a
2586 1783 2911 1839 doctissimis
2939 1788 3125 1855 Anglis
3163 1789 3266 1841 DD.
3313 1791 3538 1844 Valkero

229 1880 288 1922 et
319 1870 586 1925 Bentleo
617 1873 846 1926 amico
871 1887 1096 1938 prorsus
1126 1870 1307 1924 animo
1329 1870 1395 1922 ad
1429 1884 1512 1922 me
1543 1869 1854 1921 transmissa
1879 1878 2022 1920 sunt.
2050 1869 2170 1922 Vidi
2211 1871 2424 1939 insuper
2458 1873 2749 1940 fragmenta
2784 1891 2899 1941 qua:
2950 1879 3144 1943 passim
3191 1880 3290 1932 sub
3323 1881 3540 1933 nomine

231 1957 525 2028 Origenis
567 1960 901 2014 habentur
936 1961 988 2013 in
1029 1959 1191 2011 variis
1217 1958 1337 2010 aliis
1366 1957 1670 2010 Graecorum
1703 1954 1918 2007 Patrum
1940 1955 2176 2023 Catenis,
2209 1971 2342 2024 quas
2371 1957 2422 2010 in
2452 1957 2621 2012 lucem
2655 1961 2947 2014 emiserunt
2979 1963 3284 2030 Corderins,
3336 1966 3537 2021 Barbae

236 2065 368 2112 rus,
399 2048 812 2112 Ghislerius,
843 2049 1166 2112 Comitolus,
1200 2047 1456 2100 Patritius
1483 2045 1672 2097 Junius
1735 2055 1789 2097 et
1815 2045 1921 2097 alii.
1955 2045 2062 2099 Sed
2086 2047 2238 2099 valde
2296 2047 2495 2100 incerta
2529 2057 2612 2100 est
2645 2050 2880 2101 omnium
2933 2051 3184 2107 harumce
3217 2057 3536 2112 Catenarum

235 2143 412 2195 fides.
448 2141 518 2193 In
546 2141 650 2195 his
696 2142 872 2195 enim
909 2139 1128 2192 nomina
1153 2138 1497 2203 scriptorum,
1524 2149 1552 2188 e
1581 2150 1808 2202 quorum
1844 2135 2158 2202 fragmentis
2185 2137 2284 2188 illac
2309 2138 2695 2190 consarcinata}
2717 2150 2859 2201 sunt,
2897 2140 2966 2194 ita
3022 2158 3252 2212 persmpe
3299 2148 3435 2202 inter
3481 2163 3540 2200 se

232 2233 752 2295 confunduntur,
776 2240 842 2284 ut
869 2245 996 2296 quae
1013 2244 1116 2280 una
1143 2229 1341 2280 Catena
1359 2224 1573 2292 Origeni
1610 2222 1848 2287 ascribit,
1869 2237 1928 2277 ea
1957 2225 2008 2276 in
2032 2224 2197 2276 altera
2228 2226 2464 2293 Didymo,
2484 2235 2572 2278 aut
2604 2227 2851 2291 Eusebio,
2877 2240 2966 2282 aut
2989 2229 3424 2301 Tlteodoreto,vel
3445 2240 3534 2292 alii

237 2328 513 2382 cuilibet
551 2325 889 2391 interpreti
918 2324 1248 2374 tribuantur.
1285 2319 1393 2371 lluc
1423 2318 1558 2371 adde
1581 2317 1722 2386 quod
1755 2317 1838 2369 ubi
1874 2318 2104 2370 unanimi
2130 2317 2333 2370 illarum
2365 2331 2627 2372 consensu
2683 2321 2903 2388 aliquod
2933 2323 3284 2392 fragmentum
3325 2329 3538 2398 Origenl

242 2420 582 2481 tribuitur,
616 2419 679 2472 id
720 2416 1016 2470 interdum
1052 2413 1132 2465 vel
1158 2413 1223 2465 ad
1263 2410 1570 2474 Eusebium,
1591 2409 1672 2462 vel
1705 2409 1768 2462 ad
1792 2409 2206 2470 Theodoretum,
2237 2410 2316 2462 vel
2344 2410 2408 2463 ad
2431 2411 2589 2462 alium
2614 2414 2902 2478 quemlibet
2929 2417 3241 2482 scriptorem
3274 2424 3538 2488 pertinere

240 2531 314 2569 es
351 2516 672 2566 horumce
706 2511 954 2564 Patrum
989 2508 1150 2562 editis
1181 2504 1584 2560 commentariis
1611 2518 1712 2556 non
1745 2517 1864 2556 raro
1892 2503 2234 2570 deprehendi.
2264 2501 2616 2568 Quamobrem
2647 2503 2732 2556 illa
2761 2507 2934 2558 omnia
2959 2521 3075 2574 quae
3111 2520 3226 2562 sunt
3259 2512 3536 2578 ejusmodi,

247 2603 626 2671 negligenda
665 2613 928 2668 prorsus
950 2606 1005 2649 et
1028 2595 1328 2648 omittenda
1360 2593 1573 2656 censui;
1601 2601 1791 2644 caetera
1830 2605 1958 2644 vero
1982 2591 2327 2644 exscribenda
2362 2601 2414 2644 et
2448 2593 2570 2645 huic
2603 2594 2818 2647 editioni
2850 2595 3127 2650 inserenda
3160 2598 3420 2663 judicavi,
3459 2602 3540 2657 vel

255 2708 398 2760 qua:
432 2706 509 2745 ex
537 2691 788 2752 Ruﬁni,
826 2685 1171 2755 Hieronymi,
1203 2693 1295 2736 aut
1321 2683 1544 2735 aliorum
1575 2683 1764 2749 priscis
1804 2681 2333 2748 interpretatiOnibus
2358 2682 2603 2749 Origenis
2625 2697 2742 2737 esse
2773 2694 3002 2748 constat,
3037 2688 3115 2740 vel
3139 2704 3254 2756 quae
3309 2689 3531 2760 Origeni

253 2782 419 2836 falso
454 2783 746 2849 ascripta
781 2791 923 2834 esse
961 2773 1325 2829 demonstrari
1369 2773 1554 2839 nequit
1576 2785 1639 2824 ex
1670 2771 1890 2825 aliorum
1917 2769 2132 2824 Patrum
2164 2771 2214 2822 in
2256 2772 2558 2838 Scripturas
2579 2786 2761 2825 sacras
2789 2775 3231 2839 expositionibus.
3270 2779 3542 2845 Ejusmodi

249 2875 763 2944 fragntentorum
802 2887 878 2926 ex
926 2869 1160 2935 Origene
1189 2869 1405 2920 concise
1427 2865 1587 2918 nimis
1617 2871 1990 2928 excerptorum
2023 2861 2350 2928 interruptus
2395 2874 2758 2927 saepenumero
2791 2871 2873 2916 est
2909 2873 3076 2918 tenor.
3129 2867 3262 2921 Hinc
3286 2871 3542 2938 pleraque

246 2970 403 3021 adeo
433 2969 722 3020 obscura
752 2975 816 3018 et
858 2963 1105 3016 involuta
1135 2968 1281 3024 sunt,
1319 2967 1377 3012 ut
1401 2956 1512 3011 fere
1543 2955 1745 3019 (Edipo
1774 2954 2082 3018 conjectore
2105 2953 2394 3020 indigeant.
2424 2952 2479 3004 ld
2504 2968 2684 3008 secum
2708 2955 2752 3008 si
2781 2960 2901 3023 quis
2935 2958 3074 3011 serio
3097 2967 3149 3012 et
3181 2962 3401 3014 candide
3425 2977 3542 3030 per-

252 3060 570 3127 pcnderit.
601 3057 979 3115 faciliorem,
1016 3054 1088 3105 uti
1119 3066 1301 3120 spero,
1331 3051 1541 3104 veniam
1566 3046 1843 3110 concedet,
1869 3047 1911 3100 si
1945 3047 2011 3098 iis
2044 3045 2095 3096 in
2123 3042 2369 3096 Latinum
2398 3058 2692 3097 sermonem
2718 3049 2986 3102 vertendis
3021 3065 3113 3118 per
3141 3049 3538 3112 festinationem

252 3153 412 3203 forte
444 3163 556 3204 aut
618 3147 1074 3216 inc-agitantiam
1118 3142 1317 3196 alicubi
1364 3139 1496 3207 lapsi
1544 3153 1746 3192 sumus.
1791 3137 1991 3190 Praeter
2037 3137 2456 3190 commentarios
2491 3145 2546 3190 et
2575 3137 2820 3192 homilias
2849 3156 2980 3208 quas
3005 3143 3054 3196 in
3094 3144 3333 3199 Psalmos
3363 3148 3534 3200 edidit

250 3238 585 3307 Origenes,
631 3237 932 3290 brevibus
960 3233 1118 3285 etiam
1149 3230 1371 3286 scholiis
1419 3227 1734 3280 Psalterium
1789 3225 2087 3278 illustravit.
2135 3225 2256 3277 l’lsec
2309 3224 2492 3278 Graece
2533 3242 2687 3280 manu
2732 3228 2925 3294 scripta
2959 3233 3184 3286 credidit
3229 3235 3542 3292 Guillelmus

251 3329 496 3383 Caveus
531 3330 892 3381 etiamnum
926 3331 1141 3377 exstare
1198 3321 1252 3374 itt
1321 3316 1646 3370 bibliotheca
1703 3312 2093 3366 Vindobonensi
2159 3314 2342 3366 codice
2391 3314 2552 3367 theol.
2599 3328 2663 3368 ex
2716 3316 3061 3383 dispositione
3108 3317 3377 3376 Lambecii
3427 3338 3540 3388 xvt,

258 3417 516 3472 Nesselii
567 3433 782 3481 cccxt,
817 3416 922 3468 ubi
979 3427 1171 3466 revera
1212 3409 1437 3478 singulis
1471 3407 1713 3461 versibus
1754 3420 1780 3456 a
1823 3406 2009 3472 psalmi
2040 3405 2424 3472 tx,10,usqne
2453 3408 2518 3459 ad
2563 3406 2720 3460 finem
2778 3408 3021 3462 Psalterii
3085 3413 3362 3479 subjnncta
3415 3424 3540 3471 sunt

256 3511 522 3571 scholia,
571 3524 716 3574 qua:
753 3507 816 3558 in
856 3505 975 3556 fine
1001 3503 1202 3556 codicis
1227 3497 1442 3565 Origcni
1483 3497 1805 3556 tribuuntur,
1831 3504 1884 3546 et
1941 3496 2189 3548 dicuntur
2239 3497 2578 3562 protopsalta:
2635 3497 2885 3552 Ecclesiae
2937 3499 3214 3564 cuiusdam
3270 3504 3543 3562 Cretensis

261 3614 452 3652 manu
488 3598 828 3662 descripta.
869 3593 1092 3646 Illorum
1124 3592 1284 3644 hodie
1313 3602 1474 3656 penes
1503 3603 1586 3640 me
1607 3595 1688 3640 est
1717 3587 2100 3653 apOgraphum,
2122 3600 2150 3638 a
2182 3586 2477 3640 clarissimo
2499 3587 2911 3657 doctissnmoque
2947 3592 3161 3646 domino
3191 3593 3541 3651 Barteinstein

261 3686 371 3754 qui
408 3700 574 3737 nunc
607 3685 912 3738 Cmsarea:
949 3681 1218 3747 majestati
1250 3689 1332 3732 est
1359 3694 1387 3730 a
1422 3677 1680 3739 consiliis,
1733 3677 1786 3728 in
1830 3687 1974 3728 meos
2006 3690 2132 3728 usus
2164 3675 2524 3742 descriptum;
2564 3686 2725 3730 totum
2779 3692 2906 3732 vero
2963 3697 3096 3750 opus
3149 3683 3272 3736 illud
3323 3687 3537 3754 Origeni

260 3778 654 3846 suppositum
723 3786 868 3828 esse
927 3770 1017 3823 vel
1053 3772 1180 3826 inde
1215 3773 1345 3824 satis
1373 3771 1559 3838 liquet,
1591 3769 1732 3836 quod
1752 3768 1840 3821 ubi
1886 3767 1950 3820 de
1978 3767 2138 3819 Maria
2169 3765 2406 3835 Virgine,
2453 3767 2534 3820 vel
2566 3767 2651 3818 ubi
2691 3769 2756 3822 de
2786 3769 2942 3824 Patre
2981 3783 3035 3824 et
3083 3773 3216 3828 Filio
3246 3785 3299 3827 et
3339 3776 3538 3843 Spiritu

264 3873 478 3917 sancto
511 3877 729 3917 sermo
767 3870 894 3923 est,
931 3860 1026 3913 illa
1051 3860 1255 3913 diserte
1280 3860 1568 3927 appellatur
1593 3857 1795 3909 θεοτόκε

2010 3869 2054 3906 ts
2103 3862 2278 3907 autem
2318 3855 2458 3907 Patri
2483 3853 2760 3924 ὁμοούσιος
2802 3859 3116 3924 prmdicatur
3160 3877 3174 3913 :
3222 3875 3338 3928 qua:
3386 3881 3541 3919 voces

264 3953 638 4019 scriptorem
673 3966 803 4004 non
833 3947 1022 4002 solum
1063 3949 1270 4016 synodo
1303 3947 1533 4009 Nicaeae,
1571 3946 1660 3999 sed
1686 3953 1740 3997 et
1765 3943 1992 3997 concilio
2015 3940 2280 4009 Ephesino
2310 3942 2657 4026 recentiorem
2685 3954 2930 4014 arguunt.
2968 3947 3047 3999 Ah
3074 3948 3156 4003 his
3183 3950 3343 4018 igitur
3376 3937 3542 4007 eden-

270 4042 364 4094 dis
386 4042 640 4096 scholiis
693 4038 1123 4094 abstinendum
1150 4051 1268 4090 esse
1303 4037 1447 4090 duxi.
1473 4036 1581 4088 Nec
1609 4035 1765 4088 aliam
1795 4043 1991 4086 sortem
2024 4031 2337 4086 habuissent
2369 4027 2629 4111 lgesiitem
2661 4034 2793 4111 falso
2819 4037 3033 4104 ascripti
3068 4038 3382 4093 Adamantio
3417 4041 3543 4096 libri

267 4129 324 4180 in
349 4127 486 4191 Job,
525 4143 687 4196 quos
729 4127 810 4179 ad
846 4125 1068 4178 calcent
1091 4125 1250 4190 hujus
1281 4125 1402 4175 torni
1429 4124 1609 4191 rejeci,
1639 4133 1880 4189 quosque
1906 4133 2221 4188 suppressos
2263 4105 2563 4182 manium;
2586 4122 2683 4196 ,‘si
2705 4105 2787 4184 in
2814 4123 3142 4183 Gea‘ebrardi
3168 4125 3402 4183 editione
3441 4131 3542 4185 sub

271 4193 561 4286 Origenis
585 4215 852 4270 nomine
886 4227 996 4264 non
1029 4211 1525 4266 circumferrentur.
1551 4211 1692 4264 Idem
1727 4217 1843 4290 esto
1862 4207 2120 4274 judicium
2152 4212 2216 4265 de
2242 4212 2449 4279 prolixo
2485 4193 2653 4290 altero
2795 4210 2959 4266 totum
3004 4196 3349 4280 i'ilitum‘dob
3391 4234 3541 4274 com-

267 4284 584 4369 mentario,
620 4306 734 4373 qui
779 4304 991 4369 utique
1021 4302 1078 4352 in
1111 4303 1294 4354 eadem
1319 4299 1644 4356 Genebrardi
1676 4284 1909 4352 editione
1935 4301 2034 4351 sub
2053 4303 2311 4355 ementito
2336 4284 2596 4381 Origén'is:
2625 4284 2837 4356 nomine
2885 4289 3057 4381 fribus
3103 4296 3265 4358 'niodo
3299 4307 3458 4360 dictis
3487 4310 3540 4362 in

265 4399 376 4455 Job
405 4400 574 4452 libris
604 4395 846 4450 Latine
885 4399 1109 4444 tantum
1137 4392 1445 4458 subjunctns
1470 4402 1643 4446 estex
1669 4392 2111 4458 interpretatione
2136 4391 2395 4444 Joachimi
2426 4375 3122 4467 Pei'ic'niiif‘lpsuzn'quidem
3165 4395 3218 4447 in
3249 4395 3353 4447 line
3385 4397 3544 4465 hujus

269 4492 409 4544 tomi
449 4490 552 4558 qui
577 4488 715 4556 jam
735 4484 973 4549 justam
1005 4481 1062 4532 in
1091 4480 1288 4534 molem
1311 4490 1640 4543 excreverat,
1663 4481 1824 4534 edere
1861 4496 1969 4534 non
2005 4480 2176 4544 licuit,
2209 4481 2301 4532 sed
2325 4479 2452 4547 quia
2477 4466 2821 4558 suppresserit
2849 4492 2988 4558 aegre
3037 4483 3242 4538 ferrent
3297 4485 3540 4552 plurimi,

269 4581 339 4634 ad
367 4555 520 4634 tertii
556 4577 714 4630 torni
745 4572 980 4626 calcem
1009 4569 1163 4637 typis
1186 4583 1410 4626 excusas
1435 4571 1616 4625 Graece
1641 4580 1692 4625 et
1724 4567 1914 4624 Latine
1947 4569 2243 4636 reperietur
2281 4567 2375 4637 (α).
2622 4555 2636 4573 ⁹
2679 4567 2689 4583 ·
2716 4557 2744 4595 ι’

338 4669 474 4723 Haec
497 4668 570 4720 de
602 4664 940 4732 operibus,
967 4674 1099 4728 quae
1122 4662 1357 4714 secundo
1386 4663 1482 4715 hoc
1503 4661 1770 4715 volumine
1799 4661 2161 4721 continentur,
2194 4658 2377 4725 paucis
2401 4658 2671 4726 praefatus,
2708 4673 2850 4716 nunc
2895 4674 3068 4728 operae
3115 4661 3342 4730 pretium
3371 4658 3542 4712 factu-

271 4777 393 4813 rum
432 4774 526 4812 me
554 4768 738 4826 puto,
771 4753 828 4806 si
870 4750 1122 4816 vestigia
1177 4764 1419 4816 premens
1476 4752 1766 4806 doctissimi
1800 4750 2053 4820 anonymi
2077 4750 2164 4816 qui
2192 4749 2409 4802 Lutetize
2438 4750 2760 4805 Parisiorum
2791 4767 2928 4805 anno
2951 4752 3108 4815 i727,
3129 4754 3263 4821 apud
3286 4750 3541 4805 Jacobu'n

268 4851 532 4914 Viucent,
566 4847 831 4902 Gallice
863 4855 898 4892 a
934 4854 998 4892 se
1027 4847 1088 4891 et
1121 4837 1333 4890 erudite
1369 4841 1727 4906 conscriptum
1760 4853 1827 4891 ex
1851 4837 2089 4890 doctrina
2122 4837 2338 4889 Patrum
2373 4837 2438 4888 de
2486 4850 2642 4890 sensu
2688 4837 2908 4891 litterali
2938 4839 3080 4891 etde
3125 4851 3282 4891 sensu
3318 4838 3543 4904 mystico

271 4940 575 5006 Scriptum
621 4946 832 4990 sacrae
868 4936 1194 4982 tractatum
1228 4927 1526 4993 publicavit,
1564 4934 1776 4982 brevem
1805 4928 1976 4996 primo
2005 4927 2284 4981 exhibeam
2330 4927 2470 4980 illius
2495 4937 2838 4995 conspectum
2868 4930 3100 4982 methodi
3136 4941 3292 4996 quam
3326 4927 3390 4978 ad
3459 4927 3542 4979 in-

272 5031 679 5099 terpretandas
719 5022 1082 5086 Scripturas
1110 5015 1224 5070 sibi
1249 5020 1505 5086 propriam
1554 5020 1680 5074 fecit
1708 5019 1962 5088 Origenes
1982 5058 1998 5083 ,
2021 5018 2213 5073 deinde
2248 5016 2390 5071 illam
2421 5017 2750 5071 enucleatius
2783 5018 3060 5086 explicem,
3099 5028 3153 5071 et
3181 5017 3392 5070 disertis
3421 5013 3540 5079 ejus

274 5123 611 5177 testimoniis
646 5111 1088 5180 comprobem.

760 5221 1129 5300 SynOpsis
1167 5217 1562 5294 Origeniante
1597 5219 1870 5280 methodi
1905 5220 1979 5280 ad
2011 5217 2470 5294 Scripturarum
2504 5217 3110 5294 interpretationem.

341 5358 410 5411 Ea
434 5355 840 5427 potissimum
870 5343 1260 5410 sequentibus
1287 5343 1428 5398 hisce
1450 5345 1737 5398 enuntiatis
1763 5345 2088 5396 continetur.
2120 5343 2172 5394 1·
2202 5339 2417 5406 Triplex
2452 5350 2532 5393 est
2557 5339 2852 5408 Scriptura:
2882 5353 3089 5400 sensus,
3123 5328 3398 5426 litteralisa
3424 5345 3543 5382 mo-

265 5451 412 5514 ralis,
434 5423 486 5503 et
521 5443 850 5514 mysticus
889 5447 999 5486 seu
1035 5430 1385 5498 allegoricus.
1413 5433 1469 5483 2°
1500 5434 1588 5486 Est
1617 5433 1702 5486 ubi
1731 5433 1875 5486 solus
1910 5432 2192 5494 litteratis;
2225 5436 2306 5480 est
2341 5426 2434 5494 ubi
2465 5429 2607 5481 solus
2653 5427 2870 5481 moralis
2940 5425 3020 5476 vel
3052 5425 3194 5478 solus
3247 5423 3542 5485 mysticus;

334 5564 407 5632 (η)
437 5560 767 5616 omissum
799 5554 901 5632 est
933 5555 1158 5596 tamen.
1195 5540 1324 5632 ‘7’ide
1351 5541 1712 5600 Prmfatiouetn
1748 5544 1806 5599 D.
1841 5549 1912 5602 De
1937 5545 1986 5602 la
2017 5547 2126 5600 Rue
2157 5545 2223 5597 ad
2256 5550 2383 5594 tom.
2422 5540 2504 5594 IV.

655 5628 989 5702 ΡΑτέιοι.
1032 5635 1163 5687 tiu.
1218 5630 1353 5688 XII.

3199 5619 3229 5672 1
