3878 6218
389 267 452 322 η
1543 269 1902 326 ΡΒᾹἚΑἸΊΟ

2128 274 2227 331 3M.
2268 276 2331 330 Π.
3571 277 3659 333 12

387 380 616 449 denique
650 388 732 434 est
756 378 843 434 ubi
877 376 1126 432 litteralis
1152 377 1309 431 simul
1342 388 1393 432 et
1432 381 1686 450 mysticus
1717 394 1905 433 sensus
1939 380 2112 434 locant
2166 383 2384 437 habent.
2412 382 2476 436 5°
2500 382 2555 439 Si
2590 386 2881 452 generatim
2951 406 3040 447 res
3070 400 3385 462 spectetur,
3418 388 3507 443 ad
3552 387 3661 439 in-

384 468 714 523 stitutionem
746 477 803 524 et
823 468 1231 523 aediﬁcationem
1260 468 1577 536 simplicium
1609 469 1804 523 sufﬁcit
1841 470 2084 524 litteratis
2116 486 2324 524 sensus.
2350 473 2408 525 4ο
2439 473 2589 541 Smpe
2621 485 2798 531 tamen
2827 479 3003 533 littera
3034 481 3086 533 in
3120 499 3179 534 se
3220 482 3405 536 habet
3441 478 3655 532 [μιν.

384 557 638 621 absurda,
676 571 857 611 secum
889 558 1204 626 pugnantia,
1240 558 1610 627 impossibilia,
1639 568 1692 612 et
1720 569 1912 614 caetera
1940 559 2268 625 hujusmodi,
2305 561 2443 615 unde
2472 563 2580 616 nati
2608 575 2730 618 sunt
2758 581 2974 621 errores
3006 574 3417 636 propemodum
3485 562 3660 620 inﬁ-

385 645 504 699 niti.
537 646 592 699 5ο
623 644 875 717 Mysticns
901 661 992 700 seu
1024 645 1345 714 allegoricus
1374 660 1563 701 sensus
1585 649 1905 702 auctoritate
1932 649 2059 703 Novi
2101 648 2427 702 Tcstamenti
2454 652 2665 715 nititur.
2699 665 2884 721 estque
2928 657 3147 709 omnino
3193 658 3645 717 necessarius,

383 744 441 788 ut
466 736 530 788 ab
557 736 878 790 adversariis
907 744 1019 789 tuta
1051 745 1263 788 maneat
1291 738 1485 790 veritas
1506 738 1925 804 Scripturarnm,
1957 747 2011 791 et
2038 740 2161 806 ipsa:
2195 740 2297 810 Deo
2325 740 2494 807 dignte
2515 742 2830 798 clﬂciantur.
2864 744 2926 797 6°
2958 746 3345 800 Ditlicillimum
3380 752 3518 802 est.
3571 756 3659 793 ne

381 827 556 887 dicam
589 824 931 892 impossibile.
962 824 1211 895 mysticos
1237 824 1444 892 assequi
1494 839 1681 878 sensus
1709 840 1845 892 quos
1892 826 1942 877 in
1971 839 2028 879 se
2073 826 2446 894 complectitur
2481 829 2782 898 Scriptura.
2830 834 2885 885 7ο
2915 835 2984 888 lis
3011 840 3188 890 tamen
3217 830 3661 901 assequendis

382 916 679 970 conducere
705 926 901 982 queant
938 915 1131 981 regula:
1160 924 1441 982 sequentes
1471 930 1485 965 :
1519 914 1753 966 Primum
1791 915 1837 966 si
1863 915 2248 968 cmremonialis
2278 916 2362 971 lex
2396 918 2528 972 adeo
2570 930 2676 973 tota
2707 922 2887 990 ﬁguris
2918 926 3072 991 plena
3120 927 3544 987 existimetur,
3579 931 3658 974 ut

380 1005 583 1075 singula
608 1005 1002 1073 Scripturarum
1030 1004 1140 1057 loca
1164 1018 1280 1072 quae
1306 1006 1372 1056 ad
1406 1004 1548 1056 illam
1584 1004 1909 1067 referuntur,
1956 1018 2040 1068 ea,
2098 1019 2165 1057 ne
2216 1021 2320 1059 ttno
2351 1008 2562 1073 quidem
2615 1022 2860 1080 excepto.
2922 1030 3023 1068 non
3078 1015 3443 1077 litteraliter,
3530 1011 3659 1066 sed

381 1097 605 1165 mystice
641 1105 841 1148 tantum
867 1096 1229 1162 accipiantur;
1264 1093 1457 1147 deinde
1487 1094 1530 1146 si
1564 1093 1867 1160 ubicunque
1899 1106 2076 1146 sermo
2107 1102 2189 1147 est
2218 1096 2282 1149 de
2331 1096 2648 1164 Jerusalem,
2677 1102 2740 1154 de
2787 1103 3036 1171 Egypto,
3069 1104 3386 1172 Babylone,
3459 1102 3657 1172 Tyro

378 1186 603 1256 aliisque
630 1186 853 1239 terrenis
885 1184 1036 1244 locis,
1059 1194 1222 1237 totum
1253 1183 1303 1235 id
1335 1182 1598 1236 referatur
1625 1181 1688 1233 ad
1721 1180 1954 1235 coelestia
1984 1181 2095 1236 loca
2123 1223 2138 1247 ,
2165 1198 2282 1250 quae
2308 1185 2605 1239 animarum
2639 1188 2747 1240 sint
2785 1190 3116 1254 habitacula;
3149 1207 3216 1245 ac
3262 1195 3539 1246 demunt
3594 1194 3656 1247 si

375 1277 440 1329 ad
462 1276 741 1346 mysticum
778 1288 994 1328 sensum
1042 1273 1376 1339 confugiatttr
1438 1281 1493 1326 et
1558 1273 1833 1325 deseratur
1890 1272 2086 1340 littera,
2119 1274 2325 1342 quoties
2348 1275 2498 1337 falsa,
2525 1277 2722 1332 inutilis
2744 1295 2805 1332 ac
2837 1280 2940 1335 Deo
2966 1282 3180 1349 indigna
3210 1285 3327 1336 visa
3404 1283 3652 1337 fuerit.

376 1367 486 1422 Hoc
513 1376 593 1418 est
623 1364 926 1433 Origeniani
963 1364 1026 1416 de
1057 1362 1454 1430 interpretanda
1498 1362 1778 1429 Scriptura
1844 1375 1996 1414 sacra
2042 1366 2351 1431 systematis
2402 1367 2795 1435 compendium.
2831 1369 2977 1422 Nunc
3036 1373 3409 1428 enucleatius
3481 1374 3654 1428 illud

373 1467 458 1513 ost
482 1456 852 1525 explicandum
887 1464 943 1510 et
969 1454 1183 1508 disertis
1208 1450 1509 1506 Adamantii
1543 1450 1875 1505 testimoniis
1904 1454 2270 1509 astruendum.

1122 1568 1310 1620 An'rtc.
1343 1566 1380 1618 l.
1405 1580 1471 1618 ex
1508 1578 1729 1619 omnem»:
1763 1580 1986 1618 τωρωι
2023 1580 2120 1620 ss'r
2163 1582 2557 1624 SCRIPTURARUM
2596 1587 2800 1627 sensus.

447 1701 465 1733 ι
500 1683 751 1737 Sanctam
778 1678 1112 1747 Scripturam
1147 1677 1340 1745 (inquit
1369 1676 1551 1730 homil.
1576 1676 1608 1728 5
1637 1677 1685 1728 in
1719 1676 1962 1741 Levitic.,
1997 1693 2142 1732 num.
2174 1680 2225 1749 1)
2251 1683 2570 1736 credendum
2612 1694 2785 1737 estex
2835 1684 3132 1741 visibilibus
3162 1699 3220 1743 et
3276 1688 3653 1746 invisibili-

370 1770 473 1825 hus
504 1780 774 1837 constare,
804 1769 966 1823 veluti
997 1783 1061 1821 ex
1092 1782 1315 1834 corpore
1343 1768 1595 1835 quodam,
1622 1766 1811 1821 litterae
1843 1767 2048 1821 scilicet
2076 1783 2194 1836 qua:
2219 1772 2462 1837 videtur;
2491 1784 2543 1827 et
2570 1776 2767 1835 anima,
2822 1791 3012 1830 sensus
3042 1779 3129 1846 qui
3187 1780 3340 1833 intra
3415 1782 3647 1850 ipsam

370 1861 813 1931 deprehenditur;
841 1869 895 1914 et
924 1860 1138 1927 spiritu,
1164 1859 1455 1911 secundum
1482 1858 1531 1910 id
1559 1857 1698 1925 quod
1720 1856 1880 1911 etiam
1920 1859 2161 1927 quaedam
2192 1860 2324 1915 inse
2354 1861 2592 1916 cteleSIia
2622 1872 2816 1925 teneat,
2857 1874 2913 1917 ut
2944 1868 3232 1932 Apostolus
3255 1870 3443 1934 dicit,
3477 1871 3647 1938 quia

368 1950 652 2016 exentplari
672 1958 719 2003 et
748 1947 941 2002 umbra:
960 1947 1252 2001 deserviunt
1277 1945 1555 1999 caelestium
1580 1947 1619 2001 ⁸.
1652 1963 1670 1996 ι
1721 1945 1816 2000 llic
1837 1960 2032 2015 corpus
2062 1956 2115 2001 et
2144 1949 2321 2002 anima
2359 1966 2517 2003 unum
2548 1954 2896 2020 enmdemque
2918 1969 3157 2019 sensum,
3195 1973 3417 2027 nempe
3454 1962 3651 2016 liue-

370 2042 561 2105 ralem,
604 2042 901 2109 designant.
936 2038 1060 2093 Sola
1095 2038 1235 2093 enim
1267 2053 1357 2120 per
1386 2052 1443 2091 se
1463 2037 1642 2090 littera
1673 2042 1738 2090 ab
1761 2053 1823 2091 eo
1848 2052 2004 2105 quem
2043 2040 2296 2099 continet.
2328 2055 2485 2096 sensu
2514 2043 2718 2097 divulsa
2746 2055 2798 2097 et
2830 2046 3123 2110 abstracta,
3167 2049 3322 2102 aliud
3364 2052 3648 2120 signia-

369 2148 495 2187 care
526 2131 730 2199 nequit,
770 2143 926 2197 quam
957 2140 1115 2181 voces
1144 2134 1198 2179 et
1250 2126 1432 2188 verba,
1458 2125 1600 2178 nulla
1662 2124 2114 2191 signiﬁcationum
2165 2140 2297 2193 quas
2344 2129 2421 2181 eis
2468 2129 2651 2182 trihttit
2680 2146 2825 2192 usus,
2872 2132 3052 2184 habita
3119 2137 3372 2191 ratione.
3464 2142 3646 2196 Hinc

370 2225 530 2293 igitur
558 2222 732 2291 colligi
758 2229 936 2291 posset
974 2219 1233 2287 duplicem
1268 2229 1470 2272 tantum
1502 2220 1570 2273 ab
1625 2218 1853 2287 Origene
1880 2235 2090 2274 sensum
2124 2220 2355 2283 admitti,
2388 2221 2672 2274 litteralcm
2705 2231 2759 2275 et
2804 2224 3086 2293 mysticum
3109 2264 3123 2286 ,
3155 2227 3263 2280 nisi
3331 2246 3411 2284 se
3488 2232 3646 2300 ipse

369 2314 491 2369 aliis
522 2313 574 2366 in
610 2300 743 2367 lueis
767 2310 1124 2365 emendasset.
1161 2306 1322 2359 Paulo
1364 2305 1587 2359 inferius
1625 2306 1858 2371 ejusdem
1888 2307 2117 2360 homiliaz
2144 2322 2289 2359 num.
2319 2308 2352 2360 5
2375 2308 2451 2361 sic
2473 2306 2708 2377 loquitur
2768 2329 2781 2364 :
2837 2332 2855 2363 t
2898 2313 3182 2379 Triplicem
3236 2319 3298 2371 in
3376 2321 3644 2377 divinis

369 2405 660 2476 scripturis
693 2401 1052 2472 intelligentiae
1081 2414 1220 2465 saepe
1246 2398 1478 2451 diximus
1502 2398 1732 2462 modum,
1768 2399 2105 2461 historicum,
2137 2399 2388 2451 moralem
2431 2409 2488 2454 et
2541 2404 2820 2471 mysticum
2849 2418 2865 2458 :
2900 2408 3038 2461 unde
3071 2418 3124 2460 et
3150 2425 3371 2478 corpus
3410 2416 3647 2472 inesse

365 2499 437 2562 ei,
468 2507 523 2551 et
553 2495 810 2558 animam,
844 2502 898 2547 et
919 2492 1161 2560 spiritum
1190 2489 1566 2543 intelleximus.
1608 2507 1625 2539 ›
1660 2489 1757 2543 Ubi
1787 2489 1932 2543 vides
1964 2504 2187 2556 corpore
2215 2500 2268 2542 et
2294 2489 2471 2542 anima
2507 2506 2611 2545 non
2663 2509 2821 2546 unum
2851 2497 3227 2561 eutndemnue,
3258 2506 3349 2554 uti
3387 2518 3643 2571 supra,

367 2587 459 2641 sed
487 2584 754 2654 duplicem
778 2592 830 2637 et
852 2597 881 2636 a
913 2596 969 2635 se
996 2581 1222 2634 invicem
1253 2579 1472 2632 omnino
1498 2580 1785 2632 discretum
1815 2593 2046 2639 sensum,
2081 2593 2267 2645 nempe
2302 2578 2586 2632 litteralcm
2610 2591 2661 2634 et
2689 2583 2963 2646 moralem,
3016 2584 3323 2652 designari.
3390 2590 3645 2662 Neque

367 2678 526 2731 aliam
558 2675 873 2729 divisionem
906 2680 1126 2726 secutus
1152 2680 1234 2723 est
1261 2669 1351 2721 lib.
1394 2682 1444 2719 tv
1472 2667 1550 2721 De
1579 2669 1868 2735 principiis,
1909 2682 2026 2736 pag.
2054 2666 2173 2728 168,
2205 2667 2290 2720 ubi
2312 2666 2386 2719 ait
2419 2683 2433 2719 :
2464 2684 2483 2718 t
2515 2666 2796 2723 Trifariam
2835 2672 2993 2739 igitur
3023 2675 3438 2735 describenda:
3466 2692 3645 2742 sunt

367 2766 421 2820 in
442 2772 621 2818 mente
648 2769 956 2816 sanctarum
1002 2758 1299 2813 litterarum
1333 2756 1608 2810 sententia:
1640 2773 1653 2809 :
1686 2766 1740 2807 ιιι
1775 2756 2070 2822 simplicior
2094 2755 2308 2822 quidem
2333 2755 2399 2807 ab
2443 2756 2554 2823 ipsa
2581 2757 2741 2811 veluti
2771 2774 2932 2813 carne
2956 2761 3281 2829 Scriptum,
3316 2782 3459 2836 quo
3501 2792 3630 2830 ηο-

367 2855 509 2909 mine
545 2851 756 2905 obvium
784 2848 901 2916 ejus
924 2860 1140 2901 sensum
1171 2844 1525 2912 appellamus;
1549 2842 1639 2910 qui
1665 2857 1786 2895 vero
1821 2842 2148 2908 aliquantum
2190 2843 2508 2906 ascenderit,
2541 2844 2609 2897 ab
2641 2843 2750 2905 ipsa
2773 2848 3166 2913 quodammodo
3196 2852 3408 2910 anima
3437 2860 3631 2928 ejus;

368 2944 640 3010 perlectus
663 2949 911 2992 autent...
943 2950 972 2988 a
1002 2934 1116 3003 lege
1138 2930 1363 3001 spiritali
1389 2932 1675 2984 aediﬁcetur
1705 2931 1942 2983 umbram
1978 2931 2207 2987 habente
2236 2931 2541 2985 futurorum.
2561 2932 2841 2986 bonorum.
2874 2933 2938 2987 Ut
2961 2938 3101 2989 enim
3138 2937 3311 2995 homo
3350 2959 3646 3008 constat

367 3046 610 3101 corpore,
640 3029 816 3083 anima
846 3035 901 3079 et
921 3025 1129 3093 spiritu,
1163 3024 1231 3076 ita
1254 3031 1306 3075 et
1328 3021 1603 3088 Scriptura
1638 3033 1757 3086 quae
1784 3020 1962 3072 divina
1988 3019 2382 3087 dispensatione
2413 3022 2463 3074 in
2507 3022 2776 3075 hominum
2797 3022 3019 3076 salutem
3047 3025 3171 3077 data
3194 3037 3305 3083 est.
3357 3052 3383 3083 ι
3448 3035 3644 3110 Lege

351 3128 602 3192 insuper,
632 3123 678 3175 si
708 3126 879 3183 vacat,
915 3129 1034 3185 qua:
1064 3123 1244 3183 postea
1279 3112 1477 3167 ibidem
1507 3111 1769 3164 habentur
1795 3125 1941 3164 num.
1976 3110 2041 3163 12
2070 3120 2124 3164 et
2154 3110 2238 3165 15.

917 3257 1107 3310 Att'rtc.
1136 3253 1196 3307 II.
1233 3264 1454 3307 ramex
1494 3264 1612 3305 ISTE
1652 3264 1836 3304 sensus
1872 3263 1972 3303 non
2009 3262 2199 3311 υωρυε
2237 3262 2632 3302 somnumnon
2671 3264 2987 3305 nsrsmwn.

439 3377 749 3443 (Quoniam
771 3371 970 3440 (inquit
1004 3369 1096 3422 lib.
1122 3383 1176 3422 tv
1205 3365 1279 3419 De
1312 3366 1603 3435 principiis,
1634 3378 1780 3417 num.
1809 3360 1894 3432 l2)
1921 3360 2209 3430 Scriptura:
2242 3362 2482 3430 quaedam
2503 3371 2644 3427 sunt,
2673 3377 2788 3429 quae
2813 3363 2942 3415 nihil
2971 3363 3167 3418 habent
3194 3381 3626 3443 corporeum,

366 3469 561 3525 alicubi
592 3461 1191 3544 solaJva‘ttti-animaﬂet
1214 3459 1436 3524 spiritus
1478 3454 1798 3525 quaerendus
1829 3462 1931 3508 est.
1963 3471 1983 3501 ι
2027 3450 2255 3506 Humilia
2291 3461 2471 3507 autem
2497 3454 2771 3507 undecima
2802 3455 2854 3507 in
2884 3455 3165 3521 Numeros,
3201 3461 3298 3515 ubi
3351 3467 3441 3520 de
3485 3472 3642 3544 lege

151 3520 970 3651 Minimas
995 3526 1172 3608 oll'erri
1207 3550 1470 3621 prazcipit,
1500 3546 1701 3601 clarius
1729 3553 1958 3599 mentem
1982 3558 2132 3597 suam
2161 3545 2332 3612 aperit
2375 3545 2456 3599 his
2486 3546 2664 3599 verbis
2698 3560 2712 3597 :
2753 3563 2772 3595 t
2814 3545 2961 3599 llanc
2988 3560 3115 3615 ergo
3149 3549 3337 3617 legem
3382 3520 3640 3618 οδερῑ,

364 3633 481 3709 vari
514 3652 673 3705 etiam
698 3645 988 3703 secundum
1016 3643 1247 3694 litteram
1273 3639 1408 3693 sicut
1434 3645 1488 3690 et
1520 3636 1621 3689 alia
1654 3635 1911 3689 nonnulla
1943 3634 2304 3687 necessarium
2337 3643 2482 3700 puto.
2535 3633 2674 3687 Sunt
2715 3636 2860 3688 enim
2888 3636 3161 3702 aliquanta
3196 3639 3352 3707 legis
3424 3665 3632 3709 ιιιτιη,

364 3745 509 3807 data,
531 3754 648 3809 qua:
673 3739 834 3792 etiam
864 3733 998 3787 Novi
1029 3727 1353 3785 Testamenti
1387 3724 1632 3794 discipuli
1662 3725 1962 3778 necessaria
1994 3722 2370 3776 observatione
2394 3724 2723 3793 custodiunt.
2770 3724 2853 3787 Et,
2904 3725 2947 3777 si
2984 3726 3220 3792 videtur,
3283 3737 3482 3798 prius
3549 3748 3642 3803 de

362 3837 431 3890 iis
461 3831 592 3903 ipsis
623 3842 742 3897 qua:
762 3825 953 3894 in'lege
975 3822 1188 3892 quidem
1218 3818 1440 3886 scripta,
1474 3817 1566 3869 sed
1595 3824 1769 3867 tamen
1806 3816 1859 3868 in
1890 3811 2544 3903 Evangeliisobservanda
2579 3822 2703 3903 sunt
2726 3849 2741 3875 ,
2775 3826 2952 3867 sermo
2978 3827 3297 3883 moveatur;
3362 3837 3432 3878 ei
3471 3846 3637 3891 cum

366 3900 498 3977 haec-
526 3916 814 3989 patuerint,
843 3924 967 3966 tunc
990 3912 1102 3980 jam
1130 3909 1258 3977 quid
1280 3908 1332 3960 itt
1354 3907 1433 3989 eis
1463 3906 1639 3989 Aetium
1687 3902 1998 3972 spiritaliter
2022 3902 2206 3955 sentiri
2240 3900 2451 3965 debeat,
2485 3902 2816 3968 requiremus
2840 3919 2855 3963 ;
2883 3911 3005 3956 sunt
3033 3903 3175 3956 enim
3203 3908 3322 3982 qui
3378 3917 3481 3972 ita
3529 3925 3642 3979 di-

367 3985 657 4074 cant,quia
689 4002 733 4055 si
768 3998 972 4067 aliquid
1011 3995 1229 4074 omnino
1248 3985 1642 4075 ρδδξῖῖξξῖριιυηι
1665 4002 1749 4046 est
1768 3991 2056 4047 secundum
2082 3992 2336 4051 litteram,
2365 4004 2460 4042 cur
2506 4004 2608 4043 non
2653 3999 2707 4044 et
2740 4001 2928 4044 cuncta
2956 3997 3292 4049 seruntur?
3329 3999 3404 4058 Si
3471 4024 3642 4075 vero

367 4099 432 4153 ad
466 4069 1734 4166 sbig'ital-vem‘iﬂmﬁéemam'mq‘i'aléi’cmluneh
1760 4081 2038 4136 referenda
2070 4092 2213 4145 sunt,
2262 4079 2399 4132 nihil
2432 4080 2646 4133 omnino
2699 4084 2989 4134 secundum
3020 4081 3282 4149 litteram,
3316 4097 3445 4150 sed
3492 4069 3638 4170 sp}:

369 4164 597 4242 τὶῑθηῐθι·
626 4164 1100 4258 ἀεᾞῖἓῖξῖἲιῖηξθθιξβῦ
1130 4172 1522 4257 (νΙῖεωιιειῖεξΝοε
1548 4187 1678 4228 vero
1712 4175 1990 4240 utriusque
2013 4173 2330 4227 assertionis
2357 4170 2692 4225 insolentiam
2727 4180 3108 4239 temperantes,
3134 4176 3331 4241 qualis
3398 4164 3641 4262 reghla

368 4281 421 4331 in
453 4258 820 4344 hujuscemodi
853 4270 986 4339 legis
1014 4265 1350 4344 sermormtis
1376 4265 1706 4320 observanda
1742 4265 1833 4327 sit,
1864 4280 1927 4318 ex
1967 4267 2290 4318 auctoritate
2311 4263 2611 4318 divinarum
2656 4261 3054 4329 Scripturarum
3089 4263 3365 4331 proferre
3417 4258 3645 4339 tenta-

369 4340 561 4424 υίιηυέ,
608 4383 629 4417 ι
662 4362 754 4417 [lla
782 4371 959 4415 autem
1003 4340 1425 4444 quam'proliert,
1454 4344 1637 4444 regula
1689 4356 1935 4421 sequenti
1998 4355 2339 4409 distinctione
2372 4352 2609 4444 nititur:
2665 4351 3005 4444 Quaecunque
3060 4351 3221 4421 legis,
3273 4373 3642 4444 μωρίη,ιῇ

365 4452 685 4516 “Simon”,
714 4432 1631 4520 mandari.:iustuiaeij€iifiéii:stc.,
1662 4443 1881 4497 vocibus
1907 4445 2303 4511 exprimuntur,
2329 4456 2388 4493 ea
2411 4441 2588 4494 omnia
2618 4455 2722 4493 non
2745 4450 2871 4494 sunt
2896 4440 3035 4495 inter
3068 4455 3127 4496 se
3147 4432 3642 4520 confundeu'da:

330 4521 333 4524 ν
372 4549 520 4604 Licet
538 4544 681 4599 enim
711 4520 1178 4601 indiscrinunatim
1204 4518 1425 4589 nomine
1455 4532 1590 4601 legis
1621 4533 2005 4601 signiﬁcentur,
2033 4533 2173 4588 aliud
2204 4543 2378 4587 tamen
2407 4543 2488 4586 est
2521 4532 2628 4598 lex,
2659 4533 2801 4587 aliud
2832 4533 3160 4596 mandatum.
3180 4545 3295 4594 θιο.
3341 4518 3643 4615 Αροειᾴέ

370 4642 458 4692 tua
491 4635 705 4703 quidem
744 4629 911 4698 legem
933 4626 1173 4681 umbram
1196 4637 1314 4678 esse
1337 4623 1489 4675 docet
1518 4621 1816 4676 futurorum
1849 4620 2106 4675 bonorum
2128 4625 2170 4685 ³,
2197 4633 2253 4675 at
2279 4637 2380 4675 non
2410 4623 2535 4675 item
2570 4622 2898 4689 mandatum,
2929 4633 3037 4678 etc.
3092 4622 3234 4680 Ilinc
3298 4631 3644 4710 Origenes

362 4728 526 4781 infert
546 4718 806 4792 quidquid
837 4717 970 4785 legis
999 4715 1214 4770 nomine
1241 4714 1293 4767 in
1320 4710 1566 4768 Mosaicis
1616 4710 1769 4810 libris
1790 4711 2125 4810 exprimitur,
2167 4711 2218 4763 id
2273 4711 2715 4810 totumnmvstico
2754 4726 2913 4765 sensu
2964 4714 3373 4810 exponendum
3437 4744 3637 4810 esse;

365 4830 521 4871 secus
548 4827 674 4867 vero
705 4807 960 4880 quidquid
991 4805 1246 4867 mandati,
1275 4802 1586 4864 testimonii,
1639 4800 2113 4870 jnstitize,judicii,
2153 4809 2280 4864 etc.,
2335 4801 2554 4855 vocibus
2585 4800 2904 4855 declaratur.
2964 4817 2983 4851 ι
3023 4800 3146 4854 llaec
3181 4819 3335 4873 ergo
3367 4800 3643 4892 singuli

369 4902 768 4972 (inquiteadem
799 4895 1060 4967 homilia),
1089 4911 1208 4964 qum
1239 4908 1573 4964 nequaquam
1617 4895 1911 4946 secundum
1956 4892 2189 4945 litteram
2238 4894 2570 4945 observanda
2610 4907 2726 4946 esse
2772 4894 2900 4945 dicit
2927 4893 3238 4960 Apostolus,
3320 4902 3642 4977 invenies

366 4998 544 5051 omnia
579 4996 694 5049 fere
743 4991 878 5061 apud
910 4989 1141 5059 Moysen:
1161 4989 1260 5044 sub
1315 4989 1445 5059 legis
1497 4985 1648 5040 titulo
1694 4984 1981 5054 designari.
2033 4984 2150 5037 Jaun
2183 4998 2314 5039 vero
2358 4985 2403 5037 si
2460 4983 2509 5036 in
2545 4998 2611 5038 eo
2646 4984 2784 5051 quod
2815 4984 2949 5038 dicit
2980 5000 2995 5036 :
3032 4981 3156 5036 Non
3187 4992 3465 5065 occides,
3511 5022 3640 5065 ηυη

360 5091 683 5145 adulterium
711 5087 894 5157 facies,
918 5101 1019 5139 non
1045 5085 1298 5153 iurabat-is
1320 5085 1362 5147 ³,
1392 5091 1446 5138 et
1467 5081 1673 5148 reliqua
1704 5079 2030 5147 hujusmodi,
2056 5091 2159 5130 non
2187 5076 2426 5131 invenies
2452 5077 2701 5144 quoniam
2734 5076 2864 5144 legis
2897 5076 3103 5128 titulum
3147 5077 3201 5130 in
3240 5083 3324 5137 iis
3363 5105 3636 5159 ρηηωί,

366 5183 515 5247 serit,
546 5179 639 5234 sed
683 5177 851 5246 magis
896 5175 1011 5229 haec
1052 5175 1297 5241 mandata
1328 5176 1595 5233 videntur,
1626 5179 1679 5223 et
1702 5171 1820 5243 ideo
1851 5184 1959 5221 non
1991 5167 2295 5221 exinanitur
2320 5167 2455 5234 apud
2491 5165 3069 5258 discipulos-Evangelii
3115 5168 3429 5258 scriptura
3479 5193 3639 5258 ista,

364 5271 463 5325 sed
500 5267 841 5337 adimpletur,
867 5263 1010 5332 quia,
1038 5273 1095 5318 ut
1116 5266 1248 5329 dixi,
1277 5279 1381 5319 non
1423 5259 1755 5321 mandatum,
1793 5256 1886 5308 sed
1913 5256 1995 5309 lex
2025 5255 2223 5308 dicitur
2272 5255 2467 5309 habere
2498 5254 2740 5348 umbram
2786 5256 3084 5348 iuturorum
3145 5256 3495 5334 bonorum.
3558 5254 3642 5348 Εί

364 5360 488 5413 ideo
516 5359 626 5413 hare
654 5356 807 5412 nobis
832 5354 1119 5409 secundum
1149 5355 1378 5411 litteram
1409 5347 1756 5411 cusmdienda
1783 5346 1931 5401 sunt.
1957 5345 2092 5411 Quid
2121 5360 2255 5416 opus
2282 5354 2363 5401 cst
2391 5346 2445 5400 in
2476 5345 2559 5400 his
2585 5344 2891 5413 allegoriam
2922 5357 3182 5413 qttterere,
3247 5366 3411 5418 cum
3471 5344 3639 5435 an“;

440 5534 460 5565 '
498 5532 656 5588 llebr.
693 5547 808 5607 vin,
840 5514 898 5588 5:
967 5532 985 5564 ³
1012 5532 1177 5590 llebr.
1219 5550 1272 5602 ι,
1310 5536 1360 5596 1.
1434 5536 1454 5570 ³
1483 5525 1653 5588 Exod.
1683 5539 1772 5595 xx,
1806 5525 1872 5580 15
1920 5541 2069 5597 seqq.

1944 5757 1975 5793 κ
