3878 6194
455 304 520 355 15
1702 300 1986 356 ΡΗᾸΞΡΑἹ

2111 305 2195 358 AD
2234 299 2393 357 ΤΟΜ.
2435 300 2498 356 ll.
3585 312 3642 362 ιι

449 416 570 462 dam
609 419 800 477 przeter
839 409 891 462 id
929 407 1070 477 quod
1093 408 1308 462 dbvium
1342 418 1445 473 est,
1476 410 1527 463 in
1556 410 1858 478 Scripturis
1887 413 2113 480 intelligi
2143 426 2321 480 posse;
2360 409 2566 462 idcirco
2599 412 2690 464 Dei
2715 410 2941 465 Verbum
2968 413 3017 466 in
3065 414 3182 480 lege
3215 429 3280 467 ac
3311 414 3534 467 historia
3564 427 3650 467 tn-

451 500 658 567 terponi
699 501 911 552 curavit
948 499 1266 554 olfeudicula
1297 511 1352 555 et
1391 502 1741 568 impossibilia
1770 506 2040 570 quaedam.
2084 519 2148 556 ne
2177 502 2418 554 dictione
2443 502 2575 553 nihil
2598 514 2789 567 prater
2819 503 3122 555 illecebram
3156 503 3386 557 habente
3414 505 3644 568 deliniti,

444 602 498 644 et
525 591 654 643 nihil
683 591 789 644 Deo
827 592 1046 659 dignum
1067 594 1426 655 addiscentes.
1460 595 1674 649 tandem
1713 609 1740 646 a
1768 596 2033 660 dogmatis
2058 594 2393 655 recedamus,
2435 602 2526 644 aut
2577 593 2726 644 nudse
2783 592 2974 645 litlem
3032 592 3245 660 penitus
3289 593 3648 656 adhaerentes,

447 683 581 736 nihil
609 684 838 737 divinius
867 686 1244 753 percipiamus.
1281 685 1410 738 Illud
1445 695 1703 754 praaterea
1726 687 2003 740 sciendum
2033 696 2113 740 est
2151 705 2163 739 :
2193 687 2324 739 Cum
2357 700 2422 738 eo
2457 685 2723 754 praecipue
2751 697 2953 752 spectet
2985 686 3072 738 Dei
3116 687 3349 739 Verbum
3382 694 3440 737 ut
3491 686 3650 737 intel-

455 771 687 839 ligentia:
709 777 967 844 spiritalis
994 779 1430 844 consequentiam
1455 777 1718 830 custodiat
1755 777 1804 829 in
1842 777 1998 829 rebus
2024 777 2190 845 gestis
2216 785 2270 828 et
2301 776 2550 844 gerendis
2581 813 2596 835 .
2635 777 2725 826 ubi
2756 777 3044 828 secundum
3077 775 3357 828 historiam
3391 775 3654 842 qttwpiam

451 865 652 919 invenit
682 883 800 935 quae
824 869 1033 921 arcanis
1064 867 1591 921 istis-accommodari
1618 876 1854 934 possent,
1885 867 1990 920 illis
2020 882 2147 920 usus
2183 875 2287 927 est.
2325 866 2505 918 multis
2533 865 2806 918 occultans
2831 866 3210 919 abstrusiorem
3244 882 3465 919 sensum
3499 883 3513 927 ;
3568 865 3654 919 ubi

449 969 576 1007 vero
609 955 954 1021 explananda;
983 956 1052 1007 illi
1091 956 1409 1022 spiritalium
1435 957 1754 1009 cunuexioni
1788 973 1890 1009 uou
1921 956 2271 1008 conveniebat
2300 964 2565 1007 certarum
2602 957 2952 1022 quarumdam
2980 971 3154 1008 rerum
3198 957 3449 1020 historia,
3485 959 3654 1011 inter-
3705 998 3710 1002 .

446 1044 614 1097 seruit
643 1043 920 1110 Scriptura
957 1044 1191 1097 historiae
1217 1045 1357 1112 quod
1391 1045 1586 1098 factum
1623 1060 1724 1108 non
1751 1054 1889 1106 erat,
1917 1045 2021 1098 imo
2056 1045 2339 1112 aliquando
2363 1046 2501 1110 quod
2536 1044 2648 1096 ﬁeri
2691 1059 2790 1097 non
2820 1055 3061 1112 poterat;
3097 1048 3425 1114 quandoque
3476 1061 3654 1102 autem

445 1133 586 1200 quod
613 1141 822 1199 poterat
847 1133 1061 1200 quidem
1094 1132 1229 1193 lieri,
1257 1133 1347 1185 sed
1395 1141 1567 1183 tamen
1601 1131 1793 1184 factum
1833 1147 1934 1183 non
1967 1139 2069 1182 est.
2101 1132 2307 1183 Accidit
2337 1133 2498 1184 etiam
2529 1132 2821 1196 interdum,
2877 1143 2934 1185 ut
2971 1148 3156 1200 pauca:
3210 1135 3518 1198 interiectae
3546 1140 3658 1192 sint

445 1227 708 1280 dictiones
739 1227 972 1289 veritati,
1007 1227 1049 1278 si
1083 1226 1149 1277 ad
1182 1241 1374 1293 corpus
1407 1236 1631 1292 spectes.
1670 1241 1772 1278 non
1803 1234 2198 1276 consentanea}.
2230 1227 2322 1278 Est
2351 1225 2438 1276 ubi
2477 1224 2651 1276 multa:
2686 1225 2988 1292 hujusmodi
3015 1238 3159 1280 sunt.
3189 1229 3336 1280 Idem
3367 1229 3482 1284 fere
3503 1233 3656 1299 judi-

443 1315 583 1368 cium
617 1317 681 1365 de
711 1315 824 1383 lege
852 1314 1130 1368 ferendum
1160 1323 1259 1379 est,
1294 1314 1380 1366 ubi
1417 1328 1556 1382 smpe
1581 1314 1850 1381 quidpiam
1889 1314 2151 1380 reperitur
2183 1327 2276 1381 per
2313 1328 2370 1366 se
2405 1313 2535 1366 utile
2557 1323 2607 1366 et
2632 1316 2961 1381 temporibus
2988 1316 3119 1384 legis
3149 1320 3523 1384 conveniens;
3553 1322 3660 1375 ali-

441 1407 660 1466 quando
687 1414 864 1458 autem
896 1405 1037 1457 nulla
1073 1414 1292 1472 apparet
1314 1407 1536 1458 utilitas.
1578 1405 1714 1470 Quin
1740 1415 1794 1458 et
1833 1405 2100 1456 interdum
2134 1405 2516 1472 prmcipiuntur
2547 1405 2920 1472 impossibilia,
2946 1418 2996 1460 et
3033 1409 3082 1460 id
3129 1410 3352 1476 quidem
3381 1426 3447 1464 eo
3470 1416 3656 1467 consi-

449 1498 542 1562 lio,
575 1499 739 1563 utqui
763 1500 1066 1566 sagaciores
1095 1510 1148 1550 et
1178 1499 1229 1551 in
1258 1513 1434 1550 rerum
1461 1498 1808 1566 inquisitione
1835 1500 2072 1551 acriores
2095 1507 2240 1561 sunt,
2281 1513 2400 1552 sese
2432 1515 2607 1552 rerum
2648 1501 2968 1568 scriptarum
2999 1504 3424 1557 eonsiderationi
3494 1516 3657 1575 atque

445 1587 840 1653 investigationi
879 1588 1094 1652 dantes,
1146 1587 1242 1640 sibi
1277 1587 1506 1640 maxime
1535 1591 1904 1652 persuadeant,
1937 1589 2151 1657 dignum
2189 1589 2292 1642 Deo
2334 1589 2386 1641 in
2421 1589 2526 1642 illis
2550 1591 2707 1643 rebus
2732 1605 2942 1642 sensum
2990 1593 3156 1660 quaeri
3207 1605 3484 1660 oportere.
3538 1597 3654 1651 Non

447 1677 619 1730 solum
653 1687 830 1728 autem
862 1677 928 1730 de
969 1678 1034 1729 iis
1059 1692 1175 1742 qun:
1209 1679 1490 1730 adventum
1515 1678 1710 1732 Christi
1745 1689 2148 1746 praecesserunt,
2172 1678 2284 1730 haec
2307 1678 2536 1746 Spiritus
2564 1689 2780 1730 sanctus
2807 1681 3132 1744 prec-oravit,
3164 1685 3258 1735 sed
3296 1693 3482 1752 utpote
3514 1687 3653 1740 idem

445 1768 604 1822 unius
630 1768 977 1834 ejusdemque
1023 1769 1110 1821 Dei
1139 1751 1397 1836 Spiritus,
1425 1771 1560 1823 idem
1598 1770 1647 1821 in
1673 1769 1974 1837 Evangeliis
2003 1781 2054 1822 et
2090 1771 2451 1835 apostolorum
2481 1770 2695 1836 scriptis
2721 1769 2844 1822 fecit
2873 1784 2886 1822 :
2915 1786 3036 1822 cum
3084 1786 3182 1824 nee
3230 1773 3318 1824 illa
3350 1751 3652 1828 secundum

444 1861 774 1930 corporalem
805 1875 1018 1914 sensum
1041 1862 1257 1914 οηιιιίιιο
1295 1863 1558 1916 sinceram
1591 1863 1818 1916 habeant
1849 1863 2124 1916 historiam
2153 1875 2338 1915 eorum
2385 1877 2502 1928 quae
2543 1852 2790 1946 contexta
2832 1871 2979 1923 sunt,
3006 1871 3061 1914 et
3123 1872 3300 1916 tamen
3353 1864 3497 1917 facta
3548 1881 3652 1918 non

446 1958 606 2010 sunt;
643 1961 738 2000 nec
787 1948 932 2015 leges
964 1957 1016 2000 ct
1047 1958 1307 2015 pra-cepta
1336 1949 1568 2001 habeant
1608 1949 1801 2002 rationi
1845 1960 2230 2002 consentanea.
2276 1966 2296 1999 ι
2333 1948 2496 2001 Suam
2549 1950 2741 2002 deinde
2783 1953 3102 2002 sententiam
3147 1963 3396 2004 astruere
3460 1954 3653 2006 nititur

435 2043 630 2096 multis
661 2043 952 2111 Scriptum
991 2043 1118 2096 locis
1141 2057 1258 2110 qum
1282 2049 1461 2108 postea
1490 2041 1721 2093 examini
1757 2051 1943 2094 nostro
1993 2040 2357 2106 subjicientur.
2397 2041 2640 2107 Ejusdem
2659 2039 2819 2106 ,Iibri'
2851 2058 2998 2094 num.
3059 2045 3090 2096 8
3135 2054 3189 2096 et
3238 2045 3292 2109 9,
3349 2057 3636 2113 postquam

437 2131 776 2185 fundamenti
814 2134 929 2185 loco
955 2133 1094 2185 hanc
1121 2148 1238 2199 qum
1261 2141 1408 2183 extra
1445 2131 1861 2184 controversiam
1890 2141 1994 2192 est,
2031 2131 2305 2183 veritatem
2341 2133 2540 2198 posuit,
2571 2146 2636 2183 ex
2674 2132 3005 2198 ignoratione
3034 2139 3128 2186 ria:
3151 2151 3256 2199 qua
3288 2136 3648 2188 insistendum

441 2223 508 2274 sit
544 2233 602 2275 ut
624 2226 688 2274 ad
725 2222 1121 2288 Scripturarum
1156 2221 1566 2288 intelligentiam
1595 2225 1961 2290 perveniatur,
2002 2233 2154 2276 natos
2175 2235 2292 2274 esse
2317 2235 2531 2274 errores
2556 2221 2814 2284 inliu‘itos,
2867 2225 2916 2274 in
2954 2225 3257 2288 exemplum
3304 2226 3520 2278 adducit
3550 2225 3652 2278 Ju-

443 2315 608 2377 dzeos,
636 2315 939 2378 barreticus,
969 2314 1360 2382 nonnullasque
1391 2316 1471 2366 sui
1507 2315 1760 2382 temporis
1783 2316 2134 2377 Christianos,
2167 2324 2223 2366 ut
2251 2315 2298 2366 in
2325 2313 2541 2366 Iitterali
2580 2315 2978 2380 Scripturarum
3005 2302 3458 2384 interpretatione
3487 2321 3647 2372 sitam

441 2420 564 2461 esse
606 2409 794 2475 probet
819 2407 1003 2459 falsam
1032 2408 1189 2460 istam
1215 2407 1353 2459 viam
1380 2421 1498 2474 qua:
1528 2409 1592 2458 ad
1625 2407 1972 2474 przrripitiutn
2023 2409 2185 2460 ducit.
2216 2426 2234 2456 ι
2278 2406 2400 2458 Duri
2432 2406 2612 2466 corde,
2643 2407 2836 2472 inquit,
2871 2416 2922 2458 et
2951 2407 3130 2460 idiota:
3179 2408 3270 2474 qui
3303 2425 3332 2461 e
3361 2410 3648 2460 circumci-

444 2499 595 2552 sione
621 2505 767 2558 sunt,
793 2495 1194 2563 prophetiarum
1219 2509 1334 2562 qtae
1381 2495 1444 2548 de
1500 2493 1712 2546 Christo
1743 2493 2034 2556 loquuntur
2085 2496 2366 2546 dictionem
2426 2493 2572 2558 sequi
2620 2509 2676 2544 se
2737 2494 3126 2557 existimantes,
3187 2497 3240 2546 in
3308 2497 3648 2551 Salvatorem

444 2597 686 2641 nostrum
727 2602 830 2639 nou
855 2584 1233 2648 crediderunt;
1265 2595 1316 2638 et
1347 2600 1469 2638 cum
1499 2585 1736 2638 sensibili
1775 2585 1929 2636 modo
1953 2599 2055 2636 non
2087 2583 2559 2650 cernerentipsum
2595 2583 2911 2649 prmdicasse
2958 2585 3186 2650 captivis
3243 2588 3648 2656 remissionem,

443 2692 615 2745 neque
640 2676 938 2728 miliﬁcasse
971 2689 1114 2736 eam,
1142 2687 1300 2741 quam
1327 2688 1449 2726 vere
1480 2674 1706 2726 credunt
1735 2687 1856 2726 esse
1906 2672 2174 2724 civitatem
2207 2671 2320 2734 Dei,
2355 2685 2528 2736 neque
2574 2673 2964 2724 exterminasse
3000 2687 3189 2725 currus
3248 2673 3530 2740 Ephraim,
3589 2687 3646 2729 et

443 2783 638 2835 equum
661 2767 724 2818 de
747 2763 1068 2826 Jerusalem,
1099 2776 1268 2830 neque
1292 2762 1541 2830 butyrum
1566 2771 1614 2814 et
1645 2761 1744 2813 mel
1768 2760 2091 2824 comedisse,
2131 2774 2300 2825 neque
2332 2759 2640 2826 priusquam
2684 2769 2871 2811 nosset
2932 2769 3024 2812 aut
3067 2759 3292 2828 eligeret
3345 2763 3509 2825 mala,
3539 2764 3649 2816 ele-

443 2859 584 2924 gisse
609 2857 846 2918 bonum;
887 2851 988 2906 rati
1019 2852 1244 2919 insuper
1275 2865 1394 2902 esse
1420 2865 1446 2902 ο
1479 2852 1753 2919 prophetis
1787 2850 2096 2917 prtedictum
2135 2847 2248 2901 fore
2282 2858 2338 2900 ut
2371 2849 2523 2914 lltpus
2553 2849 2749 2900 animal
2781 2849 3082 2916 quadrupes
3119 2865 3241 2902 cum
3273 2868 3411 2918 agno
3456 2868 3643 2919 pasce—

441 2957 610 3009 retur,
644 2946 839 3013 pardus
865 2959 986 2997 cum
1025 2941 1184 2994 haedo
1210 2941 1604 3002 stabularetur;
1639 2938 1848 2998 vitulus,
1880 2947 2065 2990 taurus
2095 2946 2148 2990 et
2195 2937 2274 2989 leo
2314 2937 2472 2990 simul
2507 2948 2856 3002 pascerentur
2876 2946 2930 2989 et
2953 2952 2982 2989 a
3011 2941 3238 3006 puerulo
3267 2941 3642 3006 ducerentur;

444 3037 538 3090 bos
569 3045 623 3088 et
646 3050 801 3088 ursus
825 3048 927 3086 una
959 3032 1211 3100 pabulum
1243 3038 1534 3090 sumerent,
1563 3043 1745 3081 eorum
1775 3027 2012 3096 parvulis
2039 3028 2195 3080 simul
2226 3029 2511 3092 educatis;
2547 3028 2629 3080 leo
2652 3043 2865 3095 quoque
2896 3038 2952 3080 ut
3003 3029 3098 3082 bos
3125 3031 3277 3097 palea
3306 3043 3640 3099 vesceretur;

445 3125 576 3179 nihil
609 3126 796 3178 borum
832 3124 884 3176 in
913 3123 1026 3188 ejus
1057 3137 1214 3189 quem
1243 3119 1510 3173 Christum
1537 3119 1824 3182 credimus,
1858 3118 2086 3171 adventu
2132 3119 2459 3171 sensibililer
2485 3129 2763 3171 (-erntmtcs
2788 3120 3004 3180 factum,
3058 3120 3346 3176 Dominum
3400 3137 3645 3178 nostrum

437 3215 626 3270 Jesum
651 3223 854 3266 tantum
883 3213 1032 3264 abest
1065 3220 1121 3263 ut
1145 3211 1466 3277 receperint,
1505 3218 1562 3262 ut
1596 3209 1768 3274 potius
1791 3223 1912 3261 eum
1946 3217 2196 3275 tanquam
2236 3223 2352 3261 sese
2401 3219 2588 3260 contra
2650 3209 2734 3274 jus
2793 3208 3066 3262 Christum
3121 3214 3465 3278 prmdicaret,
3501 3221 3646 3269 cruci

441 3307 729 3362 aﬂixerint.
765 3303 1008 3356 llaeretici
1037 3310 1212 3355 autem
1246 3300 1482 3367 legentes
1523 3315 1536 3352 :
1578 3299 1719 3367 Ignis
1746 3299 1944 3350 exarsit
1964 3313 2027 3348 ea:
2055 3299 2135 3348 ira
2166 3297 2341 3361 nteit";
2373 3308 2462 3352 et:
2499 3299 2603 3367 lc‘go
2658 3300 2796 3352 Deus
2843 3303 3115 3354 remnlator
3174 3306 3396 3360 reddens
3439 3325 3650 3376 peccata

443 3406 650 3465 patrum
679 3393 733 3445 in
764 3391 900 3458 filios
926 3390 979 3441 in
1008 3389 1214 3440 tertiam
1243 3398 1288 3440 et
1315 3398 1555 3456 quartam
1590 3386 1972 3454 generationem
1993 3386 2044 3449 ⁸;
2084 3395 2138 3438 et
2173 3406 2184 3438 :
2232 3385 2449 3438 Pwnitet
2483 3404 2560 3438 me
2591 3390 2800 3443 tinxisse
2836 3391 2970 3442 Saul
3004 3395 3053 3442 in
3091 3409 3259 3461 regem
3280 3396 3332 3458 ⁶;
3363 3409 3417 3450 et
3459 3418 3472 3452 :
3539 3401 3650 3468 Ego

443 3487 702 3544 Dominus
731 3483 926 3551 faciens
951 3495 1129 3548 pacem
1157 3491 1201 3532 et
1224 3493 1405 3531 creans
1433 3477 1570 3529 mala
1596 3479 1648 3540 ";
1675 3487 1726 3529 ct
1756 3477 1860 3528 alio
1885 3475 2000 3529 loco
2025 3492 2043 3530 :
2074 3476 2191 3529 Non
2209 3487 2280 3529 est
2310 3477 2502 3528 malum
2522 3479 2572 3528 in
2601 3478 2803 3532 civitate
2827 3484 2964 3549 quod
2995 3499 3095 3534 non
3119 3486 3298 3550 fecerit
3331 3488 3584 3543 Dominus
3609 3496 3651 3556 ";

437 3591 498 3632 et
535 3577 660 3630 illud
690 3575 908 3640 insuper
939 3586 954 3623 :
986 3569 1369 3623 Descenderam
1394 3569 1531 3620 mala
1561 3585 1592 3619 a
1625 3567 1847 3620 Domino
1881 3571 1934 3619 in
1961 3579 2134 3635 portas
2163 3564 2526 3621 Jerusalem":
2557 3578 2609 3621 et
2635 3589 2646 3622 :
2679 3569 2909 3634 Spiritus
2941 3574 3110 3626 malus
3145 3593 3175 3626 α
3213 3575 3321 3628 Deo
3350 3562 3649 3646 sin/fucabat

443 3667 574 3724 Sun!
596 3668 674 3731 “;
702 3675 756 3719 et
785 3665 868 3717 bis
897 3661 1093 3716 similia
1118 3661 1502 3730 propemodum
1537 3659 1764 3722 infinita,
1797 3674 1990 3727 negare
2021 3660 2230 3728 quidem
2258 3672 2350 3712 eas
2393 3673 2509 3712 esse
2554 3659 2647 3712 Dei
2688 3660 3000 3729 Scripturas
3032 3680 3137 3716 non
3188 3667 3306 3716 ausi
3353 3678 3505 3727 sunt.
3559 3670 3651 3720 sed

441 3757 586 3810 illius
609 3752 962 3823 quenrJudaci
996 3750 1197 3813 colunt,
1224 3747 1494 3802 Creatoris
1534 3760 1626 3801 eas
1656 3761 1775 3800 esse
1808 3746 1927 3807 rati,
1961 3745 2114 3814 quasi
2161 3745 2505 3812 imperfectus
2534 3733 2632 3797 n'ec
2665 3752 3004 3828 bonusesset
3056 3750 3144 3802 ille
3193 3752 3468 3812 conditor,
3505 3754 3655 3805 ιιι-[η.

443 3847 570 3901 irati
605 3853 726 3900 sunt
747 3843 1028 3896 advenisse
1059 3840 1395 3894 Salvatorem
1425 3836 1512 3906 qui
1544 3835 1921 3905 perfectiorem
1952 3835 2299 3888 annuntiat-et
2337 3832 2521 3895 Deum,
2551 3850 2709 3900 quem
2742 3837 2926 3889 dicunt
2951 3854 3056 3892 non
3099 3855 3224 3894 esse
3253 3843 3441 3893 mundi
3498 3843 3658 3908 opili-

439 3951 584 3998 cem,
610 3935 662 3987 in
685 3933 862 3986 varias
888 3946 948 3985 ea
982 3931 1046 3984 de
1090 3944 1147 3982 re
1179 3927 1382 3994 abrepti
1421 3926 1747 3988 sententias;
1774 3933 1826 3976 et
1854 3933 2132 3990 postquam
2163 3940 2190 3976 a
2231 3925 2312 3978 Cr.
2337 3931 2484 3976 atore
2522 3925 2612 3990 qui
2641 3934 2724 3976 est
2765 3925 3036 3994 ingenitus
3071 3929 3219 3982 solus
3246 3929 3407 3991 Deus,
3442 3931 3658 3983 defece-

446 4033 596 4086 runt,
629 4023 892 4092 tigtnentis
917 4021 1274 4080 adlimserunt,
1302 4015 1619 4083 excogitatis
1641 4013 1846 4066 lictitiis
1885 4011 2274 4080 hypotbesibus
2302 4013 2593 4066 secundum
2626 4027 2761 4079 quas
2809 4016 2948 4068 facta
2993 4031 3112 4070 esse
3144 4028 3342 4086 putant
3395 4018 3657 4079 visibilia,

445 4125 500 4170 et
526 4115 630 4169 alia
661 4111 908 4182 quaedam
939 4108 1253 4171 invisibilia,
1285 4121 1404 4175 qua:
1426 4105 1607 4158 animo
1627 4103 1728 4157 sibi
1757 4103 2047 4157 tinxerunt.
2073 4102 2375 4168 Quinetiam
2400 4103 2752 4168 simpliciores
2786 4107 3044 4166 nonnulli.
3084 4113 3176 4176 qui
3215 4125 3273 4161 se
3309 4109 3378 4162 de
3412 4109 3655 4162 Ecclesia

442 4221 568 4262 esse
590 4205 906 4274 gloriantur,
925 4201 1176 4255 Creatore
1209 4199 1422 4266 quidem
1454 4195 1656 4248 nullum
1696 4194 1951 4262 majorem
1985 4197 2316 4261 existimant,
2343 4209 2526 4246 sanam
2560 4195 2660 4245 hac
2687 4195 2736 4246 in
2779 4211 2838 4248 re
2879 4198 3108 4265 amplexi
3161 4201 3527 4262 sententiam;
3561 4214 3658 4250 vc-

443 4312 568 4349 runt
599 4308 661 4348 ea
695 4291 762 4346 de
793 4292 910 4359 ipso
934 4289 1289 4356 suspicantur.
1323 4299 1439 4352 qua:
1478 4299 1544 4337 ne
1581 4285 1645 4335 de
1666 4281 1886 4336 homine
1917 4284 2131 4351 quidem
2157 4286 2528 4339 crudelissimo
2552 4292 2606 4336 et
2644 4284 2996 4350 iujustissimu
3021 4288 3274 4354 cogitare
3311 4287 3396 4340 fas
3448 4289 3541 4341 sit.
3589 4287 3660 4340 iis

442 4399 622 4444 autem
653 4384 903 4438 omnibus
925 4381 1066 4434 nulla
1107 4378 1361 4431 falsarum
1403 4375 1734 4444 opinionum,
1762 4375 1906 4428 nulla
1941 4376 2230 4446 impietatis
2275 4387 2330 4433 et
2373 4377 2690 4431 stolidorum
2721 4377 2784 4428 de
2831 4379 2935 4430 Deo
2986 4391 3300 4432 sermonum
3347 4395 3513 4432 causa
3540 4395 3660 4434 esse

443 4479 547 4533 alia
595 4478 829 4537 videtur,
865 4487 1026 4540 quam
1076 4470 1356 4537 Scriptura
1401 4483 1503 4522 non
1557 4467 1849 4521 secundum
1909 4470 2204 4538 spiritalem
2247 4489 2462 4528 sensum
2523 4469 2819 4532 intellecta,
2864 4473 2955 4524 sed
3005 4473 3302 4525 secundum
3363 4473 3658 4525 litteralem

443 4579 680 4638 accepta.

447 4685 475 4754 ς
519 4681 578 4734 ll.
620 4678 700 4731 Ea:
730 4676 951 4743 Origene
980 4676 1034 4727 in
1063 4671 1428 4754 ‘Mosaicalege
1473 4671 1638 4754 multa
1667 4681 1784 4754 sunt
1823 4689 1942 4754 qua;
1989 4675 2202 4754 Iitterali
2244 4687 2635 4754 sensu‘arcepta
2689 4675 2890 4754 nullam.
2935 4675 3120 4754 habent
3172 4676 3387 4754 seriem,
3453 4676 3658 4754 nullam

518 4741 956 4821 consequentium,
983 4742 1072 4794 sed
1101 4743 1272 4808 potius
1296 4741 1632 4804 itttpOsstOilia
1663 4747 1803 4806 sunt,
1835 4743 2028 4800 rationi
2076 4755 2364 4821 contraria,
2399 4751 2501 4806 Deo
2532 4741 2764 4813 uulgari,
2797 4755 2842 4797 et
2875 4743 3067 4811 legibus
3117 4760 3261 4795 mere
3291 4747 3540 4795 Iummnis
3569 4745 3654 4794 in-
3728 4793 3733 4798 _

512 4817 726 4882 feriam.

517 4933 637 4988 Lib‘
670 4947 742 4983 ’Ἢ
773 4938 957 4981 contra
986 4926 1212 4986 6mm,"
1247 4939 1393 5024 ¹¹Ῐ¹¹¹¹⁶
1422 4924 1491 5024 29
1522 4932 1576 4976 ⁸⁸
1607 4924 1699 4991 Ἦν
1735 4929 1960 4997 obiectis
2005 4939 2074 4996 ab
2127 4945 2234 5006 hoc
2278 4949 2534 5024 Epicureo
2565 4941 2756 4997 coulra
2811 4929 2978 4995 legem
3013 4925 3301 4978 Mosaicam
3333 4938 3440 4976 non
3495 4922 3656 5024 aliter

443 5022 758 5090 respondet,
785 5033 942 5085 quam
975 5015 1253 5082 repudiato
1284 5013 1496 5066 Iitterali
1526 5028 1710 5089 sensu.
1773 5040 1791 5070 ι
1819 5022 1948 5081 Dico
1978 5031 2169 5108 igitur,
2208 5013 2398 5118 inquit,
2428 5045 2589 5116 legem
2618 5024 2879 5096 duplicem
2911 5031 3047 5079 esse,
3085 5015 3308 5068 alteram
3340 5013 3648 5068 litteralcm,

448 5087 782 5180 spiritualetu
821 5106 1069 5165 alteram,
1121 5111 1175 5154 ut
1209 5102 1318 5169 jam
1366 5111 1494 5152 ante
1525 5087 1872 5171 nos‘quidam
2636 5087 2738 5178 non
2794 5120 2897 5162 tam
2937 5119 3033 5156 nos
3078 5119 3238 5172 quam
3276 5103 3414 5154 Deus
3449 5101 3560 5198 ipse
3593 5100 3642 5148 in

441 5220 552 5258 uno
581 5217 611 5256 e
641 5197 918 5269 prophetis
962 5195 1186 5262 loquens
1229 5203 1385 5245 vocat
1425 5192 1632 5260 judicia
1680 5215 1784 5256 non
1834 5207 1992 5277 bona,
2042 5189 2583 5304 ρνωεεξριαῖῶἶξῶα
2609 5222 2686 5283 με
2723 5196 3016 5275 spiritualis
3053 5209 3178 5246 vero
3224 5191 3365 5258 apud
3397 5189 3639 5241 eumdeui

586 5292 598 5304 .
657 5299 694 5304 --
800 5284 1090 5304 -__-n_.--..
1121 5297 1142 5304 ,ι
1178 5279 1279 5304 nm.
1317 5279 1507 5304 :._.t.'-:-_
1539 5283 1594 5304 ι.-
1624 5301 1659 5304 .-
2817 5292 2909 5304 μμ
2937 5282 2983 5304 ε..
3011 5281 3121 5304 ι..,.,.
3152 5295 3328 5304 -..,......
3357 5275 3638 5304 ....,......ιι;ο

443 5292 761 5362 prophetam
794 5284 1090 5352 appellatur
1119 5297 1146 5332 a
1178 5279 1282 5332 Deo
1303 5279 1507 5347 judicia
1536 5283 1691 5350 bona,
1719 5309 1974 5369 prawpm

2106 5333 2144 5369 α
2162 5279 2429 5369 πλεῖς
2445 5279 2696 5369 ξννλμλιριέ,
2730 5292 2914 5352 eodem
2937 5282 2986 5332 in
3011 5281 3124 5332 loco
3151 5295 3331 5331 secum
3354 5279 3637 5347 pugnantia

2173 5325 2214 5354 ι’
2268 5327 2420 5361 {‘n-In
2445 5322 2696 5361 ηαιηηιὶριὶὶ
2730 5314 2757 5352 e

443 5322 761 5362 νμῳηηηη.
794 5322 1080 5352 ..γυνη-..η
1119 5322 1146 5332 ..
1178 5322 1281 5332 νν..
1303 5322 1506 5347 ,-...-...
1536 5322 1691 5350 -.,....,
1719 5322 1973 5369 μηιτινεριρ

442 5395 550 5436 non
585 5380 734 5434 dicit.
775 5379 948 5445 Atque
977 5377 1138 5430 etiam
1170 5377 1240 5430 illi
1278 5375 1475 5429 Paulus
1505 5392 1774 5440 consonat
1808 5389 1938 5448 dum
1968 5416 1973 5450 ς

2173 5325 2187 5352 ι
2669 5327 2684 5361 1
2730 5322 2914 5352 τηαν...
3012 5322 3122 5332 ..ην
3151 5322 3330 5331 ,μη
3354 5322 3560 5347 ruam"

2102 5322 2758 5498 Iste:.;ger;::r?§;:l2,51
2787 5392 2852 5436 ac
2885 5383 3065 5423 sensus
3087 5368 3352 5430 litteralis,
3381 5365 3633 5422 occidere;

2319 5467 2332 5489 .
2465 5473 2478 5486 ,

2319 5467 2332 5489 ’
2365 5467 2478 5489 \|Ilu,

511 5578 534 5609 ⁸
582 5575 780 5632 Jcretn.
816 5591 902 5639 xv,
940 5575 1025 5629 Η.
1099 5573 1120 5605 ³
1167 5574 1332 5630 Εκθίί.
1383 5591 1475 5639 xx,
1515 5578 1570 5633 5.
1645 5583 1667 5612 ⁸
1723 5586 1742 5642 1
1794 5593 1930 5670 πρε,
1977 5619 2042 5660 κν

515 5651 524 5679 l
563 5648 668 5679 th...
722 5661 846 5679 νινηι
905 5645 968 5679 In
1065 5645 1103 5677 tt
1135 5645 1300 5679 Ρνημι.
1359 5661 1422 5679 νυ
1477 5654 1544 5679 ν)ῗᾷ
1647 5656 1691 5679 u
1733 5663 1843 5679 ....
1931 5672 1983 5679 -_

2108 5617 2168 5678 Η
2274 5632 2292 5663 ⁷
2327 5635 2398 5679 ιε..
2455 5655 2547 5679 τη,
2601 5625 2628 5679 7
2735 5598 2756 5630 ³
2803 5582 2987 5642 Αιὶὶθδι
3017 5580 3094 5628 ιιι,
3122 5565 3173 5616 ὃς
3244 5564 3264 5592 τ’
3295 5561 3446 5613 λιιιιιι.
3477 5573 3516 5620 t,
3547 5555 3625 5608 l2.

446 5647 526 5700 ιἸ
562 5625 686 5716 Reg.
721 5625 987 5712 arundo.
1065 5645 1103 5677 “
1131 5645 1326 5703 EZCCII.
1359 5625 1570 5717 “:25.-
1647 5656 1691 5687 η
1727 5625 2070 5737 λιιξλῗξρἰἫ
2108 5625 2197 5679 Η·
2274 5632 2292 5663 ⁷
2326 5635 2422 5693 Ιδτιο
2455 5655 2568 5707 XLV.
2601 5625 2653 5680 7°
