3878 6228
219 315 371 384 [—7
1538 308 1921 376 PREFATIO
1959 326 2068 385 At)
2108 337 2276 394 Τοῖιι,
2318 339 2377 392 η,
3464 335 3537 388 ιε

191 448 311 506 θ’
333 424 611 504 ιμίηῖωπ,
638 433 730 499 qui
753 431 894 486 idem
925 429 1214 503 signiﬁcat
1240 446 1309 488 ac
1343 448 1542 492 sensus
1563 433 1719 503 spirit

1994 448 2213 516 Piﬁcure
2236 452 2301 507 ¹³.
2339 448 2490 519 Apud
2523 446 2742 502 Paulum
2770 447 2932 513 igitur
2961 445 3199 500 invenire
3223 454 3305 499 est
3336 445 3525 498 similia

183 543 284 602 iis
326 535 473 594 ί1¹¹ίε¹ῖΞ
495 521 635 588 ²Ρ¹¹ά
674 522 1011 590 l’mphelam
1045 527 1335 580 contraria
1384 528 1491 583 sibi
1524 541 1645 582 esse
1676 529 1714 580 vi

1999 552 2133 595 teut.
2194 542 2326 596 Nam
2359 536 2800 607 quemadmodum
2832 535 3072 588 Ezechiel
3098 537 3246 598 dicit,
3293 536 3381 588 hic
3411 534 3530 599 qui-

200 633 367 688 dem
403 630 420 666 :
455 611 586 666 Dedi
614 613 693 667 eis
717 614 950 682 judicia
982 634 1088 671 non
1128 615 1277 672 bona
1310 629 1365 673 et
1389 632 1652 688 praecepta
1684 636 1790 674 non
1815 622 1955 681 bona
1980 631 2041 686 in
2065 637 2254 702 quibus
2295 650 2393 685 non
2434 632 2593 684 vivent
2617 628 2693 689 ¹⁸ς
2729 627 2834 680 illic
2864 642 2987 679 vero
3024 645 3037 679 :
3072 624 3201 677 Dedi
3239 626 3311 676 eis
3327 623 3527 692 judicia

230 725 390 775 bona
413 715 460 758 et
502 715 769 774 prtrcepta
807 712 954 762 bona
1001 712 1056 764 in
1088 709 1288 778 quibus
1311 715 1490 769 vivent
1518 716 1561 750 ⁸³
1589 732 1604 776 2
1644 715 1723 771 sic
1755 715 1761 749 π

1996 726 2087 778 ubi
2124 726 2290 795 legent
2326 722 2607 777 litteralem
2636 719 2938 785 deprimere
2963 716 3093 777 vult,
3124 716 3197 768 ait
3229 734 3242 768 :
3271 714 3327 767 Si
3360 725 3527 766 autem

252 800 579 861 ministratio
607 800 803 853 mortis
841 801 1046 857 litteris
1075 802 1390 872 deformata
1420 810 1476 863 in
1528 810 1811 875 lapidibus,
1844 811 1945 881 fuit
1978 816 2035 868 in
2071 817 2262 885 gloria,
2293 817 2368 869 ita
2403 824 2455 867 ut
2489 829 2589 866 non
2615 822 2814 880 possent
2849 809 3109 862 intendere
3134 807 3233 874 ﬁlii
3263 805 3427 859 Israel
3474 807 3527 856 in

278 894 467 963 [aciem
499 889 697 962 Μουκία
729 905 959 961 propter
986 896 1218 965 gloriam
1266 898 1448 954 vultus
1478 901 1595 971 ejus
1619 917 1734 969 qua:
1763 917 2092 968 evacuatur;
2135 905 2390 975 quomodo
2419 920 2518 955 non
2552 902 2716 968 magis
2746 898 3058 953 ministratio
3099 895 3309 961 spiritus
3350 896 3443 947 erit
3471 894 3529 944 in

289 985 451 1054 gloria
474 983 559 1038 ἐἳ
615 984 719 1040 Ubi
769 995 968 1041 autem
1003 988 1319 1043 admiratur
1350 1000 1407 1045 et
1451 995 1717 1063 approbat
1749 994 1947 1063 legem,
1981 981 2123 1050 illam
2164 995 2495 1064 spiritualem
2529 1000 2683 1044 vocat
2726 1007 2742 1042 :
2776 988 2996 1050 Scimus,
3045 984 3239 1054 inquit,
3285 983 3408 1053 quia
3447 981 3531 1033 lea:

288 1073 575 1143 spiritantia
620 1076 790 1131 est".
830 1076 995 1131 Illam
1030 1080 1200 1133 etiam
1267 1085 1549 1150 approbat
1586 1086 1687 1139 hoc
1722 1086 1840 1140 loco
1884 1102 1900 1139 :
1944 1084 2129 1154 Itaque
2154 1086 2238 1138 lea:
2267 1083 2474 1153 quidem
2516 1089 2718 1140 sancta,
2755 1088 2801 1131 et
2847 1076 3149 1131 mandatum
3182 1084 3440 1136 sanctum,
3483 1080 3532 1123 et

284 1164 508 1233 justum,
557 1176 605 1217 et
639 1166 844 1221 bonum
869 1168 943 1222 ".
988 1169 1146 1224 Nunc
1184 1170 1232 1224 si
1269 1172 1442 1225 verba
1494 1174 1626 1243 lcgis
1650 1175 1812 1243 justis
1844 1174 2064 1228 divitias
2108 1173 2441 1242 pollicentur,
2469 1168 2652 1224 Celsus
2677 1167 3003 1222 occidentem
3035 1165 3263 1217 litteram
3295 1171 3532 1227 secutus,

296 1258 362 1313 de
389 1258 542 1309 caecis
579 1258 741 1312 hisce
775 1261 998 1315 divitiis
1023 1262 1451 1329 promissionem
1485 1264 1750 1332 intelligat
1783 1281 1797 1317 :
1844 1278 1942 1318 nos
1972 1264 2117 1317 illaut
2149 1262 2413 1331 pertinere
2446 1259 2669 1313 dicimus
2709 1256 2773 1308 ad
2808 1255 2925 1309 illas
2955 1254 3170 1308 divitias
3198 1268 3315 1321 qnte
3348 1253 3535 1306 oculos

299 1349 487 1402 tuentis
511 1359 745 1412 acuunt,
792 1359 856 1404 et
908 1352 1115 1422 quibus
1141 1352 1297 1407 dives
1331 1354 1395 1406 ιιι
1435 1356 1634 1424 aliquis
1657 1356 1712 1408 in
1739 1353 1877 1407 omni
1909 1356 2057 1407 verba
2087 1362 2134 1407 et
2161 1354 2215 1405 in
2251 1351 2389 1405 υιιιιιὶ
2424 1350 2636 1403 scientia
2663 1348 2723 1400 η.
2750 1365 2770 1398 ι
2811 1346 2916 1400 Nec
2949 1347 3122 1399 minus
3156 1356 3335 1414 aperte
3360 1343 3534 1398 bomi-

297 1441 367 1495 lia
400 1443 457 1494 ll
493 1442 548 1495 in
584 1441 844 1495 Exodum
878 1459 1042 1498 suam
1076 1460 1139 1498 ea
1181 1446 1250 1500 de
1278 1461 1340 1500 re
1374 1457 1609 1501 mentem
1638 1448 1879 1499 declarat
1908 1446 1993 1499 his
2018 1443 2198 1499 verbis
2232 1461 2247 1497 :
2285 1462 2311 1493 ιι
2338 1443 2392 1495 Si
2424 1444 2541 1508 quis
2570 1450 2651 1494 est
2688 1439 2779 1508 qui
2822 1439 2999 1507 legens
3031 1436 3262 1506 Moysem
3294 1451 3531 1490 murmu-

300 1545 387 1585 rat
415 1534 676 1587 adversus
696 1547 853 1597 eum,
880 1541 942 1587 et
968 1534 1220 1603 displicet
1242 1537 1289 1588 ei
1315 1537 1397 1590 lex
1426 1550 1547 1603 quas
1570 1536 1858 1589 secundum
1884 1536 2114 1587 litteram
2150 1534 2347 1601 scripta
2371 1542 2475 1595 est,
2499 1530 2637 1598 quod
2664 1530 2715 1581 in
2743 1528 2920 1580 multis
2946 1542 3049 1579 non
3080 1527 3290 1579 videtur
3316 1541 3534 1579 servare

298 1621 785 1689 consequentiam,
836 1624 1089 1676 ostendit
1122 1626 1171 1677 ei
1215 1623 1426 1693 Moyses
1454 1634 1679 1691 petram,
1729 1638 1846 1691 quae
1873 1634 1958 1677 est
1986 1624 2253 1685 Christus,
2302 1632 2353 1676 et
2389 1619 2603 1674 adducit
2630 1632 2752 1672 eum
2781 1618 2846 1669 ad
2881 1617 3069 1685 ipsam,
3108 1627 3163 1667 ut
3209 1616 3330 1667 inde
3384 1617 3533 1672 bibat

296 1720 362 1765 et
404 1711 613 1765 reliciat
642 1710 795 1764 sitim
842 1725 1030 1763 suam.
1060 1730 1079 1761 ι
1136 1710 1336 1765 Verum
1369 1728 1497 1767 ecce
1540 1730 1603 1769 ex
1638 1713 1855 1769 homilia
1885 1712 2110 1780 septima
2150 1712 2200 1765 in
2231 1710 2519 1764 Leviticum
2547 1709 2768 1761 alterum
2814 1707 2984 1759 locum
3015 1706 3165 1774 longe
3201 1705 3417 1772 majoris
3442 1723 3533 1759 au-

297 1803 528 1857 daciae:
567 1819 587 1852 ι
610 1802 669 1855 Si
718 1803 1089 1865 assideamus,
1138 1804 1332 1871 inquit,
1369 1805 1581 1869 litterze,
1628 1816 1681 1859 et
1709 1806 1998 1860 secundum
2032 1806 2133 1858 hoc
2181 1803 2260 1857 vel
2295 1803 2434 1868 quod
2462 1798 2678 1863 Jlltl3:l8,
2730 1798 2810 1850 vel
2847 1799 2896 1850 id
2925 1796 3064 1865 quod
3113 1797 3268 1865 vulgo
3303 1798 3531 1859 videtur,

295 1895 650 1960 accipiamus
677 1909 805 1963 qua:
831 1895 888 1946 in
922 1894 1040 1962 lege
1068 1896 1275 1962 scripta
1305 1906 1454 1961 sunt,
1483 1897 1745 1950 erubesco
1771 1896 1954 1948 dicere
1979 1906 2035 1948 et
2061 1894 2304 1947 conﬁteri
2336 1892 2460 1959 quia
2497 1891 2629 1943 takes
2659 1891 2800 1958 leges
2827 1888 3035 1942 deJerit
3068 1888 3222 1941 Deus.
3267 1885 3535 1940 Videbun-

299 1994 404 2038 tnr
435 1986 579 2038 enim
604 1986 783 2053 magis
811 1985 1099 2051 elegantes
1120 1992 1174 2038 et
1203 1987 1559 2041 rationabiles
1583 1988 1859 2042 hominum
1886 1986 2048 2054 leges,
2076 1983 2223 2035 verbi
2252 1984 2444 2051 gratia,
2480 1980 2560 2034 vel
2583 1979 2963 2039 Romanorum,
2994 1977 3073 2029 vel
3103 1976 3531 2042 Atheniensium,

297 2074 397 2127 vel
431 2072 1004 2129 Lacedaemoniorum.
1036 2092 1055 2124 ι

568 2185 598 2255 §
644 2185 735 2238 ιιι.
787 2185 997 2238 Eadem
1026 2184 1284 2251 principia
1309 2182 1376 2235 ad
1407 2181 1634 2249 plurima
1665 2177 1862 2231 Veteris
1892 2177 2202 2232 Testamenti
2228 2188 2480 2245 prwcepta
2510 2180 2573 2231 ab
2605 2180 2825 2249 Origene
2844 2185 3321 2238 accommodantur.

391 2295 634 2349 llomilia
670 2304 863 2363 quarta
899 2295 956 2349 in
989 2304 1161 2363 caput
1187 2303 1394 2347 sextum
1422 2292 1645 2345 Levitici
1675 2289 1948 2357 explicans
1983 2289 2086 2342 ista
2120 2289 2281 2342 verba
2315 2306 2329 2341 :
2361 2289 2662 2359 Quicunque
2703 2295 2925 2361 tetigerit
2968 2296 3318 2363 sanctiﬁcata.
3351 2306 3399 2351 et
3425 2297 3534 2364 ipse

297 2386 768 2450 sanctiﬁcubitur,
819 2385 898 2437 ait
934 2402 948 2436 :
990 2402 1009 2434 ι
1037 2384 1385 2437 Redcuudum
1420 2388 1503 2434 est
1533 2381 1689 2434 nobis
1720 2382 1783 2432 ad
1817 2379 2181 2446 expositiones
2212 2378 2546 2443 evangelicae
2580 2389 2743 2447 atque
2779 2383 3120 2449 apostolicus,
3168 2398 3225 2437 ut
3253 2384 3336 2437 lex
3367 2387 3534 2453 possit

301 2474 581 2541 intelligi.
649 2473 761 2526 Nisi
801 2475 949 2526 enim
979 2473 1231 2526 velamen
1265 2470 1549 2523 abstulerit
1600 2469 1945 2536 Evangelium
1992 2467 2058 2521 de
2107 2466 2243 2520 facie
2273 2468 2463 2536 Moysi,
2496 2483 2598 2521 non
2634 2479 2805 2535 potest
2855 2472 3021 2525 videri
3053 2473 3230 2526 vultus
3270 2473 3405 2541 ejus,
3437 2490 3534 2531 nec

302 2578 515 2617 sensus
543 2563 669 2632 ejus
700 2563 957 2632 intelligi.
1023 2561 1162 2615 Vide
1193 2575 1326 2626 ergo
1366 2562 1630 2627 quomodo
1660 2561 1711 2612 in
1737 2558 1973 2611 Ecclesia
2005 2558 2363 2624 apostolorum
2390 2558 2632 2626 discipuli
2665 2560 2855 2613 adsunt
2886 2562 2969 2615 his
3000 2578 3119 2631 qua:
3147 2564 3351 2635 Moyses
3384 2566 3529 2619 serio

299 2653 439 2720 psit,
477 2664 537 2706 et
560 2652 874 2706 defendunt
900 2668 961 2706 ea
995 2652 1140 2718 quod
1163 2658 1219 2703 et
1247 2650 1636 2703 rationabiliter
1658 2649 1864 2718 intpleri
1893 2657 2112 2717 queant,
2150 2657 2204 2701 et
2230 2648 2621 2704 rationabiliter
2649 2654 2847 2719 scripta
2880 2654 3022 2717 sint;
3065 2652 3369 2709 Iudaeorum
3400 2670 3529 2709 vero

300 2741 574 2794 doctores
618 2752 676 2793 et
728 2739 1097 2808 impossibilia
1132 2741 1246 2793 haec
1276 2750 1331 2794 et
1359 2738 1769 2799 irrationabilia,
1801 2749 2087 2806 sequentes
2118 2736 2371 2801 litteram,
2406 2739 2628 2794 l'aciunt.
2659 2760 2678 2792 ι
2724 2741 2960 2796 Ulterius
2985 2744 3158 2798 adhuc
3181 2746 3530 2812 progreditur

301 2827 541 2880 bomilia
568 2828 830 2895 sequenti
854 2844 868 2879 :
898 2843 919 2875 ι
943 2825 1069 2879 [hec
1093 2828 1293 2887 omnia,
1326 2828 1521 2895 inquit,
1546 2828 1646 2879 nisi
1675 2827 1778 2879 alio
1806 2840 1966 2879 sensu
1995 2825 2321 2893 accipiamus
2345 2842 2503 2895 quam
2533 2828 2724 2885 littera:
2748 2839 2944 2896 textus,
2977 2833 3116 2886 sicut
3137 2833 3249 2902 jam
3273 2834 3528 2895 diximus,

298 2929 430 2967 cum
475 2914 532 2966 in
566 2914 821 2968 Ecclesia
859 2916 1179 2978 recitantur,
1235 2916 1568 2969 obstaculum
1605 2917 1775 2986 magis
1820 2927 1875 2970 et
1924 2917 2322 2972 subversionem
2349 2918 2666 2972 Christiana:
2715 2921 2976 2988 religioni,
3029 2936 3189 2989 quam
3264 2922 3529 2976 rationem

292 3004 857 3072 aediﬁcationemque
909 3004 1272 3071 prastabunt.
1304 3024 1322 3056 ι
1381 3005 1508 3058 Item
1540 3005 1631 3059 lib.
1658 3020 1708 3057 tv
1741 3003 1813 3056 De
1841 3004 2132 3072 principiis,
2180 3020 2328 3061 num.
2356 3005 2443 3069 l7,
2473 3005 2575 3059 alia
2609 3006 2744 3075 legis
2778 3018 3037 3075 prtecepta
3085 3009 3271 3071 refert,
3317 3024 3435 3077 quae
3462 3010 3531 3062 ad

288 3094 560 3149 litteram
596 3104 762 3166 putat
791 3096 878 3150 vel
910 3112 1020 3150 non
1051 3096 1269 3161 debere,
1317 3097 1402 3151 vel
1449 3113 1551 3150 non
1584 3112 1742 3165 posse
1790 3097 2014 3152 servari.
2077 3116 2095 3148 ι
2118 3095 2174 3149 Si
2206 3099 2270 3149 ad
2305 3097 2467 3165 leges,
2515 3097 2701 3165 inquit,
2730 3100 2891 3152 etiam
2924 3098 3186 3154 Mosaicae
3228 3101 3530 3164 veniamus,

280 3192 591 3262 plurimae,
624 3190 671 3242 si
704 3191 772 3243 ad
806 3191 1047 3243 litteram
1075 3189 1424 3245 observanda:
1452 3198 1601 3251 sunt,
1632 3191 1962 3253 absurdum;
2012 3190 2131 3244 alia:
2161 3190 2483 3256 tmpossibile
2512 3190 2843 3258 praecipiunt.
2894 3192 3196 3246 Ahsurdum
3230 3201 3317 3245 est
3347 3193 3528 3246 vultu-

275 3296 421 3336 rum
471 3296 636 3333 esum
668 3280 976 3348 prohiberi,
1015 3296 1139 3333 cum
1171 3292 1326 3333 nemo
1358 3292 1424 3331 ne
1454 3289 1692 3331 extrema
1719 3268 1927 3345 quidem
1957 3288 2177 3345 urgente
2211 3278 2350 3332 [ante
2377 3294 2443 3333 eo
2470 3278 2660 3333 adduci
2693 3280 2943 3347 potuerit,
2976 3291 3034 3333 ut
3060 3281 3126 3334 ad
3158 3280 3297 3334 istud
3328 3280 3530 3335 animal

268 3371 667 3442 cauifugeret.
731 3372 871 3427 Octo
900 3374 1112 3428 dierum
1148 3370 1381 3424 infantes
1411 3384 1516 3423 non
1549 3368 1859 3422 circumcisi
1890 3371 2238 3423 exterminari
2266 3384 2295 3423 e
2326 3384 2521 3439 genere
2547 3384 2642 3423 suo
2665 3371 2940 3439 iubentur,
2966 3386 3087 3425 cum
3120 3374 3295 3442 potius
3326 3374 3372 3427 si
3401 3374 3529 3443 qui]

262 3465 348 3516 de
390 3464 498 3517 his
537 3463 609 3515 ad
639 3463 885 3517 litteram
931 3462 1223 3516 servandis
1273 3460 1622 3515 sanciemlmn
1657 3470 1793 3521 erat,
1829 3461 2043 3529 praecipi
2095 3469 2370 3528 oporteret
2400 3470 2457 3513 ut
2500 3476 2683 3515 eorum
2720 3472 2970 3528 parentes
2999 3463 3082 3517 vel
3105 3478 3292 3518 eorum
3330 3465 3525 3520 altores

256 3556 793 3613 interﬁcerentur.
830 3555 994 3608 Nunc
1027 3563 1208 3606 autem
1261 3553 1335 3604 ait
1365 3550 1642 3618 Scriptura
1676 3566 1689 3601 :
1723 3548 1904 3602 Omnis
1944 3566 2054 3603 mas
2095 3552 2486 3605 incircumcisus
2514 3552 2603 3620 qui
2634 3567 2735 3603 non
2763 3552 3160 3607 circumcidetur
3204 3565 3383 3609 octavo
3417 3556 3525 3621 die,

249 3650 506 3718 peribit
561 3647 627 3697 de
677 3647 863 3713 papula
918 3661 1018 3698 suo
1040 3644 1108 3698 ".
1152 3642 1301 3708 Quod
1332 3642 1380 3695 si
1431 3639 1776 3708 impossibilia
1818 3654 1937 3707 quae
1965 3638 2077 3707 lege
2107 3642 2509 3710 praecipiuntur,
2560 3643 2719 3694 vultis
2746 3657 2990 3707 noscere,
3034 3647 3531 3705 animadvertamus

248 3735 706 3807 tragelaphum
735 3750 798 3787 ex
830 3734 901 3789 iis
932 3747 1056 3787 esse.
1088 3730 1450 3783 animantibus
1475 3741 1591 3797 qua:
1618 3727 1914 3781 consistere
1950 3728 2001 3780 in
2034 3741 2208 3781 rerum
2239 3738 2424 3782 natura
2476 3744 2578 3782 non
2634 3738 2856 3797 possunt
2891 3748 2905 3784 :
2939 3746 3094 3800 quem
3135 3743 3309 3789 tamen
3346 3746 3404 3792 ut
3428 3754 3523 3808 pn-

243 3843 422 3886 rum
452 3825 625 3893 jubet
652 3839 746 3878 nos
778 3825 995 3893 Moyses
1025 3821 1242 3877 oﬂerre.
1284 3820 1550 3890 Gryphcm
1587 3834 1857 3888 nunquam
1908 3820 2147 3873 auditum
2176 3830 2258 3873 est
2288 3823 2353 3875 ab
2382 3822 2596 3875 homine
2622 3831 2835 3890 captum
2869 3838 2988 3877 esse
3018 3841 3033 3877 :
3067 3841 3225 3893 quem
3255 3828 3524 3887 nihilomi-

253 3931 403 3972 nus
449 3916 553 3967 edi
590 3923 738 3966 vetat
772 3912 1075 3983 legislator.
1124 3910 1230 3964 Sed
1263 3919 1318 3964 et
1350 3908 1835 3963 celebratissimum
1874 3905 2162 3962 Sabbatum
2193 3909 2239 3961 ei
2273 3910 2364 3978 qui
2399 3918 2651 3963 accurate
2678 3912 3023 3978 perpenderit
3052 3914 3165 3968 haec
3193 3917 3350 3969 verba
3377 3933 3395 3970 :
3424 3916 3529 3974 So-

246 4005 502 4060 debitis
544 4003 692 4054 domi
718 4013 903 4055 vestra
929 4001 1144 4069 singuli,
1177 4014 1323 4051 nemo
1356 4007 1573 4051 vestrum
1596 4008 1741 4050 exeat
1769 4011 1796 4049 e
1824 3995 1937 4049 loco
1968 4013 2065 4051 suo
2096 3997 2182 4050 die
2204 3998 2420 4066 septima
2443 3998 2509 4063 εί,
2542 3998 2805 4053 videbitur
2848 4015 2954 4054 non
2989 4015 3147 4070 posse
3181 4004 3247 4057 ad
3283 4004 3520 4062 litteram

190 4132 197 4139 -
250 4093 630 4155 observari,
659 4106 784 4143 cum
818 4091 1027 4143 nullum
1056 4087 1255 4141 animal
1284 4101 1378 4155 per
1409 4094 1570 4140 totam
1600 4087 1740 4138 diem
1771 4086 2048 4139 immotum
2074 4088 2261 4140 sedere
2293 4098 2471 4154 queat.
2495 4105 2513 4137 ι

247 4208 295 4282 §
356 4204 471 4260 IV.
520 4201 616 4255 Ea;
651 4204 892 4282 Origenis
926 4211 1095 4255 mente
1127 4200 1396 4282 in_Veteri
1420 4198 1741 4282 Testamento
1769 4199 2008 4282 quendam
2043 4208 2113 4280 ut.
2147 4209 2621 4282 glest'a‘narrantur,
2662 4217 2777 4268 qute
2805 4210 2976 4282 tamen
3006 4219 3268 4282 nunquam
3294 4208 3524 4277 contige-

590 4267 882 4336 runtfalia
912 4287 1032 4343 qua:
1056 4280 1209 4336 prout
1239 4268 1557 4334 referuntur,
1582 4267 1717 4333 falsa
1740 4279 1886 4329 sunt,
1909 4283 1972 4320 ac
1998 4267 2214 4336 proinde
2240 4268 2455 4321 litterati
2497 4285 2647 4322 sensu
2674 4267 2776 4321 non
2813 4279 2930 4322 sunt
2961 4267 3278 4338 accipienda.

351 4387 730 4453 Argumento
774 4384 1008 4452 primum
1040 4382 1146 4433 erit
1181 4381 1232 4433 id
1278 4380 1419 4449 quod
1451 4378 1666 4432 bomilia
1699 4387 1850 4432 sexta
1904 4379 1959 4432 in
1990 4378 2238 4433 Genesim
2274 4380 2339 4433 de
2371 4381 2589 4434 historia
2622 4380 2767 4435 Sorte
2810 4392 2863 4435 et
2891 4383 3201 4440 Abimelech
3223 4390 3521 4445 adnotavit.

264 4496 295 4531 ς
327 4476 495 4542 Quae
550 4472 728 4535 nobis,
762 4471 966 4537 inquit,
996 4470 1282 4522 ardilicatio
1308 4471 1409 4521 erit
1443 4467 1759 4534 legentibus,
1810 4467 2077 4521 Abraham
2110 4476 2312 4520 tautmn
2341 4468 2724 4536 patriarchant,
2752 4485 2856 4522 non
2890 4471 3059 4524 solum
3094 4480 3372 4530 mentltum
3402 4492 3524 4535 esse

262 4563 647 4625 Abimelecb
677 4562 811 4629 regi,
843 4560 937 4613 sed
972 4569 1029 4611 et
1058 4559 1367 4626 pudicitiam
1398 4558 1643 4626 conjugis
1670 4557 2010 4625 prodidisse?
2044 4557 2176 4623 Quid
2210 4574 2303 4612 nos
2333 4561 2560 4613 aediﬁcat
2595 4562 2727 4615 tanti
2764 4563 3079 4631 patriarcha:
3106 4582 3259 4631 uxor,
3294 4569 3337 4623 si
3366 4581 3520 4639 pute-

269 4674 383 4716 tur
419 4653 1003 4710 containinationibus
1036 4651 1277 4718 exposita
1313 4665 1409 4717 per
1433 4650 1831 4702 conniventiam
1865 4651 2202 4704 maritalem?
2256 4650 2375 4705 Haec
2403 4650 2568 4705 Judaei
2601 4664 2808 4722 putent,
2855 4666 2911 4709 et
2933 4657 2978 4709 si
3012 4656 3105 4724 qui
3136 4674 3258 4712 cum
3288 4663 3368 4715 eis
3395 4676 3520 4719 sunt

268 4754 522 4806 littera:
557 4746 736 4807 amici,
777 4759 884 4796 non
937 4744 1183 4811 spiritus.
1214 4763 1233 4793 ι
1266 4742 1551 4795 llistoriam
1590 4741 1843 4796 Rebeccae
1866 4758 2026 4811 quam
2075 4745 2234 4796 refert
2261 4744 2475 4797 bomilia
2511 4746 2576 4797 lO
2625 4747 2676 4799 in
2711 4750 2956 4803 eumdem
3002 4749 3272 4805 Geneseos
3301 4752 3520 4820 librum,

272 4845 404 4898 hac
439 4838 525 4891 ad
560 4836 842 4889 auditores
868 4834 1294 4903 interrogatione
1325 4834 1593 4886 concludit
1626 4848 1640 4885 :
1678 4853 1693 4883 ι
1722 4833 1842 4886 Ιιωιε
1875 4835 2077 4887 fabulas
2106 4835 2305 4901 putatis
2335 4851 2474 4897 esse,
2526 4846 2579 4889 et
2606 4838 2857 4892 historias
2889 4855 3109 4893 narrare
3141 4843 3191 4893 in
3227 4841 3519 4911 Scripturis

277 4929 589 4997 Spiritum
621 4922 922 4978 sanetum?
951 4958 966 4973 .
993 4956 1009 4973 .
1042 4957 1055 4972 .
1120 4920 1269 4986 Stepe
1292 4922 1401 4988 jam
1428 4920 1533 4973 dixi
1566 4920 1704 4988 quod
1739 4920 1792 4971 in
1823 4919 1907 4973 his
1941 4935 2043 4972 non
2074 4923 2307 4975 historiae
2338 4932 2645 4986 narrantur,
2677 4926 2768 4978 sed
2803 4927 3055 4995 mysteria
3084 4935 3468 4984 contexuntur.
3493 4950 3512 4982 ι

280 5023 558 5086 ldipsum
594 5014 938 5081 paradoxum
989 5009 1233 5061 obtrudit
1260 5010 1472 5064 bomilia
1510 5011 1678 5077 prima
1710 5012 1761 5063 in
1794 5010 2030 5079 Exedunt
2058 5025 2072 5062 :
2110 5028 2129 5060 ι
2156 5009 2266 5063 Non
2313 5011 2484 5071 nobis,
2539 5013 2732 5079 inquit,
2765 5013 2877 5066 haec
2906 5015 2971 5067 ad
3004 5015 3281 5067 historiam
3313 5018 3516 5085 scripta

287 5118 459 5169 sunt.
492 5119 677 5172 neque
702 5102 1012 5171 putandum
1045 5109 1126 5152 est
1152 5099 1315 5154 libros
1356 5101 1564 5154 divinos
1595 5099 1967 5170 Egyptiornm
2017 5110 2163 5167 gesta
2191 5114 2430 5152 narrare.
2479 5099 2584 5154 Sed
2619 5119 2737 5170 (pne
2769 5104 2965 5171 scripta
2999 5111 3143 5165 sunt,
3180 5101 3245 5152 ad
3280 5114 3516 5156 nostram

290 5198 625 5257 doctrinam
672 5194 883 5260 scripta
914 5198 1065 5242 sunt.
1094 5205 1113 5236 ι
1180 5187 1243 5240 Ει
1269 5189 1480 5242 bomilia
1511 5193 1561 5242 in
1592 5190 1836 5243 emndem
1884 5189 2078 5242 librum
2115 5190 2371 5247 secunda,
2414 5188 2499 5241 ubi
2530 5192 2595 5244 de
2622 5190 2886 5260 Egyptiis
2931 5189 3316 5244 obstetricibus
3345 5203 3524 5241 sermo

294 5300 383 5344 est
420 5302 439 5341 :
483 5305 504 5336 ι
533 5285 617 5349 Si,
651 5283 862 5351 inquit,
894 5276 1200 5331 secundum
1235 5277 1465 5331 historia:
1495 5278 1856 5330 narrationem
1885 5277 2215 5345 suscipienda
2242 5285 2425 5331 essent
2450 5293 2571 5345 (pne
2595 5281 2796 5347 scripta
2830 5290 2978 5340 sunt,
3010 5278 3224 5329 videtur
3251 5272 3356 5323 hoc
3384 5278 3530 5338 quod

295 5380 435 5437 dicit
466 5376 791 5447 Scriptura,
844 5368 982 5436 quia
1020 5379 1128 5417 non
1178 5363 1411 5419 fecerunt
1455 5366 1774 5420 obstetrices
1812 5367 2101 5420 secundum
2133 5367 2273 5435 quod
2322 5378 2654 5434 praeceperat
2696 5369 2774 5423 eis
2821 5383 2912 5422 rex
2938 5362 3177 5432 Egypli.
3224 5368 3372 5410 stare
3418 5373 3530 5413 non

367 5533 406 5563 ﬂ
428 5530 477 5587 ﬂ
504 5532 642 5587 Cor.
690 5540 783 5582 ιιι.
836 5521 932 5587 6.7
996 5517 1040 5547 “
1077 5515 1388 5587 Ezeclt,xx,
1437 5521 1527 5572 ‘25.
1601 5522 1642 5552 ¹⁵
1672 5520 1801 5573 Ibid.
1853 5521 1887 5572 ἓ

2038 5524 2079 5555 ³⁸
2115 5523 2151 5577 ll
2182 5524 2309 5577 Cor.
2343 5535 2422 5585 tu,
2461 5521 2517 5583 7,
2553 5524 2606 5578 8.
2680 5525 2716 5555 ιτ
2746 5524 2891 5575 ltom.
2918 5532 2992 5577 Ix,
3026 5513 3117 5565 15.
3192 5506 3234 5538 ⁸⁸
3258 5505 3415 5567 lbid.,
3447 5510 3538 5565 1").

295 5585 529 5661 ιιιιξυνξ
566 5616 608 5666 ι,
645 5597 706 5650 5.
799 5590 853 5621 ³ο
892 5586 1042 5638 ch.
1082 5597 1213 5644 xvtt,
1252 5585 1332 5637 14.
1406 5589 1445 5618 ³³
1474 5588 1639 5643 Exod.
1674 5604 1784 5650 χιι,
1811 5588 1902 5642 29.
