3878 6198
422 321 490 379 19
1631 314 1953 369 PRAZFATlt

2186 316 2316 370 ΓΟΜ.
2360 314 2424 370 ll.
3625 295 3717 347 ΞΟ

417 445 590 508 pesse.
622 449 638 479 ι
684 430 747 482 Ει
777 438 1053 500 postquam
1085 431 1259 497 inepta
1289 445 1510 497 prorsus
1535 443 1598 482 ac
1624 428 1758 480 futili
1789 427 2082 481 subtilitate
2114 430 2166 481 id
2190 430 2417 497 probare
2441 440 2659 483 conatus
2682 438 2778 492 est,
2811 429 2887 482 sic
2917 428 3090 480 infert
3127 442 3140 478 :
3178 440 3198 475 ι
3226 420 3379 475 "me
3425 413 3714 508 interim-

420 495 636 588 propter
662 531 754 572 eos
778 495 874 585 qui
905 495 1060 572 amici
1094 495 1214 572 sunt
1249 495 1456 581 litterae,
1492 527 1544 572 et
1575 532 1675 570 non
1708 526 1892 584 putant
1923 517 2089 585 legem
2128 495 2421 586 spiritalem
2451 535 2587 582 esse,
2616 529 2666 572 et
2690 519 3002 587 spiritaliter
3027 509 3412 577 intelligenda
3426 518 3519 554 ιιι.
3579 495 3718 552 Sed

414 624 508 661 nos
542 610 632 677 qui
660 611 833 661 omnia
865 626 982 678 quae
1007 611 1202 677 scripta
1229 621 1372 674 sunt,
1411 625 1513 662 non
1546 624 1642 677 pro
1673 609 2067 662 narrationibus
2092 610 2494 676 antiquitatmn,
2527 611 2616 662 sed
2639 624 2732 675 pro
2759 608 3044 674 disciplina
3069 611 3124 656 et
3154 599 3432 653 utilitate
3473 597 3717 678 nostra

413 676 697 750 didicimus
721 676 937 766 scripta,
969 701 1079 752 haec
1114 676 1229 765 quae
1254 701 1515 767 leguntur,
1549 676 1708 752 etiam
1743 712 1880 750 nunc
1908 697 2020 750 fieri
2055 698 2106 749 in
2146 700 2242 751 hoc
2271 698 2492 759 mundo,
2523 700 2608 764 qui
2638 697 2898 765 Egyptus
2926 688 3225 761 figuraliter
3253 685 3548 741 dicitur,
3594 676 3717 730 sed

415 786 465 836 in
500 802 816 854 unoquoque
846 799 1080 842 nostrmn
1110 789 1552 856 deprehendimus
1577 825 1591 841 .
1619 825 1632 840 .
1661 825 1676 840 .
1718 785 1828 838 lloc
1857 785 1898 836 si
1933 786 2002 836 ita
2034 787 2345 853 accipiatur,
2383 799 2438 837 ut
2488 787 2737 852 scriptum
2767 795 2866 847 est,
2899 798 3003 835 non
3039 779 3212 833 solum
3245 773 3421 828 nihil
3465 779 3718 865 conse-

409 880 664 948 quentia),
703 880 793 932 sed
826 891 879 932 et
911 881 1180 933 inanitatis
1213 881 1406 932 habere
1440 879 1724 946 plurimum
1773 875 2060 929 videbitur.
2086 896 2103 926 ι
2155 876 2323 927 Aliam
2364 875 2618 939 triumphi
2655 874 2926 925 materiam
2979 869 3252 936 reperisse
3309 876 3386 914 se
3443 863 3718 926 ρυιεινιι

412 965 466 1017 in
497 975 682 1019 octavo
715 975 766 1021 et
815 983 954 1021 nono
999 969 1159 1022 Josue
1191 969 1477 1035 capitibus,
1510 967 1598 1019 ubi
1635 965 1792 1020 Josue
1820 969 2018 1019 dicitur
2049 980 2113 1018 ex
2143 979 2397 1030 expresso
2425 964 2513 1015 Dei
2548 970 2601 1016 et
2638 962 2830 1030 Moysis
2863 963 3117 1012 mandato
3152 960 3483 1022 integrum
3532 949 3674 1046 Dett
3695 971 3714 982 -

412 1055 762 1108 teronominm
816 1057 865 1109 in
899 1058 1160 1124 lapidibus
1191 1058 1543 1124 inscripsisse.
1609 1076 1625 1106 ι
1651 1057 1923 1120 Quomodo
1954 1057 2146 1125 (inquit
2176 1055 2391 1107 homilia
2425 1053 2456 1106 9
2507 1055 2558 1105 in
2591 1051 2770 1118 Josue)
2817 1052 3052 1118 potuerit
3086 1059 3195 1102 tam
3248 1053 3587 1111 magnum
3629 1035 3714 1086 li-

410 1144 566 1200 brum
597 1145 677 1197 vel
710 1147 1100 1210 assistentibus,
1151 1149 1230 1201 vel
1279 1148 1716 1216 permanentilms
1752 1149 1820 1200 ibi
1854 1149 1978 1200 filiis
2005 1147 2162 1200 Israel
2199 1146 2524 1208 describere,
2557 1149 2626 1198 ita
2680 1155 2737 1198 ut
2779 1159 2884 1197 non
2931 1141 3289 1196 discederent
3343 1143 3716 1200 usquequo

410 1236 674 1302 Scriptura
710 1247 783 1290 tet
815 1253 1060 1292 versuum
1100 1239 1376 1294 finiretur?
1412 1239 1508 1293 Vel
1540 1243 1702 1296 etiam
1737 1245 2004 1308 quomodo
2037 1241 2309 1309 potuerint
2341 1241 2540 1308 lapides
2569 1239 2751 1290 altaris
2787 1239 2928 1291 ferre
2965 1244 3071 1293 tam
3107 1232 3306 1301 magni
3349 1228 3510 1280 libri
3555 1240 3720 1275 con-

410 1325 738 1378 tinentiam?
793 1329 980 1380 Dicant
1024 1331 1152 1384 tnihi
1202 1331 1286 1383 isti
1316 1343 1609 1385 assertores
1640 1332 1827 1385 littera:
1862 1331 2051 1393 Judaei,
2101 1331 2190 1397 qui
2224 1330 2467 1398 spiritum
2501 1329 2630 1396 legis
2670 1329 2936 1395 ignorant,
2989 1326 3269 1393 quomodo
3312 1321 3380 1372 in
3432 1319 3565 1370 hoc
3604 1315 3716 1369 hi-

406 1415 590 1470 Storize
616 1417 812 1469 veritas
840 1419 1252 1473 den‘ionstratur.
1279 1439 1297 1472 ι
1334 1423 1449 1474 Alia
1473 1424 1733 1491 ejusmodi
1763 1424 2001 1490 exempla
2031 1421 2230 1491 profert
2263 1421 2354 1474 lib.
2381 1437 2431 1474 tv
2457 1421 2530 1472 De
2556 1422 2843 1488 principiis,
2875 1433 3022 1473 num.
3063 1417 3128 1468 l6
3159 1440 3172 1470 ;
3214 1433 3232 1464 ι
3264 1415 3441 1478 Quis
3470 1412 3712 1480 igitur,

357 1561 366 1568 ,
406 1504 600 1572 lnquit,
631 1523 776 1560 sanae
811 1512 1001 1564 mentis
1027 1513 1410 1568 existimaverit
1447 1516 1674 1583 primam
1702 1525 1756 1570 et
1787 1517 2072 1569 secundam
2107 1524 2156 1567 et
2185 1515 2397 1566 tertiam
2427 1514 2587 1577 diem,
2622 1524 2674 1565 et
2703 1525 3011 1579 vesperam,
3035 1516 3089 1560 et
3121 1520 3298 1560 mane
3333 1505 3493 1556 sine
3535 1502 3710 1566 sole,

407 1593 555 1658 luna,
581 1606 633 1649 et
661 1597 853 1662 stellis,
889 1609 940 1653 et
971 1615 1087 1653 eam
1121 1617 1236 1669 quae
1271 1603 1427 1657 veluti
1460 1605 1627 1672 prima
1658 1613 1796 1667 erat,
1823 1605 1960 1658 diem
1994 1604 2112 1657 sine
2141 1602 2278 1657 casio
2308 1601 2510 1654 fuisse?
2544 1602 2671 1666 Quis
2695 1602 2828 1654 adeo
2875 1599 3122 1658 stolidus,
3151 1607 3212 1648 ut
3243 1605 3446 1664 putet
3487 1593 3708 1645 Deum

407 1700 554 1742 more
577 1685 805 1742 hominis
835 1690 1077 1753 agricola:
1098 1692 1363 1758 plantasse
1393 1694 1602 1746 hortum
1654 1696 1704 1748 in
1733 1695 1878 1747 Eden
1931 1693 1994 1745 ad
2020 1695 2300 1754 orientem,
2337 1693 2422 1744 ubi
2459 1691 2653 1760 lignum
2683 1689 2802 1741 vitae
2829 1687 3066 1755 posuerit
3095 1687 3247 1752 quod
3290 1683 3426 1738 sub
3466 1681 3710 1735 oculos

407 1784 462 1828 et
508 1791 694 1830 sensus
726 1779 962 1842 caderet,
995 1790 1051 1833 nt
1082 1783 1168 1850 qui
1202 1784 1473 1850 corporeis
1503 1785 1753 1839 dentibus
1801 1785 2028 1837 fructum
2075 1791 2364 1853 gustasset,
2398 1783 2556 1833 vitam
2591 1781 2712 1832 inde
2743 1779 3028 1844 reciperet,
3059 1783 3113 1828 et
3147 1788 3376 1826 rursus
3436 1771 3602 1825 boni
3640 1778 3711 1822 et

406 1864 532 1918 mali
564 1867 830 1936 particeps
857 1870 1030 1932 fieret,
1080 1874 1168 1942 qui
1214 1873 1440 1926 fructum
1471 1889 1535 1927 ex
1570 1876 1669 1928 hac
1707 1876 1900 1928 arbore
1926 1875 2234 1940 decerptum
2265 1871 2622 1924 comedisset'
2669 1869 2734 1921 Et
2761 1883 2878 1920 cum
2908 1867 3046 1918 Deus
3079 1863 3336 1917 meridie
3374 1863 3443 1915 in
3497 1875 3706 1929 para-

404 1953 520 2011 diso
551 1957 825 2011 ambulare
869 1958 1082 2024 dicitur,
1126 1972 1182 2015 et
1207 1962 1375 2015 Adam
1407 1963 1504 2016 sub
1546 1965 1739 2018 arbore
1770 1964 2100 2024 delitescere,
2137 1962 2398 2015 neminem
2435 1961 2666 2013 arbitror
2692 1959 2937 2012 dubitare
2984 1955 3067 2009 bis
3098 1957 3362 2021 ligurate
3406 1968 3538 2022 per
3570 1968 3700 2020 ap-

404 2051 678 2113 Ρπθηίθίη
711 2043 1010 2108 bisull‘iam,
1041 2062 1156 2115 qum
1187 2058 1356 2102 tamen
1385 2051 1733 2118 corporaliter
1764 2066 1868 2104 non
1895 2051 2204 2118 contigerit,
2235 2049 2475 2116 qumdam
2510 2048 2732 2101 indicari
2767 2047 3038 2117 mysteria.
3089 2045 3230 2098 Cain
3265 2057 3546 2111 quoque
3589 2056 3700 2096 re-

403 2128 600 2186 cedens
627 2145 655 2182 a
713 2145 997 2202 conspectu
1035 2137 1147 2198 Dei,
1204 2139 1484 2191 manifeste
1532 2141 1842 2206 prudentem
1894 2139 2146 2192 lectorem
2178 2149 2352 2190 movet
2404 2146 2460 2189 ut
2489 2137 2722 2204 requirat
2755 2137 2883 2204 quid
2927 2134 3091 2189 facies
3122 2134 3222 2187 Dei
3286 2134 3408 2196 sit.
3450 2144 3522 2186 el
3560 2149 3699 2203 quo

402 2235 558 2280 sensu
592 2225 712 2292 quis
743 2227 890 2280 exire
939 2228 1102 2294 possit
1146 2228 1212 2281 ab
1241 2246 1320 2282 ea.
1388 2233 1489 2284 Sed
1523 2232 1650 2298 quid
1690 2232 1878 2284 attinet
1907 2232 2056 2298 plura
2092 2229 2290 2291 dicere,
2342 2243 2460 2282 cum
2496 2228 2769 2280 innumera
2814 2226 3074 2294 ejusmodi
3129 2225 3368 2293 scripta
3409 2226 3693 2297 quidem

401 2325 520 2369 esse
547 2323 795 2382 umquam
834 2329 979 2386 gesta
1011 2319 1233 2381 fuerint;
1270 2336 1370 2374 non
1400 2332 1544 2389 gesta
1590 2336 1715 2374 vero
1740 2331 1802 2376 ut
1836 2322 2008 2377 littera
2039 2328 2214 2382 sonat,
2261 2319 2453 2381 ouivis,
2486 2319 2642 2370 niodo
2676 2333 2778 2371 non
2813 2318 2966 2385 plane
2993 2316 3160 2384 stipes
3192 2314 3301 2380 sit,
3363 2317 3696 2386 colligere

399 2406 588 2477 possit.
610 2424 628 2458 ι

307 2547 315 2550 ”
401 2541 430 2612 θ
485 2539 558 2612 ν(
587 2541 656 2612 In
684 2542 853 2594 littera
898 2553 944 2595 et
975 2544 1204 2595 historiis
1247 2519 1550 2610 euangelicis
1578 2544 1806 2595 admittit
1837 2543 2079 2610 Origenes
2117 2538 2404 2600 mendacia,
2428 2547 2474 2588 et
2503 2538 2548 2612 ei
2587 2537 2890 2589 videbantur
2921 2537 3260 2605 evangelista?
3299 2541 3483 2608 facta
3518 2559 3691 2595 non-

470 2610 614 2661 nulla
639 2610 750 2662 loco
795 2629 897 2664 non
925 2628 1018 2664 suo
1053 2628 1291 2663 narrasse
1324 2605 1779 2678 etwinlet‘polasse;
1814 2614 1916 2662 alia
1934 2605 2115 2662 'antem
2149 2618 2200 2660 ut
2230 2619 2367 2674 gesta
2397 2605 2647 2670 retulisse,
2681 2621 2797 2673 qua:
2834 2616 3003 2658 tamen
3053 2605 3347 2675 nunquam
3396 2613 3695 2680 contige-

470 2687 614 2731 runt.

477 2802 496 2834 ι
522 2783 600 2836 Ad
635 2782 1071 2852 approbationem
1108 2784 1296 2837 horum
1332 2782 1532 2850 (inquit
1579 2781 1760 2834 homil.
1785 2779 1816 2836 6
1853 2781 1902 2833 in
1937 2780 2146 2850 Isaiam)
2180 2790 2236 2835 et
2277 2782 2498 2837 alterius
2543 2782 2726 2850 scripti
2774 2781 2841 2835 de
2878 2781 3168 2852 Evangelio
3224 2789 3685 2845 testimonium

401 2871 754 2946 proferemus,
789 2873 926 2939 quod
953 2873 1105 2940 juxta
1136 2887 1230 2926 eos
1277 2874 1365 2940 qui
1417 2881 1619 2924 tantum
1656 2872 1887 2924 litteram
1929 2884 2245 2938 sequuntur,
2284 2873 2615 2926 mendacium
2647 2881 2747 2926 est.
2804 2873 2940 2926 Dicit
2968 2873 3229 2926 Salvator
3253 2885 3323 2928 et
3361 2875 3686 2934 Dominus

403 2975 586 3026 noster
613 2967 676 3017 ad
705 2965 992 3033 discipulos
1024 2965 1074 3016 in
1112 2964 1396 3032 Evangelio
1425 2963 1721 3026 secundum
1757 2963 2020 3016 Joannem
2051 2981 2064 3016 :
2091 2965 2153 3017 Si
2200 2965 2548 3027 credideritis,
2579 2980 2678 3015 non
2707 2965 2874 3016 solum
2893 2980 3010 3034 qua:
3039 2981 3130 3032 ego
3162 2964 3353 3032 facio,
3391 2967 3684 3037 facietis,

403 3056 491 3110 sed
517 3065 563 3108 et
594 3056 794 3124 majora
838 3057 1020 3106 horum
1053 3054 1254 3120 facietis
1275 3055 1339 3106 “.
1379 3052 1664 3107 Videamus
1691 3068 1819 3121 ergo
1853 3054 1895 3106 si
1942 3054 2140 3120 majora
2172 3055 2347 3121 aliqua
2376 3054 2601 3106 fecerint
2633 3053 2900 3122 discipuli.
2935 3056 3070 3118 Quid
3107 3055 3294 3124 majus
3330 3067 3437 3112 est
3476 3075 3680 3127 quam

402 3155 668 3204 mortuum
698 3145 993 3198 suscitare?
1018 3143 1167 3210 Quis,
1196 3158 1298 3196 non
1329 3144 1448 3197 dico
1477 3153 1735 3205 nostrum,
1773 3145 1863 3197 sed
1897 3143 2282 3210 apostolorum,
2319 3151 2583 3196 mortumn
2619 3144 2937 3197 suscitavit?
2984 3144 3170 3198 Refert
3207 3147 3482 3205 historia
3521 3154 3678 3220 quia

401 3233 597 3295 Paulus
625 3234 919 3303 Eutychum
953 3234 1292 3286 resuscitavit
1330 3248 1358 3284 a
1393 3235 1636 3297 mortuis,
1673 3241 1726 3287 et
1759 3232 1950 3286 Petrus
1983 3232 2251 3295 Tabitam,
2296 3248 2414 3299 qua:
2448 3233 2834 3300 interpretatur
2881 3236 3099 3288 Dorcas.
3160 3238 3281 3290 Ista
3347 3252 3574 3297 autem
3614 3259 3684 3303 et

403 3324 504 3386 alia
534 3324 834 3392 bujusmodi
866 3324 1090 3377 inveniri
1118 3333 1360 3391 possunt.
1404 3323 1504 3377 Ubi
1538 3331 1659 3376 sunt
1692 3325 1928 3392 majora?
1975 3323 2078 3377 Sed
2108 3333 2161 3376 et
2197 3339 2365 3377 caseos
2400 3323 2646 3377 Salvator
2684 3324 2806 3377 fecit
2839 3340 3056 3378 rursum
3089 3327 3314 3392 videre,
3361 3341 3456 3396 et,
3501 3339 3680 3402 quod

404 3418 576 3483 majus
607 3427 710 3482 est,
739 3433 832 3472 eos
866 3417 953 3485 qui
986 3418 1064 3470 sic
1094 3419 1203 3470 nati
1238 3419 1471 3471 fuerunt.
1527 3417 1825 3470 Exhibcant
1860 3433 1992 3484 quos
2022 3431 2192 3470 eaecos
2222 3419 2287 3470 ab
2315 3427 2468 3471 utero
2497 3418 2739 3470 manibus
2778 3418 3140 3485 apostolorum
3177 3431 3442 3478 curatos
3475 3443 3677 3496 aspe-

404 3509 601 3567 xerint.
642 3508 708 3561 Et
740 3508 840 3560 alia
877 3507 1083 3561 inﬁnita
1119 3515 1294 3574 potest
1320 3507 1385 3559 de
1418 3506 1707 3574 Evangelio
1733 3507 1973 3561 invenire
2005 3509 2095 3574 qui
2123 3508 2330 3575 qumrit,
2377 3507 2500 3573 quia
2530 3521 2701 3572 neque
2727 3507 2950 3574 apostoli
2980 3507 3061 3560 bis
3093 3510 3315 3576 majora
3363 3513 3679 3581 fecerint,

401 3610 576 3662 neque
605 3611 786 3649 eorum
816 3609 1171 3650 successores.
1216 3594 1409 3648 Verum
1441 3608 1616 3647 sermo
1643 3595 1930 3662 Scriptura:
1957 3597 2067 3649 tale
2098 3597 2348 3663 quiddam
2383 3595 2587 3648 locutus
2611 3603 2690 3648 est
2720 3611 2734 3647 :
2768 3594 2858 3648 llis
2891 3610 3008 3663 qlae
3041 3611 3140 3663 ego
3172 3597 3315 3664 feci,
3355 3617 3684 3674 corpora-

400 3686 541 3738 .ibus
576 3699 666 3738 vos
698 3683 894 3749 majora
946 3683 1174 3736 facietis.
1231 3683 1336 3750 Ego
1363 3683 1462 3735 feci
1512 3695 1792 3750 resurgere
1823 3697 1890 3735 ex
1921 3683 2142 3736 mortuis
2169 3683 2542 3750 corporaliter,
2596 3696 2688 3734 vos
2723 3695 3001 3750 resurgere
3029 3682 3244 3738 facietis
3273 3702 3356 3742 ex
3392 3701 3681 3754 mortuis

400 3773 728 3842 spiritaliter.
771 3771 878 3840 Ego
912 3772 1066 3825 caecis
1098 3771 1347 3824 sensibile
1389 3771 1489 3823 hoc
1549 3770 1724 3823 lumen
1777 3769 1942 3824 inludi
1977 3793 1990 3826 :
2018 3786 2111 3824 vos
2136 3771 2422 3837 spiritalem
2452 3770 2622 3824 lucem
2670 3785 2775 3822 non
2803 3771 3104 3824 videntibus
3135 3773 3386 3836 dabitis,
3446 3782 3679 3858 usque

401 3868 469 3920 ad
501 3866 640 3919 banc
665 3874 842 3918 autem
876 3866 1014 3918 diem
1049 3865 1160 3918 haec
1195 3863 1394 3928 majora
1441 3863 1592 3928 signa
1621 3861 1988 3929 corporalibus
2019 3878 2137 3930 qua:
2166 3861 2290 3913 fecit
2314 3861 2490 3924 Jesus,
2535 3876 2633 3929 ego
2665 3862 2816 3914 video
2848 3863 2961 3915 fieri
2993 3877 3087 3930 per
3116 3864 3526 3931 ﬁdellSsinlos
3571 3883 3682 3937 di-

399 3955 634 4024 scipulos
662 3955 809 4008 .lesu.
832 3974 850 4005 ι
919 3955 1084 4008 Temo
1117 3955 1396 4007 undecimo
1429 3954 1478 4005 in
1509 3953 1766 4006 Joannem
1828 3954 2034 4006 dubitat
2073 3969 2140 4006 an
2189 3968 2371 4007 revera
2403 3953 2646 4006 Christus
2691 3955 2985 4008 vendentes
3019 3971 3048 4008 e
3083 3960 3296 4026 templo
3341 3967 3628 4034 ejecerit
3659 3993 3676 4027 ε

406 4063 428 4103 σ
449 4045 504 4098 Si
534 4053 729 4105 tamen,
760 4043 950 4110 inquit,
983 4045 1092 4095 haec
1117 4043 1336 4095 historia
1369 4042 1612 4111 contigit.
1636 4061 1654 4093 ι
1691 4043 1970 4096 Dubitandi
2004 4056 2187 4094 ansam
2223 4044 2343 4095 inde
2373 4045 2554 4107 sumit,
2584 4046 2724 4110 quod
2753 4046 2894 4111 apud
2922 4045 3058 4098 alios
3083 4056 3196 4100 tres
3229 4061 3682 4121 evangelistas

401 4139 698 4205 ingressum
729 4133 849 4186 Jcsu
889 4133 1084 4186 Christi
1116 4133 1165 4184 in
1192 4132 1483 4184 Jerusalem
1532 4134 1643 4188 haec
1675 4133 1900 4186 historia
1937 4133 2187 4199 excipiat,
2220 4149 2248 4184 a
2282 4133 2487 4186 Joanne
2513 4149 2640 4188 vero
2686 4133 3039 4202 conjnngatur
3073 4137 3328 4202 ejusdem
3371 4147 3599 4205 itineri
3644 4172 3682 4209 (ε

399 4227 615 4283 Galilaea
652 4227 704 4279 in
735 4224 1024 4278 Jerusalem
1060 4233 1178 4292 post
1217 4224 1529 4276 miraculum
1564 4225 1614 4278 in
1649 4225 1847 4292 nuptiis
1896 4234 2184 4292 patratum.
2240 4226 2296 4278 ln
2329 4227 2574 4281 confesso
2609 4242 2745 4278 nunc
2774 4235 2854 4278 est
2899 4229 3035 4294 apud
3067 4242 3264 4282 onmes
3303 4234 3405 4288 bis
3445 4258 3481 4292 υ
3518 4243 3680 4300 ,ιρδιι

403 4319 697 4377 vendentes
725 4331 756 4370 ε
807 4315 1001 4383 templo
1040 4315 1239 4382 cjectos
1289 4315 1473 4380 fuisse,
1529 4318 1601 4369 uti
1636 4317 1801 4387 liquet
1831 4332 1895 4372 ex
1928 4317 2103 4370 verbis
2135 4320 2586 4387 evangelistarum
2637 4320 2776 4373 inter
2802 4331 2860 4370 se
2907 4319 3135 4372 collatis.
3187 4322 3396 4378 Aliter
3442 4340 3674 4390 tamen

402 4407 569 4462 sentit
595 4406 874 4474 Origenes,
910 4420 1004 4457 nec
1035 4405 1146 4458 fieri
1179 4419 1332 4473 posse
1357 4407 1650 4468 existimat,
1679 4414 1737 4457 ut
1767 4407 2242 4460 contradictionem
2275 4409 2536 4474 ejusmodi
2566 4409 2826 4478 quispiam
2861 4418 3154 4471 removeat,
3209 4420 3502 4478 quandiu
3571 4427 3679 4478 hi-

402 4496 604 4549 storico
635 4496 813 4548 sensui
848 4495 1160 4552 adhaerebit.
1212 4493 1375 4562 Negat
1406 4497 1496 4548 lib.
1526 4511 1574 4548 tv
1605 4495 1678 4548 De
1708 4498 1999 4564 principiis,
2044 4513 2188 4550 nuru.
2217 4501 2304 4563 l6,
2349 4501 2619 4555 Christum
2651 4515 2677 4550 a
2715 4498 2926 4552 diabolo
2963 4498 3290 4553 translatum
3339 4506 3554 4566 fuisse
3610 4517 3675 4570 in

401 4583 671 4637 excelsum
721 4593 973 4645 montem,
1027 4583 1168 4635 unde
1215 4598 1318 4635 uno
1349 4593 1612 4636 momento
1655 4587 1833 4637 omnia
1860 4587 2007 4640 orbis
2053 4595 2320 4642 terrarum
2353 4605 2513 4660 regna
2547 4592 2644 4642 sub
2672 4589 2852 4641 oculos
2887 4589 3000 4655 ejus
3035 4587 3375 4656 subjecerit.
3430 4619 3453 4648 ι
3495 4603 3672 4657 sex-

400 4680 554 4728 centa
580 4671 708 4734 alia,
743 4671 933 4739 inquit,
967 4673 1050 4725 his
1081 4672 1271 4724 similia
1304 4672 1352 4724 in
1383 4672 1681 4741 Evangeliis
1706 4678 1990 4730 observare
2015 4676 2139 4730 licet
2170 4683 2429 4736 attentius
2461 4681 2654 4750 legenti
2693 4697 2705 4732 :
2741 4677 2878 4730 unde
2907 4677 3117 4743 colliget
3141 4677 3206 4729 iis
3237 4694 3379 4746 quae
3423 4703 3675 4746 secun-

403 4763 528 4818 dum
572 4761 802 4821 litteram
835 4772 981 4832 gesta
1033 4771 1178 4827 sum,
1210 4763 1312 4814 alia
1351 4774 1555 4818 attexta
1605 4781 1722 4819 esse
1751 4783 1866 4834 qua-
1915 4784 2018 4822 non
2065 4773 2426 4843 contigerunt,
2454 4797 2471 4830 ι
2528 4772 2718 4829 Durius
2759 4769 2932 4821 adhuc
2971 4769 3204 4834 loquitur
3237 4781 3298 4824 et
3339 4780 3666 4845 majorem

403 4849 676 4919 paradoxo
707 4865 802 4903 suo
833 4851 1232 4918 amplitudinem
1267 4850 1454 4905 tribuit
1503 4864 1628 4906 tom.
1661 4870 1690 4908 x
1722 4855 1772 4906 in
1809 4855 1987 4920 Joau.,
2038 4873 2186 4912 utnu.
2214 4863 2272 4929 ἓ,
2329 4871 2416 4924 ubi
2451 4870 2515 4923 de
2546 4875 2753 4918 recessu
2787 4857 2909 4910 Josu
2956 4857 3006 4912 in
3035 4857 3316 4914 Galilmam
3360 4867 3506 4924 hwc
3543 4879 3668 4928 ad-

404 4947 590 4997 notat:
621 4954 639 4986 ι
668 4938 928 4994 llarumce
957 4955 1133 4997 rerum
1165 4941 1440 4994 veritatem
1469 4942 1626 4996 sitam
1674 4958 1793 4998 esse
1824 4959 2042 5002 necesse
2071 4959 2157 5002 est
2192 4953 2248 5009 in
2279 4975 2437 5019 sensu
2468 4951 2688 5033 spiritali
2715 4966 2729 5014 ;
2780 4955 2869 4998 aut
2894 4946 2937 5001 si
2969 4946 3312 5002 dissonantia
3353 4967 3662 5019 ηοωεοι-

401 5029 562 5092 vitur,
613 5028 962 5082 recedendum
1012 5037 1094 5084 est
1136 5046 1162 5082 a
1201 5031 1300 5084 title
1343 5031 1769 5100 Evangeliorum,
1809 5045 2059 5104 tanquam
2093 5059 2218 5110 qum
2252 5067 2383 5114 vere
2417 5028 2515 5115 "0"]
2561 5055 2667 5111 sint
2694 5041 2885 5105 scripta
2931 5051 3023 5102 per
3066 5032 3367 5104 Spiritum,
3442 5066 3664 5121 neque

399 5119 509 5210 sint
539 5117 826 5210 diviniora,
849 5134 1019 5186 neque
1045 5123 1245 5188 Optimo
1275 5124 1463 5179 ordine
1493 5136 1868 5181 commentata.
1932 5129 2175 5203 Utroque
2203 5150 2360 5208 enim
2392 5155 2542 5210 modo
2581 5142 2775 5206 dicit“r
2803 5125 3076 5190 Scrll‘mra
3111 5125 3379 5182 ("dm-"'18
3423 5117 3653 5202 fuisse,

400 5209 498 5272 Qui
531 5209 1259 5309 enim“recipiunt-quatuor
1289 5214 1594 5284 Evangelia,
1647 5232 1742 5271 nec
1771 5220 2087 5280 existimant
2135 5245 2496 5307 apparentem
2526 5223 2915 5309 dissonantia!“
2941 5229 3172 5306 auagoge
3199 5217 3484 5294 dissolvi,
3530 5238 3664 5290 sol-

403 5307 530 5350 vant
561 5297 841 5406 pracdiftas
871 5314 898 5350 a
934 5300 1086 5354 nobis
1115 5301 1468 5361 dubitationes
1512 5307 1576 5360 de
1625 5309 1934 5378 quadraginl

2124 5292 2229 5382 btis
2634 5323 2728 5404 (μή
2759 5306 2974 5406 mimi“
2996 5297 3186 5406 locum
3235 5309 3300 5363 ³³³
3314 5310 3469 5406 bii”?
3506 5337 3655 5388 ρυε-

403 5393 528 5436 sunt
560 5387 694 5453 apud
720 5384 997 5449 Joannem.
1057 5389 1262 5457 Dicant,
1299 5397 1511 5463 quando
1553 5365 1713 5451 fuerit
1741 5365 1896 5453 ιρεῦε
1927 5365 2807 5519 capt...:5;.‘CIQm'ZE'ELKQCX
2837 5414 2866 5452 a
2894 5393 3147 5466 baptismo
3173 5409 3268 5449 suo
3327 5402 3492 5472 dies,
3506 5365 3654 5472 vro};

467 5555 514 5599 ⁸³
543 5557 692 5613 Joan.
731 5578 836 5627 xw,
872 5563 954 5616 l2.
