  <div class='ocr_page' id='page_1' title='image "/cluster/home/n/w/nwhite01/storage/ocr_20150623/12 (Origen; pt. 2)/nyp.33433081862272/018.png"; bbox 0 0 3878 6310; ppageno 0'>
   <div class='ocr_carea' id='block_1_1' title="bbox 62 5532 203 6126">
    <p class='ocr_par' dir='ltr' id='par_1_1' title="bbox 66 5536 199 6126">
     <span class='ocr_line' id='line_1_1' title="bbox 66 5536 199 6126; baseline 0 0"><span class='ocrx_word' id='word_1_1' title='bbox 66 5536 199 6122; x_wconf 66' lang='lat' dir='ltr'><strong>l</strong></span> 
     </span>
    </p>
   </div>
   <div class='ocr_carea' id='block_1_2' title="bbox 210 3936 235 3949">
    <p class='ocr_par' dir='ltr' id='par_1_2' title="bbox 210 3936 235 3949">
     <span class='ocr_line' id='line_1_2' title="bbox 210 3936 235 3949; baseline 0 -2"><span class='ocrx_word' id='word_1_2' title='bbox 210 3936 235 3949; x_wconf 50' lang='grc' dir='ltr'><strong>ε,</strong></span> 
     </span>
    </p>
   </div>
   <div class='ocr_carea' id='block_1_3' title="bbox 434 332 1965 394">
    <p class='ocr_par' dir='ltr' id='par_1_3' title="bbox 434 332 1965 392">
     <span class='ocr_line' id='line_1_3' title="bbox 434 332 1965 392; baseline 0 -2"><span class='ocrx_word' id='word_1_3' title='bbox 434 335 488 390; x_wconf 75' lang='lat' dir='ltr'><strong>2i</strong></span> <span class='ocrx_word' id='word_1_4' title='bbox 1724 332 1965 392; x_wconf 59' lang='grc' dir='ltr'><strong>ΡΒᾹῖΐέ</strong></span> 
     </span>
    </p>
   </div>
   <div class='ocr_carea' id='block_1_4' title="bbox 2152 332 3683 394">
    <p class='ocr_par' dir='ltr' id='par_1_4' title="bbox 2152 334 3683 394">
     <span class='ocr_line' id='line_1_4' title="bbox 2152 334 3683 394; baseline 0.003 -4"><span class='ocrx_word' id='word_1_5' title='bbox 2152 336 2229 390; x_wconf 66' lang='lat' dir='ltr'><strong>AD</strong></span> <span class='ocrx_word' id='word_1_6' title='bbox 2262 335 2421 390; x_wconf 82' lang='grc' dir='ltr'><strong>ΤΟΜ.</strong></span> <span class='ocrx_word' id='word_1_7' title='bbox 2451 334 2514 389; x_wconf 86' lang='lat' dir='ltr'><strong>ll.</strong></span> <span class='ocrx_word' id='word_1_8' title='bbox 3609 340 3683 394; x_wconf 73' lang='lat'><strong>22</strong></span> 
     </span>
    </p>
   </div>
   <div class='ocr_carea' id='block_1_5' title="bbox 438 413 3666 524">
    <p class='ocr_par' dir='ltr' id='par_1_5' title="bbox 438 413 3666 524">
     <span class='ocr_line' id='line_1_5' title="bbox 438 413 3666 524; baseline -0.002 -19"><span class='ocrx_word' id='word_1_9' title='bbox 438 443 717 517; x_wconf 83' lang='lat' dir='ltr'><strong>C-apbarnai,</strong></span> <span class='ocrx_word' id='word_1_10' title='bbox 742 453 853 495; x_wconf 88' lang='lat' dir='ltr'><strong>cum</strong></span> <span class='ocrx_word' id='word_1_11' title='bbox 896 440 1039 493; x_wconf 86' lang='lat' dir='ltr'><strong>sexta</strong></span> <span class='ocrx_word' id='word_1_12' title='bbox 1061 423 1139 524; x_wconf 51' lang='lat'><strong>6&#39;1“?</strong></span> <span class='ocrx_word' id='word_1_13' title='bbox 1163 413 1411 524; x_wconf 55' lang='grc' dir='ltr'><strong>(Μῖξιιῐη</strong></span> <span class='ocrx_word' id='word_1_14' title='bbox 1458 442 1550 501; x_wconf 88' lang='lat' dir='ltr'><strong>sit</strong></span> <span class='ocrx_word' id='word_1_15' title='bbox 1608 450 1669 505; x_wconf 92' lang='lat' dir='ltr'><strong>in</strong></span> <span class='ocrx_word' id='word_1_16' title='bbox 1697 457 1911 524; x_wconf 84' lang='lat' dir='ltr'><strong>nuptiis</strong></span> <span class='ocrx_word' id='word_1_17' title='bbox 1943 457 1995 509; x_wconf 92' lang='lat' dir='ltr'><strong>in</strong></span> <span class='ocrx_word' id='word_1_18' title='bbox 2024 456 2165 510; x_wconf 89' lang='lat' dir='ltr'><strong>Cana</strong></span> <span class='ocrx_word' id='word_1_19' title='bbox 2191 454 2417 509; x_wconf 69' lang='lat' dir='ltr'><strong>Galilmze</strong></span> <span class='ocrx_word' id='word_1_20' title='bbox 2467 451 2796 513; x_wconf 77' lang='lat' dir='ltr'><strong>miraculum,</strong></span> <span class='ocrx_word' id='word_1_21' title='bbox 2834 438 3206 520; x_wconf 61' lang='lat' dir='ltr'><strong>perspicuum</strong></span> <span class='ocrx_word' id='word_1_22' title='bbox 3240 466 3335 521; x_wconf 80' lang='lat' dir='ltr'><strong>est,</strong></span> <span class='ocrx_word' id='word_1_23' title='bbox 3365 471 3525 524; x_wconf 72' lang='lat' dir='ltr'><strong>mque</strong></span> <span class='ocrx_word' id='word_1_24' title='bbox 3552 467 3666 510; x_wconf 87' lang='lat' dir='ltr'><strong>ten-</strong></span> 
     </span>
    </p>
   </div>
   <div class='ocr_carea' id='block_1_6' title="bbox 386 513 3663 613">
    <p class='ocr_par' dir='ltr' id='par_1_6' title="bbox 386 513 3663 613">
     <span class='ocr_line' id='line_1_6' title="bbox 386 513 3663 613; baseline -0.002 -18"><span class='ocrx_word' id='word_1_25' title='bbox 386 577 401 583; x_wconf 69' lang='grc' dir='ltr'><strong>ο</strong></span> <span class='ocrx_word' id='word_1_26' title='bbox 441 513 584 596; x_wconf 65' lang='lat' dir='ltr'><strong>totum</strong></span> <span class='ocrx_word' id='word_1_27' title='bbox 610 535 780 594; x_wconf 84' lang='lat' dir='ltr'><strong>luisse,</strong></span> <span class='ocrx_word' id='word_1_28' title='bbox 807 541 975 599; x_wconf 88' lang='lat' dir='ltr'><strong>neque</strong></span> <span class='ocrx_word' id='word_1_29' title='bbox 1016 524 1068 579; x_wconf 86' lang='lat' dir='ltr'><strong>in</strong></span> <span class='ocrx_word' id='word_1_30' title='bbox 1094 513 1343 613; x_wconf 59' lang='lat' dir='ltr'><strong>“utaris</strong></span> <span class='ocrx_word' id='word_1_31' title='bbox 1380 524 1622 603; x_wconf 72' lang='lat' dir='ltr'><strong>fuisse,</strong></span> <span class='ocrx_word' id='word_1_32' title='bbox 1661 513 1846 613; x_wconf 79' lang='lat' dir='ltr'><strong>neque</strong></span> <span class='ocrx_word' id='word_1_33' title='bbox 1877 544 2136 599; x_wconf 81' lang='lat' dir='ltr'><strong>Joannem</strong></span> <span class='ocrx_word' id='word_1_34' title='bbox 2170 542 2421 596; x_wconf 90' lang='lat' dir='ltr'><strong>traditum</strong></span> <span class='ocrx_word' id='word_1_35' title='bbox 2452 542 2633 596; x_wconf 82' lang='lat' dir='ltr'><strong>fuisse.</strong></span> <span class='ocrx_word' id='word_1_36' title='bbox 2656 560 2675 593; x_wconf 71' lang='grc' dir='ltr'>ι</span> <span class='ocrx_word' id='word_1_37' title='bbox 2731 541 2790 595; x_wconf 85' lang='grc' dir='ltr'><strong>Ει</strong></span> <span class='ocrx_word' id='word_1_38' title='bbox 2821 538 2998 609; x_wconf 88' lang='lat' dir='ltr'><strong>paulo</strong></span> <span class='ocrx_word' id='word_1_39' title='bbox 3029 545 3150 600; x_wconf 88' lang='lat' dir='ltr'><strong>post</strong></span> <span class='ocrx_word' id='word_1_40' title='bbox 3177 559 3191 593; x_wconf 92' lang='lat'><strong><em>:</em></strong></span> <span class='ocrx_word' id='word_1_41' title='bbox 3218 546 3241 596; x_wconf 70' lang='grc' dir='ltr'><strong><em>ἰ</em></strong></span> <span class='ocrx_word' id='word_1_42' title='bbox 3263 547 3406 612; x_wconf 80' lang='lat' dir='ltr'><strong>Quod</strong></span> <span class='ocrx_word' id='word_1_43' title='bbox 3431 547 3475 600; x_wconf 69' lang='lat' dir='ltr'><strong>si</strong></span> <span class='ocrx_word' id='word_1_44' title='bbox 3499 547 3663 599; x_wconf 47' lang='lat' dir='ltr'><strong>inter;</strong></span> 
     </span>
    </p>
   </div>
   <div class='ocr_carea' id='block_1_7' title="bbox 435 609 3760 705">
    <p class='ocr_par' dir='ltr' id='par_1_7' title="bbox 435 609 3760 705">
     <span class='ocr_line' id='line_1_7' title="bbox 435 609 3760 705; baseline -0.004 -3"><span class='ocrx_word' id='word_1_45' title='bbox 435 628 713 702; x_wconf 67' lang='grc' dir='ltr'><strong>πομπιῑιιιιε</strong></span> <span class='ocrx_word' id='word_1_46' title='bbox 736 622 880 678; x_wconf 61' lang='lat' dir='ltr'><strong>“oms</strong></span> <span class='ocrx_word' id='word_1_47' title='bbox 901 616 1109 689; x_wconf 60' lang='grc' dir='ltr'><strong>(μητιἀο</strong></span> <span class='ocrx_word' id='word_1_48' title='bbox 1135 609 1397 682; x_wconf 63' lang='lat' dir='ltr'><strong>primum</strong></span> <span class='ocrx_word' id='word_1_49' title='bbox 1439 622 1562 683; x_wconf 77' lang='lat' dir='ltr'><strong>fuit</strong></span> <span class='ocrx_word' id='word_1_50' title='bbox 1596 632 1656 688; x_wconf 88' lang='lat' dir='ltr'><strong>in</strong></span> <span class='ocrx_word' id='word_1_51' title='bbox 1689 609 2011 705; x_wconf 78' lang='lat' dir='ltr'><strong>Capharnao</strong></span> <span class='ocrx_word' id='word_1_52' title='bbox 2037 634 2304 696; x_wconf 75' lang='lat' dir='ltr'><strong>Christus,</strong></span> <span class='ocrx_word' id='word_1_53' title='bbox 2337 634 2426 701; x_wconf 90' lang='lat' dir='ltr'><strong>qui</strong></span> <span class='ocrx_word' id='word_1_54' title='bbox 2461 634 2739 688; x_wconf 87' lang='lat' dir='ltr'><strong>lectionem</strong></span> <span class='ocrx_word' id='word_1_55' title='bbox 2772 625 3028 684; x_wconf 75' lang='lat' dir='ltr'><strong>Maltltzci</strong></span> <span class='ocrx_word' id='word_1_56' title='bbox 3077 632 3505 701; x_wconf 85' lang='lat' dir='ltr'><strong>reliquorumque</strong></span> <span class='ocrx_word' id='word_1_57' title='bbox 3529 634 3665 688; x_wconf 91' lang='lat' dir='ltr'><strong>duo-</strong></span> <span class='ocrx_word' id='word_1_58' title='bbox 3756 647 3760 657; x_wconf 83' lang='lat'><em>&#39;</em></span> 
     </span>
    </p>
   </div>
   <div class='ocr_carea' id='block_1_8' title="bbox 431 713 3657 793">
    <p class='ocr_par' dir='ltr' id='par_1_8' title="bbox 431 713 3657 793">
     <span class='ocr_line' id='line_1_8' title="bbox 431 713 3657 793; baseline -0 -16"><span class='ocrx_word' id='word_1_59' title='bbox 431 738 550 777; x_wconf 87' lang='lat' dir='ltr'><strong>rum</strong></span> <span class='ocrx_word' id='word_1_60' title='bbox 595 724 889 788; x_wconf 84' lang='lat' dir='ltr'><strong>sequuntur,</strong></span> <span class='ocrx_word' id='word_1_61' title='bbox 924 713 1127 774; x_wconf 80' lang='lat' dir='ltr'><strong>dicent,</strong></span> <span class='ocrx_word' id='word_1_62' title='bbox 1170 714 1304 777; x_wconf 82' lang='lat' dir='ltr'><strong>post</strong></span> <span class='ocrx_word' id='word_1_63' title='bbox 1345 722 1775 789; x_wconf 87' lang='lat' dir='ltr'><strong>tentationem,</strong></span> <span class='ocrx_word' id='word_1_64' title='bbox 1821 728 2035 793; x_wconf 81' lang='lat' dir='ltr'><strong>quando</strong></span> <span class='ocrx_word' id='word_1_65' title='bbox 2089 727 2271 781; x_wconf 84' lang='lat' dir='ltr'><strong>relicta</strong></span> <span class='ocrx_word' id='word_1_66' title='bbox 2309 726 2572 779; x_wconf 82' lang='lat' dir='ltr'><strong>Nazaretb</strong></span> <span class='ocrx_word' id='word_1_67' title='bbox 2622 724 2889 793; x_wconf 83' lang='lat' dir='ltr'><strong>profectus</strong></span> <span class='ocrx_word' id='word_1_68' title='bbox 2944 717 3209 777; x_wconf 79' lang='lat' dir='ltr'><strong>habitavit</strong></span> <span class='ocrx_word' id='word_1_69' title='bbox 3237 725 3288 777; x_wconf 92' lang='lat' dir='ltr'><strong>in</strong></span> <span class='ocrx_word' id='word_1_70' title='bbox 3321 724 3657 791; x_wconf 67' lang='lat' dir='ltr'><strong>Capharnao,</strong></span> 
     </span>
    </p>
   </div>
   <div class='ocr_carea' id='block_1_9' title="bbox 435 804 3656 883">
    <p class='ocr_par' dir='ltr' id='par_1_9' title="bbox 435 804 3656 883">
     <span class='ocr_line' id='line_1_9' title="bbox 435 804 3656 883; baseline -0 -15"><span class='ocrx_word' id='word_1_71' title='bbox 435 829 556 881; x_wconf 69' lang='lat' dir='ltr'><strong>qua:</strong></span> <span class='ocrx_word' id='word_1_72' title='bbox 581 822 652 866; x_wconf 89' lang='lat' dir='ltr'><strong>est</strong></span> <span class='ocrx_word' id='word_1_73' title='bbox 694 809 871 864; x_wconf 88' lang='lat' dir='ltr'><strong>civitas</strong></span> <span class='ocrx_word' id='word_1_74' title='bbox 898 804 1212 867; x_wconf 72' lang='lat' dir='ltr'><strong>maritima;</strong></span> <span class='ocrx_word' id='word_1_75' title='bbox 1262 813 1573 872; x_wconf 80' lang='lat' dir='ltr'><strong>quomodo</strong></span> <span class='ocrx_word' id='word_1_76' title='bbox 1628 815 1796 869; x_wconf 88' lang='lat' dir='ltr'><strong>simul</strong></span> <span class='ocrx_word' id='word_1_77' title='bbox 1820 831 2003 870; x_wconf 86' lang='lat' dir='ltr'><strong>verum</strong></span> <span class='ocrx_word' id='word_1_78' title='bbox 2050 831 2170 871; x_wconf 91' lang='lat' dir='ltr'><strong>esse</strong></span> <span class='ocrx_word' id='word_1_79' title='bbox 2215 816 2396 869; x_wconf 90' lang='lat' dir='ltr'><strong>dicent</strong></span> <span class='ocrx_word' id='word_1_80' title='bbox 2427 826 2479 868; x_wconf 91' lang='lat' dir='ltr'><strong>et</strong></span> <span class='ocrx_word' id='word_1_81' title='bbox 2506 816 2630 870; x_wconf 93' lang='lat' dir='ltr'><strong>illud</strong></span> <span class='ocrx_word' id='word_1_82' title='bbox 2662 815 2798 883; x_wconf 91' lang='lat' dir='ltr'><strong>quod</strong></span> <span class='ocrx_word' id='word_1_83' title='bbox 2831 816 2973 883; x_wconf 86' lang='lat' dir='ltr'><strong>apud</strong></span> <span class='ocrx_word' id='word_1_84' title='bbox 3008 810 3308 867; x_wconf 74' lang='lat' dir='ltr'><strong>Mattbzeum</strong></span> <span class='ocrx_word' id='word_1_85' title='bbox 3339 822 3393 866; x_wconf 89' lang='lat' dir='ltr'><strong>et</strong></span> <span class='ocrx_word' id='word_1_86' title='bbox 3420 814 3656 868; x_wconf 85' lang='lat' dir='ltr'><strong>Marcum</strong></span> 
     </span>
    </p>
   </div>
   <div class='ocr_carea' id='block_1_10' title="bbox 440 896 3663 976">
    <p class='ocr_par' dir='ltr' id='par_1_10' title="bbox 440 896 3663 976">
     <span class='ocr_line' id='line_1_10' title="bbox 440 896 3663 976; baseline -0.001 -15"><span class='ocrx_word' id='word_1_87' title='bbox 440 906 637 963; x_wconf 88' lang='lat' dir='ltr'><strong>dictum</strong></span> <span class='ocrx_word' id='word_1_88' title='bbox 663 912 755 970; x_wconf 80' lang='lat' dir='ltr'><strong>est,</strong></span> <span class='ocrx_word' id='word_1_89' title='bbox 786 900 960 957; x_wconf 89' lang='lat' dir='ltr'><strong>Jesum</strong></span> <span class='ocrx_word' id='word_1_90' title='bbox 988 896 1295 954; x_wconf 78' lang='lat' dir='ltr'><strong>secessisse</strong></span> <span class='ocrx_word' id='word_1_91' title='bbox 1325 899 1390 954; x_wconf 86' lang='lat' dir='ltr'><strong>in</strong></span> <span class='ocrx_word' id='word_1_92' title='bbox 1424 902 1751 970; x_wconf 74' lang='lat' dir='ltr'><strong>Galilaeam,</strong></span> <span class='ocrx_word' id='word_1_93' title='bbox 1781 917 2029 976; x_wconf 90' lang='lat' dir='ltr'><strong>tanquam</strong></span> <span class='ocrx_word' id='word_1_94' title='bbox 2069 908 2158 976; x_wconf 88' lang='lat' dir='ltr'><strong>qui</strong></span> <span class='ocrx_word' id='word_1_95' title='bbox 2187 908 2424 961; x_wconf 85' lang='lat' dir='ltr'><strong>audisset</strong></span> <span class='ocrx_word' id='word_1_96' title='bbox 2453 906 2709 961; x_wconf 86' lang='lat' dir='ltr'><strong>Joannem</strong></span> <span class='ocrx_word' id='word_1_97' title='bbox 2746 907 3001 960; x_wconf 88' lang='lat' dir='ltr'><strong>traditum</strong></span> <span class='ocrx_word' id='word_1_98' title='bbox 3033 904 3224 971; x_wconf 82' lang='lat' dir='ltr'><strong>fuisse;</strong></span> <span class='ocrx_word' id='word_1_99' title='bbox 3254 915 3304 959; x_wconf 87' lang='lat' dir='ltr'><strong>et</strong></span> <span class='ocrx_word' id='word_1_100' title='bbox 3333 904 3481 968; x_wconf 92' lang='lat' dir='ltr'><strong>illud,</strong></span> <span class='ocrx_word' id='word_1_101' title='bbox 3516 907 3663 972; x_wconf 82' lang='lat' dir='ltr'><strong>quod</strong></span> 
     </span>
    </p>
   </div>
   <div class='ocr_carea' id='block_1_11' title="bbox 447 978 3656 1073">
    <p class='ocr_par' dir='ltr' id='par_1_11' title="bbox 447 978 3656 1073">
     <span class='ocr_line' id='line_1_11' title="bbox 447 978 3656 1073; baseline -0.003 -15"><span class='ocrx_word' id='word_1_102' title='bbox 447 1004 666 1073; x_wconf 87' lang='lat' dir='ltr'><strong>positum</strong></span> <span class='ocrx_word' id='word_1_103' title='bbox 696 1005 774 1053; x_wconf 85' lang='lat' dir='ltr'><strong>est</strong></span> <span class='ocrx_word' id='word_1_104' title='bbox 819 994 956 1064; x_wconf 82' lang='lat' dir='ltr'><strong>apud</strong></span> <span class='ocrx_word' id='word_1_105' title='bbox 1004 990 1310 1055; x_wconf 81' lang='lat' dir='ltr'><strong>Joannem,</strong></span> <span class='ocrx_word' id='word_1_106' title='bbox 1366 997 1629 1050; x_wconf 86' lang='lat' dir='ltr'><strong>nondum</strong></span> <span class='ocrx_word' id='word_1_107' title='bbox 1682 999 1850 1053; x_wconf 77' lang='lat' dir='ltr'><strong>fuisse</strong></span> <span class='ocrx_word' id='word_1_108' title='bbox 1883 978 2177 1066; x_wconf 83' lang='lat' dir='ltr'><strong>Baptistam</strong></span> <span class='ocrx_word' id='word_1_109' title='bbox 2212 1000 2512 1066; x_wconf 86' lang='lat' dir='ltr'><strong>conjectum</strong></span> <span class='ocrx_word' id='word_1_110' title='bbox 2544 999 2593 1051; x_wconf 90' lang='lat' dir='ltr'><strong>in</strong></span> <span class='ocrx_word' id='word_1_111' title='bbox 2641 1013 2936 1065; x_wconf 86' lang='lat' dir='ltr'><strong>carcerem,</strong></span> <span class='ocrx_word' id='word_1_112' title='bbox 2967 997 3060 1052; x_wconf 85' lang='lat' dir='ltr'><strong>sed</strong></span> <span class='ocrx_word' id='word_1_113' title='bbox 3089 996 3361 1065; x_wconf 85' lang='lat' dir='ltr'><strong>ba’ptizarc</strong></span> <span class='ocrx_word' id='word_1_114' title='bbox 3396 996 3447 1048; x_wconf 93' lang='lat' dir='ltr'><strong>in</strong></span> <span class='ocrx_word' id='word_1_115' title='bbox 3480 993 3656 1049; x_wconf 65' lang='lat' dir='ltr'><strong>Euan</strong></span> 
     </span>
    </p>
   </div>
   <div class='ocr_carea' id='block_1_12' title="bbox 442 1081 3656 1163">
    <p class='ocr_par' dir='ltr' id='par_1_12' title="bbox 442 1081 3656 1163">
     <span class='ocr_line' id='line_1_12' title="bbox 442 1081 3656 1163; baseline -0.002 -16"><span class='ocrx_word' id='word_1_116' title='bbox 442 1094 588 1163; x_wconf 79' lang='lat' dir='ltr'><strong>iuxta</strong></span> <span class='ocrx_word' id='word_1_117' title='bbox 611 1087 802 1144; x_wconf 77' lang='lat' dir='ltr'><strong>Salim‘l</strong></span> <span class='ocrx_word' id='word_1_118' title='bbox 844 1083 897 1138; x_wconf 90' lang='lat' dir='ltr'><strong>id</strong></span> <span class='ocrx_word' id='word_1_119' title='bbox 924 1081 1068 1152; x_wconf 88' lang='lat' dir='ltr'><strong>quod</strong></span> <span class='ocrx_word' id='word_1_120' title='bbox 1100 1081 1335 1149; x_wconf 82' lang='lat' dir='ltr'><strong>ponitur</strong></span> <span class='ocrx_word' id='word_1_121' title='bbox 1369 1094 1504 1152; x_wconf 89' lang='lat' dir='ltr'><strong>post</strong></span> <span class='ocrx_word' id='word_1_122' title='bbox 1533 1086 1877 1140; x_wconf 86' lang='lat' dir='ltr'><strong>mansionem</strong></span> <span class='ocrx_word' id='word_1_123' title='bbox 1909 1087 2116 1141; x_wconf 85' lang='lat' dir='ltr'><strong>Domini</strong></span> <span class='ocrx_word' id='word_1_124' title='bbox 2152 1087 2205 1141; x_wconf 91' lang='lat' dir='ltr'><strong>in</strong></span> <span class='ocrx_word' id='word_1_125' title='bbox 2237 1089 2576 1156; x_wconf 76' lang='lat' dir='ltr'><strong>Caph‘arnao,</strong></span> <span class='ocrx_word' id='word_1_126' title='bbox 2623 1097 2673 1141; x_wconf 91' lang='lat' dir='ltr'><strong>et</strong></span> <span class='ocrx_word' id='word_1_127' title='bbox 2697 1097 2814 1153; x_wconf 89' lang='lat' dir='ltr'><strong>post</strong></span> <span class='ocrx_word' id='word_1_128' title='bbox 2841 1101 3123 1143; x_wconf 84' lang='lat' dir='ltr'><strong>ascensum</strong></span> <span class='ocrx_word' id='word_1_129' title='bbox 3155 1085 3220 1139; x_wconf 89' lang='lat' dir='ltr'><strong>ad</strong></span> <span class='ocrx_word' id='word_1_130' title='bbox 3249 1085 3656 1156; x_wconf 67' lang='lat' dir='ltr'><strong>Jerosolymamn</strong></span> 
     </span>
    </p>
   </div>
   <div class='ocr_carea' id='block_1_13' title="bbox 446 1174 3660 1253">
    <p class='ocr_par' dir='ltr' id='par_1_13' title="bbox 446 1174 3660 1253">
     <span class='ocr_line' id='line_1_13' title="bbox 446 1174 3660 1253; baseline -0.003 -13"><span class='ocrx_word' id='word_1_131' title='bbox 446 1186 683 1253; x_wconf 82' lang='lat' dir='ltr'><strong>indeque</strong></span> <span class='ocrx_word' id='word_1_132' title='bbox 709 1181 772 1235; x_wconf 82' lang='lat' dir='ltr'><strong>ad</strong></span> <span class='ocrx_word' id='word_1_133' title='bbox 796 1178 1025 1233; x_wconf 75' lang='lat' dir='ltr'><strong>Judzeam</strong></span> <span class='ocrx_word' id='word_1_134' title='bbox 1057 1174 1424 1242; x_wconf 85' lang='lat' dir='ltr'><strong>descensum,</strong></span> <span class='ocrx_word' id='word_1_135' title='bbox 1482 1184 1540 1229; x_wconf 86' lang='lat' dir='ltr'><strong>et</strong></span> <span class='ocrx_word' id='word_1_136' title='bbox 1570 1187 1691 1246; x_wconf 90' lang='lat' dir='ltr'><strong>post</strong></span> <span class='ocrx_word' id='word_1_137' title='bbox 1723 1179 1919 1231; x_wconf 88' lang='lat' dir='ltr'><strong>multas</strong></span> <span class='ocrx_word' id='word_1_138' title='bbox 1948 1178 2083 1233; x_wconf 87' lang='lat' dir='ltr'><strong>alias</strong></span> <span class='ocrx_word' id='word_1_139' title='bbox 2115 1179 2230 1246; x_wconf 84' lang='lat' dir='ltr'><strong>ejus</strong></span> <span class='ocrx_word' id='word_1_140' title='bbox 2258 1180 2515 1234; x_wconf 87' lang='lat' dir='ltr'><strong>actiones.</strong></span> <span class='ocrx_word' id='word_1_141' title='bbox 2541 1177 2740 1233; x_wconf 74' lang='grc' dir='ltr'><strong>»Ροιτο</strong></span> <span class='ocrx_word' id='word_1_142' title='bbox 2758 1177 3123 1248; x_wconf 83' lang='lat' dir='ltr'><strong>Evangelistas</strong></span> <span class='ocrx_word' id='word_1_143' title='bbox 3148 1178 3248 1232; x_wconf 89' lang='lat' dir='ltr'><strong>bac</strong></span> <span class='ocrx_word' id='word_1_144' title='bbox 3279 1177 3390 1232; x_wconf 87' lang='lat' dir='ltr'><strong>sola</strong></span> <span class='ocrx_word' id='word_1_145' title='bbox 3430 1192 3660 1234; x_wconf 84' lang='lat' dir='ltr'><strong>excusa-</strong></span> 
     </span>
    </p>
   </div>
   <div class='ocr_carea' id='block_1_14' title="bbox 442 1269 3660 1344">
    <p class='ocr_par' dir='ltr' id='par_1_14' title="bbox 442 1269 3660 1344">
     <span class='ocr_line' id='line_1_14' title="bbox 442 1269 3660 1344; baseline -0.002 -15"><span class='ocrx_word' id='word_1_146' title='bbox 442 1282 596 1334; x_wconf 84' lang='lat' dir='ltr'><strong>tione</strong></span> <span class='ocrx_word' id='word_1_147' title='bbox 626 1277 864 1344; x_wconf 81' lang='lat' dir='ltr'><strong>dignatur</strong></span> <span class='ocrx_word' id='word_1_148' title='bbox 893 1269 1093 1323; x_wconf 87' lang='lat' dir='ltr'><strong>ibidem</strong></span> <span class='ocrx_word' id='word_1_149' title='bbox 1118 1274 1387 1329; x_wconf 57' lang='lat' dir='ltr'><strong>numJu</strong></span> <span class='ocrx_word' id='word_1_150' title='bbox 1417 1269 1538 1324; x_wconf 80' lang='lat' dir='ltr'><strong>Non</strong></span> <span class='ocrx_word' id='word_1_151' title='bbox 1568 1271 1900 1340; x_wconf 84' lang='lat' dir='ltr'><strong>reprehendo</strong></span> <span class='ocrx_word' id='word_1_152' title='bbox 1927 1279 2105 1325; x_wconf 91' lang='lat' dir='ltr'><strong>autem</strong></span> <span class='ocrx_word' id='word_1_153' title='bbox 2135 1273 2279 1340; x_wconf 84' lang='lat' dir='ltr'><strong>ipsos</strong></span> <span class='ocrx_word' id='word_1_154' title='bbox 2318 1272 2497 1340; x_wconf 89' lang='lat' dir='ltr'><strong>aliquo</strong></span> <span class='ocrx_word' id='word_1_155' title='bbox 2526 1280 2681 1339; x_wconf 87' lang='lat' dir='ltr'><strong>pacto</strong></span> <span class='ocrx_word' id='word_1_156' title='bbox 2708 1273 3103 1340; x_wconf 82' lang='lat' dir='ltr'><strong>transposuisse</strong></span> <span class='ocrx_word' id='word_1_157' title='bbox 3133 1271 3200 1324; x_wconf 91' lang='lat' dir='ltr'><strong>ad</strong></span> <span class='ocrx_word' id='word_1_158' title='bbox 3229 1271 3511 1326; x_wconf 87' lang='lat' dir='ltr'><strong>utilitatem</strong></span> <span class='ocrx_word' id='word_1_159' title='bbox 3544 1283 3660 1340; x_wconf 82' lang='lat' dir='ltr'><strong>my-</strong></span> 
     </span>
    </p>
   </div>
   <div class='ocr_carea' id='block_1_15' title="bbox 438 1357 3657 1430">
    <p class='ocr_par' dir='ltr' id='par_1_15' title="bbox 438 1357 3657 1430">
     <span class='ocr_line' id='line_1_15' title="bbox 438 1357 3657 1430; baseline -0.002 -6"><span class='ocrx_word' id='word_1_160' title='bbox 438 1371 602 1426; x_wconf 66' lang='lat' dir='ltr'><strong>stica</strong></span> <span class='ocrx_word' id='word_1_161' title='bbox 629 1357 1070 1422; x_wconf 87' lang='lat' dir='ltr'><strong>considerationis</strong></span> <span class='ocrx_word' id='word_1_162' title='bbox 1112 1359 1319 1412; x_wconf 87' lang='lat' dir='ltr'><strong>barum</strong></span> <span class='ocrx_word' id='word_1_163' title='bbox 1367 1374 1579 1422; x_wconf 90' lang='lat' dir='ltr'><strong>rerum,</strong></span> <span class='ocrx_word' id='word_1_164' title='bbox 1628 1359 1702 1423; x_wconf 88' lang='lat' dir='ltr'><strong>id,</strong></span> <span class='ocrx_word' id='word_1_165' title='bbox 1749 1360 1888 1426; x_wconf 90' lang='lat' dir='ltr'><strong>quod</strong></span> <span class='ocrx_word' id='word_1_166' title='bbox 1918 1361 2194 1429; x_wconf 90' lang='lat' dir='ltr'><strong>(quantum</strong></span> <span class='ocrx_word' id='word_1_167' title='bbox 2218 1363 2407 1417; x_wconf 88' lang='lat' dir='ltr'><strong>attinet</strong></span> <span class='ocrx_word' id='word_1_168' title='bbox 2433 1364 2499 1416; x_wconf 92' lang='lat' dir='ltr'><strong>ad</strong></span> <span class='ocrx_word' id='word_1_169' title='bbox 2542 1362 2839 1425; x_wconf 83' lang='lat' dir='ltr'><strong>historiam)</strong></span> <span class='ocrx_word' id='word_1_170' title='bbox 2869 1364 2970 1418; x_wconf 88' lang='lat' dir='ltr'><strong>alio</strong></span> <span class='ocrx_word' id='word_1_171' title='bbox 2997 1364 3150 1419; x_wconf 92' lang='lat' dir='ltr'><strong>modo</strong></span> <span class='ocrx_word' id='word_1_172' title='bbox 3186 1365 3385 1418; x_wconf 79' lang='lat' dir='ltr'><strong>factum</strong></span> <span class='ocrx_word' id='word_1_173' title='bbox 3446 1363 3657 1430; x_wconf 80' lang='lat' dir='ltr'><strong>fuerat;</strong></span> 
     </span>
    </p>
   </div>
   <div class='ocr_carea' id='block_1_16' title="bbox 437 1451 3660 1526">
    <p class='ocr_par' dir='ltr' id='par_1_16' title="bbox 437 1451 3660 1526">
     <span class='ocr_line' id='line_1_16' title="bbox 437 1451 3660 1526; baseline -0.001 -12"><span class='ocrx_word' id='word_1_174' title='bbox 437 1462 517 1515; x_wconf 83' lang='lat' dir='ltr'><strong>ita</strong></span> <span class='ocrx_word' id='word_1_175' title='bbox 541 1469 607 1513; x_wconf 88' lang='lat' dir='ltr'><strong>ut</strong></span> <span class='ocrx_word' id='word_1_176' title='bbox 628 1457 769 1526; x_wconf 88' lang='lat' dir='ltr'><strong>quod</strong></span> <span class='ocrx_word' id='word_1_177' title='bbox 792 1469 893 1508; x_wconf 89' lang='lat' dir='ltr'><strong>uno</strong></span> <span class='ocrx_word' id='word_1_178' title='bbox 914 1453 1033 1506; x_wconf 90' lang='lat' dir='ltr'><strong>loco</strong></span> <span class='ocrx_word' id='word_1_179' title='bbox 1055 1451 1271 1505; x_wconf 75' lang='lat' dir='ltr'><strong>factum</strong></span> <span class='ocrx_word' id='word_1_180' title='bbox 1298 1451 1504 1515; x_wconf 79' lang='lat' dir='ltr'><strong>fuerat,</strong></span> <span class='ocrx_word' id='word_1_181' title='bbox 1537 1462 1792 1520; x_wconf 82' lang='lat' dir='ltr'><strong>tanquam</strong></span> <span class='ocrx_word' id='word_1_182' title='bbox 1826 1453 1878 1505; x_wconf 89' lang='lat' dir='ltr'><strong>in</strong></span> <span class='ocrx_word' id='word_1_183' title='bbox 1902 1451 2005 1506; x_wconf 89' lang='lat' dir='ltr'><strong>alio</strong></span> <span class='ocrx_word' id='word_1_184' title='bbox 2030 1465 2238 1523; x_wconf 86' lang='lat' dir='ltr'><strong>gestum</strong></span> <span class='ocrx_word' id='word_1_185' title='bbox 2269 1455 2362 1519; x_wconf 89' lang='lat' dir='ltr'><strong>sit,</strong></span> <span class='ocrx_word' id='word_1_186' title='bbox 2399 1464 2709 1519; x_wconf 86' lang='lat' dir='ltr'><strong>narrarent;</strong></span> <span class='ocrx_word' id='word_1_187' title='bbox 2740 1464 2794 1509; x_wconf 87' lang='lat' dir='ltr'><strong>et</strong></span> <span class='ocrx_word' id='word_1_188' title='bbox 2822 1457 2960 1524; x_wconf 89' lang='lat' dir='ltr'><strong>quod</strong></span> <span class='ocrx_word' id='word_1_189' title='bbox 2989 1472 3093 1511; x_wconf 91' lang='lat' dir='ltr'><strong>uno</strong></span> <span class='ocrx_word' id='word_1_190' title='bbox 3124 1466 3381 1525; x_wconf 89' lang='lat' dir='ltr'><strong>tempore,</strong></span> <span class='ocrx_word' id='word_1_191' title='bbox 3412 1468 3660 1525; x_wconf 89' lang='lat' dir='ltr'><strong>tanquam</strong></span> 
     </span>
    </p>
   </div>
   <div class='ocr_carea' id='block_1_17' title="bbox 438 1543 3661 1618">
    <p class='ocr_par' dir='ltr' id='par_1_17' title="bbox 438 1543 3661 1618">
     <span class='ocr_line' id='line_1_17' title="bbox 438 1543 3661 1618; baseline -0.001 -11"><span class='ocrx_word' id='word_1_192' title='bbox 438 1552 497 1607; x_wconf 80' lang='lat' dir='ltr'><strong>in</strong></span> <span class='ocrx_word' id='word_1_193' title='bbox 527 1551 683 1616; x_wconf 89' lang='lat' dir='ltr'><strong>alio;</strong></span> <span class='ocrx_word' id='word_1_194' title='bbox 716 1559 772 1603; x_wconf 90' lang='lat' dir='ltr'><strong>et</strong></span> <span class='ocrx_word' id='word_1_195' title='bbox 800 1547 925 1603; x_wconf 80' lang='lat' dir='ltr'><strong>illud</strong></span> <span class='ocrx_word' id='word_1_196' title='bbox 953 1544 1100 1613; x_wconf 91' lang='lat' dir='ltr'><strong>quod</strong></span> <span class='ocrx_word' id='word_1_197' title='bbox 1130 1558 1242 1597; x_wconf 89' lang='lat' dir='ltr'><strong>uno</strong></span> <span class='ocrx_word' id='word_1_198' title='bbox 1270 1545 1435 1598; x_wconf 90' lang='lat' dir='ltr'><strong>modo</strong></span> <span class='ocrx_word' id='word_1_199' title='bbox 1472 1544 1872 1611; x_wconf 87' lang='lat' dir='ltr'><strong>pronuntiatum</strong></span> <span class='ocrx_word' id='word_1_200' title='bbox 1894 1543 2087 1611; x_wconf 80' lang='lat' dir='ltr'><strong>fuerat,</strong></span> <span class='ocrx_word' id='word_1_201' title='bbox 2112 1560 2232 1601; x_wconf 91' lang='lat' dir='ltr'><strong>cum</strong></span> <span class='ocrx_word' id='word_1_202' title='bbox 2260 1548 2488 1615; x_wconf 89' lang='lat' dir='ltr'><strong>quadam</strong></span> <span class='ocrx_word' id='word_1_203' title='bbox 2514 1549 2829 1602; x_wconf 86' lang='lat' dir='ltr'><strong>alteratione</strong></span> <span class='ocrx_word' id='word_1_204' title='bbox 2850 1549 3131 1604; x_wconf 80' lang='lat' dir='ltr'><strong>referrent.</strong></span> <span class='ocrx_word' id='word_1_205' title='bbox 3158 1549 3491 1618; x_wconf 86' lang='lat' dir='ltr'><strong>Propositum</strong></span> <span class='ocrx_word' id='word_1_206' title='bbox 3519 1553 3661 1607; x_wconf 85' lang='lat' dir='ltr'><strong>enim</strong></span> 
     </span>
    </p>
   </div>
   <div class='ocr_carea' id='block_1_18' title="bbox 439 1638 3661 1712">
    <p class='ocr_par' dir='ltr' id='par_1_18' title="bbox 439 1638 3661 1712">
     <span class='ocr_line' id='line_1_18' title="bbox 439 1638 3661 1712; baseline -0 -12"><span class='ocrx_word' id='word_1_207' title='bbox 439 1645 556 1700; x_wconf 86' lang='lat' dir='ltr'><strong>illis</strong></span> <span class='ocrx_word' id='word_1_208' title='bbox 572 1654 698 1699; x_wconf 89' lang='lat' dir='ltr'><strong>erat</strong></span> <span class='ocrx_word' id='word_1_209' title='bbox 722 1657 847 1696; x_wconf 79' lang='lat' dir='ltr'><strong>vera</strong></span> <span class='ocrx_word' id='word_1_210' title='bbox 864 1653 1087 1694; x_wconf 88' lang='lat' dir='ltr'><strong>narrare</strong></span> <span class='ocrx_word' id='word_1_211' title='bbox 1104 1647 1163 1692; x_wconf 91' lang='lat' dir='ltr'><strong>et</strong></span> <span class='ocrx_word' id='word_1_212' title='bbox 1187 1638 1550 1705; x_wconf 87' lang='lat' dir='ltr'><strong>spiritualiter</strong></span> <span class='ocrx_word' id='word_1_213' title='bbox 1565 1645 1621 1691; x_wconf 90' lang='lat' dir='ltr'><strong>et</strong></span> <span class='ocrx_word' id='word_1_214' title='bbox 1653 1638 2032 1705; x_wconf 87' lang='lat' dir='ltr'><strong>corporaliter,</strong></span> <span class='ocrx_word' id='word_1_215' title='bbox 2053 1640 2142 1693; x_wconf 91' lang='lat' dir='ltr'><strong>ubi</strong></span> <span class='ocrx_word' id='word_1_216' title='bbox 2167 1640 2383 1705; x_wconf 89' lang='lat' dir='ltr'><strong>liceret;</strong></span> <span class='ocrx_word' id='word_1_217' title='bbox 2416 1641 2504 1693; x_wconf 90' lang='lat' dir='ltr'><strong>ubi</strong></span> <span class='ocrx_word' id='word_1_218' title='bbox 2528 1648 2704 1694; x_wconf 81' lang='lat' dir='ltr'><strong>autem</strong></span> <span class='ocrx_word' id='word_1_219' title='bbox 2727 1657 2832 1696; x_wconf 91' lang='lat' dir='ltr'><strong>non</strong></span> <span class='ocrx_word' id='word_1_220' title='bbox 2861 1643 3199 1712; x_wconf 80' lang='lat' dir='ltr'><strong>contingebat</strong></span> <span class='ocrx_word' id='word_1_221' title='bbox 3221 1652 3524 1712; x_wconf 81' lang='lat' dir='ltr'><strong>utrumque.</strong></span> <span class='ocrx_word' id='word_1_222' title='bbox 3552 1661 3661 1699; x_wconf 84' lang='lat' dir='ltr'><strong>rem</strong></span> 
     </span>
    </p>
   </div>
   <div class='ocr_carea' id='block_1_19' title="bbox 442 1724 3650 1805">
    <p class='ocr_par' dir='ltr' id='par_1_19' title="bbox 442 1724 3650 1805">
     <span class='ocr_line' id='line_1_19' title="bbox 442 1724 3650 1805; baseline 0.002 -18"><span class='ocrx_word' id='word_1_223' title='bbox 442 1733 717 1800; x_wconf 63' lang='lat' dir='ltr'><strong>preferre</strong></span> <span class='ocrx_word' id='word_1_224' title='bbox 744 1730 1066 1801; x_wconf 76' lang='lat' dir='ltr'><strong>spiritualens</strong></span> <span class='ocrx_word' id='word_1_225' title='bbox 1088 1726 1169 1780; x_wconf 89' lang='lat' dir='ltr'><strong>rei</strong></span> <span class='ocrx_word' id='word_1_226' title='bbox 1190 1741 1483 1794; x_wconf 71' lang='lat' dir='ltr'><strong>corporeae,</strong></span> <span class='ocrx_word' id='word_1_227' title='bbox 1503 1733 1709 1780; x_wconf 86' lang='lat' dir='ltr'><strong>servata</strong></span> <span class='ocrx_word' id='word_1_228' title='bbox 1732 1739 1870 1791; x_wconf 84' lang='lat' dir='ltr'><strong>saepe</strong></span> <span class='ocrx_word' id='word_1_229' title='bbox 1891 1725 2111 1777; x_wconf 79' lang='lat' dir='ltr'><strong>veritate</strong></span> <span class='ocrx_word' id='word_1_230' title='bbox 2134 1724 2387 1793; x_wconf 88' lang='lat' dir='ltr'><strong>spirituali</strong></span> <span class='ocrx_word' id='word_1_231' title='bbox 2409 1727 2461 1779; x_wconf 91' lang='lat' dir='ltr'><strong>in</strong></span> <span class='ocrx_word' id='word_1_232' title='bbox 2484 1730 2739 1796; x_wconf 85' lang='lat' dir='ltr'><strong>corporali</strong></span> <span class='ocrx_word' id='word_1_233' title='bbox 2766 1730 2844 1800; x_wconf 92' lang='lat' dir='ltr'><strong>(ut</strong></span> <span class='ocrx_word' id='word_1_234' title='bbox 2866 1732 3052 1801; x_wconf 89' lang='lat' dir='ltr'><strong>aliquis</strong></span> <span class='ocrx_word' id='word_1_235' title='bbox 3080 1734 3297 1805; x_wconf 85' lang='lat' dir='ltr'><strong>diceret)</strong></span> <span class='ocrx_word' id='word_1_236' title='bbox 3321 1739 3650 1796; x_wconf 56' lang='lat' dir='ltr'><strong>mendacio»</strong></span> 
     </span>
    </p>
   </div>
   <div class='ocr_carea' id='block_1_20' title="bbox 1523 1822 2593 1892">
    <p class='ocr_par' dir='ltr' id='par_1_20' title="bbox 1523 1822 2593 1892">
     <span class='ocr_line' id='line_1_20' title="bbox 1523 1822 2593 1892; baseline 0.006 -17"><span class='ocrx_word' id='word_1_237' title='bbox 1523 1823 1551 1892; x_wconf 85' lang='lat'>§</span> <span class='ocrx_word' id='word_1_238' title='bbox 1585 1822 1671 1876; x_wconf 81' lang='lat' dir='ltr'><strong>Vl.</strong></span> <span class='ocrx_word' id='word_1_239' title='bbox 1711 1824 1785 1876; x_wconf 86' lang='lat' dir='ltr'><strong>De</strong></span> <span class='ocrx_word' id='word_1_240' title='bbox 1818 1827 2082 1892; x_wconf 63' lang='lat' dir='ltr'><strong>praeceptis</strong></span> <span class='ocrx_word' id='word_1_241' title='bbox 2120 1826 2251 1878; x_wconf 85' lang='lat' dir='ltr'><strong>Novi</strong></span> <span class='ocrx_word' id='word_1_242' title='bbox 2288 1827 2593 1881; x_wconf 85' lang='lat' dir='ltr'><strong>Testamenti</strong></span> 
     </span>
    </p>
   </div>
   <div class='ocr_carea' id='block_1_21' title="bbox 504 1908 3656 1990">
    <p class='ocr_par' dir='ltr' id='par_1_21' title="bbox 504 1908 3656 1990">
     <span class='ocr_line' id='line_1_21' title="bbox 504 1908 3656 1990; baseline 0.004 -26"><span class='ocrx_word' id='word_1_243' title='bbox 504 1909 637 1965; x_wconf 84' lang='lat' dir='ltr'><strong>Lib.</strong></span> <span class='ocrx_word' id='word_1_244' title='bbox 664 1920 720 1963; x_wconf 84' lang='lat' dir='ltr'><strong>tv</strong></span> <span class='ocrx_word' id='word_1_245' title='bbox 753 1910 833 1964; x_wconf 87' lang='lat' dir='ltr'><strong>De</strong></span> <span class='ocrx_word' id='word_1_246' title='bbox 864 1908 1161 1977; x_wconf 72' lang='lat' dir='ltr'><strong>principiis,</strong></span> <span class='ocrx_word' id='word_1_247' title='bbox 1191 1925 1348 1969; x_wconf 90' lang='lat' dir='ltr'><strong>num.</strong></span> <span class='ocrx_word' id='word_1_248' title='bbox 1378 1912 1469 1976; x_wconf 75' lang='lat'><strong>18,</strong></span> <span class='ocrx_word' id='word_1_249' title='bbox 1516 1914 1841 1983; x_wconf 86' lang='lat' dir='ltr'><strong>probaturus</strong></span> <span class='ocrx_word' id='word_1_250' title='bbox 1865 1914 2067 1984; x_wconf 89' lang='lat' dir='ltr'><strong>aliquot</strong></span> <span class='ocrx_word' id='word_1_251' title='bbox 2094 1930 2214 1971; x_wconf 90' lang='lat' dir='ltr'><strong>esse</strong></span> <span class='ocrx_word' id='word_1_252' title='bbox 2242 1917 2374 1972; x_wconf 86' lang='lat' dir='ltr'><strong>Novi</strong></span> <span class='ocrx_word' id='word_1_253' title='bbox 2402 1920 2730 1975; x_wconf 86' lang='lat' dir='ltr'><strong>Testamenti</strong></span> <span class='ocrx_word' id='word_1_254' title='bbox 2776 1930 3032 1990; x_wconf 66' lang='lat' dir='ltr'><strong>praecepta</strong></span> <span class='ocrx_word' id='word_1_255' title='bbox 3060 1935 3088 1973; x_wconf 89' lang='lat' dir='ltr'><strong>a</strong></span> <span class='ocrx_word' id='word_1_256' title='bbox 3115 1921 3307 1988; x_wconf 83' lang='lat' dir='ltr'><strong>quibus</strong></span> <span class='ocrx_word' id='word_1_257' title='bbox 3331 1923 3504 1976; x_wconf 87' lang='lat' dir='ltr'><strong>omnis</strong></span> <span class='ocrx_word' id='word_1_258' title='bbox 3533 1938 3656 1976; x_wconf 87' lang='lat' dir='ltr'><strong>sen-</strong></span> 
     </span>
    </p>
   </div>
   <div class='ocr_carea' id='block_1_22' title="bbox 431 1994 3657 2079">
    <p class='ocr_par' dir='ltr' id='par_1_22' title="bbox 431 1994 3657 2079">
     <span class='ocr_line' id='line_1_22' title="bbox 431 1994 3657 2079; baseline 0.004 -25"><span class='ocrx_word' id='word_1_259' title='bbox 431 2014 530 2054; x_wconf 86' lang='lat' dir='ltr'><strong>sus</strong></span> <span class='ocrx_word' id='word_1_260' title='bbox 561 2000 867 2054; x_wconf 88' lang='lat' dir='ltr'><strong>historicus</strong></span> <span class='ocrx_word' id='word_1_261' title='bbox 898 2000 969 2052; x_wconf 89' lang='lat' dir='ltr'><strong>ita</strong></span> <span class='ocrx_word' id='word_1_262' title='bbox 1002 1994 1337 2065; x_wconf 79' lang='lat' dir='ltr'><strong>excluditur,</strong></span> <span class='ocrx_word' id='word_1_263' title='bbox 1363 2012 1419 2056; x_wconf 90' lang='lat' dir='ltr'><strong>ut</strong></span> <span class='ocrx_word' id='word_1_264' title='bbox 1449 2005 1560 2057; x_wconf 88' lang='lat' dir='ltr'><strong>sola</strong></span> <span class='ocrx_word' id='word_1_265' title='bbox 1596 2006 1648 2059; x_wconf 93' lang='lat' dir='ltr'><strong>in</strong></span> <span class='ocrx_word' id='word_1_266' title='bbox 1686 2005 1791 2059; x_wconf 83' lang='lat' dir='ltr'><strong>illis</strong></span> <span class='ocrx_word' id='word_1_267' title='bbox 1821 2006 2172 2076; x_wconf 76' lang='lat' dir='ltr'><strong>intelligentia</strong></span> <span class='ocrx_word' id='word_1_268' title='bbox 2205 2009 2462 2077; x_wconf 82' lang='lat' dir='ltr'><strong>spiritalis</strong></span> <span class='ocrx_word' id='word_1_269' title='bbox 2493 2014 2777 2079; x_wconf 70' lang='lat' dir='ltr'><strong>quaerenda</strong></span> <span class='ocrx_word' id='word_1_270' title='bbox 2811 2013 2905 2076; x_wconf 88' lang='lat' dir='ltr'><strong>sit,</strong></span> <span class='ocrx_word' id='word_1_271' title='bbox 2956 2012 3034 2066; x_wconf 91' lang='lat' dir='ltr'><strong>sic</strong></span> <span class='ocrx_word' id='word_1_272' title='bbox 3063 2013 3313 2066; x_wconf 84' lang='lat' dir='ltr'><strong>disserit:</strong></span> <span class='ocrx_word' id='word_1_273' title='bbox 3345 2010 3498 2067; x_wconf 74' lang='lat' dir='ltr'><strong>«Jam</strong></span> <span class='ocrx_word' id='word_1_274' title='bbox 3530 2028 3657 2068; x_wconf 88' lang='lat' dir='ltr'><strong>vero</strong></span> 
     </span>
    </p>
   </div>
   <div class='ocr_carea' id='block_1_23' title="bbox 427 2090 3656 2173">
    <p class='ocr_par' dir='ltr' id='par_1_23' title="bbox 427 2090 3656 2173">
     <span class='ocr_line' id='line_1_23' title="bbox 427 2090 3656 2173; baseline 0.005 -26"><span class='ocrx_word' id='word_1_275' title='bbox 427 2094 477 2148; x_wconf 93' lang='lat' dir='ltr'><strong>si</strong></span> <span class='ocrx_word' id='word_1_276' title='bbox 516 2093 589 2145; x_wconf 88' lang='lat' dir='ltr'><strong>ad</strong></span> <span class='ocrx_word' id='word_1_277' title='bbox 619 2090 971 2159; x_wconf 78' lang='lat' dir='ltr'><strong>Evangelium</strong></span> <span class='ocrx_word' id='word_1_278' title='bbox 1004 2091 1293 2145; x_wconf 79' lang='lat' dir='ltr'><strong>veniamus</strong></span> <span class='ocrx_word' id='word_1_279' title='bbox 1325 2100 1378 2146; x_wconf 91' lang='lat' dir='ltr'><strong>et</strong></span> <span class='ocrx_word' id='word_1_280' title='bbox 1408 2094 1605 2147; x_wconf 89' lang='lat' dir='ltr'><strong>similia</strong></span> <span class='ocrx_word' id='word_1_281' title='bbox 1638 2097 1996 2164; x_wconf 87' lang='lat' dir='ltr'><strong>requiramus,</strong></span> <span class='ocrx_word' id='word_1_282' title='bbox 2023 2102 2150 2167; x_wconf 90' lang='lat' dir='ltr'><strong>quid</strong></span> <span class='ocrx_word' id='word_1_283' title='bbox 2182 2117 2211 2154; x_wconf 91' lang='lat' dir='ltr'><strong>a</strong></span> <span class='ocrx_word' id='word_1_284' title='bbox 2253 2102 2460 2157; x_wconf 90' lang='lat' dir='ltr'><strong>ratione</strong></span> <span class='ocrx_word' id='word_1_285' title='bbox 2492 2105 2658 2173; x_wconf 87' lang='lat' dir='ltr'><strong>magis</strong></span> <span class='ocrx_word' id='word_1_286' title='bbox 2693 2105 2947 2168; x_wconf 87' lang='lat' dir='ltr'><strong>alienum,</strong></span> <span class='ocrx_word' id='word_1_287' title='bbox 2989 2120 3148 2173; x_wconf 88' lang='lat' dir='ltr'><strong>quam</strong></span> <span class='ocrx_word' id='word_1_288' title='bbox 3179 2106 3357 2159; x_wconf 84' lang='lat' dir='ltr'><strong>istud:</strong></span> <span class='ocrx_word' id='word_1_289' title='bbox 3385 2105 3656 2161; x_wconf 74' lang='lat' dir='ltr'><strong>Neminem</strong></span> 
     </span>
    </p>
   </div>
   <div class='ocr_carea' id='block_1_24' title="bbox 426 2180 3657 2269">
    <p class='ocr_par' dir='ltr' id='par_1_24' title="bbox 426 2180 3657 2269">
     <span class='ocr_line' id='line_1_24' title="bbox 426 2180 3657 2269; baseline 0.005 -35"><span class='ocrx_word' id='word_1_290' title='bbox 426 2197 527 2249; x_wconf 82' lang='lat' dir='ltr'><strong>per</strong></span> <span class='ocrx_word' id='word_1_291' title='bbox 578 2182 721 2233; x_wconf 78' lang='lat' dir='ltr'><strong>uiam</strong></span> <span class='ocrx_word' id='word_1_292' title='bbox 754 2180 1117 2234; x_wconf 72' lang='lat' dir='ltr'><strong>saluttwert&#39;tis</strong></span> <span class='ocrx_word' id='word_1_293' title='bbox 1139 2182 1212 2245; x_wconf 82' lang='lat'><strong>&quot;,</strong></span> <span class='ocrx_word' id='word_1_294' title='bbox 1240 2182 1382 2250; x_wconf 84' lang='lat' dir='ltr'><strong>quod</strong></span> <span class='ocrx_word' id='word_1_295' title='bbox 1411 2185 1664 2251; x_wconf 88' lang='lat' dir='ltr'><strong>apostolis</strong></span> <span class='ocrx_word' id='word_1_296' title='bbox 1690 2189 2005 2256; x_wconf 72' lang='lat' dir='ltr'><strong>praecepisse</strong></span> <span class='ocrx_word' id='word_1_297' title='bbox 2031 2189 2367 2246; x_wconf 87' lang='lat' dir='ltr'><strong>Salvatorem</strong></span> <span class='ocrx_word' id='word_1_298' title='bbox 2414 2195 2767 2262; x_wconf 86' lang='lat' dir='ltr'><strong>simpliciores</strong></span> <span class='ocrx_word' id='word_1_299' title='bbox 2795 2196 3140 2250; x_wconf 72' lang='lat' dir='ltr'><strong>existimant?</strong></span> <span class='ocrx_word' id='word_1_300' title='bbox 3186 2196 3246 2250; x_wconf 82' lang='lat' dir='ltr'><strong>Et</strong></span> <span class='ocrx_word' id='word_1_301' title='bbox 3285 2212 3406 2251; x_wconf 85' lang='lat' dir='ltr'><strong>eum</strong></span> <span class='ocrx_word' id='word_1_302' title='bbox 3439 2199 3657 2269; x_wconf 81' lang='lat' dir='ltr'><strong>dextera</strong></span> 
     </span>
    </p>
   </div>
   <div class='ocr_carea' id='block_1_25' title="bbox 435 2274 3661 2358">
    <p class='ocr_par' dir='ltr' id='par_1_25' title="bbox 435 2274 3661 2358">
     <span class='ocr_line' id='line_1_25' title="bbox 435 2274 3661 2358; baseline 0.005 -31"><span class='ocrx_word' id='word_1_303' title='bbox 435 2275 669 2328; x_wconf 76' lang='lat' dir='ltr'><strong>maxilla</strong></span> <span class='ocrx_word' id='word_1_304' title='bbox 705 2274 917 2342; x_wconf 87' lang='lat' dir='ltr'><strong>percuti</strong></span> <span class='ocrx_word' id='word_1_305' title='bbox 950 2274 1174 2339; x_wconf 88' lang='lat' dir='ltr'><strong>dicitur,</strong></span> <span class='ocrx_word' id='word_1_306' title='bbox 1208 2290 1296 2330; x_wconf 88' lang='lat' dir='ltr'><strong>res</strong></span> <span class='ocrx_word' id='word_1_307' title='bbox 1320 2286 1406 2330; x_wconf 85' lang='lat' dir='ltr'><strong>est</strong></span> <span class='ocrx_word' id='word_1_308' title='bbox 1433 2292 1461 2328; x_wconf 88' lang='lat' dir='ltr'><strong>a</strong></span> <span class='ocrx_word' id='word_1_309' title='bbox 1499 2278 1778 2332; x_wconf 78' lang='lat' dir='ltr'><strong>verisimili</strong></span> <span class='ocrx_word' id='word_1_310' title='bbox 1813 2295 2031 2347; x_wconf 89' lang='lat' dir='ltr'><strong>prorsus</strong></span> <span class='ocrx_word' id='word_1_311' title='bbox 2059 2283 2375 2349; x_wconf 83' lang='lat' dir='ltr'><strong>abhorrens,</strong></span> <span class='ocrx_word' id='word_1_312' title='bbox 2406 2303 2526 2339; x_wconf 86' lang='lat' dir='ltr'><strong>cum</strong></span> <span class='ocrx_word' id='word_1_313' title='bbox 2557 2290 2731 2342; x_wconf 90' lang='lat' dir='ltr'><strong>omnis</strong></span> <span class='ocrx_word' id='word_1_314' title='bbox 2760 2290 2848 2356; x_wconf 90' lang='lat' dir='ltr'><strong>qui</strong></span> <span class='ocrx_word' id='word_1_315' title='bbox 2876 2290 3131 2358; x_wconf 87' lang='lat' dir='ltr'><strong>percutit,</strong></span> <span class='ocrx_word' id='word_1_316' title='bbox 3166 2290 3265 2342; x_wconf 84' lang='lat' dir='ltr'><strong>nisi</strong></span> <span class='ocrx_word' id='word_1_317' title='bbox 3301 2299 3485 2343; x_wconf 88' lang='lat' dir='ltr'><strong>natura</strong></span> <span class='ocrx_word' id='word_1_318' title='bbox 3514 2306 3661 2344; x_wconf 87' lang='lat' dir='ltr'><strong>mau-</strong></span> 
     </span>
    </p>
   </div>
   <div class='ocr_carea' id='block_1_26' title="bbox 436 2364 3659 2448">
    <p class='ocr_par' dir='ltr' id='par_1_26' title="bbox 436 2364 3659 2448">
     <span class='ocr_line' id='line_1_26' title="bbox 436 2364 3659 2448; baseline 0.004 -29"><span class='ocrx_word' id='word_1_319' title='bbox 436 2379 544 2419; x_wconf 86' lang='lat' dir='ltr'><strong>cus</strong></span> <span class='ocrx_word' id='word_1_320' title='bbox 579 2364 772 2427; x_wconf 80' lang='lat' dir='ltr'><strong>fuerit,</strong></span> <span class='ocrx_word' id='word_1_321' title='bbox 807 2365 1030 2418; x_wconf 88' lang='lat' dir='ltr'><strong>dextera</strong></span> <span class='ocrx_word' id='word_1_322' title='bbox 1065 2380 1227 2418; x_wconf 89' lang='lat' dir='ltr'><strong>manu</strong></span> <span class='ocrx_word' id='word_1_323' title='bbox 1263 2366 1547 2421; x_wconf 86' lang='lat' dir='ltr'><strong>sinistram</strong></span> <span class='ocrx_word' id='word_1_324' title='bbox 1581 2369 1844 2423; x_wconf 77' lang='lat' dir='ltr'><strong>maxillam</strong></span> <span class='ocrx_word' id='word_1_325' title='bbox 1886 2371 2061 2428; x_wconf 82' lang='lat' dir='ltr'><strong>feriat.</strong></span> <span class='ocrx_word' id='word_1_326' title='bbox 2107 2373 2286 2442; x_wconf 87' lang='lat' dir='ltr'><strong>Neque</strong></span> <span class='ocrx_word' id='word_1_327' title='bbox 2310 2387 2485 2442; x_wconf 85' lang='lat' dir='ltr'><strong>potest</strong></span> <span class='ocrx_word' id='word_1_328' title='bbox 2514 2393 2576 2430; x_wconf 79' lang='lat' dir='ltr'><strong>ex</strong></span> <span class='ocrx_word' id='word_1_329' title='bbox 2609 2378 2896 2446; x_wconf 83' lang='lat' dir='ltr'><strong>Evangelia</strong></span> <span class='ocrx_word' id='word_1_330' title='bbox 2926 2379 3123 2448; x_wconf 83' lang='lat' dir='ltr'><strong>percipi</strong></span> <span class='ocrx_word' id='word_1_331' title='bbox 3150 2392 3256 2446; x_wconf 89' lang='lat' dir='ltr'><strong>quo</strong></span> <span class='ocrx_word' id='word_1_332' title='bbox 3278 2388 3436 2448; x_wconf 86' lang='lat' dir='ltr'><strong>pacto</strong></span> <span class='ocrx_word' id='word_1_333' title='bbox 3472 2382 3659 2435; x_wconf 83' lang='lat' dir='ltr'><strong>dexter</strong></span> 
     </span>
    </p>
   </div>
   <div class='ocr_carea' id='block_1_27' title="bbox 432 2456 3659 2534">
    <p class='ocr_par' dir='ltr' id='par_1_27' title="bbox 432 2456 3659 2534">
     <span class='ocr_line' id='line_1_27' title="bbox 432 2456 3659 2534; baseline 0.004 -22"><span class='ocrx_word' id='word_1_334' title='bbox 432 2457 638 2512; x_wconf 80' lang='lat' dir='ltr'><strong>oculus</strong></span> <span class='ocrx_word' id='word_1_335' title='bbox 664 2456 949 2512; x_wconf 77' lang='lat' dir='ltr'><strong>oﬂ‘ensioni</strong></span> <span class='ocrx_word' id='word_1_336' title='bbox 979 2459 1070 2512; x_wconf 86' lang='lat' dir='ltr'><strong>sit.</strong></span> <span class='ocrx_word' id='word_1_337' title='bbox 1133 2459 1204 2514; x_wconf 85' lang='lat' dir='ltr'><strong>Ut</strong></span> <span class='ocrx_word' id='word_1_338' title='bbox 1237 2461 1381 2513; x_wconf 90' lang='lat' dir='ltr'><strong>enim</strong></span> <span class='ocrx_word' id='word_1_339' title='bbox 1412 2456 1769 2516; x_wconf 81' lang='lat' dir='ltr'><strong>concedamus</strong></span> <span class='ocrx_word' id='word_1_340' title='bbox 1800 2478 1960 2531; x_wconf 83' lang='lat' dir='ltr'><strong>posse</strong></span> <span class='ocrx_word' id='word_1_341' title='bbox 1984 2468 2287 2534; x_wconf 88' lang='lat' dir='ltr'><strong>quempiam</strong></span> <span class='ocrx_word' id='word_1_342' title='bbox 2316 2470 2545 2523; x_wconf 88' lang='lat' dir='ltr'><strong>videndo</strong></span> <span class='ocrx_word' id='word_1_343' title='bbox 2592 2472 2967 2534; x_wconf 82' lang='lat' dir='ltr'><strong>scandalizari,</strong></span> <span class='ocrx_word' id='word_1_344' title='bbox 3001 2486 3096 2525; x_wconf 91' lang='lat' dir='ltr'><strong>cur</strong></span> <span class='ocrx_word' id='word_1_345' title='bbox 3136 2486 3256 2525; x_wconf 91' lang='lat' dir='ltr'><strong>cum</strong></span> <span class='ocrx_word' id='word_1_346' title='bbox 3285 2474 3388 2525; x_wconf 91' lang='lat' dir='ltr'><strong>duo</strong></span> <span class='ocrx_word' id='word_1_347' title='bbox 3412 2473 3550 2527; x_wconf 90' lang='lat' dir='ltr'><strong>oeuli</strong></span> <span class='ocrx_word' id='word_1_348' title='bbox 3579 2475 3659 2525; x_wconf 90' lang='lat' dir='ltr'><strong>vi-</strong></span> 
     </span>
    </p>
   </div>
   <div class='ocr_carea' id='block_1_28' title="bbox 430 2549 3657 2630">
    <p class='ocr_par' dir='ltr' id='par_1_28' title="bbox 430 2549 3657 2630">
     <span class='ocr_line' id='line_1_28' title="bbox 430 2549 3657 2630; baseline 0.005 -30"><span class='ocrx_word' id='word_1_349' title='bbox 430 2549 625 2612; x_wconf 84' lang='lat' dir='ltr'><strong>deant,</strong></span> <span class='ocrx_word' id='word_1_350' title='bbox 656 2553 868 2603; x_wconf 88' lang='lat' dir='ltr'><strong>crimen</strong></span> <span class='ocrx_word' id='word_1_351' title='bbox 904 2550 956 2602; x_wconf 92' lang='lat' dir='ltr'><strong>in</strong></span> <span class='ocrx_word' id='word_1_352' title='bbox 1003 2550 1255 2603; x_wconf 89' lang='lat' dir='ltr'><strong>dextrum</strong></span> <span class='ocrx_word' id='word_1_353' title='bbox 1302 2551 1729 2607; x_wconf 85' lang='lat' dir='ltr'><strong>transferendum</strong></span> <span class='ocrx_word' id='word_1_354' title='bbox 1758 2556 1879 2609; x_wconf 81' lang='lat' dir='ltr'><strong>est?</strong></span> <span class='ocrx_word' id='word_1_355' title='bbox 1912 2556 2040 2622; x_wconf 87' lang='lat' dir='ltr'><strong>Quis</strong></span> <span class='ocrx_word' id='word_1_356' title='bbox 2065 2559 2227 2625; x_wconf 75' lang='lat' dir='ltr'><strong>etiam</strong></span> <span class='ocrx_word' id='word_1_357' title='bbox 2261 2561 2572 2629; x_wconf 89' lang='lat' dir='ltr'><strong>sibimetipsi</strong></span> <span class='ocrx_word' id='word_1_358' title='bbox 2616 2562 2852 2618; x_wconf 84' lang='lat' dir='ltr'><strong>infensus</strong></span> <span class='ocrx_word' id='word_1_359' title='bbox 2882 2564 3021 2630; x_wconf 89' lang='lat' dir='ltr'><strong>quod</strong></span> <span class='ocrx_word' id='word_1_360' title='bbox 3050 2564 3245 2616; x_wconf 85' lang='lat' dir='ltr'><strong>viderit</strong></span> <span class='ocrx_word' id='word_1_361' title='bbox 3284 2564 3562 2618; x_wconf 87' lang='lat' dir='ltr'><strong>mulierem</strong></span> <span class='ocrx_word' id='word_1_362' title='bbox 3590 2565 3657 2617; x_wconf 91' lang='lat' dir='ltr'><strong>ad</strong></span> 
     </span>
    </p>
   </div>
   <div class='ocr_carea' id='block_1_29' title="bbox 427 2643 3655 2724">
    <p class='ocr_par' dir='ltr' id='par_1_29' title="bbox 427 2643 3655 2724">
     <span class='ocr_line' id='line_1_29' title="bbox 427 2643 3655 2724; baseline 0.005 -29"><span class='ocrx_word' id='word_1_363' title='bbox 427 2643 941 2709; x_wconf 87' lang='lat' dir='ltr'><strong>concupiscendum</strong></span> <span class='ocrx_word' id='word_1_364' title='bbox 972 2658 1117 2706; x_wconf 88' lang='lat' dir='ltr'><strong>eam,</strong></span> <span class='ocrx_word' id='word_1_365' title='bbox 1150 2658 1374 2697; x_wconf 88' lang='lat' dir='ltr'><strong>causam</strong></span> <span class='ocrx_word' id='word_1_366' title='bbox 1410 2660 1662 2714; x_wconf 88' lang='lat' dir='ltr'><strong>regerens</strong></span> <span class='ocrx_word' id='word_1_367' title='bbox 1686 2647 1738 2700; x_wconf 92' lang='lat' dir='ltr'><strong>in</strong></span> <span class='ocrx_word' id='word_1_368' title='bbox 1766 2664 1925 2702; x_wconf 89' lang='lat' dir='ltr'><strong>unum</strong></span> <span class='ocrx_word' id='word_1_369' title='bbox 1956 2650 2203 2705; x_wconf 86' lang='lat' dir='ltr'><strong>dextrum</strong></span> <span class='ocrx_word' id='word_1_370' title='bbox 2233 2654 2464 2719; x_wconf 91' lang='lat' dir='ltr'><strong>oculum,</strong></span> <span class='ocrx_word' id='word_1_371' title='bbox 2496 2655 2689 2709; x_wconf 91' lang='lat' dir='ltr'><strong>merito</strong></span> <span class='ocrx_word' id='word_1_372' title='bbox 2718 2655 2857 2709; x_wconf 88' lang='lat' dir='ltr'><strong>hunc</strong></span> <span class='ocrx_word' id='word_1_373' title='bbox 2880 2658 3050 2724; x_wconf 90' lang='lat' dir='ltr'><strong>ipsum</strong></span> <span class='ocrx_word' id='word_1_374' title='bbox 3075 2656 3368 2724; x_wconf 77' lang='lat' dir='ltr'><strong>abiecerit?</strong></span> <span class='ocrx_word' id='word_1_375' title='bbox 3394 2657 3655 2711; x_wconf 63' lang='lat' dir='ltr'><strong>Praeterea</strong></span> 
     </span>
    </p>
   </div>
   <div class='ocr_carea' id='block_1_30' title="bbox 423 2733 3661 2819">
    <p class='ocr_par' dir='ltr' id='par_1_30' title="bbox 423 2733 3661 2819">
     <span class='ocr_line' id='line_1_30' title="bbox 423 2733 3661 2819; baseline 0.006 -33"><span class='ocrx_word' id='word_1_376' title='bbox 423 2733 733 2799; x_wconf 83' lang='lat' dir='ltr'><strong>Apostolus</strong></span> <span class='ocrx_word' id='word_1_377' title='bbox 756 2735 1018 2802; x_wconf 66' lang='lat' dir='ltr'><strong>praecipit</strong></span> <span class='ocrx_word' id='word_1_378' title='bbox 1063 2736 1252 2790; x_wconf 87' lang='lat' dir='ltr'><strong>dicens</strong></span> <span class='ocrx_word' id='word_1_379' title='bbox 1303 2756 1317 2788; x_wconf 91' lang='lat'><strong>:</strong></span> <span class='ocrx_word' id='word_1_380' title='bbox 1351 2738 1699 2792; x_wconf 75' lang='lat' dir='ltr'><strong>Circumcisus</strong></span> <span class='ocrx_word' id='word_1_381' title='bbox 1726 2740 1914 2809; x_wconf 81' lang='lat' dir='ltr'><strong>aliquis</strong></span> <span class='ocrx_word' id='word_1_382' title='bbox 1943 2752 2157 2796; x_wconf 83' lang='lat' dir='ltr'><strong>vocatus</strong></span> <span class='ocrx_word' id='word_1_383' title='bbox 2180 2745 2300 2797; x_wconf 76' lang='lat' dir='ltr'><strong>est?</strong></span> <span class='ocrx_word' id='word_1_384' title='bbox 2342 2762 2446 2799; x_wconf 87' lang='lat' dir='ltr'><strong>non</strong></span> <span class='ocrx_word' id='word_1_385' title='bbox 2478 2749 2702 2799; x_wconf 81' lang='lat' dir='ltr'><strong>adducat</strong></span> <span class='ocrx_word' id='word_1_386' title='bbox 2731 2749 3042 2816; x_wconf 77' lang='lat' dir='ltr'><strong>prwputium</strong></span> <span class='ocrx_word' id='word_1_387' title='bbox 3066 2748 3133 2801; x_wconf 75' lang='lat'><strong>“.</strong></span> <span class='ocrx_word' id='word_1_388' title='bbox 3174 2748 3407 2802; x_wconf 88' lang='lat' dir='ltr'><strong>Primum</strong></span> <span class='ocrx_word' id='word_1_389' title='bbox 3434 2749 3661 2819; x_wconf 75' lang='lat' dir='ltr'><strong>quilibet</strong></span> 
     </span>
    </p>
   </div>
   <div class='ocr_carea' id='block_1_31' title="bbox 422 2819 3662 2906">
    <p class='ocr_par' dir='ltr' id='par_1_31' title="bbox 422 2819 3662 2906">
     <span class='ocr_line' id='line_1_31' title="bbox 422 2819 3662 2906; baseline 0.004 -30"><span class='ocrx_word' id='word_1_390' title='bbox 422 2819 548 2877; x_wconf 63' lang='lat' dir='ltr'><strong>hac</strong></span> <span class='ocrx_word' id='word_1_391' title='bbox 582 2824 690 2878; x_wconf 86' lang='lat' dir='ltr'><strong>abs</strong></span> <span class='ocrx_word' id='word_1_392' title='bbox 722 2839 782 2877; x_wconf 88' lang='lat' dir='ltr'><strong>re</strong></span> <span class='ocrx_word' id='word_1_393' title='bbox 809 2834 1122 2893; x_wconf 64' lang='lat' dir='ltr'><strong>praeterque</strong></span> <span class='ocrx_word' id='word_1_394' title='bbox 1150 2827 1488 2895; x_wconf 89' lang='lat' dir='ltr'><strong>propositum</strong></span> <span class='ocrx_word' id='word_1_395' title='bbox 1518 2829 1699 2885; x_wconf 86' lang='lat' dir='ltr'><strong>dicere</strong></span> <span class='ocrx_word' id='word_1_396' title='bbox 1726 2828 2036 2899; x_wconf 85' lang='lat' dir='ltr'><strong>Apostolum</strong></span> <span class='ocrx_word' id='word_1_397' title='bbox 2064 2835 2281 2890; x_wconf 83' lang='lat' dir='ltr'><strong>videbit.</strong></span> <span class='ocrx_word' id='word_1_398' title='bbox 2342 2835 2474 2889; x_wconf 84' lang='lat' dir='ltr'><strong>Nam</strong></span> <span class='ocrx_word' id='word_1_399' title='bbox 2508 2837 2774 2905; x_wconf 90' lang='lat' dir='ltr'><strong>quomodo</strong></span> <span class='ocrx_word' id='word_1_400' title='bbox 2799 2839 2864 2891; x_wconf 91' lang='lat' dir='ltr'><strong>de</strong></span> <span class='ocrx_word' id='word_1_401' title='bbox 2893 2839 3091 2906; x_wconf 91' lang='lat' dir='ltr'><strong>nuptiis</strong></span> <span class='ocrx_word' id='word_1_402' title='bbox 3119 2847 3168 2892; x_wconf 89' lang='lat' dir='ltr'><strong>el</strong></span> <span class='ocrx_word' id='word_1_403' title='bbox 3196 2839 3441 2893; x_wconf 84' lang='lat' dir='ltr'><strong>castitate</strong></span> <span class='ocrx_word' id='word_1_404' title='bbox 3470 2836 3662 2906; x_wconf 69' lang='lat' dir='ltr'><strong>praecin</strong></span> 
     </span>
    </p>
   </div>
   <div class='ocr_carea' id='block_1_32' title="bbox 419 2917 3658 2999">
    <p class='ocr_par' dir='ltr' id='par_1_32' title="bbox 419 2917 3658 2999">
     <span class='ocr_line' id='line_1_32' title="bbox 419 2917 3658 2999; baseline 0.005 -31"><span class='ocrx_word' id='word_1_405' title='bbox 419 2917 588 2981; x_wconf 83' lang='lat' dir='ltr'><strong>piens</strong></span> <span class='ocrx_word' id='word_1_406' title='bbox 620 2931 733 2970; x_wconf 90' lang='lat' dir='ltr'><strong>non</strong></span> <span class='ocrx_word' id='word_1_407' title='bbox 782 2918 1036 2971; x_wconf 84' lang='lat' dir='ltr'><strong>videatur</strong></span> <span class='ocrx_word' id='word_1_408' title='bbox 1069 2919 1185 2972; x_wconf 64' lang='lat' dir='ltr'><strong>haec</strong></span> <span class='ocrx_word' id='word_1_409' title='bbox 1220 2928 1425 2973; x_wconf 89' lang='lat' dir='ltr'><strong>temere</strong></span> <span class='ocrx_word' id='word_1_410' title='bbox 1476 2921 1893 2988; x_wconf 78' lang='lat' dir='ltr'><strong>interposuisse?</strong></span> <span class='ocrx_word' id='word_1_411' title='bbox 1927 2924 2129 2981; x_wconf 87' lang='lat' dir='ltr'><strong>Deinde</strong></span> <span class='ocrx_word' id='word_1_412' title='bbox 2158 2928 2278 2996; x_wconf 86' lang='lat' dir='ltr'><strong>quis</strong></span> <span class='ocrx_word' id='word_1_413' title='bbox 2311 2943 2538 2997; x_wconf 83' lang='lat' dir='ltr'><strong>peccare</strong></span> <span class='ocrx_word' id='word_1_414' title='bbox 2569 2929 2714 2982; x_wconf 91' lang='lat' dir='ltr'><strong>illum</strong></span> <span class='ocrx_word' id='word_1_415' title='bbox 2745 2930 2963 2995; x_wconf 86' lang='lat' dir='ltr'><strong>dixerit,</strong></span> <span class='ocrx_word' id='word_1_416' title='bbox 3014 2931 3102 2999; x_wconf 91' lang='lat' dir='ltr'><strong>qui</strong></span> <span class='ocrx_word' id='word_1_417' title='bbox 3131 2931 3362 2985; x_wconf 74' lang='lat' dir='ltr'><strong>vitandae</strong></span> <span class='ocrx_word' id='word_1_418' title='bbox 3388 2930 3658 2985; x_wconf 73' lang='lat' dir='ltr'><strong>obscmni-</strong></span> 
     </span>
    </p>
   </div>
   <div class='ocr_carea' id='block_1_33' title="bbox 414 3006 3650 3088">
    <p class='ocr_par' dir='ltr' id='par_1_33' title="bbox 414 3006 3650 3088">
     <span class='ocr_line' id='line_1_33' title="bbox 414 3006 3650 3088; baseline 0.003 -25"><span class='ocrx_word' id='word_1_419' title='bbox 414 3012 558 3063; x_wconf 82' lang='lat' dir='ltr'><strong>tatis</strong></span> <span class='ocrx_word' id='word_1_420' title='bbox 587 3022 963 3083; x_wconf 64' lang='lat' dir='ltr'><strong>causa,quam</strong></span> <span class='ocrx_word' id='word_1_421' title='bbox 999 3006 1194 3075; x_wconf 83' lang='lat' dir='ltr'><strong>vulgus</strong></span> <span class='ocrx_word' id='word_1_422' title='bbox 1223 3008 1628 3063; x_wconf 84' lang='lat' dir='ltr'><strong>circumcisioni</strong></span> <span class='ocrx_word' id='word_1_423' title='bbox 1673 3010 1854 3067; x_wconf 84' lang='lat' dir='ltr'><strong>inesse</strong></span> <span class='ocrx_word' id='word_1_424' title='bbox 1883 3023 2055 3081; x_wconf 88' lang='lat' dir='ltr'><strong>putat,</strong></span> <span class='ocrx_word' id='word_1_425' title='bbox 2096 3031 2369 3080; x_wconf 85' lang='lat' dir='ltr'><strong>revocare,</strong></span> <span class='ocrx_word' id='word_1_426' title='bbox 2401 3018 2445 3071; x_wconf 92' lang='lat' dir='ltr'><strong>si</strong></span> <span class='ocrx_word' id='word_1_427' title='bbox 2474 3017 2587 3072; x_wconf 84' lang='lat' dir='ltr'><strong>ﬁeri</strong></span> <span class='ocrx_word' id='word_1_428' title='bbox 2615 3028 2812 3086; x_wconf 86' lang='lat' dir='ltr'><strong>potest.</strong></span> <span class='ocrx_word' id='word_1_429' title='bbox 2847 3020 3161 3088; x_wconf 63' lang='lat' dir='ltr'><strong>praeputium</strong></span> <span class='ocrx_word' id='word_1_430' title='bbox 3194 3029 3420 3075; x_wconf 88' lang='lat' dir='ltr'><strong>conatus</strong></span> <span class='ocrx_word' id='word_1_431' title='bbox 3449 3021 3650 3076; x_wconf 78' lang='lat' dir='ltr'><strong>fuerit?</strong></span> 
     </span>
    </p>
   </div>
   <div class='ocr_carea' id='block_1_34' title="bbox 410 3098 3654 3176">
    <p class='ocr_par' dir='ltr' id='par_1_34' title="bbox 410 3098 3654 3176">
     <span class='ocr_line' id='line_1_34' title="bbox 410 3098 3654 3176; baseline 0.004 -21"><span class='ocrx_word' id='word_1_432' title='bbox 410 3101 550 3156; x_wconf 66' lang='lat' dir='ltr'><strong>Haec</strong></span> <span class='ocrx_word' id='word_1_433' title='bbox 606 3100 801 3153; x_wconf 88' lang='lat' dir='ltr'><strong>omnia</strong></span> <span class='ocrx_word' id='word_1_434' title='bbox 851 3112 881 3149; x_wconf 92' lang='lat' dir='ltr'><strong>a</strong></span> <span class='ocrx_word' id='word_1_435' title='bbox 912 3098 1072 3152; x_wconf 83' lang='lat' dir='ltr'><strong>nobis</strong></span> <span class='ocrx_word' id='word_1_436' title='bbox 1122 3098 1265 3152; x_wconf 89' lang='lat' dir='ltr'><strong>dicta</strong></span> <span class='ocrx_word' id='word_1_437' title='bbox 1299 3106 1448 3161; x_wconf 85' lang='lat' dir='ltr'><strong>sunt,</strong></span> <span class='ocrx_word' id='word_1_438' title='bbox 1504 3106 1562 3151; x_wconf 90' lang='lat' dir='ltr'><strong>ut</strong></span> <span class='ocrx_word' id='word_1_439' title='bbox 1608 3101 1952 3156; x_wconf 85' lang='lat' dir='ltr'><strong>ostendamus</strong></span> <span class='ocrx_word' id='word_1_440' title='bbox 2000 3117 2101 3156; x_wconf 88' lang='lat' dir='ltr'><strong>non</strong></span> <span class='ocrx_word' id='word_1_441' title='bbox 2135 3119 2196 3158; x_wconf 89' lang='lat' dir='ltr'><strong>ea</strong></span> <span class='ocrx_word' id='word_1_442' title='bbox 2227 3107 2336 3160; x_wconf 84' lang='lat' dir='ltr'><strong>sola</strong></span> <span class='ocrx_word' id='word_1_443' title='bbox 2385 3121 2504 3174; x_wconf 67' lang='lat' dir='ltr'><strong>quae</strong></span> <span class='ocrx_word' id='word_1_444' title='bbox 2528 3107 2702 3161; x_wconf 85' lang='lat' dir='ltr'><strong>littera</strong></span> <span class='ocrx_word' id='word_1_445' title='bbox 2739 3109 2976 3174; x_wconf 87' lang='lat' dir='ltr'><strong>exhibet,</strong></span> <span class='ocrx_word' id='word_1_446' title='bbox 3025 3109 3355 3176; x_wconf 88' lang='lat' dir='ltr'><strong>propositum</strong></span> <span class='ocrx_word' id='word_1_447' title='bbox 3392 3108 3556 3164; x_wconf 81' lang='lat' dir='ltr'><strong>fuisse</strong></span> <span class='ocrx_word' id='word_1_448' title='bbox 3602 3106 3654 3167; x_wconf 75' lang='lat' dir='ltr'><strong>cl</strong></span> 
     </span>
    </p>
   </div>
   <div class='ocr_carea' id='block_1_35' title="bbox 404 3188 3657 3268">
    <p class='ocr_par' dir='ltr' id='par_1_35' title="bbox 404 3188 3657 3268">
     <span class='ocr_line' id='line_1_35' title="bbox 404 3188 3657 3268; baseline 0.002 -23"><span class='ocrx_word' id='word_1_449' title='bbox 404 3208 541 3261; x_wconf 75' lang='lat' dir='ltr'><strong>qua:</strong></span> <span class='ocrx_word' id='word_1_450' title='bbox 573 3205 776 3246; x_wconf 83' lang='lat' dir='ltr'><strong>sacras</strong></span> <span class='ocrx_word' id='word_1_451' title='bbox 805 3190 967 3245; x_wconf 89' lang='lat' dir='ltr'><strong>nobis</strong></span> <span class='ocrx_word' id='word_1_452' title='bbox 1013 3189 1222 3242; x_wconf 89' lang='lat' dir='ltr'><strong>litteras</strong></span> <span class='ocrx_word' id='word_1_453' title='bbox 1267 3188 1435 3252; x_wconf 88' lang='lat' dir='ltr'><strong>dedit,</strong></span> <span class='ocrx_word' id='word_1_454' title='bbox 1467 3188 1661 3243; x_wconf 72' lang='lat' dir='ltr'><strong>divinte</strong></span> <span class='ocrx_word' id='word_1_455' title='bbox 1687 3190 1868 3244; x_wconf 89' lang='lat' dir='ltr'><strong>virtuti</strong></span> <span class='ocrx_word' id='word_1_456' title='bbox 1900 3193 2206 3261; x_wconf 87' lang='lat' dir='ltr'><strong>explicare:</strong></span> <span class='ocrx_word' id='word_1_457' title='bbox 2249 3198 2447 3268; x_wconf 90' lang='lat' dir='ltr'><strong>quippe</strong></span> <span class='ocrx_word' id='word_1_458' title='bbox 2490 3212 2607 3267; x_wconf 63' lang='lat' dir='ltr'><strong>quae</strong></span> <span class='ocrx_word' id='word_1_459' title='bbox 2643 3198 2906 3253; x_wconf 89' lang='lat' dir='ltr'><strong>interdum</strong></span> <span class='ocrx_word' id='word_1_460' title='bbox 2961 3201 3248 3252; x_wconf 88' lang='lat' dir='ltr'><strong>secundum</strong></span> <span class='ocrx_word' id='word_1_461' title='bbox 3282 3198 3512 3253; x_wconf 85' lang='lat' dir='ltr'><strong>litteram</strong></span> <span class='ocrx_word' id='word_1_462' title='bbox 3556 3202 3657 3253; x_wconf 80' lang='lat' dir='ltr'><strong>mi~</strong></span> 
     </span>
    </p>
   </div>
   <div class='ocr_carea' id='block_1_36' title="bbox 397 3279 3655 3363">
    <p class='ocr_par' dir='ltr' id='par_1_36' title="bbox 397 3279 3655 3363">
     <span class='ocr_line' id='line_1_36' title="bbox 397 3279 3655 3363; baseline 0.003 -25"><span class='ocrx_word' id='word_1_463' title='bbox 397 3286 573 3339; x_wconf 86' lang='lat' dir='ltr'><strong>nime</strong></span> <span class='ocrx_word' id='word_1_464' title='bbox 633 3298 766 3336; x_wconf 83' lang='lat' dir='ltr'><strong>vera</strong></span> <span class='ocrx_word' id='word_1_465' title='bbox 799 3282 936 3344; x_wconf 89' lang='lat' dir='ltr'><strong>sint,</strong></span> <span class='ocrx_word' id='word_1_466' title='bbox 974 3281 1073 3334; x_wconf 89' lang='lat' dir='ltr'><strong>sed</strong></span> <span class='ocrx_word' id='word_1_467' title='bbox 1123 3290 1179 3333; x_wconf 91' lang='lat' dir='ltr'><strong>et</strong></span> <span class='ocrx_word' id='word_1_468' title='bbox 1206 3280 1441 3333; x_wconf 83' lang='lat' dir='ltr'><strong>absurda</strong></span> <span class='ocrx_word' id='word_1_469' title='bbox 1476 3288 1532 3332; x_wconf 90' lang='lat' dir='ltr'><strong>et</strong></span> <span class='ocrx_word' id='word_1_470' title='bbox 1562 3279 1950 3349; x_wconf 89' lang='lat' dir='ltr'><strong>impossibilia;</strong></span> <span class='ocrx_word' id='word_1_471' title='bbox 1986 3295 2094 3339; x_wconf 88' lang='lat' dir='ltr'><strong>tmn</strong></span> <span class='ocrx_word' id='word_1_472' title='bbox 2143 3298 2344 3343; x_wconf 84' lang='lat' dir='ltr'><strong>attexta</strong></span> <span class='ocrx_word' id='word_1_473' title='bbox 2362 3306 2495 3346; x_wconf 79' lang='lat' dir='ltr'><strong>esse</strong></span> <span class='ocrx_word' id='word_1_474' title='bbox 2518 3291 2768 3348; x_wconf 88' lang='lat' dir='ltr'><strong>nonnulla</strong></span> <span class='ocrx_word' id='word_1_475' title='bbox 2813 3306 2989 3347; x_wconf 90' lang='lat' dir='ltr'><strong>rerum</strong></span> <span class='ocrx_word' id='word_1_476' title='bbox 3027 3303 3295 3363; x_wconf 85' lang='lat' dir='ltr'><strong>gestarum</strong></span> <span class='ocrx_word' id='word_1_477' title='bbox 3327 3294 3570 3347; x_wconf 72' lang='lat' dir='ltr'><strong>historiae</strong></span> <span class='ocrx_word' id='word_1_478' title='bbox 3600 3303 3655 3347; x_wconf 88' lang='lat' dir='ltr'><strong>et</strong></span> 
     </span>
    </p>
   </div>
   <div class='ocr_carea' id='block_1_37' title="bbox 391 3366 2109 3439">
    <p class='ocr_par' dir='ltr' id='par_1_37' title="bbox 391 3366 2109 3439">
     <span class='ocr_line' id='line_1_37' title="bbox 391 3366 2109 3439; baseline 0 -13"><span class='ocrx_word' id='word_1_479' title='bbox 391 3372 481 3426; x_wconf 84' lang='lat' dir='ltr'><strong>iis</strong></span> <span class='ocrx_word' id='word_1_480' title='bbox 522 3370 753 3439; x_wconf 80' lang='lat' dir='ltr'><strong>legibus</strong></span> <span class='ocrx_word' id='word_1_481' title='bbox 780 3383 903 3435; x_wconf 73' lang='lat' dir='ltr'><strong>quae</strong></span> <span class='ocrx_word' id='word_1_482' title='bbox 933 3367 1232 3422; x_wconf 86' lang='lat' dir='ltr'><strong>secundum</strong></span> <span class='ocrx_word' id='word_1_483' title='bbox 1269 3367 1503 3420; x_wconf 88' lang='lat' dir='ltr'><strong>litteram</strong></span> <span class='ocrx_word' id='word_1_484' title='bbox 1537 3366 1686 3420; x_wconf 90' lang='lat' dir='ltr'><strong>utilia</strong></span> <span class='ocrx_word' id='word_1_485' title='bbox 1724 3371 2056 3439; x_wconf 65' lang='lat' dir='ltr'><strong>praecipiunt.</strong></span> <span class='ocrx_word' id='word_1_486' title='bbox 2090 3393 2109 3426; x_wconf 74' lang='grc' dir='ltr'><strong><em>ι</em></strong></span> 
     </span>
    </p>
   </div>
   <div class='ocr_carea' id='block_1_38' title="bbox 393 3481 3653 3569">
    <p class='ocr_par' dir='ltr' id='par_1_38' title="bbox 393 3481 3653 3569">
     <span class='ocr_line' id='line_1_38' title="bbox 393 3481 3653 3569; baseline 0.002 -33"><span class='ocrx_word' id='word_1_487' title='bbox 393 3486 431 3557; x_wconf 76' lang='lat'><strong><em>§</em></strong></span> <span class='ocrx_word' id='word_1_488' title='bbox 470 3484 936 3569; x_wconf 43' lang='lat' dir='ltr'><strong>Y‘ll..Duri6rcm</strong></span> <span class='ocrx_word' id='word_1_489' title='bbox 982 3482 1447 3569; x_wconf 52' lang='lat' dir='ltr'><strong>hancudoctrinam</strong></span> <span class='ocrx_word' id='word_1_490' title='bbox 1478 3481 1750 3561; x_wconf 83' lang='lat' dir='ltr'><strong>paululum</strong></span> <span class='ocrx_word' id='word_1_491' title='bbox 1778 3484 2193 3569; x_wconf 56' lang='lat' dir='ltr'><strong>epioltit,nseqtte</strong></span> <span class='ocrx_word' id='word_1_492' title='bbox 2230 3486 2474 3569; x_wconf 61' lang='lat' dir='ltr'><strong>aduersus</strong></span> <span class='ocrx_word' id='word_1_493' title='bbox 2516 3504 2601 3567; x_wconf 78' lang='lat' dir='ltr'><strong>eos</strong></span> <span class='ocrx_word' id='word_1_494' title='bbox 2632 3488 2861 3568; x_wconf 74' lang='lat' dir='ltr'><strong>defendit</strong></span> <span class='ocrx_word' id='word_1_495' title='bbox 2894 3491 2982 3569; x_wconf 67' lang='lat' dir='ltr'><strong>qui</strong></span> <span class='ocrx_word' id='word_1_496' title='bbox 3009 3490 3194 3569; x_wconf 53' lang='lat' dir='ltr'><strong>ipsum</strong></span> <span class='ocrx_word' id='word_1_497' title='bbox 3238 3489 3561 3569; x_wconf 60' lang='lat' dir='ltr'><strong>pessumdati</strong></span> <span class='ocrx_word' id='word_1_498' title='bbox 3593 3490 3653 3569; x_wconf 72' lang='lat' dir='ltr'><strong>in</strong></span> 
     </span>
    </p>
   </div>
   <div class='ocr_carea' id='block_1_39' title="bbox 488 3549 3651 3624">
    <p class='ocr_par' dir='ltr' id='par_1_39' title="bbox 488 3549 3651 3624">
     <span class='ocr_line' id='line_1_39' title="bbox 488 3549 3651 3624; baseline 0.002 -19"><span class='ocrx_word' id='word_1_499' title='bbox 488 3554 807 3624; x_wconf 76' lang='lat' dir='ltr'><strong>Scripturis</strong></span> <span class='ocrx_word' id='word_1_500' title='bbox 842 3566 1027 3624; x_wconf 63' lang='lat' dir='ltr'><strong>sensus</strong></span> <span class='ocrx_word' id='word_1_501' title='bbox 1075 3550 1315 3601; x_wconf 76' lang='lat' dir='ltr'><strong>litteratis</strong></span> <span class='ocrx_word' id='word_1_502' title='bbox 1341 3550 1560 3624; x_wconf 75' lang='lat' dir='ltr'><strong>crimine</strong></span> <span class='ocrx_word' id='word_1_503' title='bbox 1616 3553 1949 3605; x_wconf 80' lang='lat' dir='ltr'><strong>accusabant.</strong></span> <span class='ocrx_word' id='word_1_504' title='bbox 1984 3549 2221 3607; x_wconf 74' lang='lat' dir='ltr'><strong>Sensum</strong></span> <span class='ocrx_word' id='word_1_505' title='bbox 2252 3556 2520 3607; x_wconf 85' lang='lat' dir='ltr'><strong>litteralem</strong></span> <span class='ocrx_word' id='word_1_506' title='bbox 2550 3557 2608 3607; x_wconf 85' lang='lat' dir='ltr'><strong>in</strong></span> <span class='ocrx_word' id='word_1_507' title='bbox 2643 3549 2872 3609; x_wconf 76' lang='lat' dir='ltr'><strong>maxima</strong></span> <span class='ocrx_word' id='word_1_508' title='bbox 2904 3549 3189 3620; x_wconf 72' lang='lat' dir='ltr'><strong>Scriptura:</strong></span> <span class='ocrx_word' id='word_1_509' title='bbox 3213 3549 3359 3624; x_wconf 77' lang='lat' dir='ltr'><strong>parte</strong></span> <span class='ocrx_word' id='word_1_510' title='bbox 3399 3549 3651 3621; x_wconf 71' lang='lat' dir='ltr'><strong>ad&#39;mittit,</strong></span> 
     </span>
    </p>
   </div>
   <div class='ocr_carea' id='block_1_40' title="bbox 489 3619 1435 3686">
    <p class='ocr_par' dir='ltr' id='par_1_40' title="bbox 489 3619 1435 3686">
     <span class='ocr_line' id='line_1_40' title="bbox 489 3619 1435 3686; baseline -0.003 -13"><span class='ocrx_word' id='word_1_511' title='bbox 489 3623 600 3673; x_wconf 78' lang='lat' dir='ltr'><strong>sed</strong></span> <span class='ocrx_word' id='word_1_512' title='bbox 646 3620 833 3686; x_wconf 81' lang='lat' dir='ltr'><strong>ubique</strong></span> <span class='ocrx_word' id='word_1_513' title='bbox 861 3620 1016 3671; x_wconf 80' lang='lat' dir='ltr'><strong>illum</strong></span> <span class='ocrx_word' id='word_1_514' title='bbox 1051 3633 1158 3671; x_wconf 85' lang='lat' dir='ltr'><strong>non</strong></span> <span class='ocrx_word' id='word_1_515' title='bbox 1182 3619 1435 3683; x_wconf 80' lang='lat' dir='ltr'><strong>agnoscit.</strong></span> 
     </span>
    </p>
   </div>
   <div class='ocr_carea' id='block_1_41' title="bbox 495 3729 3650 3803">
    <p class='ocr_par' dir='ltr' id='par_1_41' title="bbox 495 3729 3650 3803">
     <span class='ocr_line' id='line_1_41' title="bbox 495 3729 3650 3803; baseline 0.004 -18"><span class='ocrx_word' id='word_1_516' title='bbox 495 3752 520 3785; x_wconf 75' lang='grc' dir='ltr'>ι</span> <span class='ocrx_word' id='word_1_517' title='bbox 548 3733 642 3786; x_wconf 76' lang='lat' dir='ltr'><strong>Ne</strong></span> <span class='ocrx_word' id='word_1_518' title='bbox 667 3734 794 3801; x_wconf 83' lang='lat' dir='ltr'><strong>quis</strong></span> <span class='ocrx_word' id='word_1_519' title='bbox 821 3746 950 3787; x_wconf 84' lang='lat' dir='ltr'><strong>vero</strong></span> <span class='ocrx_word' id='word_1_520' title='bbox 979 3730 1187 3799; x_wconf 86' lang='lat' dir='ltr'><strong>(inquit</strong></span> <span class='ocrx_word' id='word_1_521' title='bbox 1216 3730 1315 3783; x_wconf 92' lang='lat' dir='ltr'><strong>lib.</strong></span> <span class='ocrx_word' id='word_1_522' title='bbox 1344 3745 1399 3783; x_wconf 84' lang='lat' dir='ltr'><strong>Iv</strong></span> <span class='ocrx_word' id='word_1_523' title='bbox 1426 3729 1502 3783; x_wconf 84' lang='lat' dir='ltr'><strong>De</strong></span> <span class='ocrx_word' id='word_1_524' title='bbox 1523 3732 1815 3800; x_wconf 81' lang='lat' dir='ltr'><strong>principiis,</strong></span> <span class='ocrx_word' id='word_1_525' title='bbox 1853 3744 1999 3783; x_wconf 91' lang='lat' dir='ltr'><strong>num.</strong></span> <span class='ocrx_word' id='word_1_526' title='bbox 2031 3731 2118 3801; x_wconf 84' lang='lat' dir='ltr'><strong>l9)</strong></span> <span class='ocrx_word' id='word_1_527' title='bbox 2152 3745 2250 3784; x_wconf 89' lang='lat' dir='ltr'><strong>nos</strong></span> <span class='ocrx_word' id='word_1_528' title='bbox 2281 3734 2583 3799; x_wconf 89' lang='lat' dir='ltr'><strong>suspicetur</strong></span> <span class='ocrx_word' id='word_1_529' title='bbox 2612 3734 2662 3785; x_wconf 83' lang='lat' dir='ltr'><strong>in</strong></span> <span class='ocrx_word' id='word_1_530' title='bbox 2710 3735 2961 3790; x_wconf 90' lang='lat' dir='ltr'><strong>omnibus</strong></span> <span class='ocrx_word' id='word_1_531' title='bbox 3011 3737 3064 3791; x_wconf 91' lang='lat' dir='ltr'><strong>id</strong></span> <span class='ocrx_word' id='word_1_532' title='bbox 3093 3738 3295 3803; x_wconf 85' lang='lat' dir='ltr'><strong>dicere,</strong></span> <span class='ocrx_word' id='word_1_533' title='bbox 3339 3732 3535 3796; x_wconf 83' lang='lat' dir='ltr'><strong>nullam</strong></span> <span class='ocrx_word' id='word_1_534' title='bbox 3566 3744 3650 3800; x_wconf 92' lang='lat' dir='ltr'><strong>hi-</strong></span> 
     </span>
    </p>
   </div>
   <div class='ocr_carea' id='block_1_42' title="bbox 376 3821 3649 3902">
    <p class='ocr_par' dir='ltr' id='par_1_42' title="bbox 376 3821 3649 3902">
     <span class='ocr_line' id='line_1_42' title="bbox 376 3821 3649 3902; baseline 0.002 -18"><span class='ocrx_word' id='word_1_535' title='bbox 376 3827 668 3885; x_wconf 73' lang='lat' dir='ltr'><strong>storiam</strong></span> <span class='ocrx_word' id='word_1_536' title='bbox 704 3825 1022 3891; x_wconf 77' lang='lat' dir='ltr'><strong>contigisse,</strong></span> <span class='ocrx_word' id='word_1_537' title='bbox 1056 3823 1310 3890; x_wconf 89' lang='lat' dir='ltr'><strong>quoniam</strong></span> <span class='ocrx_word' id='word_1_538' title='bbox 1340 3821 1518 3890; x_wconf 88' lang='lat' dir='ltr'><strong>aliqua</strong></span> <span class='ocrx_word' id='word_1_539' title='bbox 1556 3839 1660 3876; x_wconf 88' lang='lat' dir='ltr'><strong>non</strong></span> <span class='ocrx_word' id='word_1_540' title='bbox 1692 3823 1948 3892; x_wconf 78' lang='lat' dir='ltr'><strong>contigit,</strong></span> <span class='ocrx_word' id='word_1_541' title='bbox 2010 3833 2063 3875; x_wconf 90' lang='lat' dir='ltr'><strong>et</strong></span> <span class='ocrx_word' id='word_1_542' title='bbox 2091 3824 2286 3876; x_wconf 87' lang='lat' dir='ltr'><strong>nullam</strong></span> <span class='ocrx_word' id='word_1_543' title='bbox 2316 3823 2485 3890; x_wconf 82' lang='lat' dir='ltr'><strong>legem</strong></span> <span class='ocrx_word' id='word_1_544' title='bbox 2512 3825 2577 3877; x_wconf 91' lang='lat' dir='ltr'><strong>ad</strong></span> <span class='ocrx_word' id='word_1_545' title='bbox 2622 3826 2855 3880; x_wconf 86' lang='lat' dir='ltr'><strong>litteram</strong></span> <span class='ocrx_word' id='word_1_546' title='bbox 2885 3843 3003 3882; x_wconf 88' lang='lat' dir='ltr'><strong>esse</strong></span> <span class='ocrx_word' id='word_1_547' title='bbox 3027 3831 3368 3897; x_wconf 85' lang='lat' dir='ltr'><strong>servandam,</strong></span> <span class='ocrx_word' id='word_1_548' title='bbox 3398 3838 3649 3902; x_wconf 87' lang='lat' dir='ltr'><strong>quoniam</strong></span> 
     </span>
    </p>
   </div>
   <div class='ocr_carea' id='block_1_43' title="bbox 266 3913 3652 3990">
    <p class='ocr_par' dir='ltr' id='par_1_43' title="bbox 266 3913 3652 3990">
     <span class='ocr_line' id='line_1_43' title="bbox 266 3913 3652 3990; baseline 0.002 -18"><span class='ocrx_word' id='word_1_549' title='bbox 266 3963 283 3972; x_wconf 74' lang='lat'><strong>-</strong></span> <span class='ocrx_word' id='word_1_550' title='bbox 374 3919 617 3986; x_wconf 83' lang='lat' dir='ltr'><strong>aliqua</strong></span> <span class='ocrx_word' id='word_1_551' title='bbox 645 3915 945 3968; x_wconf 83' lang='lat' dir='ltr'><strong>secundum</strong></span> <span class='ocrx_word' id='word_1_552' title='bbox 994 3913 1236 3967; x_wconf 89' lang='lat' dir='ltr'><strong>litteram</strong></span> <span class='ocrx_word' id='word_1_553' title='bbox 1269 3920 1362 3964; x_wconf 90' lang='lat' dir='ltr'><strong>aut</strong></span> <span class='ocrx_word' id='word_1_554' title='bbox 1391 3913 1622 3966; x_wconf 88' lang='lat' dir='ltr'><strong>absurda</strong></span> <span class='ocrx_word' id='word_1_555' title='bbox 1676 3922 1767 3965; x_wconf 90' lang='lat' dir='ltr'><strong>aut</strong></span> <span class='ocrx_word' id='word_1_556' title='bbox 1803 3913 2152 3981; x_wconf 85' lang='lat' dir='ltr'><strong>impossibilia</strong></span> <span class='ocrx_word' id='word_1_557' title='bbox 2182 3913 2453 3980; x_wconf 84' lang='lat' dir='ltr'><strong>praecipit;</strong></span> <span class='ocrx_word' id='word_1_558' title='bbox 2509 3914 2587 3967; x_wconf 88' lang='lat' dir='ltr'><strong>vel</strong></span> <span class='ocrx_word' id='word_1_559' title='bbox 2618 3930 2737 3982; x_wconf 63' lang='lat' dir='ltr'><strong>quae</strong></span> <span class='ocrx_word' id='word_1_560' title='bbox 2764 3917 2828 3970; x_wconf 89' lang='lat' dir='ltr'><strong>de</strong></span> <span class='ocrx_word' id='word_1_561' title='bbox 2856 3915 3133 3972; x_wconf 87' lang='lat' dir='ltr'><strong>Salvatore</strong></span> <span class='ocrx_word' id='word_1_562' title='bbox 3163 3921 3359 3989; x_wconf 90' lang='lat' dir='ltr'><strong>scripta</strong></span> <span class='ocrx_word' id='word_1_563' title='bbox 3388 3933 3534 3990; x_wconf 88' lang='lat' dir='ltr'><strong>sunt,</strong></span> <span class='ocrx_word' id='word_1_564' title='bbox 3565 3939 3652 3979; x_wconf 86' lang='lat' dir='ltr'><strong>se-</strong></span> 
     </span>
    </p>
   </div>
   <div class='ocr_carea' id='block_1_44' title="bbox 370 4004 3648 4080">
    <p class='ocr_par' dir='ltr' id='par_1_44' title="bbox 370 4004 3648 4080">
     <span class='ocr_line' id='line_1_44' title="bbox 370 4004 3648 4080; baseline 0.003 -20"><span class='ocrx_word' id='word_1_565' title='bbox 370 4008 679 4065; x_wconf 79' lang='lat' dir='ltr'><strong>cundum</strong></span> <span class='ocrx_word' id='word_1_566' title='bbox 728 4005 1015 4059; x_wconf 86' lang='lat' dir='ltr'><strong>litteralem</strong></span> <span class='ocrx_word' id='word_1_567' title='bbox 1044 4018 1266 4058; x_wconf 87' lang='lat' dir='ltr'><strong>sensum</strong></span> <span class='ocrx_word' id='word_1_568' title='bbox 1315 4019 1421 4057; x_wconf 92' lang='lat' dir='ltr'><strong>non</strong></span> <span class='ocrx_word' id='word_1_569' title='bbox 1454 4019 1572 4058; x_wconf 91' lang='lat' dir='ltr'><strong>esse</strong></span> <span class='ocrx_word' id='word_1_570' title='bbox 1599 4020 1758 4058; x_wconf 86' lang='lat' dir='ltr'><strong>vera:</strong></span> <span class='ocrx_word' id='word_1_571' title='bbox 1805 4013 1898 4056; x_wconf 86' lang='lat' dir='ltr'><strong>aut</strong></span> <span class='ocrx_word' id='word_1_572' title='bbox 1930 4004 2127 4057; x_wconf 90' lang='lat' dir='ltr'><strong>nullam</strong></span> <span class='ocrx_word' id='word_1_573' title='bbox 2162 4004 2329 4072; x_wconf 87' lang='lat' dir='ltr'><strong>ipsius</strong></span> <span class='ocrx_word' id='word_1_574' title='bbox 2356 4004 2523 4072; x_wconf 82' lang='lat' dir='ltr'><strong>legem</strong></span> <span class='ocrx_word' id='word_1_575' title='bbox 2555 4015 2608 4059; x_wconf 89' lang='lat' dir='ltr'><strong>et</strong></span> <span class='ocrx_word' id='word_1_576' title='bbox 2640 4017 2958 4074; x_wconf 75' lang='lat' dir='ltr'><strong>praeceptum</strong></span> <span class='ocrx_word' id='word_1_577' title='bbox 2984 4011 3189 4064; x_wconf 87' lang='lat' dir='ltr'><strong>servari</strong></span> <span class='ocrx_word' id='word_1_578' title='bbox 3218 4021 3488 4080; x_wconf 88' lang='lat' dir='ltr'><strong>oportere,</strong></span> <span class='ocrx_word' id='word_1_579' title='bbox 3514 4017 3648 4070; x_wconf 86' lang='lat' dir='ltr'><strong>dici-</strong></span> 
     </span>
    </p>
   </div>
   <div class='ocr_carea' id='block_1_45' title="bbox 66 4074 3650 4165">
    <p class='ocr_par' dir='ltr' id='par_1_45' title="bbox 66 4074 3650 4165">
     <span class='ocr_line' id='line_1_45' title="bbox 66 4074 3650 4165; baseline 0.006 -26"><span class='ocrx_word' id='word_1_580' title='bbox 66 4074 67 4081; x_wconf 38' lang='grc'><em>“</em></span> <span class='ocrx_word' id='word_1_581' title='bbox 109 4101 151 4140; x_wconf 82' lang='grc'><em>.’</em></span> <span class='ocrx_word' id='word_1_582' title='bbox 212 4148 229 4158; x_wconf 67' lang='grc'>,</span> <span class='ocrx_word' id='word_1_583' title='bbox 292 4104 297 4107; x_wconf 82' lang='lat'>‘</span> <span class='ocrx_word' id='word_1_584' title='bbox 372 4114 541 4155; x_wconf 80' lang='lat' dir='ltr'><strong>mus</strong></span> <span class='ocrx_word' id='word_1_585' title='bbox 602 4096 899 4149; x_wconf 73' lang='lat' dir='ltr'><strong>manifeste</strong></span> <span class='ocrx_word' id='word_1_586' title='bbox 936 4095 990 4147; x_wconf 90' lang='lat' dir='ltr'><strong>in</strong></span> <span class='ocrx_word' id='word_1_587' title='bbox 1018 4095 1341 4163; x_wconf 86' lang='lat' dir='ltr'><strong>quibusdam</strong></span> <span class='ocrx_word' id='word_1_588' title='bbox 1372 4096 1607 4147; x_wconf 75' lang='lat' dir='ltr'><strong>historia:</strong></span> <span class='ocrx_word' id='word_1_589' title='bbox 1640 4096 1919 4148; x_wconf 86' lang='lat' dir='ltr'><strong>veritatem</strong></span> <span class='ocrx_word' id='word_1_590' title='bbox 1952 4096 2105 4148; x_wconf 90' lang='lat' dir='ltr'><strong>nobis</strong></span> <span class='ocrx_word' id='word_1_591' title='bbox 2132 4109 2388 4163; x_wconf 90' lang='lat' dir='ltr'><strong>apparere</strong></span> <span class='ocrx_word' id='word_1_592' title='bbox 2429 4113 2443 4148; x_wconf 92' lang='lat'><strong>:</strong></span> <span class='ocrx_word' id='word_1_593' title='bbox 2482 4095 2629 4149; x_wconf 87' lang='lat' dir='ltr'><strong>verbi</strong></span> <span class='ocrx_word' id='word_1_594' title='bbox 2665 4097 2859 4165; x_wconf 87' lang='lat' dir='ltr'><strong>gratia,</strong></span> <span class='ocrx_word' id='word_1_595' title='bbox 2887 4097 3177 4162; x_wconf 86' lang='lat' dir='ltr'><strong>Abraham,</strong></span> <span class='ocrx_word' id='word_1_596' title='bbox 3219 4099 3369 4157; x_wconf 87' lang='lat' dir='ltr'><strong>Isaac</strong></span> <span class='ocrx_word' id='word_1_597' title='bbox 3396 4113 3451 4157; x_wconf 90' lang='lat' dir='ltr'><strong>et</strong></span> <span class='ocrx_word' id='word_1_598' title='bbox 3479 4102 3650 4161; x_wconf 85' lang='lat' dir='ltr'><strong>Jacob</strong></span> 
     </span>
    </p>
   </div>
   <div class='ocr_carea' id='block_1_46' title="bbox 374 4183 3651 4264">
    <p class='ocr_par' dir='ltr' id='par_1_46' title="bbox 374 4183 3651 4264">
     <span class='ocr_line' id='line_1_46' title="bbox 374 4183 3651 4264; baseline 0.002 -24"><span class='ocrx_word' id='word_1_599' title='bbox 374 4204 542 4244; x_wconf 83' lang='lat' dir='ltr'><strong>cum</strong></span> <span class='ocrx_word' id='word_1_600' title='bbox 584 4200 706 4239; x_wconf 84' lang='lat' dir='ltr'><strong>una</strong></span> <span class='ocrx_word' id='word_1_601' title='bbox 737 4200 833 4238; x_wconf 89' lang='lat' dir='ltr'><strong>sua</strong></span> <span class='ocrx_word' id='word_1_602' title='bbox 861 4197 1298 4251; x_wconf 89' lang='lat' dir='ltr'><strong>unumquemque</strong></span> <span class='ocrx_word' id='word_1_603' title='bbox 1329 4197 1499 4236; x_wconf 84' lang='lat' dir='ltr'><strong>uxore</strong></span> <span class='ocrx_word' id='word_1_604' title='bbox 1527 4184 1580 4235; x_wconf 93' lang='lat' dir='ltr'><strong>in</strong></span> <span class='ocrx_word' id='word_1_605' title='bbox 1611 4183 1806 4250; x_wconf 88' lang='lat' dir='ltr'><strong>duplici</strong></span> <span class='ocrx_word' id='word_1_606' title='bbox 1838 4183 2085 4250; x_wconf 80' lang='lat' dir='ltr'><strong>spelunca</strong></span> <span class='ocrx_word' id='word_1_607' title='bbox 2120 4184 2354 4251; x_wconf 85' lang='lat' dir='ltr'><strong>sepultos</strong></span> <span class='ocrx_word' id='word_1_608' title='bbox 2380 4199 2502 4238; x_wconf 90' lang='lat' dir='ltr'><strong>esse</strong></span> <span class='ocrx_word' id='word_1_609' title='bbox 2550 4186 2600 4237; x_wconf 91' lang='lat' dir='ltr'><strong>in</strong></span> <span class='ocrx_word' id='word_1_610' title='bbox 2637 4185 2904 4251; x_wconf 90' lang='lat' dir='ltr'><strong>llebrom;</strong></span> <span class='ocrx_word' id='word_1_611' title='bbox 2939 4187 3151 4241; x_wconf 84' lang='lat' dir='ltr'><strong>Siebem</strong></span> <span class='ocrx_word' id='word_1_612' title='bbox 3179 4187 3412 4258; x_wconf 86' lang='lat' dir='ltr'><strong>Josepho</strong></span> <span class='ocrx_word' id='word_1_613' title='bbox 3445 4194 3496 4247; x_wconf 91' lang='lat' dir='ltr'><strong>in</strong></span> <span class='ocrx_word' id='word_1_614' title='bbox 3525 4209 3651 4264; x_wconf 91' lang='lat' dir='ltr'><strong>por-</strong></span> 
     </span>
    </p>
   </div>
   <div class='ocr_carea' id='block_1_47' title="bbox 374 4274 3648 4356">
    <p class='ocr_par' dir='ltr' id='par_1_47' title="bbox 374 4274 3648 4356">
     <span class='ocr_line' id='line_1_47' title="bbox 374 4274 3648 4356; baseline 0.003 -23"><span class='ocrx_word' id='word_1_615' title='bbox 374 4282 637 4334; x_wconf 77' lang='lat' dir='ltr'><strong>tionem</strong></span> <span class='ocrx_word' id='word_1_616' title='bbox 669 4290 797 4330; x_wconf 86' lang='lat' dir='ltr'><strong>esse</strong></span> <span class='ocrx_word' id='word_1_617' title='bbox 827 4277 1174 4336; x_wconf 81' lang='lat' dir='ltr'><strong>attributam;</strong></span> <span class='ocrx_word' id='word_1_618' title='bbox 1210 4274 1508 4328; x_wconf 82' lang='lat' dir='ltr'><strong>Jerusalem</strong></span> <span class='ocrx_word' id='word_1_619' title='bbox 1548 4274 1886 4342; x_wconf 88' lang='lat' dir='ltr'><strong>metropolim</strong></span> <span class='ocrx_word' id='word_1_620' title='bbox 1918 4290 2036 4329; x_wconf 84' lang='lat' dir='ltr'><strong>esse</strong></span> <span class='ocrx_word' id='word_1_621' title='bbox 2064 4274 2279 4340; x_wconf 64' lang='lat' dir='ltr'><strong>Judteaz,</strong></span> <span class='ocrx_word' id='word_1_622' title='bbox 2307 4277 2357 4330; x_wconf 92' lang='lat' dir='ltr'><strong>in</strong></span> <span class='ocrx_word' id='word_1_623' title='bbox 2400 4291 2502 4344; x_wconf 85' lang='lat' dir='ltr'><strong>qua</strong></span> <span class='ocrx_word' id='word_1_624' title='bbox 2534 4292 2563 4330; x_wconf 88' lang='lat' dir='ltr'><strong>a</strong></span> <span class='ocrx_word' id='word_1_625' title='bbox 2593 4277 2876 4333; x_wconf 85' lang='lat' dir='ltr'><strong>Salomone</strong></span> <span class='ocrx_word' id='word_1_626' title='bbox 2919 4281 3235 4336; x_wconf 66' lang='lat' dir='ltr'><strong>aedificatum</strong></span> <span class='ocrx_word' id='word_1_627' title='bbox 3266 4283 3369 4339; x_wconf 78' lang='lat' dir='ltr'><strong>fuit</strong></span> <span class='ocrx_word' id='word_1_628' title='bbox 3395 4289 3648 4356; x_wconf 87' lang='lat' dir='ltr'><strong>templum</strong></span> 
     </span>
    </p>
   </div>
   <div class='ocr_carea' id='block_1_48' title="bbox 374 4366 3645 4448">
    <p class='ocr_par' dir='ltr' id='par_1_48' title="bbox 374 4366 3645 4448">
     <span class='ocr_line' id='line_1_48' title="bbox 374 4366 3645 4448; baseline 0.003 -25"><span class='ocrx_word' id='word_1_629' title='bbox 374 4372 533 4433; x_wconf 79' lang='lat' dir='ltr'><strong>Dei,</strong></span> <span class='ocrx_word' id='word_1_630' title='bbox 586 4379 650 4422; x_wconf 85' lang='lat' dir='ltr'><strong>et</strong></span> <span class='ocrx_word' id='word_1_631' title='bbox 702 4367 810 4419; x_wconf 85' lang='lat' dir='ltr'><strong>alia</strong></span> <span class='ocrx_word' id='word_1_632' title='bbox 865 4379 1138 4421; x_wconf 86' lang='lat' dir='ltr'><strong>sexcenta.</strong></span> <span class='ocrx_word' id='word_1_633' title='bbox 1199 4366 1368 4419; x_wconf 88' lang='lat' dir='ltr'><strong>Multo</strong></span> <span class='ocrx_word' id='word_1_634' title='bbox 1411 4366 1554 4420; x_wconf 88' lang='lat' dir='ltr'><strong>enim</strong></span> <span class='ocrx_word' id='word_1_635' title='bbox 1602 4368 1746 4433; x_wconf 87' lang='lat' dir='ltr'><strong>plura</strong></span> <span class='ocrx_word' id='word_1_636' title='bbox 1798 4376 1924 4420; x_wconf 85' lang='lat' dir='ltr'><strong>sunt</strong></span> <span class='ocrx_word' id='word_1_637' title='bbox 1969 4370 2259 4422; x_wconf 86' lang='lat' dir='ltr'><strong>secundum</strong></span> <span class='ocrx_word' id='word_1_638' title='bbox 2310 4370 2588 4424; x_wconf 86' lang='lat' dir='ltr'><strong>historiam</strong></span> <span class='ocrx_word' id='word_1_639' title='bbox 2623 4386 2772 4436; x_wconf 86' lang='lat' dir='ltr'><strong>vera,</strong></span> <span class='ocrx_word' id='word_1_640' title='bbox 2810 4388 3126 4442; x_wconf 72' lang='lat' dir='ltr'><strong>quamqua:</strong></span> <span class='ocrx_word' id='word_1_641' title='bbox 3158 4391 3303 4431; x_wconf 87' lang='lat' dir='ltr'><strong>mere</strong></span> <span class='ocrx_word' id='word_1_642' title='bbox 3345 4380 3645 4448; x_wconf 87' lang='lat' dir='ltr'><strong>spiritualia</strong></span> 
     </span>
    </p>
   </div>
   <div class='ocr_carea' id='block_1_49' title="bbox 376 4457 3642 4536">
    <p class='ocr_par' dir='ltr' id='par_1_49' title="bbox 376 4457 3642 4536">
     <span class='ocr_line' id='line_1_49' title="bbox 376 4457 3642 4536; baseline 0.003 -19"><span class='ocrx_word' id='word_1_643' title='bbox 376 4465 522 4521; x_wconf 81' lang='lat' dir='ltr'><strong>illis</strong></span> <span class='ocrx_word' id='word_1_644' title='bbox 561 4470 790 4516; x_wconf 84' lang='lat' dir='ltr'><strong>attexta</strong></span> <span class='ocrx_word' id='word_1_645' title='bbox 826 4469 973 4513; x_wconf 89' lang='lat' dir='ltr'><strong>sunt.</strong></span> <span class='ocrx_word' id='word_1_646' title='bbox 1021 4461 1253 4513; x_wconf 75' lang='lat' dir='ltr'><strong>Rursum</strong></span> <span class='ocrx_word' id='word_1_647' title='bbox 1303 4457 1677 4526; x_wconf 74' lang='lat' dir='ltr'><strong>quisliulicias</strong></span> <span class='ocrx_word' id='word_1_648' title='bbox 1726 4460 1847 4512; x_wconf 90' lang='lat' dir='ltr'><strong>ierit</strong></span> <span class='ocrx_word' id='word_1_649' title='bbox 1880 4461 2183 4512; x_wconf 86' lang='lat' dir='ltr'><strong>mandatum</strong></span> <span class='ocrx_word' id='word_1_650' title='bbox 2232 4460 2333 4514; x_wconf 88' lang='lat' dir='ltr'><strong>hoc</strong></span> <span class='ocrx_word' id='word_1_651' title='bbox 2372 4476 2387 4512; x_wconf 89' lang='lat'><strong>:</strong></span> <span class='ocrx_word' id='word_1_652' title='bbox 2434 4460 2648 4516; x_wconf 81' lang='lat' dir='ltr'><strong>Honora</strong></span> <span class='ocrx_word' id='word_1_653' title='bbox 2684 4474 2877 4529; x_wconf 80' lang='lat' dir='ltr'><strong>patrem</strong></span> <span class='ocrx_word' id='word_1_654' title='bbox 2907 4474 3051 4519; x_wconf 80' lang='lat' dir='ltr'><strong>tuum</strong></span> <span class='ocrx_word' id='word_1_655' title='bbox 3081 4475 3130 4521; x_wconf 82' lang='lat' dir='ltr'><strong>et</strong></span> <span class='ocrx_word' id='word_1_656' title='bbox 3155 4477 3369 4524; x_wconf 83' lang='lat' dir='ltr'><strong>matrem</strong></span> <span class='ocrx_word' id='word_1_657' title='bbox 3393 4481 3558 4536; x_wconf 80' lang='lat' dir='ltr'><strong>luant,</strong></span> <span class='ocrx_word' id='word_1_658' title='bbox 3584 4485 3642 4528; x_wconf 84' lang='lat' dir='ltr'><strong>ut</strong></span> 
     </span>
    </p>
   </div>
   <div class='ocr_carea' id='block_1_50' title="bbox 381 4552 3641 4621">
    <p class='ocr_par' dir='ltr' id='par_1_50' title="bbox 381 4552 3641 4621">
     <span class='ocr_line' id='line_1_50' title="bbox 381 4552 3641 4621; baseline 0.002 -11"><span class='ocrx_word' id='word_1_659' title='bbox 381 4560 544 4611; x_wconf 75' lang='lat' dir='ltr'><strong>bene</strong></span> <span class='ocrx_word' id='word_1_660' title='bbox 586 4555 662 4607; x_wconf 79' lang='lat' dir='ltr'><strong>sit</strong></span> <span class='ocrx_word' id='word_1_661' title='bbox 692 4555 788 4604; x_wconf 78' lang='lat' dir='ltr'><strong>tibi</strong></span> <span class='ocrx_word' id='word_1_662' title='bbox 813 4553 885 4615; x_wconf 80' lang='lat'><strong>&quot;,</strong></span> <span class='ocrx_word' id='word_1_663' title='bbox 913 4555 1071 4605; x_wconf 88' lang='lat' dir='ltr'><strong>etiam</strong></span> <span class='ocrx_word' id='word_1_664' title='bbox 1101 4554 1218 4605; x_wconf 88' lang='lat' dir='ltr'><strong>sine</strong></span> <span class='ocrx_word' id='word_1_665' title='bbox 1246 4552 1437 4605; x_wconf 90' lang='lat' dir='ltr'><strong>altiore</strong></span> <span class='ocrx_word' id='word_1_666' title='bbox 1467 4552 1812 4619; x_wconf 80' lang='lat' dir='ltr'><strong>intelligentia</strong></span> <span class='ocrx_word' id='word_1_667' title='bbox 1841 4552 1971 4605; x_wconf 91' lang='lat' dir='ltr'><strong>utile</strong></span> <span class='ocrx_word' id='word_1_668' title='bbox 1995 4568 2111 4606; x_wconf 86' lang='lat' dir='ltr'><strong>esse</strong></span> <span class='ocrx_word' id='word_1_669' title='bbox 2137 4567 2200 4607; x_wconf 87' lang='lat' dir='ltr'><strong>ac</strong></span> <span class='ocrx_word' id='word_1_670' title='bbox 2235 4555 2573 4621; x_wconf 85' lang='lat' dir='ltr'><strong>servandum,</strong></span> <span class='ocrx_word' id='word_1_671' title='bbox 2613 4557 2845 4611; x_wconf 85' lang='lat' dir='ltr'><strong>maxime</strong></span> <span class='ocrx_word' id='word_1_672' title='bbox 2869 4572 2988 4611; x_wconf 88' lang='lat' dir='ltr'><strong>eum</strong></span> <span class='ocrx_word' id='word_1_673' title='bbox 3015 4559 3213 4614; x_wconf 88' lang='lat' dir='ltr'><strong>Paulus</strong></span> <span class='ocrx_word' id='word_1_674' title='bbox 3243 4561 3429 4617; x_wconf 87' lang='lat' dir='ltr'><strong>iisdem</strong></span> <span class='ocrx_word' id='word_1_675' title='bbox 3460 4565 3641 4618; x_wconf 80' lang='lat' dir='ltr'><strong>verbis</strong></span> 
     </span>
    </p>
   </div>
   <div class='ocr_carea' id='block_1_51' title="bbox 384 4644 3684 4721">
    <p class='ocr_par' dir='ltr' id='par_1_51' title="bbox 384 4644 3684 4721">
     <span class='ocr_line' id='line_1_51' title="bbox 384 4644 3684 4721; baseline 0.001 -17"><span class='ocrx_word' id='word_1_676' title='bbox 384 4650 547 4704; x_wconf 81' lang='lat' dir='ltr'><strong>illud</strong></span> <span class='ocrx_word' id='word_1_677' title='bbox 589 4644 1041 4700; x_wconf 86' lang='lat' dir='ltr'><strong>commendarit?</strong></span> <span class='ocrx_word' id='word_1_678' title='bbox 1078 4644 1217 4710; x_wconf 85' lang='lat' dir='ltr'><strong>Quid</strong></span> <span class='ocrx_word' id='word_1_679' title='bbox 1247 4645 1441 4697; x_wconf 90' lang='lat' dir='ltr'><strong>attinet</strong></span> <span class='ocrx_word' id='word_1_680' title='bbox 1470 4644 1653 4698; x_wconf 89' lang='lat' dir='ltr'><strong>dicere</strong></span> <span class='ocrx_word' id='word_1_681' title='bbox 1680 4647 1746 4698; x_wconf 90' lang='lat' dir='ltr'><strong>de</strong></span> <span class='ocrx_word' id='word_1_682' title='bbox 1773 4645 1981 4699; x_wconf 59' lang='lat' dir='ltr'><strong>caeteris</strong></span> <span class='ocrx_word' id='word_1_683' title='bbox 2006 4658 2022 4697; x_wconf 92' lang='lat'><strong>:</strong></span> <span class='ocrx_word' id='word_1_684' title='bbox 2052 4644 2171 4698; x_wconf 88' lang='lat' dir='ltr'><strong>Non</strong></span> <span class='ocrx_word' id='word_1_685' title='bbox 2198 4646 2548 4711; x_wconf 72' lang='lat' dir='ltr'><strong>mwcltaberis,</strong></span> <span class='ocrx_word' id='word_1_686' title='bbox 2592 4664 2693 4701; x_wconf 87' lang='lat' dir='ltr'><strong>non</strong></span> <span class='ocrx_word' id='word_1_687' title='bbox 2721 4650 2943 4713; x_wconf 85' lang='lat' dir='ltr'><strong>occides,</strong></span> <span class='ocrx_word' id='word_1_688' title='bbox 2978 4666 3080 4704; x_wconf 87' lang='lat' dir='ltr'><strong>non</strong></span> <span class='ocrx_word' id='word_1_689' title='bbox 3107 4650 3306 4718; x_wconf 79' lang='lat' dir='ltr'><strong>furtum</strong></span> <span class='ocrx_word' id='word_1_690' title='bbox 3333 4652 3514 4721; x_wconf 80' lang='lat' dir='ltr'><strong>facies,</strong></span> <span class='ocrx_word' id='word_1_691' title='bbox 3545 4672 3646 4709; x_wconf 83' lang='lat' dir='ltr'><strong>non</strong></span> <span class='ocrx_word' id='word_1_692' title='bbox 3678 4666 3684 4675; x_wconf 88' lang='lat'>&#39;</span> 
     </span>
    </p>
   </div>
   <div class='ocr_carea' id='block_1_52' title="bbox 386 4737 3643 4812">
    <p class='ocr_par' dir='ltr' id='par_1_52' title="bbox 386 4737 3643 4812">
     <span class='ocr_line' id='line_1_52' title="bbox 386 4737 3643 4812; baseline 0.001 -18"><span class='ocrx_word' id='word_1_693' title='bbox 386 4742 561 4794; x_wconf 80' lang='lat' dir='ltr'><strong>dices</strong></span> <span class='ocrx_word' id='word_1_694' title='bbox 600 4738 806 4805; x_wconf 80' lang='lat' dir='ltr'><strong>falsum</strong></span> <span class='ocrx_word' id='word_1_695' title='bbox 840 4737 1193 4789; x_wconf 82' lang='lat' dir='ltr'><strong>testimonium</strong></span> <span class='ocrx_word' id='word_1_696' title='bbox 1224 4737 1310 4789; x_wconf 69' lang='grc' dir='ltr'><strong>ὀἳ</strong></span> <span class='ocrx_word' id='word_1_697' title='bbox 1352 4737 1562 4789; x_wconf 81' lang='lat' dir='ltr'><strong>Rursus</strong></span> <span class='ocrx_word' id='word_1_698' title='bbox 1591 4738 1643 4789; x_wconf 90' lang='lat' dir='ltr'><strong>in</strong></span> <span class='ocrx_word' id='word_1_699' title='bbox 1675 4737 1957 4806; x_wconf 84' lang='lat' dir='ltr'><strong>Evangelia</strong></span> <span class='ocrx_word' id='word_1_700' title='bbox 1985 4739 2232 4791; x_wconf 86' lang='lat' dir='ltr'><strong>mandata</strong></span> <span class='ocrx_word' id='word_1_701' title='bbox 2261 4740 2501 4804; x_wconf 65' lang='lat' dir='ltr'><strong>quaedam</strong></span> <span class='ocrx_word' id='word_1_702' title='bbox 2537 4742 2737 4808; x_wconf 88' lang='lat' dir='ltr'><strong>scripta</strong></span> <span class='ocrx_word' id='word_1_703' title='bbox 2765 4750 2912 4803; x_wconf 89' lang='lat' dir='ltr'><strong>sunt,</strong></span> <span class='ocrx_word' id='word_1_704' title='bbox 2939 4742 3011 4795; x_wconf 83' lang='lat' dir='ltr'><strong>de</strong></span> <span class='ocrx_word' id='word_1_705' title='bbox 3036 4742 3231 4812; x_wconf 87' lang='lat' dir='ltr'><strong>quibus</strong></span> <span class='ocrx_word' id='word_1_706' title='bbox 3257 4759 3360 4797; x_wconf 89' lang='lat' dir='ltr'><strong>non</strong></span> <span class='ocrx_word' id='word_1_707' title='bbox 3387 4746 3643 4811; x_wconf 72' lang='lat' dir='ltr'><strong>quaeritur</strong></span> 
     </span>
    </p>
   </div>
   <div class='ocr_carea' id='block_1_53' title="bbox 394 4829 3645 4905">
    <p class='ocr_par' dir='ltr' id='par_1_53' title="bbox 394 4829 3645 4905">
     <span class='ocr_line' id='line_1_53' title="bbox 394 4829 3645 4905; baseline -0 -13"><span class='ocrx_word' id='word_1_708' title='bbox 394 4839 606 4893; x_wconf 81' lang='lat' dir='ltr'><strong>sintne</strong></span> <span class='ocrx_word' id='word_1_709' title='bbox 653 4833 722 4886; x_wconf 86' lang='lat' dir='ltr'><strong>ad</strong></span> <span class='ocrx_word' id='word_1_710' title='bbox 756 4832 997 4885; x_wconf 84' lang='lat' dir='ltr'><strong>litteram</strong></span> <span class='ocrx_word' id='word_1_711' title='bbox 1043 4832 1314 4884; x_wconf 83' lang='lat' dir='ltr'><strong>servanda</strong></span> <span class='ocrx_word' id='word_1_712' title='bbox 1356 4844 1527 4883; x_wconf 89' lang='lat' dir='ltr'><strong>necne</strong></span> <span class='ocrx_word' id='word_1_713' title='bbox 1566 4847 1581 4882; x_wconf 91' lang='lat'><strong>:</strong></span> <span class='ocrx_word' id='word_1_714' title='bbox 1623 4831 1916 4899; x_wconf 85' lang='lat' dir='ltr'><strong>cujusmodi</strong></span> <span class='ocrx_word' id='word_1_715' title='bbox 1955 4832 2080 4884; x_wconf 91' lang='lat' dir='ltr'><strong>illud</strong></span> <span class='ocrx_word' id='word_1_716' title='bbox 2109 4841 2193 4886; x_wconf 89' lang='lat' dir='ltr'><strong>est</strong></span> <span class='ocrx_word' id='word_1_717' title='bbox 2219 4851 2231 4886; x_wconf 85' lang='lat'><strong>:</strong></span> <span class='ocrx_word' id='word_1_718' title='bbox 2257 4829 2368 4900; x_wconf 87' lang='lat' dir='ltr'><strong>Ego</strong></span> <span class='ocrx_word' id='word_1_719' title='bbox 2414 4834 2532 4887; x_wconf 86' lang='lat' dir='ltr'><strong>dico</strong></span> <span class='ocrx_word' id='word_1_720' title='bbox 2565 4834 2726 4896; x_wconf 86' lang='lat' dir='ltr'><strong>vobis,</strong></span> <span class='ocrx_word' id='word_1_721' title='bbox 2769 4834 3063 4903; x_wconf 74' lang='lat' dir='ltr'><strong>quicunque</strong></span> <span class='ocrx_word' id='word_1_722' title='bbox 3090 4835 3256 4888; x_wconf 84' lang='lat' dir='ltr'><strong>iratus</strong></span> <span class='ocrx_word' id='word_1_723' title='bbox 3289 4836 3448 4904; x_wconf 79' lang='lat' dir='ltr'><strong>fuerit</strong></span> <span class='ocrx_word' id='word_1_724' title='bbox 3489 4838 3645 4905; x_wconf 80' lang='lat' dir='ltr'><strong>fratri</strong></span> 
     </span>
    </p>
   </div>
   <div class='ocr_carea' id='block_1_54' title="bbox 396 4921 3643 4996">
    <p class='ocr_par' dir='ltr' id='par_1_54' title="bbox 396 4921 3643 4996">
     <span class='ocr_line' id='line_1_54' title="bbox 396 4921 3643 4996; baseline -0.001 -12"><span class='ocrx_word' id='word_1_725' title='bbox 396 4944 511 4984; x_wconf 82' lang='lat' dir='ltr'><strong>suo</strong></span> <span class='ocrx_word' id='word_1_726' title='bbox 536 4927 612 4993; x_wconf 78' lang='grc'><strong>³⁷,</strong></span> <span class='ocrx_word' id='word_1_727' title='bbox 645 4935 702 4980; x_wconf 90' lang='lat' dir='ltr'><strong>et</strong></span> <span class='ocrx_word' id='word_1_728' title='bbox 731 4941 862 4995; x_wconf 72' lang='lat' dir='ltr'><strong>quae</strong></span> <span class='ocrx_word' id='word_1_729' title='bbox 893 4932 1221 4991; x_wconf 87' lang='lat' dir='ltr'><strong>sequuntur.</strong></span> <span class='ocrx_word' id='word_1_730' title='bbox 1262 4923 1329 4976; x_wconf 88' lang='lat' dir='ltr'><strong>Et</strong></span> <span class='ocrx_word' id='word_1_731' title='bbox 1354 4941 1367 4976; x_wconf 90' lang='lat'><strong>:</strong></span> <span class='ocrx_word' id='word_1_732' title='bbox 1392 4921 1506 4990; x_wconf 88' lang='lat' dir='ltr'><strong>Ego</strong></span> <span class='ocrx_word' id='word_1_733' title='bbox 1549 4924 1662 4976; x_wconf 85' lang='lat' dir='ltr'><strong>dico</strong></span> <span class='ocrx_word' id='word_1_734' title='bbox 1689 4926 1829 4978; x_wconf 82' lang='lat' dir='ltr'><strong>vobis</strong></span> <span class='ocrx_word' id='word_1_735' title='bbox 1859 4941 1963 4978; x_wconf 86' lang='lat' dir='ltr'><strong>non</strong></span> <span class='ocrx_word' id='word_1_736' title='bbox 1985 4924 2170 4992; x_wconf 83' lang='lat' dir='ltr'><strong>jurare</strong></span> <span class='ocrx_word' id='word_1_737' title='bbox 2195 4927 2401 4978; x_wconf 87' lang='lat' dir='ltr'><strong>omnino</strong></span> <span class='ocrx_word' id='word_1_738' title='bbox 2424 4925 2490 4979; x_wconf 79' lang='grc'><strong>³⁸.</strong></span> <span class='ocrx_word' id='word_1_739' title='bbox 2544 4925 2610 4979; x_wconf 88' lang='lat' dir='ltr'><strong>Et</strong></span> <span class='ocrx_word' id='word_1_740' title='bbox 2650 4926 3055 4980; x_wconf 87' lang='lat' dir='ltr'><strong>custodiendum</strong></span> <span class='ocrx_word' id='word_1_741' title='bbox 3090 4936 3171 4980; x_wconf 89' lang='lat' dir='ltr'><strong>est</strong></span> <span class='ocrx_word' id='word_1_742' title='bbox 3205 4925 3335 4979; x_wconf 90' lang='lat' dir='ltr'><strong>illud</strong></span> <span class='ocrx_word' id='word_1_743' title='bbox 3362 4928 3643 4996; x_wconf 82' lang='lat' dir='ltr'><strong>Apostoli:</strong></span> 
     </span>
    </p>
   </div>
   <div class='ocr_carea' id='block_1_55' title="bbox 406 5016 3643 5090">
    <p class='ocr_par' dir='ltr' id='par_1_55' title="bbox 406 5016 3643 5090">
     <span class='ocr_line' id='line_1_55' title="bbox 406 5016 3643 5090; baseline -0.003 -10"><span class='ocrx_word' id='word_1_744' title='bbox 406 5023 683 5090; x_wconf 68' lang='lat' dir='ltr'><strong>Corripit:</strong></span> <span class='ocrx_word' id='word_1_745' title='bbox 709 5022 1006 5090; x_wconf 83' lang='lat' dir='ltr'><strong>inquietos,</strong></span> <span class='ocrx_word' id='word_1_746' title='bbox 1047 5017 1398 5072; x_wconf 84' lang='lat' dir='ltr'><strong>consolamini</strong></span> <span class='ocrx_word' id='word_1_747' title='bbox 1430 5016 1804 5083; x_wconf 80' lang='lat' dir='ltr'><strong>pusillanimes,</strong></span> <span class='ocrx_word' id='word_1_748' title='bbox 1831 5021 2074 5086; x_wconf 85' lang='lat' dir='ltr'><strong>suscipite</strong></span> <span class='ocrx_word' id='word_1_749' title='bbox 2099 5018 2354 5086; x_wconf 81' lang='lat' dir='ltr'><strong>inﬁrmos,</strong></span> <span class='ocrx_word' id='word_1_750' title='bbox 2382 5020 2635 5085; x_wconf 84' lang='lat' dir='ltr'><strong>patientes</strong></span> <span class='ocrx_word' id='word_1_751' title='bbox 2663 5028 2823 5073; x_wconf 84' lang='lat' dir='ltr'><strong>estote</strong></span> <span class='ocrx_word' id='word_1_752' title='bbox 2863 5021 2932 5071; x_wconf 86' lang='lat' dir='ltr'><strong>ad</strong></span> <span class='ocrx_word' id='word_1_753' title='bbox 2981 5035 3156 5073; x_wconf 82' lang='lat' dir='ltr'><strong>omnes</strong></span> <span class='ocrx_word' id='word_1_754' title='bbox 3178 5020 3253 5083; x_wconf 65' lang='grc' dir='ltr'><strong>’σε</strong></span> <span class='ocrx_word' id='word_1_755' title='bbox 3297 5021 3510 5075; x_wconf 86' lang='lat' dir='ltr'><strong>tametsi</strong></span> <span class='ocrx_word' id='word_1_756' title='bbox 3552 5019 3643 5088; x_wconf 87' lang='lat' dir='ltr'><strong>qui</strong></span> 
     </span>
    </p>
   </div>
   <div class='ocr_carea' id='block_1_56' title="bbox 407 5106 3647 5177">
    <p class='ocr_par' dir='ltr' id='par_1_56' title="bbox 407 5106 3647 5177">
     <span class='ocr_line' id='line_1_56' title="bbox 407 5106 3647 5177; baseline -0.003 -8"><span class='ocrx_word' id='word_1_757' title='bbox 407 5130 495 5168; x_wconf 88' lang='lat' dir='ltr'><strong>res</strong></span> <span class='ocrx_word' id='word_1_758' title='bbox 522 5113 696 5168; x_wconf 84' lang='lat' dir='ltr'><strong>altius</strong></span> <span class='ocrx_word' id='word_1_759' title='bbox 732 5118 1088 5173; x_wconf 85' lang='lat' dir='ltr'><strong>scrutantur,</strong></span> <span class='ocrx_word' id='word_1_760' title='bbox 1116 5120 1447 5176; x_wconf 86' lang='lat' dir='ltr'><strong>componere</strong></span> <span class='ocrx_word' id='word_1_761' title='bbox 1472 5107 1677 5172; x_wconf 87' lang='lat' dir='ltr'><strong>possint</strong></span> <span class='ocrx_word' id='word_1_762' title='bbox 1709 5108 2043 5162; x_wconf 90' lang='lat' dir='ltr'><strong>altitudinem</strong></span> <span class='ocrx_word' id='word_1_763' title='bbox 2070 5109 2344 5177; x_wconf 73' lang='lat' dir='ltr'><strong>sapientia:</strong></span> <span class='ocrx_word' id='word_1_764' title='bbox 2376 5109 2465 5162; x_wconf 87' lang='lat' dir='ltr'><strong>Dei</strong></span> <span class='ocrx_word' id='word_1_765' title='bbox 2514 5124 2633 5162; x_wconf 92' lang='lat' dir='ltr'><strong>cum</strong></span> <span class='ocrx_word' id='word_1_766' title='bbox 2664 5108 2882 5161; x_wconf 87' lang='lat' dir='ltr'><strong>litterali</strong></span> <span class='ocrx_word' id='word_1_767' title='bbox 2926 5108 3299 5163; x_wconf 83' lang='lat' dir='ltr'><strong>mandatorum</strong></span> <span class='ocrx_word' id='word_1_768' title='bbox 3328 5120 3517 5161; x_wconf 89' lang='lat' dir='ltr'><strong>sensu.</strong></span> <span class='ocrx_word' id='word_1_769' title='bbox 3546 5106 3647 5159; x_wconf 78' lang='lat' dir='ltr'><strong>Ve-</strong></span> 
     </span>
    </p>
   </div>
   <div class='ocr_carea' id='block_1_57' title="bbox 399 5192 3652 5280">
    <p class='ocr_par' dir='ltr' id='par_1_57' title="bbox 399 5192 3652 5280">
     <span class='ocr_line' id='line_1_57' title="bbox 399 5192 3652 5280; baseline -0.006 -15"><span class='ocrx_word' id='word_1_770' title='bbox 399 5220 708 5267; x_wconf 85' lang='lat' dir='ltr'><strong>rumtamen</strong></span> <span class='ocrx_word' id='word_1_771' title='bbox 741 5207 846 5280; x_wconf 87' lang='lat' dir='ltr'><strong>qui</strong></span> <span class='ocrx_word' id='word_1_772' title='bbox 876 5202 1151 5258; x_wconf 87' lang='lat' dir='ltr'><strong>attentius</strong></span> <span class='ocrx_word' id='word_1_773' title='bbox 1178 5200 1395 5267; x_wconf 84' lang='lat' dir='ltr'><strong>legerit,</strong></span> <span class='ocrx_word' id='word_1_774' title='bbox 1445 5198 1498 5251; x_wconf 92' lang='lat' dir='ltr'><strong>in</strong></span> <span class='ocrx_word' id='word_1_775' title='bbox 1532 5202 1796 5255; x_wconf 90' lang='lat' dir='ltr'><strong>nonnullis</strong></span> <span class='ocrx_word' id='word_1_776' title='bbox 1823 5201 2074 5269; x_wconf 80' lang='lat' dir='ltr'><strong>ambiget,</strong></span> <span class='ocrx_word' id='word_1_777' title='bbox 2109 5215 2205 5255; x_wconf 90' lang='lat' dir='ltr'><strong>nec</strong></span> <span class='ocrx_word' id='word_1_778' title='bbox 2233 5201 2348 5255; x_wconf 83' lang='lat' dir='ltr'><strong>sine</strong></span> <span class='ocrx_word' id='word_1_779' title='bbox 2379 5200 2544 5256; x_wconf 90' lang='lat' dir='ltr'><strong>multo</strong></span> <span class='ocrx_word' id='word_1_780' title='bbox 2573 5202 2821 5255; x_wconf 83' lang='lat' dir='ltr'><strong>examine</strong></span> <span class='ocrx_word' id='word_1_781' title='bbox 2846 5200 3199 5268; x_wconf 88' lang='lat' dir='ltr'><strong>pronuntiare</strong></span> <span class='ocrx_word' id='word_1_782' title='bbox 3233 5192 3440 5262; x_wconf 82' lang='lat' dir='ltr'><strong>poterit</strong></span> <span class='ocrx_word' id='word_1_783' title='bbox 3472 5206 3652 5248; x_wconf 80' lang='lat' dir='ltr'><strong>utrum</strong></span> 
     </span>
    </p>
   </div>
   <div class='ocr_carea' id='block_1_58' title="bbox 386 5284 3658 5386">
    <p class='ocr_par' dir='ltr' id='par_1_58' title="bbox 386 5284 3658 5386">
     <span class='ocr_line' id='line_1_58' title="bbox 386 5284 3658 5386; baseline -0.004 -26"><span class='ocrx_word' id='word_1_784' title='bbox 386 5304 501 5361; x_wconf 69' lang='lat' dir='ltr'><strong>haec</strong></span> <span class='ocrx_word' id='word_1_785' title='bbox 529 5320 661 5377; x_wconf 72' lang='lat' dir='ltr'><strong>qua:</strong></span> <span class='ocrx_word' id='word_1_786' title='bbox 694 5307 947 5373; x_wconf 88' lang='lat' dir='ltr'><strong>putatur</strong></span> <span class='ocrx_word' id='word_1_787' title='bbox 975 5291 1236 5371; x_wconf 78' lang='lat' dir='ltr'><strong>historia,</strong></span> <span class='ocrx_word' id='word_1_788' title='bbox 1272 5290 1560 5343; x_wconf 87' lang='lat' dir='ltr'><strong>secundum</strong></span> <span class='ocrx_word' id='word_1_789' title='bbox 1588 5291 1817 5346; x_wconf 87' lang='lat' dir='ltr'><strong>litteram</strong></span> <span class='ocrx_word' id='word_1_790' title='bbox 1849 5294 2109 5348; x_wconf 87' lang='lat' dir='ltr'><strong>acciderit</strong></span> <span class='ocrx_word' id='word_1_791' title='bbox 2137 5309 2322 5356; x_wconf 87' lang='lat' dir='ltr'><strong>necne,</strong></span> <span class='ocrx_word' id='word_1_792' title='bbox 2354 5303 2408 5347; x_wconf 91' lang='lat' dir='ltr'><strong>et</strong></span> <span class='ocrx_word' id='word_1_793' title='bbox 2454 5294 2681 5363; x_wconf 75' lang='lat' dir='ltr'><strong>huiusne</strong></span> <span class='ocrx_word' id='word_1_794' title='bbox 2716 5292 2847 5359; x_wconf 83' lang='lat' dir='ltr'><strong>legis</strong></span> <span class='ocrx_word' id='word_1_795' title='bbox 2873 5293 3043 5347; x_wconf 79' lang='lat' dir='ltr'><strong>verba</strong></span> <span class='ocrx_word' id='word_1_796' title='bbox 3092 5284 3367 5383; x_wconf 42' lang='lat' dir='ltr'><strong>sanandi.</strong></span> <span class='ocrx_word' id='word_1_797' title='bbox 3404 5286 3549 5386; x_wconf 48' lang='lat' dir='ltr'><strong>92m:</strong></span> <span class='ocrx_word' id='word_1_798' title='bbox 3585 5296 3658 5386; x_wconf 59' lang='grc' dir='ltr'><strong>ξηι</strong></span> 
     </span>
    </p>
   </div>
   <div class='ocr_carea' id='block_1_59' title="bbox 371 5370 3665 5466">
    <p class='ocr_par' dir='ltr' id='par_1_59' title="bbox 371 5370 3665 5466">
     <span class='ocr_line' id='line_1_59' title="bbox 371 5370 3665 5466; baseline -0.002 -22"><span class='ocrx_word' id='word_1_799' title='bbox 371 5370 564 5455; x_wconf 55' lang='grc' dir='ltr'><strong>παισί</strong></span> <span class='ocrx_word' id='word_1_800' title='bbox 597 5370 1012 5466; x_wconf 69' lang='lat' dir='ltr'><strong>Quaiiiobretn</strong></span> <span class='ocrx_word' id='word_1_801' title='bbox 1047 5370 1282 5435; x_wconf 84' lang='lat' dir='ltr'><strong>necesse</strong></span> <span class='ocrx_word' id='word_1_802' title='bbox 1310 5388 1395 5433; x_wconf 90' lang='lat' dir='ltr'><strong>est</strong></span> <span class='ocrx_word' id='word_1_803' title='bbox 1438 5389 1494 5432; x_wconf 92' lang='lat' dir='ltr'><strong>ut</strong></span> <span class='ocrx_word' id='word_1_804' title='bbox 1517 5394 1796 5438; x_wconf 87' lang='lat' dir='ltr'><strong>accuratus</strong></span> <span class='ocrx_word' id='word_1_805' title='bbox 1831 5384 1995 5440; x_wconf 89' lang='lat' dir='ltr'><strong>lector</strong></span> <span class='ocrx_word' id='word_1_806' title='bbox 2022 5395 2239 5441; x_wconf 89' lang='lat' dir='ltr'><strong>servato</strong></span> <span class='ocrx_word' id='word_1_807' title='bbox 2264 5386 2366 5440; x_wconf 89' lang='lat' dir='ltr'><strong>hoc</strong></span> <span class='ocrx_word' id='word_1_808' title='bbox 2393 5385 2697 5441; x_wconf 87' lang='lat' dir='ltr'><strong>Salvatoris</strong></span> <span class='ocrx_word' id='word_1_809' title='bbox 2726 5391 3029 5453; x_wconf 68' lang='lat' dir='ltr'><strong>praecepto,</strong></span> <span class='ocrx_word' id='word_1_810' title='bbox 3057 5371 3367 5434; x_wconf 81' lang='lat' dir='ltr'><strong>scrutamini</strong></span> <span class='ocrx_word' id='word_1_811' title='bbox 3414 5370 3665 5439; x_wconf 63' lang='lat' dir='ltr'><strong>ScriPW‘</strong></span> 
     </span>
    </p>
   </div>
   <div class='ocr_carea' id='block_1_60' title="bbox 418 5498 1949 5604">
    <p class='ocr_par' dir='ltr' id='par_1_60' title="bbox 418 5521 1940 5604">
     <span class='ocr_line' id='line_1_60' title="bbox 418 5521 1940 5604; baseline -0.001 -22"><span class='ocrx_word' id='word_1_812' title='bbox 418 5547 621 5604; x_wconf 49' lang='lat' dir='ltr'><strong>&quot;an.</strong></span> <span class='ocrx_word' id='word_1_813' title='bbox 672 5557 735 5602; x_wconf 60' lang='grc' dir='ltr'><strong>χ.</strong></span> <span class='ocrx_word' id='word_1_814' title='bbox 778 5535 843 5588; x_wconf 73' lang='grc'><strong>4,</strong></span> <span class='ocrx_word' id='word_1_815' title='bbox 941 5526 993 5559; x_wconf 65' lang='grc'><strong>³⁵</strong></span> <span class='ocrx_word' id='word_1_816' title='bbox 1037 5523 1225 5604; x_wconf 51' lang='lat' dir='ltr'><strong>l_C.or.</strong></span> <span class='ocrx_word' id='word_1_817' title='bbox 1261 5534 1361 5583; x_wconf 85' lang='lat' dir='ltr'><strong>vn,</strong></span> <span class='ocrx_word' id='word_1_818' title='bbox 1398 5521 1479 5575; x_wconf 84' lang='grc'><strong>18.</strong></span> <span class='ocrx_word' id='word_1_819' title='bbox 1511 5523 1554 5553; x_wconf 75' lang='grc'><strong><em>’⁸</em></strong></span> <span class='ocrx_word' id='word_1_820' title='bbox 1646 5526 1815 5582; x_wconf 77' lang='lat' dir='ltr'><strong>Exod.</strong></span> <span class='ocrx_word' id='word_1_821' title='bbox 1852 5543 1940 5594; x_wconf 78' lang='lat' dir='ltr'><strong>xx,</strong></span> 
     </span>
    </p>
   </div>
   <div class='ocr_carea' id='block_1_61' title="bbox 2147 5498 3678 5604">
    <p class='ocr_par' dir='ltr' id='par_1_61' title="bbox 2147 5498 3678 5596">
     <span class='ocr_line' id='line_1_61' title="bbox 2147 5498 3678 5596; baseline -0.017 -12"><span class='ocrx_word' id='word_1_822' title='bbox 2147 5530 2183 5562; x_wconf 75' lang='grc' dir='ltr'><strong>ιο</strong></span> <span class='ocrx_word' id='word_1_823' title='bbox 2220 5528 2376 5592; x_wconf 83' lang='lat' dir='ltr'><strong>Ibid..</strong></span> <span class='ocrx_word' id='word_1_824' title='bbox 2414 5527 2556 5585; x_wconf 73' lang='lat' dir='ltr'><strong>15m</strong></span> <span class='ocrx_word' id='word_1_825' title='bbox 2582 5541 2731 5596; x_wconf 88' lang='lat' dir='ltr'><strong>seqq.</strong></span> <span class='ocrx_word' id='word_1_826' title='bbox 2830 5521 2874 5553; x_wconf 76' lang='grc' dir='ltr'><strong>ιν</strong></span> <span class='ocrx_word' id='word_1_827' title='bbox 2920 5498 3111 5573; x_wconf 74' lang='lat' dir='ltr'><strong>uana.</strong></span> <span class='ocrx_word' id='word_1_828' title='bbox 3148 5526 3203 5575; x_wconf 75' lang='grc' dir='ltr'><strong>ν.</strong></span> <span class='ocrx_word' id='word_1_829' title='bbox 3243 5505 3336 5562; x_wconf 75' lang='lat' dir='ltr'><strong>ss.</strong></span> <span class='ocrx_word' id='word_1_830' title='bbox 3421 5508 3486 5544; x_wconf 73' lang='grc' dir='ltr'><strong>οι</strong></span> <span class='ocrx_word' id='word_1_831' title='bbox 3522 5507 3678 5573; x_wconf 84' lang='lat' dir='ltr'><strong>lbid.,</strong></span> 
     </span>
    </p>
   </div>
   <div class='ocr_carea' id='block_1_62' title="bbox 345 5590 1173 5688">
    <p class='ocr_par' dir='ltr' id='par_1_62' title="bbox 345 5590 1173 5688">
     <span class='ocr_line' id='line_1_62' title="bbox 345 5590 1173 5688; baseline 0.005 -37"><span class='ocrx_word' id='word_1_832' title='bbox 345 5624 418 5688; x_wconf 36' lang='grc' dir='ltr'><strong>δι’</strong></span> <span class='ocrx_word' id='word_1_833' title='bbox 477 5590 631 5671; x_wconf 66' lang='grc' dir='ltr'><strong>’ἱϊνῇ</strong></span> <span class='ocrx_word' id='word_1_834' title='bbox 672 5590 931 5665; x_wconf 57' lang='lat' dir='ltr'><strong>&quot;nugs.</strong></span> <span class='ocrx_word' id='word_1_835' title='bbox 1079 5590 1173 5643; x_wconf 72' lang='grc' dir='ltr'><strong>ιι.</strong></span> 
     </span>
    </p>
   </div>
  </div>
