3878 6232
271 356 373 410 9-5
1553 356 1802 421 Pii/EF!

1990 369 2063 422 Π)
2106 371 2266 426 ΤΟΜ.
2310 374 2371 427 ll.
3451 379 3521 437 26

274 484 477 538 gressu
515 464 738 559 Laticum
782 448 1025 559 ﬁliabus:
1063 456 1143 512 de
1200 460 1431 523 duabus
1458 478 1743 534 uxoribus
1790 484 2083 549 Abraham,
2131 487 2197 539 de
2227 489 2436 541 duabus
2463 488 2738 542 sororibus
2778 504 2897 556 qua:
2921 499 3211 554 nupserunt
3241 489 3423 555 Jacob,
3448 493 3516 549 de

274 563 498 617 duabus
524 554 707 611 ancillis
730 562 844 619 quin
895 559 967 647 (ξι
1000 554 1137 617 ipso
1191 570 1570 638 Depereruut,
1601 573 1745 625 nihil
1779 575 1920 627 aliud
1953 578 2347 643 respondebunt
2390 592 2547 645 quam
2578 554 2825 647 mysteria
2858 580 2971 633 haec
3009 594 3127 635 esse
3161 599 3190 634 a
3222 583 3375 637 nobis
3405 554 3513 638 non

274 655 571 711 intellecta.
621 649 717 704 Sed
758 654 812 740 et
852 642 1221 740 tabernaculi
1259 652 1538 714 fabricam
1588 677 1716 718 cum
1764 667 1966 736 legunt,
1999 642 2279 723 credentes
2307 642 2428 737 qua:
2473 642 2667 738 scripta
2696 679 2820 723 sunt;
2847 686 2964 725 esse
2995 669 3209 739 figuras,
3267 682 3513 740 quaerunt

268 760 421 816 qua:
456 746 636 816 possint
658 741 720 795 ad
745 736 983 806 singulas
1017 741 1388 803 tabernaculi
1424 764 1612 821 partes
1647 760 2070 814 accommodare.
2111 760 2291 828 Neque
2317 736 2445 814 vero
2481 762 2533 814 in
2565 736 2630 814 eo
2660 763 2799 829 quod
2833 736 3061 816 credunt
3086 764 3160 816 rei
3195 736 3421 831 alicujus
3451 765 3513 818 li-

270 856 487 906 guram
525 852 635 893 esse
660 831 1094 899 tabernaculum,
1150 839 1459 910 falluntur,
1495 848 1590 902 sed
1622 866 1746 905 cum
1776 853 2035 906 rationem
2066 854 2208 907 illius
2240 852 2389 921 cujus
2421 865 2575 925 typus
2604 867 2685 909 est
2734 856 3154 921 tabernaculum,
3186 868 3349 910 certa:
3393 860 3508 913 cui-

268 936 445 1001 p‘am
472 932 568 996 rei,
591 940 739 1002 prout
765 927 1009 998 postulat
1044 928 1369 1004 Scriptura:
1398 941 1655 1012 dignitas,
1682 955 1866 1013 aptare
1900 946 2105 1008 volunt,
2134 949 2412 1015 aliquando
2437 950 2686 1003 aberrant
2710 989 2725 1011 ,
2766 960 2821 1003 et
2844 964 3057 1003 omnem
3081 951 3295 1018 quidem
3324 966 3512 1003 narra-

274 1026 503 1078 tionem
533 1040 642 1094 qua:
682 1022 763 1078 vel
788 1022 1001 1091 nuptias
1050 1036 1318 1094 spectare
1345 1032 1584 1097 videtur,
1628 1035 1711 1088 vel
1740 1035 2022 1091 liberorum
2051 1039 2495 1104 procreationem,
2526 1038 2607 1091 vel
2636 1039 2791 1105 bella,
2841 1049 2931 1091 aut
2976 1040 3106 1091 alias
3130 1039 3396 1106 quaslibet
3426 1040 3510 1091 hi-

267 1117 500 1169 smrias
527 1131 641 1185 quae
664 1115 818 1184 vulgo
843 1114 1201 1171 circumferri
1234 1133 1490 1189 possunt,
1519 1126 1711 1194 figuras
1740 1140 1856 1180 esse
1900 1126 2204 1193 declarant;
2247 1128 2338 1181 sed
2371 1143 2596 1195 quarum
2640 1144 2820 1182 rerum
2852 1128 3031 1196 figurae
3066 1128 3195 1191 sint,
3243 1128 3509 1180 interdum

270 1216 530 1275 propter
561 1206 793 1260 habitum
832 1221 940 1259 non
990 1205 1142 1259 bene
1175 1212 1569 1279 compositum,
1618 1212 1901 1280 aliquando
1947 1224 2163 1281 propter
2212 1215 2586 1278 temeritatem,
2634 1219 2955 1285 quandoque
2990 1218 3151 1270 etiam
3184 1216 3322 1282 quod
3350 1229 3508 1279 supra

270 1298 527 1349 modum
559 1295 863 1351 hominibus
886 1294 1117 1352 difﬁcile
1138 1299 1212 1353 sit
1244 1316 1336 1355 res
1364 1301 1620 1365 ejusmodi
1648 1302 1948 1371 explorare,
1974 1304 2356 1370 quantumlibet
2386 1306 2503 1371 quis
2528 1307 2854 1359 exercitatus
2880 1318 2934 1358 et
2963 1305 3242 1372 perspicax
3270 1302 3363 1367 sit,
3401 1316 3507 1353 non

266 1385 365 1438 ita
420 1386 702 1439 evidenter
733 1393 986 1453 apparet,
1020 1402 1126 1442 nec
1156 1389 1497 1458 singulorum
1540 1390 1672 1444 ratio
1702 1390 1880 1443 afferri
1911 1399 2100 1458 potest.
2127 1409 2145 1440 ι
2183 1390 2432 1445 Eamdem
2464 1406 2654 1447 sensus
2698 1393 2951 1462 mystieos
2982 1389 3335 1457 investigandi
3364 1385 3506 1441 dini-

264 1476 555 1529 cultatem
584 1477 905 1545 prophetiis,
933 1477 1271 1546 Evangeliis,
1305 1484 1555 1535 omnibus
1587 1484 1812 1550 denique
1841 1480 1968 1534 Novi
2001 1480 2326 1537 'l‘estamenti
2354 1483 2649 1552 Scripturis
2679 1486 2853 1539 inesse
2885 1485 3078 1539 asserit
3105 1481 3342 1548 ejusdem
3372 1480 3496 1534 libri

264 1580 446 1618 num.
479 1564 571 1620 IO.
611 1564 728 1620 lino
754 1566 897 1619 infra
927 1583 1080 1620 num.
1108 1568 1178 1621 26
1203 1568 1476 1623 afﬁrmare
1498 1585 1601 1622 non
1636 1570 1845 1623 dubitat
1876 1572 2145 1624 minimam
2182 1572 2552 1640 mysticorum,
2581 1587 2718 1641 quos
2743 1573 3019 1640 Scriptura
3051 1573 3229 1636 habet,
3255 1586 3505 1625 sensuum

261 1664 507 1721 partem
539 1655 761 1723 ipsimet
786 1654 957 1709 Paulo
988 1668 1325 1724 compertam
1357 1659 1540 1712 fuisse.
1600 1677 1618 1710 ι
1644 1658 1698 1712 Si
1726 1661 1865 1726 quis,
1897 1661 2087 1727 inquit,
2133 1663 2376 1716 curiosus
2405 1664 2832 1730 explanationem
2872 1663 3199 1729 singulorum
3239 1662 3501 1729 requirat,

260 1744 478 1794 veniat
530 1753 589 1795 et
618 1743 901 1796 nobiscum
949 1745 1157 1811 pariter
1190 1745 1376 1798 audiat
1440 1749 1704 1813 quomodo
1752 1746 1947 1798 Paulus
1988 1747 2255 1811 apostolus
2306 1763 2397 1815 per
2431 1750 2688 1817 Spiritum
2714 1760 2955 1802 sanctum
3001 1750 3091 1817 qui
3140 1759 3507 1817 perscrutatur

271 1833 460 1883 etiam
498 1832 774 1898 profunda
808 1832 927 1898 Dei,
984 1834 1324 1888 altitudinem
1358 1833 1547 1886 divinae
1574 1835 1848 1902 sapientiae
1893 1849 1956 1888 ac
1987 1835 2224 1889 scientia:
2255 1846 2521 1901 scrutans,
2572 1851 2672 1889 nec.
2718 1847 2893 1891 tamen
2921 1840 2986 1891 ad
3032 1838 3211 1898 finem,
3241 1845 3312 1899 et,
3345 1848 3403 1888 ut
3432 1838 3500 1890 ita

259 1920 552 1983 dixerim,
586 1922 657 1974 ad
690 1922 938 1975 intimam
968 1922 1331 1988 cognitionem
1361 1921 1655 1991 praevalens
1686 1923 1983 1990 pervenire,
2026 1925 2393 1992 desperatione
2427 1926 2500 1978 rei
2534 1935 2588 1979 et
2611 1936 2825 1994 stupore
2851 1928 3046 1980 clamat
3069 1936 3123 1979 et
3156 1926 3287 1980 dicit
3311 1941 3327 1980 :
3351 1922 3395 1977 Ο
3425 1924 3503 1977 al.

263 2010 460 2063 tiruda
499 2011 821 2063 divitiarum
866 2010 1139 2077 sapientia:
1170 2017 1221 2062 et
1257 2011 1487 2063 scientiae
1519 2010 1611 2062 Dei
1636 2010 1698 2063 ".
1756 2009 1820 2062 Et
1846 2014 1984 2077 quod
2010 2013 2380 2078 desperatione
2430 2014 2678 2080 perfectae
2715 2017 3204 2083 comprehensionis
3231 2016 3336 2070 hoc
3380 2030 3503 2082 pro-

260 2098 659 2159 nuntiaverit,
696 2098 823 2150 audi
854 2099 1031 2166 ipsum
1058 2098 1323 2151 dicentem
1364 2114 1377 2150 :
1419 2097 1587 2162 Quam
1611 2098 1965 2150 inscrutabilia
1994 2109 2113 2151 sunt
2139 2101 2345 2167 judicia
2372 2100 2487 2165 Dei,
2516 2111 2561 2154 et
2583 2118 2738 2170 quam
2768 2104 3139 2172 iuvestt’gabiles
3170 2106 3266 2158 via:
3292 2104 3406 2172 ejus
3430 2104 3498 2158 ³⁸.

262 2184 406 2237 Non
443 2186 603 2238 enim
648 2185 804 2252 dicit,
847 2185 1061 2240 difﬁcile
1088 2200 1242 2254 posse
1290 2187 1521 2240 scrutari
1546 2185 1745 2252 judicia
1780 2187 1893 2250 Dei,
1922 2191 2013 2241 sed
2044 2192 2261 2243 omnino
2290 2205 2392 2244 non
2425 2206 2613 2259 posse;
2660 2208 2756 2246 nec
2785 2194 2920 2247 dixit
2950 2194 3161 2249 difﬁcile
3193 2195 3497 2262 investigari

257 2290 460 2344 posse
496 2278 626 2330 vias
663 2277 802 2342 eius,
845 2278 944 2331 sed
974 2292 1079 2330 non
1108 2292 1267 2345 posse
1312 2277 1643 2343 investigari.
1681 2279 2160 2346 Quantumcunque
2184 2280 2324 2332 enim
2357 2282 2480 2348 quis
2516 2282 2568 2334 in
2605 2285 2892 2336 scrutando
2913 2290 3293 2351 promoveatet
3321 2282 3499 2336 studio

264 2367 607 2422 intentiore
654 2377 994 2434 promoveat,
1036 2368 1207 2434 gratia
1243 2381 1454 2435 quoque
1496 2367 1586 2419 Dei
1619 2367 1849 2434 adjutus,
1886 2382 2150 2435 sensuque
2177 2368 2521 2433 illuminatus,
2551 2372 2614 2422 ad
2639 2371 2928 2437 perfectura
2960 2372 3115 2425 linem
3152 2386 3339 2425 eorum
3377 2387 3497 2439 qua

263 2455 679 2522 requiruntur,
722 2455 1013 2521 pervenire
1046 2469 1148 2507 non
1184 2456 1402 2520 poterit,
1434 2468 1530 2506 nec
1558 2454 1731 2506 omnis
1758 2469 1907 2508 mens
1931 2470 2051 2522 quae
2079 2465 2258 2508 creata
2290 2465 2390 2522 est,
2432 2460 2682 2524 possibile
2710 2459 2869 2513 habet
2893 2460 2999 2512 ullo
3029 2476 3223 2528 genere
3248 2476 3496 2528 compre-

265 2545 554 2607 hendere,
598 2547 696 2597 sed
720 2555 777 2596 nt
807 2542 1076 2596 invenerit
1114 2544 1358 2609 quaedam
1397 2555 1462 2594 ex
1491 2542 1577 2595 his
1597 2555 1715 2608 qua
1736 2551 2064 2608 quaeruntur,
2101 2544 2287 2596 iterum
2315 2547 2455 2598 videt
2481 2548 2583 2598 alia
2615 2562 2731 2613 qua:
2760 2548 3043 2615 quaerenda
3073 2560 3217 2602 sunt.
3256 2549 3409 2613 Quod
3439 2559 3494 2603 et

266 2634 319 2684 si
350 2633 423 2685 ad
456 2632 580 2701 ipsa
618 2631 971 2699 pervenerit,
1002 2629 1172 2683 multo
1204 2631 1396 2683 iterum
1425 2631 1573 2699 plura
1601 2645 1667 2685 ex
1698 2630 1801 2683 illis
1830 2646 1946 2697 qua:
1977 2633 2139 2698 qiuari
2164 2632 2414 2696 debeant,
2444 2636 2764 2701 pervidebit.
2794 2656 2813 2688 ι
2851 2637 3242 2692 Commentario
3265 2639 3316 2691 in
3355 2638 3496 2707 psal-

267 2736 433 2774 mum
464 2722 739 2789 primum,
773 2735 899 2788 pag.
924 2718 1032 2772 526
1053 2728 1107 2773 et
1141 2718 1269 2780 527,
1295 2720 1671 2772 documentum
1701 2718 1799 2771 sibi
1827 2718 1894 2770 ab
1926 2718 2145 2773 Hebraeo
2174 2722 2425 2775 traditum
2460 2722 2622 2776 refert
2645 2732 2701 2777 et
2743 2724 2813 2777 ita
2843 2726 3033 2794 prohat
3060 2735 3116 2777 ut
3146 2741 3250 2780 non
3277 2726 3494 2781 aliunde

265 2811 456 2879 magis
488 2810 706 2878 liqueat
732 2810 863 2877 quid
886 2810 954 2863 de
983 2810 1263 2876 Scriptura
1302 2823 1452 2862 sacra
1498 2809 1722 2875 ipsemet
1754 2810 1976 2863 sentiret
2002 2830 2014 2863 :
2043 2827 2062 2859 ι
2089 2809 2588 2877 Przeclarissimum,
2618 2814 2807 2882 inquit,
2836 2816 3211 2871 documentum
3248 2819 3402 2873 nobis
3425 2820 3494 2874 ab

264 2902 515 2957 ltebrteo
543 2902 616 2954 de
642 2900 800 2954 omni
835 2901 1112 2968 Scriptura
1167 2898 1426 2951 traditum
1456 2910 1814 2966 proponemus
1859 2916 1873 2953 :
1917 2899 2126 2955 dicebat
2167 2903 2310 2955 enim
2357 2903 2445 2956 ille
2483 2904 2709 2958 similem
2736 2919 2853 2959 esse
2882 2905 3212 2974 Scripturam
3237 2907 3495 2965 divinitus

268 2993 525 3046 amatam
561 3002 797 3062 propter
825 2993 1213 3046 obscuritatem
1246 3006 1365 3058 qua:
1392 2990 1445 3043 in
1472 3005 1532 3044 ea
1558 2999 1664 3053 est,
1700 2991 1881 3045 multis
1909 2993 2188 3047 domiciliis
2218 3009 2323 3047 uno
2368 2995 2595 3048 aedilicio
2627 2996 2929 3064 conclusis;
2959 2998 3242 3065 unicuique
3272 2999 3494 3053 domici-

266 3086 348 3137 lio
382 3084 715 3151 appositam
769 3082 969 3135 clavim
1022 3096 1132 3133 non
1165 3080 1265 3148 ipsi
1295 3079 1722 3143 convenientem,
1759 3082 1939 3148 sicque
1968 3082 2251 3147 dissipatas
2294 3098 2413 3136 esse
2443 3084 2623 3137 claves
2667 3100 2762 3152 per
2795 3085 3085 3151 domicilia,
3123 3102 3226 3139 non
3277 3100 3492 3154 respon-

264 3174 472 3225 dentes
524 3170 787 3238 siugulas
821 3171 891 3223 iis
923 3169 1212 3223 domiciliis
1242 3170 1435 3237 quibus
1469 3171 1723 3237 appositae
1750 3180 1872 3224 sunt
1916 3189 1930 3224 :
1970 3186 2103 3237 opus
2134 3186 2261 3225 vero
2295 3174 2449 3241 longe
2479 3174 2847 3229 difﬁcillimum
2876 3188 2994 3229 esse
3028 3176 3263 3229 invenire
3289 3177 3490 3239 claves,

263 3272 325 3316 et
354 3276 454 3315 eas
507 3261 673 3314 cellis
719 3268 934 3329 aptare,
983 3273 1119 3328 quas
1145 3259 1358 3326 aperire
1389 3268 1645 3325 possunt:
1670 3260 1844 3326 itaque
1867 3260 2026 3314 etiam
2059 3261 2361 3328 Scriptores
2389 3263 2664 3317 abstrusas
2718 3265 2929 3331 quidem
2965 3265 3084 3319 illas
3113 3264 3356 3333 intelligi,
3387 3281 3489 3319 non

265 3352 499 3405 aliunde
527 3353 770 3416 sumptis
804 3363 972 3417 quam
1003 3350 1073 3401 ab
1102 3348 1234 3412 ipsis
1280 3347 1510 3400 invicem
1544 3348 1872 3413 argumentis
1904 3347 2276 3416 intelligentiae,
2310 3365 2427 3417 quae
2460 3350 2511 3403 in
2545 3365 2605 3404 se
2640 3352 2836 3405 habent
2863 3352 3156 3419 dispersam
3192 3346 3490 3420 exponendi

266 3442 580 3495 rationem.
613 3459 634 3492 ι
702 3438 831 3492 llam
866 3439 1127 3505 mysticus
1153 3436 1441 3504 Scriptum
1470 3451 1658 3490 sensus
1699 3440 1968 3491 scrutandi
2012 3440 2287 3494 difficultas
2345 3441 2478 3494 adeo
2528 3442 2902 3512 insuperabilis
2927 3445 3138 3512 Origeni
3187 3432 3488 3505 videbatur,

262 3543 332 3586 ut
368 3547 491 3587 sum
543 3546 614 3585 ea
648 3532 715 3584 de
757 3545 818 3584 re
864 3528 1154 3583 sententiae
1198 3530 1417 3581 omnino
1446 3534 1854 3581 consentaneam
1888 3530 2074 3598 agendi
2101 3531 2357 3585 rationem
2407 3531 2671 3585 habuerit.
2713 3532 2966 3598 Quamvis
2997 3533 3192 3602 ubique
3238 3533 3487 3604 mysteria

264 3629 673 3681 consectetur,
720 3619 893 3672 libere
941 3627 1300 3695 tamen'suam
1334 3629 1396 3670 ea
1445 3615 1497 3668 in
1547 3630 1605 3669 re
1646 3617 1927 3669 comitetur
1970 3618 2308 3684 imperitiam,
2343 3630 2397 3673 et
2425 3621 2469 3673 si
2508 3637 2642 3688 quos
2675 3623 2942 3675 detexisse
2968 3636 3025 3674 se
3056 3632 3206 3690 putat
3233 3610 3489 3691 mysticus

263 3724 509 3775 sensus,
550 3722 646 3761 eos
670 3722 885 3774 semper
914 3720 1041 3759 cum
1068 3719 1255 3773 magna
1286 3704 1448 3757 animi
1476 3704 1557 3757 sui
1589 3704 1852 3757 modestia
1883 3705 1933 3756 in
1972 3704 2139 3758 lucem
2166 3708 2387 3773 profert.
2430 3708 2674 3761 Hornilia
2699 3712 2884 3776 quinta
2931 3712 2982 3763 in
3005 3711 3278 3776 Genesim,
3308 3714 3394 3766 ubi
3424 3716 3489 3769 de

265 3798 481 3869 figuris
519 3810 660 3863 quas
709 3796 910 3849 veteris
941 3794 1077 3859 legis
1122 3792 1381 3847 sacriﬁcia
1413 3793 1781 3857 continebant,
1830 3807 2125 3847 sermonem
2175 3797 2352 3862 habet,
2401 3812 2492 3851 eas
2539 3815 2697 3866 supra
2737 3801 3140 3866 intelligentiam
3170 3816 3322 3854 suam
3367 3818 3488 3858 esse

264 3885 516 3942 candide
570 3882 795 3936 fatetur.
866 3901 887 3933 ι
911 3881 1031 3936 Non
1067 3891 1263 3942 autem,
1299 3882 1493 3948 inquit,
1526 3881 1714 3936 dubito
1742 3882 1906 3936 multa
1939 3897 2056 3936 esse
2103 3897 2220 3950 qua:
2248 3900 2344 3939 nos
2372 3885 2557 3948 latent,
2588 3898 2642 3939 et
2671 3904 2886 3941 sensum
2916 3899 3161 3942 nostrum
3208 3903 3483 3957 superant.

262 3977 392 4033 Non
429 3978 590 4032 enim
641 3990 831 4030 sumus
864 3973 1011 4026 illius
1047 3971 1220 4024 meriti
1268 3980 1329 4023 ut
1360 3971 1624 4038 possimus
1653 3973 1832 4026 dicere
1867 3989 1882 4026 :
1914 3971 2024 4027 Nos
2056 3984 2229 4027 autem
2271 3991 2473 4028 sensum
2501 3976 2695 4031 Christi
2724 3978 2965 4031 habemus
2987 3979 3053 4037 ⁸³.
3078 4017 3092 4033 .
3113 4017 3127 4034 .
3171 3981 3299 4034 Eam
3328 3997 3484 4049 quam

261 4078 422 4118 nunc
449 4063 700 4117 diximus
729 4059 864 4127 legis
895 4059 1131 4111 animam
1181 4057 1537 4124 requiramus,
1568 4069 1823 4125 quantum
1867 4059 1930 4113 ad
1959 4074 2191 4126 praesens
2219 4071 2426 4129 tempus
2459 4075 2684 4131 spectat.
2742 4065 2935 4120 Nescio
2967 4078 3143 4122 autent
3193 4071 3237 4124 si
3272 4087 3482 4139 possum

262 4153 441 4206 etiam
471 4151 548 4204 ad
577 4150 833 4217 spiritum
864 4144 984 4210 ejus
1017 4146 1309 4200 ascendere
1337 4147 1390 4198 in
1419 4145 1502 4199 bis
1537 4160 1652 4213 qua:
1689 4147 1754 4199 de
1784 4146 2060 4203 sacrificiis
2104 4150 2237 4207 lecta
2268 4162 2411 4205 sunt.
2444 4171 2463 4202 ι
2506 4152 2754 4220 Majorent
2789 4156 2963 4211 adhuc
3008 4174 3117 4227 pra:
3145 4174 3202 4214 se
3229 4162 3334 4216 fert
3367 4163 3485 4216 ani-

261 4244 344 4295 mi
382 4239 725 4295 modestiam
761 4236 985 4291 bomilia
1015 4234 1295 4288 undecima
1342 4234 1398 4286 in
1451 4233 1734 4298 Numeros,
1770 4235 1857 4287 ubi
1892 4237 1967 4290 ait
2009 4254 2024 4290 :
2080 4257 2098 4289 ι
2124 4238 2186 4291 Et
2217 4240 2263 4293 si
2308 4256 2544 4295 mererer
2571 4258 2669 4310 ego
2698 4244 2852 4298 hodie
2893 4262 3141 4316 magnum
3171 4250 3399 4319 aliquem
3431 4260 3484 4303 et

260 4344 495 4384 summo
527 4327 792 4399 pontifice
818 4326 1042 4392 dignum
1078 4323 1588 4391 sensumproferre,
1638 4325 1708 4377 ita
1738 4333 1797 4376 ut
1819 4340 1884 4378 ex
1915 4326 1978 4380 iis
2008 4330 2253 4383 omnibus
2277 4345 2395 4397 quae
2435 4330 2707 4399 loquimur
2735 4343 2789 4386 et
2817 4335 3086 4400 docemus,
3115 4348 3258 4392 esset
3288 4339 3482 4407 aliquid

259 4426 559 4493 egregium
594 4419 742 4488 quod
796 4431 1011 4471 summo
1040 4415 1310 4469 sacerdoti
1345 4414 1554 4481 placere
1597 4415 1828 4477 deberet,
1877 4429 2084 4484 poterat
2114 4420 2338 4475 fortasse
2368 4421 2479 4475 fieri
2530 4433 2587 4476 ut
2617 4425 2834 4492 angelus
2864 4429 2954 4493 qui
2985 4440 3178 4495 praeest
3212 4432 3482 4497 Ecclesiae,

258 4530 331 4568 ex
360 4511 635 4566 omnibus
660 4508 829 4561 dictis
853 4504 1056 4559 nostris
1083 4504 1307 4571 eligeret
1338 4504 1556 4569 aliquid,
1592 4512 1643 4555 et
1675 4505 1790 4557 loco
1820 4507 2173 4571 pritnitiarum
2217 4510 2437 4562 Domino
2468 4510 2532 4563 de
2564 4511 2734 4578 agello
2762 4516 2937 4566 cordis
2971 4518 3073 4567 mei
3105 4517 3341 4573 offerret.
3376 4521 3482 4574 Sed

257 4621 366 4676 ego
401 4618 499 4657 me
531 4602 652 4655 scio
681 4615 793 4654 non
831 4597 1052 4657 mereri,
1084 4609 1181 4647 nec
1211 4594 1460 4648 conscius
1485 4609 1599 4645 sum
1643 4594 1793 4657 mihi,
1839 4598 1976 4662 quod
2016 4599 2147 4653 talis
2182 4616 2371 4656 sensus
2402 4605 2702 4659 inveniatur
2733 4605 2785 4656 in
2841 4621 2925 4664 tne
2964 4621 3120 4662 auem
3152 4610 3367 4677 dignum
3397 4611 3483 4678 ju-

257 4697 412 4748 dicet
447 4689 684 4758 angelus
717 4687 812 4755 qui
846 4700 944 4739 nos
975 4684 1192 4748 excolit,
1243 4682 1441 4735 offerre
1491 4697 1587 4748 pro
1619 4684 1868 4750 primitiis
1898 4684 1979 4736 vel
2012 4700 2108 4753 pro
2155 4689 2523 4759 primogenitis
2553 4696 2796 4750 Domino.
2836 4700 3009 4764 Atque
3044 4699 3243 4749 utinam
3287 4699 3392 4752 tale
3415 4700 3484 4753 sit

255 4784 414 4853 quod
454 4779 743 4846 loquimur
787 4785 845 4827 et
885 4776 1160 4832 docemus,
1192 4783 1381 4824 utnon
1414 4785 1508 4836 pro
1535 4773 1706 4824 verbis
1735 4773 1929 4826 nostris
1957 4776 2300 4831 condemnari
2333 4796 2651 4840 mereamur.
2713 4783 2988 4838 Suiliceret
3030 4786 3187 4838 nobis
3220 4786 3332 4838 haac
3361 4802 3482 4853 gra-

257 4874 359 4926 tia.
392 4890 415 4923 »
458 4870 744 4924 Preterea
776 4866 1008 4932 insignis
1031 4877 1094 4916 ea
1127 4865 1190 4916 de
1216 4877 1272 4916 re
1300 4861 1449 4914 locus
1471 4871 1644 4915 exstat
1678 4863 1888 4916 homilia
1925 4865 2091 4931 prima
2124 4867 2173 4919 in
2207 4869 2445 4925 Exodutn
2477 4894 2489 4928 :
2520 4893 2537 4925 ι
2565 4875 2624 4929 Si
2658 4876 2811 4938 mihi,
2839 4877 3031 4943 inquit,
3069 4875 3323 4929 Dominus
3353 4891 3484 4930 con-

259 4963 472 5016 cedere
526 4958 860 5025 dignaretur
893 4952 1154 5022 spiritalis
1191 4951 1531 5018 agrieultura:
1572 4952 1929 5017 disciplinam,
1967 4954 2009 5006 si
2048 4957 2294 5020 peritiam
2328 4960 2535 5016 colendi
2588 4964 2726 5016 ruris
2757 4964 3002 5026 donaret,
3039 4980 3177 5017 unus
3220 4977 3395 5016 sermo
3418 4977 3484 5015 ex

263 5052 350 5105 his
375 5066 510 5120 qua:
556 5050 793 5104 recitata
825 5054 984 5109 sunt,
1016 5045 1069 5096 in
1103 5053 1303 5096 tantum
1333 5051 1513 5110 posset
1542 5042 1693 5111 longe
1720 5044 1927 5111 lateque
1952 5046 2189 5114 diffundi,
2235 5050 2277 5103 si
2313 5061 2486 5107 tamen
2516 5067 2568 5108 et
2606 5056 2909 5108 auditorum
2957 5055 3231 5118 capacitas
3264 5052 3484 5115 sineret,

259 5153 321 5196 ut
349 5145 447 5197 vix
487 5140 654 5194 nobis
708 5135 780 5189 ad
808 5133 1192 5199 explicandum
1219 5132 1491 5186 subiceret
1535 5132 1668 5187 dies.
1727 5130 2072 5189 Teutabimus
2120 5147 2296 5192 tamen
2328 5154 2423 5207 pro
2468 5143 2671 5197 viribus
2725 5142 2926 5195 nostris
2976 5140 3160 5204 aliqua
3205 5138 3487 5198 disserere,

261 5230 490 5282 etiamsi
545 5239 734 5293 neque
788 5222 954 5275 nobis
984 5221 1231 5274 universa
1263 5219 1550 5289 explicare,
1598 5237 1770 5287 neque
1814 5223 1968 5278 vobis
2012 5235 2203 5279 cuncta
2250 5231 2436 5284 audire
2476 5233 2727 5300 possibile
2773 5228 3049 5295 est;quia
3091 5237 3148 5279 et
3191 5227 3289 5277 hoc
3321 5224 3497 5289 ipsum

260 5330 605 5386 agnoscere,
638 5312 790 5381 quod
824 5323 1003 5376 supra
1035 5308 1176 5361 vires
1199 5318 1414 5362 nostras
1437 5308 1504 5359 sit
1537 5311 1727 5363 horum
1765 5312 2006 5377 scientia,
2035 5319 2140 5367 nan
2170 5331 2350 5381 parva:
2380 5320 2614 5373 arbitror
2641 5333 2765 5373 esse
2790 5318 3021 5384 peritiae.
3052 5331 3075 5387 ξ

371 5435 583 5487 Anne.
606 5428 721 5483 VII.
762 5440 907 5481 rues
940 5438 1195 5481 rnomatr
1221 5440 1452 5478 secenas
1477 5439 1658 5486 omeus
1684 5444 2015 5486 uvs'rtconun
2045 5449 2275 5490 ssnsuuu
2299 5454 2704 5493 INTELLIGENTIA
2742 5449 2987 5489 nemos
3020 5434 3408 5482 COIPARB'I‘UR.

333 5521 526 5575 Prima
571 5517 773 5587 τεςυια
822 5527 951 5582 (Ιυῖδῑ3
988 5515 1247 5581 FNP-05008
1290 5515 1343 5566 Ῐιι
1374 5513 1618 5570 Mosaicis
1649 5517 1799 5573 libris
1846 5520 2020 5577 locum
2058 5525 2235 5594 habet,
2279 5528 2535 5597 ejusmodi
2570 5537 2655 5581 est
2703 5542 2716 5577 :
2772 5540 2792 5573 ι
2824 5514 3102 5587 Quidquid
3155 5512 3211 5561 in
3240 5507 3537 5572 Scriptura

329 5651 373 5683 οι
407 5651 582 5706 ηοω,
625 5662 711 5711 xl,
743 5645 840 5701 53.
928 5642 977 5675 ³³
1009 5642 1139 5697 ibid.
1208 5646 1248 5679 ⁸³
1293 5645 1464 5698 lCOt‘.
1510 5662 1565 5715 tt,
1608 5652 1687 5706 l6.
