3878 6254
205 329 276 382 27
1456 321 1736 377 PREFA'I

2128 359 2143 375 .
2182 319 2243 372 ιι.
3542 288 3657 342 23

212 446 466 511 mandati,
519 445 792 514 praecepti,
822 443 1139 508 testimonii,
1179 442 1420 512 iustitiae,
1452 443 1664 512 judicii,
1710 451 1841 508 etc.,
1887 443 2107 497 vocibus
2139 438 2478 508 exprimitur,
2532 435 2585 489 id
2637 434 2703 488 ad
2744 433 2988 487 litteram
3051 410 3653 515 accipiengulu

208 542 311 596 est,
346 502 746 603 nec’al'legori'is
779 502 1034 602 uindiget;
1074 502 1335 601 quidquid
1382 502 1510 585 veio
1542 502 1760 586 nomine
1800 502 1932 601 legis
1965 502 2289 594 declaratur,
2338 529 2390 581 id
2428 525 2710 594 allegorice
2755 516 3254 588 explicandum.
3294 528 3323 559 ι
3434 502 3553 557 Ea
3610 513 3662 551 θ

208 625 374 678 verbo
422 626 487 679 ad
532 625 750 679 verbum
779 633 1031 692 excerpta
1060 633 1237 677 estex
1286 623 1506 677 homilia
1538 624 1820 677 undecima
1869 624 1921 677 in
1952 623 2228 685 Numeros,
2276 620 2427 689 cujus
2466 618 2833 672 testimonium
2868 627 3052 681 supra
3130 602 3661 660 adduximus

210 718 440 772 articulo
471 719 731 774 secundo.
771 716 940 786 Hujus
979 730 1139 783 porro
1171 716 1362 783 regula:
1391 729 1583 769 sensus
1611 724 1713 777 est,
1747 715 2171 769 caeremonialem
2204 714 2370 780 legem
2400 721 2563 765 totam
2601 725 2719 765 esse
2746 710 2934 777 ﬁguris
2977 705 3207 774 plena
3225 714 3345 760 In,
3401 706 3660 786 seeus

207 820 337 860 vero
369 805 537 875 legem
583 782 882 870 moralem';
911 782 1104 860 deinde
1151 782 1358 872 singula
1393 803 1682 872 Scriptura:
1722 804 1836 859 loca
1872 819 1989 872 qure
2019 806 2084 856 ad
2116 801 2540 857 czeremouialem
2587 803 2754 869 legem
2803 813 3039 867 quoquo
3087 791 3347 847 modo
3426 782 3660 840 refe-

206 903 418 955 runtur.
448 909 536 959 ea,
578 909 647 947 ne
676 910 782 947 uno
813 894 1026 962 quidem
1060 902 1302 961 excepto,
1333 908 1437 945 non
1481 893 1786 958 litteralem,
1814 893 1906 946 sed
1938 894 2150 947 unicum
2188 892 2470 961 mysticum
2502 905 2715 944 sensum
2753 890 2989 943 habere.
3078 883 3327 937 Hanc
3403 889 3663 942 regu-

209 984 315 1038 lam
353 985 530 1038 ﬁrmat
562 985 852 1053 Scriptura:
883 998 1053 1037 sacrze
1087 983 1216 1038 locis
1243 999 1363 1053 quae
1392 984 1812 1037 caeremonialem
1844 982 2010 1049 legem
2043 982 2237 1050 ﬁguras
2268 982 2535 1042 habuisse,
2566 996 2665 1034 nec
2697 981 2929 1050 amplius
2965 993 3043 1034 ea
3105 969 3663 1028 Christianos

206 1073 430 1143 obligari
459 1075 669 1129 docent.
715 1072 864 1128 Unde
896 1072 1094 1140 colligit
1124 1082 1230 1126 tota
1275 1073 1373 1125 hac
1404 1071 1518 1139 lege
1550 1071 1749 1139 ﬁguras
1778 1071 2045 1133 exhiberi,
2092 1070 2344 1137 omnique
2389 1085 2505 1123 eam
2537 1084 2676 1122 nunc
2720 1084 2911 1124 carere
2951 1081 3180 1122 sensu
3265 1058 3661 1122 litterali,

208 1164 647 1233 quandoquidem
679 1178 741 1218 ea
769 1163 880 1231 jam
931 1163 1089 1216 soluti
1123 1170 1250 1217 sunt
1276 1161 1589 1216 Christiani.
1638 1160 1694 1215 ld
1734 1177 1900 1231 genus
1930 1162 2237 1231 systematis
2264 1161 2375 1228 jam
2414 1163 2765 1230 introspicere
2796 1162 2949 1215 licuit
2984 1155 3332 1213 homilia
3399 1163 3661 1219 supra

206 1252 376 1307 citata
410 1254 464 1307 in
511 1255 795 1318 Numeros,
852 1253 944 1308 sed
990 1253 1199 1321 plenius
1243 1251 1592 1305 continuatur
1634 1252 1983 1319 sequentibus
2037 1252 2378 1306 testimoniis.
2441 1251 2664 1305 Homilia
2716 1252 2948 1319 septima
3005 1248 3085 1302 in
3134 1241 3663 1300 Leviticutn,

206 1354 358 1397 num.
378 1342 434 1408 4,
483 1343 573 1397 ubi
602 1343 668 1395 de
702 1344 1020 1397 mundorum
1054 1353 1107 1396 et
1151 1342 1543 1395 immundorutn
1574 1342 1883 1397 discrimine
1926 1343 2123 1412 agitur,
2151 1342 2230 1394 sic
2260 1342 2498 1409 loquitur
2544 1359 2558 1394 :
2609 1359 2627 1392 ι
2654 1339 2756 1394 Sed
2790 1340 2852 1392 ad
2880 1340 3007 1393 haec
3053 1329 3663 1401 investiganda

210 1428 512 1500 Scriptura:
540 1432 863 1486 testimoniis
896 1432 1212 1500 indigemus,
1241 1445 1308 1483 ne
1336 1430 1456 1496 quis
1491 1438 1637 1498 putet
1668 1431 1873 1499 (amant
1905 1433 2045 1484 enim
2082 1430 2324 1484 homines
2350 1443 2612 1484 exacuere
2640 1429 2850 1497 linguas
2878 1442 3019 1481 suas
3067 1435 3160 1479 ut
3203 1418 3660 1492 gladium),

206 1533 277 1574 ne
297 1521 416 1589 quis
444 1530 607 1590 putet,
637 1522 870 1589 inquam,
909 1524 1049 1591 quod
1083 1537 1181 1591 ego
1210 1524 1313 1574 vim
1341 1521 1532 1574 faciam
1566 1520 1859 1590 Scripturis
1888 1521 2107 1582 divinis,
2130 1529 2187 1571 ut
2222 1534 2285 1573 ea
2315 1534 2432 1587 quae
2464 1520 2530 1574 de
2557 1520 2900 1580 animalibus,
2936 1511 3658 1584 quadrupedibus,

206 1610 290 1663 vel
322 1613 486 1665 etiam
537 1613 746 1678 avibus,
781 1623 872 1667 aut
904 1614 1143 1681 piscibus
1191 1613 1401 1666 mundis
1432 1613 1543 1666 sive
1574 1611 1859 1665 immundis
1889 1611 1940 1683 ip
1982 1610 2097 1677 lege
2120 1609 2442 1671 referuntur,
2476 1610 2541 1663 ad
2593 1610 2838 1662 homines
2872 1609 3178 1673 traham,
3239 1614 3331 1658 et
3366 1603 3471 1657 de
3509 1604 3664 1657 lio—-

205 1699 444 1754 minibus
473 1699 588 1754 lucc
612 1701 751 1754 dicta
781 1716 899 1756 esse
931 1701 1255 1768 conﬁugam.
1313 1700 1584 1755 Fortassis
1609 1700 1750 1754 enim
1775 1701 1918 1753 dicat
1962 1700 2080 1767 quis
2109 1699 2410 1752 auditorum
2448 1715 2461 1751 :
2486 1698 2596 1753 Cur
2616 1701 2723 1753 vim
2748 1698 2884 1752 facis
2909 1698 3206 1766 Scriptu
3222 1711 3339 1749 ra:
3364 1696 3403 1747 ?
3446 1694 3654 1748 Ani-

205 1792 367 1847 malia
422 1796 693 1858 dicuntur,
726 1795 974 1848 animalia
1021 1794 1407 1864 intelligantur.
1448 1792 1526 1847 Ne
1569 1809 1697 1863 ergo
1724 1794 1918 1862 aliquis
1958 1793 2074 1846 hrec
2107 1793 2387 1860 depravari
2434 1793 2666 1847 humano
2695 1794 2879 1847 credat
2909 1792 3252 1861 ingenio,
3306 1801 3659 1858 aposto—

205 1881 309 1938 lica
339 1882 392 1936 in
439 1884 518 1937 eis
565 1883 854 1937 auctoritas
883 1883 1149 1937 evocanda
1181 1891 1262 1936 est
1292 1921 1306 1936 .
1328 1922 1342 1937 .
1368 1919 1422 1937 ..
1462 1882 1658 1935 Paulus
1687 1883 1871 1949 utique
1903 1896 2169 1949 nunquam
2202 1881 2423 1934 auderet
2455 1880 2748 1947 spiritalem
2783 1891 2968 1947 pomm
3030 1890 3125 1933 et
3175 1881 3657 1950 spiritalem

206 1981 385 2022 escam
412 1968 698 2037 appellare,
735 1969 832 2022 nisi
865 1971 1003 2023 lumc
1036 1983 1156 2023 esse
1200 1983 1416 2023 sensum
1443 1967 1761 2037 legislatoris
1810 1983 1907 2035 per
1937 1967 2186 2020 traditam
2211 1969 2311 2022 sibi
2346 1969 2639 2022 verissimae
2665 1968 2924 2023 doctrinae
2953 1971 3388 2024 scientiam
3439 1974 3661 2027 didi—

205 2059 383 2112 cisset.
424 2058 572 2113 Unde
611 2067 666 2112 et
691 2058 815 2113 illud
848 2060 994 2114 addit
1025 2069 1277 2128 tanquam
1314 2059 1590 2114 conﬁdens
1638 2068 1690 2112 et
1724 2067 1901 2113 certus
1932 2059 1999 2112 de
2024 2058 2266 2112 ciborum
2293 2059 2500 2112 ratione
2530 2059 2852 2112 mundorum
2892 2067 2949 2111 et
2990 2059 3658 2135 immundos-um,

206 2149 347 2217 quod
383 2164 485 2201 non
514 2150 803 2203 secundum
836 2149 1089 2220 litteram,
1118 2149 1209 2203 sed
1244 2148 1561 2217 spiritaliter
1588 2149 1919 2201 observanda
1966 2149 2097 2212 sint,
2127 2157 2181 2202 et
2207 2147 2336 2202 dicit
2380 2163 2394 2199 :
2441 2147 2609 2200 Nemo
2639 2163 2760 2215 ergo
2805 2163 2896 2200 vos
2929 2149 3229 2216 judicet
3296 2152 3389 2204 in
3436 2156 3651 2219 cibo,

203 2247 297 2290 aut
332 2246 476 2306 potu,
507 2248 600 2291 aut
629 2240 682 2292 in
706 2250 851 2307 parte
889 2241 994 2292 diei
1027 2240 1172 2303 festi,
1199 2247 1287 2290 aut
1316 2238 1737 2300 aceruatim—aut
1773 2236 2136 2302 Sabbatorum,
2167 2253 2282 2304 qua:
2306 2245 2423 2290 sunt
2452 2239 2634 2290 umbra
2658 2238 2959 2306 futurorum
2986 2239 3077 2293 ³⁵-
3144 2240 3408 2297 Vides
3449 2259 3653 2313 ergo

204 2329 470 2394 quomodo
498 2329 610 2382 haec
652 2331 830 2383 omnia
863 2343 981 2398 quae
1004 2329 1069 2382 de
1118 2328 1252 2382 cibis
1282 2329 1362 2380 vel
1394 2336 1519 2395 potu
1569 2327 1805 2395 loquitur
1833 2327 2062 2398 Moyses,
2113 2328 2308 2382 Paulus
2334 2329 2421 2394 qui
2471 2328 2660 2381 melius
2693 2328 2793 2381 ista
2831 2329 3200 2397 didicerat,
3254 2349 3510 2403 quam
3565 2340 3645 2392 hi

204 2419 296 2486 qui
328 2432 470 2470 nunc
494 2416 701 2484 jactant
724 2432 785 2472 se
815 2431 934 2472 esse
960 2420 1227 2482 doctores,
1260 2418 1440 2470 omnia
1469 2418 1580 2470 haec
1614 2418 1854 2471 umbram
1885 2418 2017 2471 dicit
2047 2432 2164 2472 esse
2192 2418 2513 2471 futurorum.
2572 2419 2640 2471 Et
2667 2419 2806 2483 ideo,
2855 2419 3004 2473 sicut
3068 2423 3489 2491 dixintus,
3543 2430 3652 2485 ab

204 2507 310 2561 hac
352 2506 537 2560 umbra
567 2507 631 2559 ad
659 2507 936 2561 veritatem
966 2506 1224 2561 debemus
1261 2508 1579 2561 ascendere.
1633 2506 1955 2561 Christianis
1980 2516 2034 2560 et
2077 2520 2105 2558 a
2132 2506 2457 2560 Christianis
2503 2520 2684 2560 sermo
2710 2516 2815 2569 est,
2845 2507 3071 2573 quibus
3121 2516 3645 2578 apostolico-

203 2615 323 2654 rum
350 2599 613 2652 dictorum
646 2599 807 2651 chara
855 2598 1012 2652 debet
1059 2612 1179 2652 esse
1209 2584 1525 2653 auctoritas.
1568 2598 1623 2652 Si
1659 2598 1778 2666 quis
1808 2611 1934 2651 vero
1962 2599 2269 2666 arrogantia
2304 2597 2543 2650 tumidus
2579 2598 2870 2664 apostolica
2920 2598 3110 2652 dicta
3165 2612 3650 2664 contemni;

202 2698 300 2742 aut
343 2689 565 2755 spernit,
603 2689 716 2755 ipse
747 2687 961 2740 viderit.
1001 2686 1128 2740 Mihi
1158 2695 1331 2740 autem
1361 2689 1507 2741 sicut
1535 2687 1645 2741 Deo
1679 2696 1734 2741 et
1763 2688 1986 2742 Domino
2016 2687 2141 2741 Jesu
2170 2686 2405 2750 Christo,
2459 2687 2529 2738 ita
2572 2698 2627 2740 et
2656 2688 2911 2755 apostolis
2965 2690 3139 2756 ejus
3213 2697 3646 2757 adhaerere

202 2777 401 2831 bonum
435 2787 539 2839 est,
574 2785 627 2829 et
659 2792 721 2831 ex
753 2776 949 2830 divinis
985 2775 1277 2844 Scripturis
1324 2778 1613 2831 secundum
1658 2777 1893 2844 ipsorum
1928 2776 2265 2830 traditionem
2308 2776 2717 2858 intelligentiam
2754 2792 2973 2846 capere.
3007 2797 3028 2829 ι
3106 2782 3232 2835 Ex
3308 2788 3504 2855 hoc,
3559 2792 3641 2845 ni

205 2864 391 2927 fallor,
429 2864 738 2918 testimonio
762 2865 926 2932 liquet
955 2864 1213 2934 placuisse
1246 2866 1481 2935 Origeni,
1513 2874 1570 2919 ut
1601 2868 1775 2922 omnis
1797 2868 2190 2922 creremonialis
2211 2869 2294 2921 lex
2327 2869 2616 2936 allegorico
2647 2883 2807 2920 sensu
2841 2870 3227 2937 accipiatur
3269 2893 3287 2929 :
3330 2895 3437 2935 en
3488 2884 3635 2940 tibi

206 2954 331 3018 alia,
367 2952 506 3008 unde
546 2961 755 3008 constat
786 2969 853 3021 ex
883 2955 999 3023 ejus
1031 2958 1290 3010 sententia
1335 2956 1478 3010 omni
1517 2972 1656 3010 nunc
1689 2972 1807 3010 eam
1863 2956 2073 3009 litterali
2119 2972 2242 3025 erga
2283 2958 2618 3012 Christianos
2666 2972 2825 3009 sensu
2876 2972 3140 3016 carere.
3243 2967 3470 3025 Nihil
3534 2977 3640 3029 ad

203 3055 323 3093 eam
357 3058 468 3096 rem
517 3044 685 3111 magis
719 3044 999 3109 disertum,
1031 3062 1189 3114 quam
1220 3050 1361 3116 quod
1393 3048 1468 3099 ait
1514 3049 1728 3102 homilia
1760 3059 1907 3102 sexta
1942 3051 1993 3101 in
2020 3048 2268 3102 Genesim
2295 3066 2308 3101 :
2339 3065 2354 3097 ι
2386 3048 2537 3111 Quod
2564 3050 2606 3100 si
2635 3050 2863 3101 edocere
2896 3051 2983 3100 vis
3021 3062 3457 3118 quomodo
3508 3065 3640 3120 lex

204 3141 413 3185 mortua
443 3136 534 3196 sit,
561 3133 837 3188 considera
869 3145 924 3190 et
952 3136 1071 3190 vide
1097 3153 1240 3191 nunc
1272 3140 1559 3202 sacriﬁcia,
1595 3141 1682 3193 ubi
1709 3141 1901 3205 altare,
1932 3140 2019 3193 ubi
2053 3139 2326 3205 templum,
2373 3138 2460 3191 ubi
2491 3139 2915 3205 puriﬁcationes,
2948 3140 3056 3193 ubi
3143 3148 3649 3213 solemuitas

202 3219 421 3277 Pascha:
449 3241 463 3277 :
507 3240 682 3281 nonne
714 3235 921 3280 mortua
953 3236 1036 3279 est
1082 3227 1134 3280 in
1169 3227 1250 3280 his
1282 3228 1530 3281 omnibus
1574 3229 1701 3281 lex?
1729 3230 1833 3282 Aut
1864 3230 1906 3283 si
1940 3237 2162 3296 possunt
2194 3228 2280 3280 isti
2309 3229 2466 3280 amici
2517 3239 2571 3281 ct
2599 3228 2918 3283 defensores
2968 3229 3297 3302 litterae,
3358 3257 3647 3303 οιιειο.

203 3312 351 3365 diant
398 3312 629 3368 litteram
660 3316 808 3385 legis.
832 3335 850 3366 ι
902 3315 970 3369 Ει
997 3317 1211 3370 homilia
1258 3319 1539 3373 undecima
1571 3319 1623 3372 iu
1655 3320 1893 3385 Exodum
1933 3336 1946 3370 :
1988 3335 2007 3368 ‹
2036 3317 2151 3369 Non
2178 3319 2319 3371 enim
2349 3326 2547 3385 potest,
2578 3317 2776 3384 inquit,
2814 3316 3000 3371 facere
3036 3321 3170 3376 lex
3220 3331 3447 3386 sicut
3492 3336 3646 3390 Ju—

203 3401 300 3454 daei
332 3400 536 3468 dicunt,
570 3406 695 3472 quia
726 3406 1028 3460 infirmatur
1052 3407 1135 3458 lex
1161 3407 1212 3459 in
1242 3421 1424 3470 carne,
1450 3407 1503 3460 id
1539 3418 1622 3461 est
1648 3409 1698 3460 in
1734 3409 1933 3469 littera,
1958 3418 2012 3462 et
2039 3408 2171 3461 nihil
2201 3415 2375 3475 potest
2404 3409 2698 3460 secundum
2728 3407 2964 3460 litteram
3001 3410 3279 3472 facere
3337 3438 3364 3478 ;
3432 3429 3643 3488 nihil

201 3489 343 3543 enim
374 3493 442 3546 ad
470 3494 764 3561 perfectum
798 3496 1011 3549 adducit
1047 3495 1153 3550 lex.
1194 3496 1496 3550 Secundum
1526 3506 1702 3549 autem
1734 3498 2016 3551 consilium
2051 3496 2191 3564 quod
2223 3513 2317 3549 nos
2344 3494 2619 3549 allerimns
2647 3497 2713 3549 ad
2744 3496 2939 3564 legem,
2966 3513 3302 3566 possunt
3354 3523 3638 3576 ornnia

201 3580 515 3646 spiritaliter
562 3584 697 3637 ﬁeri.
736 3585 962 3638 Possunt
1007 3593 1061 3638 et
1109 3585 1374 3641 sacriﬁcia
1409 3587 1723 3654 spiritaliter
1771 3587 1977 3654 oli‘erri,
2012 3603 2128 3655 qua:
2157 3588 2316 3640 modo
2365 3585 2660 3639 carnaliter
2693 3601 2797 3639 non
2846 3600 3148 3654 possunt.
3214 3597 3513 3661 Potest
3557 3620 3642 3667 et

203 3668 285 3723 lex
320 3669 479 3738 leprae
506 3674 817 3740 spiritaliter
849 3676 1070 3737 servari,
1100 3690 1219 3744 qua:
1247 3680 1541 3730 secundum
1577 3678 1807 3730 litteram
1849 3693 1955 3731 non
1987 3686 2181 3745 potest.
2213 3677 2302 3729 Sic
2334 3689 2461 3742 ergo
2493 3675 2761 3742 quomodo
2786 3690 2880 3728 uos
2902 3680 3067 3732 senti
3084 3698 3280 3743 Inus
3314 3704 3403 3747 et
3440 3715 3644 3754 cou-

202 3762 378 3818 silium
405 3764 612 3830 damus,
636 3768 812 3820 omnia
850 3766 976 3820 facit
1002 3767 1107 3821 lex.
1140 3769 1441 3822 Secundum
1476 3769 1706 3822 litteram
1740 3778 1917 3823 autem
1955 3784 2059 3822 non
2086 3769 2288 3832 omnia,
2314 3768 2408 3820 sed
2441 3768 2732 3821 admodum
2768 3782 2959 3837 pauca.
2993 3787 3017 3819 ι
3438 3830 3443 3835 ‘

271 3853 517 3908 Secunda
555 3854 756 3922 regula,
797 3854 947 3921 cujus
976 3856 1301 3925 praecipuum
1333 3870 1484 3909 usum
1515 3870 1633 3909 esse
1662 3858 1772 3908 vult
1826 3857 1879 3909 iu
1932 3855 2261 3925 propheticis
2304 3864 2359 3907 et
2388 3854 2664 3907 historicis
2721 3854 2897 3919 libris,
2937 3855 3060 3911 hoc
3145 3880 3335 3924 com
3351 3891 3639 3941 ιηθηω

200 3944 432 3998 nititur:
471 3965 489 3996 ι
544 3946 601 3999 lu
626 3947 935 4015 cmlo.regio
966 3956 1047 4000 est
1071 3962 1190 4014 quae
1214 3946 1429 4009 Iudaeae,
1459 3949 1588 3999 urbs
1635 3962 1751 4013 quae
1796 3946 2163 4016 Jerosolymm,
2200 3948 2426 4015 populus
2465 3946 2554 4013 qui
2601 3945 2822 3998 Judaico
2851 3948 3071 4014 populo
3129 3971 3601 4031 respondet

199 4035 295 4092 Sic
317 4038 478 4092 etiam
510 4038 745 4091 caelestis
775 4039 1037 4106 IEgyptus
1071 4046 1172 4101 est,
1209 4037 1445 4092 caelestis
1474 4037 1730 4107 Babylon,
1757 4039 1996 4092 caelestis
2026 4039 2216 4101 Sidon,
2237 4038 2471 4092 caelestis
2497 4037 2693 4106 Tyrus,
2721 4045 2776 4090 et
2801 4036 2918 4090 alia:
2940 4018 3324 4111 ejusmodi
3356 4018 3636 4126 1:13;;

198 4138 257 4185 et
284 4130 422 4191 loca,
459 4142 577 4196 quae
607 4128 833 4181 terrenis
871 4127 1107 4193 ejusdem
1157 4129 1392 4182 nominis
1443 4128 1749 4196 regionibus
1774 4137 1829 4180 et
1869 4129 2178 4182 civitatibus
2209 4129 2552 4196 respondent.
2588 4128 2643 4180 In
2678 4127 2826 4181 hisce
2869 4129 3302 4200 coelestibus
3354 4161 3639 4229 ,Ὀδίο-

197 4218 357 4311 nibus
386 4228 441 4273 et
495 4220 714 4311 urbibus
745 4219 1073 4311 domicilium
1107 4229 1190 4273 est
1227 4221 1548 4282 animarum,
1579 4236 1695 4289 qua:
1738 4219 2039 4311 principum
2085 4219 2345 4272 bonorum
2372 4229 2464 4311 aut
2509 4218 2773 4273 malorum
2807 4221 3049 4285 imperio
3101 4218 3595 4311 subdunrur

197 4307 263 4362 Et
287 4307 735 4404 quemadmodum
768 4307 893 4404 hinc
920 4310 1237 4365 decedentes
1280 4311 1549 4404 hominum
1596 4311 1785 4363 anima:
1817 4311 1866 4362 in
1908 4310 2172 4362 infernum
2213 4309 2592 4375 detruduntur,
2623 4322 2683 4365 ut
2723 4312 2797 4366 ibi
2846 4310 3104 4369 meritas
3156 4339 3317 4391 pro
3384 4297 3635 4404 ;;.':;'I'i;

196 4399 403 4453 actibus
431 4410 618 4465 ptenas
664 4397 961 4465 exsolvant,
993 4400 1072 4453 sic
1125 4401 1262 4452 idem
1298 4399 1467 4453 ferme
1520 4401 1572 4453 in
1607 4401 1854 4469 supernis
1914 4400 2042 4453 locis
2092 4401 2309 4467 accidit,
2344 4402 2432 4455 ubi
2483 4402 2750 4469 quoddam
2803 4401 2998 4489 mortis
3052 4422 3321 4475 genus
3371 4397 3590 4491 εχηέ

199 4489 651 4583 nuntur-animas,
675 4498 729 4540 et
758 4498 876 4555 post
897 4490 1050 4542 istam
1082 4501 1304 4543 mortem
1336 4491 1388 4543 iu
1417 4499 1611 4545 terram
1644 4493 1782 4544 hanc
1810 4501 2044 4544 nostram
2067 4497 2319 4560 tanquam
2352 4494 2404 4544 in
2438 4490 2704 4544 infernum
2734 4452 3165 4556 praecipitata“
3183 4521 3253 4561 ι..
3278 4452 3635 4583 ,Ρθοῖἓξῐ

197 4579 361 4647 igitur
400 4578 512 4631 ﬁeri
544 4584 602 4627 ut
636 4576 715 4628 hae
738 4591 853 4642 quae
901 4580 953 4629 in
993 4579 1140 4631 cretis
1166 4579 1429 4644 habitant,
1483 4580 1692 4644 animm,
1723 4582 1776 4634 in
1833 4589 1988 4636 terra:
2030 4595 2225 4634 nostra:
2281 4586 2452 4636 locum
2490 4580 2607 4649 plus
2646 4580 2884 4631 minusve
2912 4593 3398 4659 commodum

196 4668 608 4740 praeedentium
639 4673 849 4719 actuum
878 4668 1188 4723 diversitate
1219 4672 1588 4735 amandeutur,
1616 4672 1800 4741 sicque
1833 4673 1977 4726 verbi
2007 4672 2180 4742 gratia
2229 4690 2259 4729 e
2289 4674 2469 4728 Judaea
2507 4668 2712 4725 cmlesti
2744 4668 3009 4721 oriundus
3065 4632 3632 4764 lsraelilapfz

197 4757 472 4827 Scythiam
509 4769 838 4825 terrestrem,
869 4768 922 4813 et
948 4760 1062 4813 vice
1087 4774 1239 4814 versa
1280 4775 1344 4817 ex
1372 4760 1603 4832 Egypto
1626 4766 1831 4821 cretesti
1860 4764 2142 4838 Egyptius
2167 4765 2220 4819 in
2249 4766 2486 4823 Judaeum
2518 4774 2784 4817 terrenam
2818 4757 3160 4827 relegetur,
3223 4796 3254 4829 ι

270 4846 364 4902 llis
390 4848 725 4948 lurida-tuenti
754 4850 869 4903 loco
888 4849 1107 4948 positis,
1137 4852 1601 4948 secundm-regulae
1626 4866 1778 4913 tenor
1804 4857 1894 4911 hic
1926 4866 2008 4912 est
2043 4874 2056 4909 :
2093 4873 2111 4904 ι
2147 4855 2422 4930 Quidquid
2465 4860 2516 4911 in
2562 4849 2838 4917 Scriplm‘a
2887 4862 3060 4948 53f!“
3121 4863 3229 4920 de
3276 4880 3625 4948 terrena

196 4936 514 5033 Jerusalem,
541 4939 604 4992 de
631 4948 839 4994 terrena
867 4938 1113 5011 Egypto,
1146 4941 1208 4994 de
1231 4940 1499 5014 Babylone
1539 4951 1783 5006 terrestri
1865 4961 1918 5005 et
1951 4951 2014 5004 de
2047 4948 2169 5003 aliis
2200 4953 2465 5022 ejusmodi
2513 4944 2664 5003 locis,
2706 4950 2906 5033 necnon
2953 4936 3247 5008 illorum
3314 4936 3568 5033 iam];

196 5026 417 5089 dicitur.
453 5026 503 5080 id
537 5028 601 5080 ad
650 5028 893 5082 etelestes
947 5030 1190 5098 regiones
1225 5033 1490 5102 urbesque
1535 5045 1879 5111 cognomines
1912 5052 2070 5111 atque
2105 5042 2174 5095 ad
2237 5016 2451 5105 illarum
2510 5030 2714 5098 incolas
2766 5024 3139 5087 referendum
3214 5001 3623 5128 εειῗῖξξιῖ

195 5119 489 5217 saepissime
523 5120 919 5217 decmlestibus
965 5122 1048 5176 his
1093 5132 1293 5177 tantum
1325 5126 1457 5185 locis
1487 5138 1760 5206 propheta:
1791 5139 1931 5209 loqui
1966 5138 2062 5195 sibi
2090 5153 2516 5210 [imposueng
2547 5139 2669 5190 cum
2709 5119 2773 5217 de
2816 5125 3033 5217 ιοτιιςξὲηξι
3088 5119 3575 5217 ,Ιεει-ιιδςιίσ.ξι;;ζ

200 5214 265 5267 de
292 5221 503 5265 terrena
537 5210 787 5281 Egypto,
826 5222 916 5267 aut
963 5216 1080 5268 aliis
1119 5215 1251 5271 locis
1284 5226 1512 5283 terrenis
1547 5204 1725 5289 sermo

2074 5204 2106 5288 6
2147 5204 2427 5312 videntur,
2479 5204 2645 5302 ill‘lue
2677 5210 2807 5312 “"791
3063 5226 3338 5287 μοιθδι
3378 5204 3605 5312 (ΙΙΙ-ξι]

197 5300 455 5367 ejusmodi
478 5301 772 5369 prophetia:
802 5302 1174 5371 mysteriorum
1208 5312 1439 5376 speciem
1473 5285 1600 5388 prmi
1620 5285 1728 5387 svi-3m]

2084 5285 2096 5288 -
2160 5285 2427 5312 -....,...u.,
2481 5285 2571 5302 ’νυ-ι
2973 5293 2983 5303 .
3319 5285 3333 5287 '
3381 5285 3606 5312 auuu

2078 5337 2234 5399 taque
2258 5338 2542 5393 continent
2577 5319 2703 5388 «ιυίθ
2747 5293 3107 5401 ξ’(ἷὲῗωηῖῗδ
3172 5327 3609 5401 Ρθηίίιονθ

198 5405 533 5495 τιξξξιξιᾳξιξιω
557 5394 1076 5495 Ρῆεῂιξιείεεξειαι
1126 5396 1228 5495 hgc
1257 5408 1590 5495 Pflratloxum
1619 5423 1714 5486 lib.
1759 5442 1808 5483 ιν
1850 5387 1926 5479 υὲ
1969 5387 2271 5495 principiis,
2301 5387 2678 5485 ὶέὲζιίἶξεοβί
2712 5387 3357 5495 °‘._’1’?ﬁ“l'_’_-_‘l'“"q"e
3434 5387 3603 5491 sibi

197 5485 528 5532 commentus
555 5487 638 5532 est
657 5476 918 5546 Origenes
952 5490 1061 5536 tum
1085 5496 1115 5537 e
1142 5484 1457 5558 discrimine
1484 5476 1807 5593 quod
1833 5476 2538 5580 [iamag'i‘n'lg
2566 5476 2871 5568 'sccumlum
2899 5487 3134 5537 carnem
3177 5507 3263 5554 οι
3326 5476 3595 5579 ιηνέέξ

265 5607 531 5667 “Coloss.
584 5627 643 5677 tl,
694 5613 791 5671 l6.
