3878 6234
330 362 403 419 29
1502 354 1894 423 PlUEFATlO
1932 368 2023 422 AD
2062 372 2225 427 TOM.
2266 373 2332 430 il.
3476 374 3546 433 30

340 473 474 526 lnam
505 460 772 561 secundum
809 460 1129 561 .Svifiltim,
1171 468 1308 561 tum
1367 481 1438 523 ex
1462 484 1532 527 eu
1566 486 1722 545 quod
1757 482 1895 537 idem
1924 486 2196 550 apostolus
2224 486 2275 538 in
2304 485 2539 552 Epistula
2581 485 2644 539 ad
2691 487 2909 541 Galatas
2943 485 3074 539 dicit
3123 487 3388 542 etelestem
3419 502 3541 541 ease

332 558 614 654 Jentsalem.
644 552 715 608 Ex
740 550 894 654 bullis
922 550 1212 654 Principii
1251 561 1404 617 serie
1426 566 1604 622 etiam
1639 572 1784 628 hanc
1806 575 2110 643 generalem
2156 550 2494 645 propheticus
2544 577 2939 645 bisturicosqne
2972 576 3136 631 libros
3162 579 3543 646 interpretandi

334 652 615 709 memmium
643 650 901 716 ρνονοιιῖις
950 651 1019 696 ιη
1072 662 1292 721 nempe
1323 657 1595 729 quidquid
1623 663 1679 717 in
1702 666 1808 720 illis
1839 676 1942 732 est,
1970 668 2033 720 ad
2084 669 2254 721 bonus
2298 676 2351 722 et
2386 669 2450 720 ad
2485 669 2651 722 malos
2691 670 2904 735 angelos
2968 666 3248 722 referatur.
3335 669 3542 721 Diserte

334 746 465 803 illud
487 747 624 800 docet
644 738 854 797 humilia
882 738 1198 798 tmtlecima
1234 748 1295 803 in
1334 750 1611 811 Numeros
1641 776 1655 811 :
1702 778 1720 811 ι
1753 759 1887 813 Ριιιο
1916 761 2078 824 enim,
2110 761 2301 828 inquit,
2340 762 2462 829 quia
2501 762 2638 815 sicut
2667 762 2906 828 quaedam
2950 760 3162 813 nomina
3196 760 3279 813 vel
3305 759 3541 826 gentium

332 840 425 894 vel
451 834 791 909 priHCiPl‘mi“
806 831 1122 901 Sc"imitris
1153 843 1346 905 posita
1378 847 1647 915 videmus,
1666 866 1783 918 quae
1811 854 2006 919 absque
2031 854 2363 907 dubitatione
2395 855 2460 906 ad
2490 853 2658 907 malus
2683 853 2897 919 angelos
2922 854 3059 905 etad
3078 852 3300 903 virtutes
3329 859 3544 904 contra-

328 935 449 986 rias
471 929 774 988 referantur,
797 925 940 979 sicut
964 927 1129 982 verbi
1163 934 1353 999 gratia
1384 935 1597 992 Pharao
1624 954 1718 995 rex
1744 941 1979 1011 Egypti,
2006 942 2495 996 Nabuchodonosor
2529 942 2869 1010 Babylonius,
2899 950 2951 995 et
2971 941 3249 1010 Assyrius;
3279 941 3349 991 ita
3381 939 3539 991 etiam

326 1036 399 1076 ea
432 1036 548 1092 qum
572 1021 631 1074 de
658 1018 856 1073 sutelis
878 1018 1022 1073 Viris
1052 1029 1112 1074 et
1139 1034 1312 1092 gente
1342 1028 1599 1094 religiosa
1635 1031 1963 1094 scribuntur,
1987 1032 2050 1085 ad
2078 1041 2289 1085 sanctos
2326 1032 2540 1099 angelos
2575 1042 2628 1084 et
2654 1032 2718 1085 ad
2752 1033 3009 1099 benignas
3048 1031 3298 1083 debemus
3340 1026 3543 1081 referre

322 1112 629 1167 Virtutes...
660 1112 713 1166 Si
740 1124 869 1193 ergo
900 1110 1026 1165 haec
1079 1116 1273 1169 omnia
1322 1119 1389 1171 ad
1424 1121 1642 1188 angelos
1669 1122 1923 1189 quosdam
1974 1137 2176 1190 magute
2204 1123 2421 1176 virtutis
2472 1122 2657 1176 referri
2692 1123 2832 1190 cogit
2879 1121 3012 1175 ratio
3056 1120 3316 1184 veritatis,
3368 1131 3543 1172 nonne

322 1203 533 1259 eadem
583 1202 966 1270 consequentia
1022 1205 1193 1258 etiam
1227 1222 1355 1275 quae
1403 1211 1470 1263 de
1512 1211 1662 1264 bonis
1696 1211 1777 1264 vel
1817 1212 2142 1279 principibus
2178 1212 2259 1265 vel
2299 1212 2542 1281 gentibus
2575 1212 2998 1275 conscribuntur,
3054 1212 3119 1264 ad
3164 1210 3441 1271 bonarum,
3477 1216 3535 1260 ut

324 1305 505 1356 supra
535 1291 787 1355 diximus,
820 1293 1092 1347 virtutum
1129 1297 1358 1365 angelos
1385 1298 1770 1366 ministrosque
1803 1300 2137 1354 referentur?
2158 1319 2177 1351 ι

410 1379 593 1433 Tertia
607 1378 843 1448 denique
865 1380 1130 1452 Origenis
1156 1386 1347 1455 regula
1364 1389 1624 1456 praecipit,
1645 1407 1665 1440 ι
1689 1399 1748 1443 ιιι
1764 1393 1826 1443 ad
1843 1390 2119 1460 mysticum
2136 1404 2348 1444 sensum
2366 1390 2714 1459 cunfugiatur,
2738 1398 2788 1445 et
2802 1390 3077 1443 deseratur
3092 1389 3289 1449 littera,
3321 1384 3534 1454 quoties

320 1469 495 1536 falsa,
526 1470 753 1537 inutilis,
782 1471 1011 1543 Deoque
1050 1476 1272 1547 indigna
1302 1478 1617 1546 reperietur.
1645 1497 1664 1529 ι
1701 1479 1756 1532 ld
1781 1481 2078 1535 necessario
2118 1481 2404 1547 sequiture
2427 1481 2701 1548 principiis
2738 1479 2966 1533 articulo
2990 1488 3182 1547 quarto
3202 1475 3527 1531 constitutis.

416 1585 1057 1649 Animadversiones
1091 1588 1158 1647 in
1197 1587 1654 1664 Origenianum
1690 1589 1765 1651 de
1801 1589 2129 1664 Scriptum
2158 1605 2344 1649 sacrae
2372 1589 2849 1664 interpretandm
2884 1588 3122 1647 ratione
3160 1592 3457 1664 systema.

408 1706 457 1760 Ι.
486 1705 741 1761 Primum
770 1720 876 1776 ego
907 1721 1017 1762 non
1046 1708 1259 1763 inficias
1290 1708 1443 1762 ierim
1471 1708 1685 1777 Origeui
1732 1709 1954 1762 multum
1986 1709 2189 1772 deberi,
2235 1712 2375 1777 quod
2408 1709 2701 1776 Scriptura:
2749 1723 2917 1763 sacrm
2948 1708 3231 1777 allegorice
3276 1709 3537 1777 interpre-

324 1801 526 1856 landae
561 1801 888 1855 methodum
927 1815 959 1854 a
1000 1800 1145 1856 Celsi
1177 1802 1644 1857 criminationibus
1671 1803 1805 1857 adeo
1836 1802 1999 1856 solide
2027 1802 2396 1867 vindicaverit,
2425 1811 2484 1855 ut
2508 1817 2563 1856 se
2595 1802 2704 1869 ipse
2743 1801 2795 1855 in
2828 1803 2926 1855 hac
2966 1811 3117 1869 parte
3148 1799 3537 1870 quodammodo

316 1907 641 1963 superasse
669 1893 947 1948 videatur.
976 1891 1179 1948 lnvicte
1203 1894 1348 1948 enim
1378 1895 1591 1963 probat,
1619 1894 1897 1963 mysticum
1929 1908 2161 1957 sensum,
2196 1894 2239 1948 si
2274 1909 2356 1947 res
2378 1895 2667 1962 generatim
2686 1903 2973 1961 spectetur,
2998 1908 3099 1946 non
3128 1908 3243 1947 esse
3269 1906 3539 1947 commen-

320 1993 452 2038 tum
487 1984 827 2049 humanum,
854 1984 949 2038 sed
975 1984 1334 2052 ipsarummet
1363 1982 1766 2049 Scripturarnm
1797 1984 2120 2036 auctoritate
2150 1984 2265 2047 uiti,
2296 1984 2527 2049 nihilque
2559 1998 2841 2036 commune
2875 1983 3070 2037 habere
3104 1997 3222 2035 cum
3270 1980 3535 2046 allegoriis

316 2071 691 2134 Graecorum,
718 2086 837 2139 quae
865 2071 1027 2140 longe
1056 2079 1176 2139 post
1205 2081 1362 2125 natas
1383 2085 1566 2124 eorum
1589 2069 1791 2123 fabulas
1820 2072 2128 2140 excogitata:
2157 2080 2298 2129 sunt.
2327 2081 2383 2123 ut
2407 2072 2622 2124 deorum
2651 2086 2780 2139 quos
2816 2071 3013 2134 colunt,
3060 2071 3245 2124 honori
3290 2069 3535 2123 consule—

318 2172 518 2217 retur.
552 2163 765 2217 Deinde
813 2163 1000 2232 magni
1025 2163 1192 2216 etiam
1225 2162 1478 2229 ponderis
1502 2163 1655 2216 estin
1697 2163 1798 2216 hoc
1834 2172 2049 2216 auctore
2077 2162 2163 2215 illa
2190 2164 2477 2226 confessio,
2528 2164 2783 2231 mysticus
2809 2177 2998 2215 sensus
3031 2177 3133 2214 non
3159 2162 3355 2230 ubique
3388 2160 3534 2213 Scri-

316 2266 638 2325 pturarnm
668 2256 933 2324 reperiri;
970 2254 1142 2322 major
1163 2264 1220 2310 et
1255 2255 1365 2320 illa,
1396 2254 1784 2318 difficillimum,
1812 2269 1876 2308 ne
1904 2256 2112 2309 dicatur
2137 2256 2474 2322 impossibile,
2503 2270 2594 2310 eos
2614 2246 2745 2322 quos
2781 2256 2833 2307 in
2863 2270 2917 2308 se
2950 2255 3166 2317 habent,
3194 2255 3534 2322 investigare.

321 2349 604 2415 Denique
629 2348 843 2416 plurimi
878 2348 1012 2403 item
1042 2348 1417 2402 aestimandum
1447 2349 1587 2418 quod
1613 2349 1744 2403 dixit
1773 2350 1837 2403 de
1877 2349 2102 2403 utilitate
2133 2357 2189 2401 et
2230 2350 2533 2417 praestantia
2569 2348 2813 2401 Iitteralis
2862 2359 3068 2406 sensus,
3126 2357 3230 2410 quo
3272 2343 3535 2408 integrum

322 2441 635 2510 religionis
662 2449 857 2494 nostrae
892 2441 1178 2495 aedilicium
1228 2440 1513 2503 fundatur,
1558 2442 1755 2508 quique
1799 2442 1862 2494 ad
1901 2442 2298 2495 aediﬁcationem
2344 2450 2398 2494 et
2434 2442 2804 2494 documentum
2832 2437 3065 2490 fidelium
3096 2450 3193 2504 per
3233 2449 3291 2489 se
3321 2432 3534 2488 snﬂieit.

325 2524 514 2580 Hisce
545 2526 860 2579 enuntiatis
896 2526 1008 2579 fere
1036 2527 1349 2579 continetur
1380 2527 1634 2594 quidquid
1661 2528 1783 2580 boni
1814 2525 2134 2595 Origenianu
2163 2530 2299 2581 inest
2327 2528 2624 2596 systemati.

352 2666 359 2673 ,
400 2614 472 2668 ll.
526 2613 643 2671 Sed
689 2614 882 2682 paucis
906 2615 1057 2669 hisce
1090 2617 1248 2677 bonis
1280 2615 1437 2684 longe
1484 2615 1637 2683 plura
1690 2616 1826 2669 mala
1868 2618 2093 2670 admista
2134 2628 2277 2672 sunt.
2315 2619 2393 2672 Ac
2439 2620 2664 2687 primum
2704 2619 2940 2685 quidem,
2974 2620 3086 2679 illa,
3114 2631 3270 2685 quam
3322 2613 3533 2682 plurimi

325 2719 527 2765 tamen
576 2714 800 2760 veteres
843 2714 902 2758 et
942 2706 1274 2759 recentiores
1325 2707 1549 2775 amplexi
1595 2717 1737 2770 sunt,
1768 2709 2054 2777 Scriptura:
2104 2725 2268 2763 sacra:
2310 2711 2499 2764 divisio
2542 2712 2593 2764 in
2631 2713 2887 2778 triplicem
2939 2725 3173 2770 sensum,
3226 2706 3529 2765 litteralem,

321 2799 610 2855 moralem
634 2806 697 2851 et
728 2796 1108 2867 allegoricum,
1141 2810 1385 2851 censura:
1410 2797 1621 2849 videtur
1648 2798 1898 2852 obnoxia.
1928 2798 2142 2853 Muralis
2166 2799 2463 2866 appelletur
2486 2799 2767 2866 cujuslibet
2799 2798 2895 2851 luci
2928 2813 3139 2859 sensus,
3164 2796 3252 2864 qui
3298 2794 3536 2847 moribus

319 2888 654 2944 formandis
687 2888 943 2950 inservit,
980 2902 1074 2951 per
1104 2902 1191 2941 me
1216 2887 1365 2950 licet,
1397 2889 1551 2941 modo
1596 2889 1819 2942 ulterius
1852 2904 1956 2943 non
2007 2895 2343 2957 procedatnr.
2402 2891 2456 2944 Si
2491 2905 2614 2943 vero
2663 2891 2713 2942 in
2759 2887 2973 2956 speciali
3025 2887 3319 2941 collocetur
3359 2883 3535 2936 classe

325 2995 542 3036 sensus
577 2979 838 3044 moralis,
869 2988 926 3033 et
955 2994 985 3031 a
1016 2979 1237 3032 Iitterali
1265 2981 1620 3034 constituatur
1648 2982 1866 3049 perinde
1897 2983 2140 3038 diversus
2176 2998 2241 3037 ac
2271 2983 2607 3051 allegoricus,
2642 2983 2692 3035 id
2725 2982 2867 3035 nulla
2892 2981 3061 3034 solida
3092 2980 3300 3032 ratione
3322 2978 3533 3040 nititur,

319 3084 384 3127 et
416 3072 744 3141 perniciem
784 3085 969 3125 secum
1002 3073 1292 3125 maximam
1324 3072 1502 3136 trahit,
1536 3074 1609 3126 uti
1639 3074 1880 3141 exemplo
1901 3075 2566 3143 comprobatur,0rigenis,
2601 3076 2690 3142 qui
2728 3083 2784 3127 ut
2810 3073 3054 3127 Iitteralis
3081 3087 3268 3125 sensus
3311 3069 3535 3124 dillicul-

323 3176 472 3220 tates
499 3165 778 3223 eluderet.
808 3165 876 3217 ad
908 3164 1292 3219 documentum
1322 3167 1540 3234 aliquod
1570 3167 1769 3220 morale
1797 3168 2155 3234 confugiebat.
2188 3168 2267 3221 Ad
2316 3169 2596 3237 mysticum
2622 3169 2834 3234 quidem
2882 3178 3096 3218 sensum
3143 3164 3323 3216 statim
3353 3176 3537 3214 recur»

322 3274 453 3313 rere
495 3257 818 3320 maluisset,
845 3256 941 3311 sed
972 3258 1098 3325 quia
1128 3273 1232 3310 non
1256 3273 1460 3325 semper
1488 3265 1803 3312 occurrebat
1833 3260 1925 3327 qui
1966 3260 2065 3313 sibi
2096 3260 2296 3313 faceret
2343 3267 2497 3321 satis,
2537 3268 2660 3312 tunc
2696 3260 2745 3311 in
2784 3259 2962 3309 anima
2992 3256 3301 3322 Scriptnrre,
3349 3253 3400 3303 id
3452 3258 3537 3302 est

324 3352 537 3407 morali
578 3365 747 3405 sensu
785 3349 1044 3403 haerebat.
1078 3350 1521 3404 Animadvertere
1545 3352 1810 3404 debuisset
1848 3352 2075 3417 primum
2107 3351 2394 3404 moralibus
2422 3351 2573 3403 hisce
2599 3349 2949 3409 documentis,
2979 3361 3097 3398 cum
3146 3347 3352 3410 integer
3389 3355 3533 3396 sema

323 3458 435 3513 per
467 3449 705 3495 maneat
740 3439 996 3493 Iitteralis
1052 3453 1264 3503 sensus,
1301 3448 1454 3492 natas
1498 3454 1560 3491 ex
1612 3448 1728 3492 arte
1757 3441 1946 3492 critica
1978 3438 2314 3494 difﬁcultates
2369 3454 2698 3506 nequaquam
2745 3438 2911 3499 solvi;
2960 3435 3149 3489 deinde
3183 3431 3398 3484 moralia
3430 3430 3534 3483 ista

326 3538 675 3590 documenta
711 3544 841 3586 tunc
869 3531 1049 3585 solum
1082 3531 1306 3598 alicujus
1331 3544 1449 3584 esse
1478 3531 1650 3596 pretii,
1678 3545 1796 3584 cum
1824 3541 2009 3597 sponte
2035 3548 2127 3585 sua
2169 3547 2198 3585 e
2248 3530 2463 3584 litterali
2513 3545 2670 3582 sensu
2732 3525 3023 3596 prollunnt.
3048 3527 3275 3579 Tantum
3300 3525 3450 3576 abest
3477 3530 3537 3573 ut

326 3624 461 3679 hac
495 3624 554 3677 ei
585 3624 640 3676 in
672 3632 905 3676 mentem
939 3621 1208 3681 venerint,
1239 3628 1296 3671 ut
1340 3621 1517 3688 potius
1562 3620 1615 3671 in
1674 3621 1906 3673 animum
1962 3621 2227 3674 induxerit
2271 3635 2424 3672 suum
2454 3620 2695 3687 quaedam
2738 3632 2858 3670 εεκε
2903 3616 3190 3681 Scriptura?
3232 3614 3372 3673 loca,
3419 3625 3537 3678 qua:

327 3713 652 3769 litteralem
684 3728 905 3767 sensum
936 3727 1162 3780 prorsus
1193 3712 1503 3772 excludant,
1540 3722 1593 3764 et
1624 3711 1834 3762 unicum
1862 3712 2116 3763 moralem
2144 3711 2424 3763 admittant
2459 3727 2470 3760 :
2503 3710 2641 3775 quod
2678 3710 2896 3760 omnino
2943 3717 3216 3774 repugnat.
3256 3706 3357 3757 Ant
3396 3705 3534 3757 enim

325 3805 574 3861 moralis
606 3806 710 3859 iste
736 3820 937 3859 sensus
969 3819 1000 3856 e
1031 3803 1318 3856 verborum
1352 3816 1650 3868 vocumque
1678 3801 2070 3867 signiﬁcatione
2095 3801 2284 3863 oritur,
2317 3811 2371 3852 et
2398 3807 2521 3850 tunc
2564 3798 2807 3851 Iitteralis
2834 3806 2942 3858 est;
2971 3806 3060 3847 aut
3093 3794 3536 3863 quemadmodum

328 3896 622 3965 principio
654 3898 1071 3961 consequentia,
1109 3894 1181 3946 ita
1210 3894 1473 3946 sermonis
1499 3895 1672 3948 littera
1704 3893 1816 3961 ipse
1840 3893 2164 3952 continetur,
2193 3900 2245 3945 et
2278 3903 2399 3947 tunc
2446 3892 2746 3946 necessario
2770 3892 2973 3957 integra
3014 3894 3194 3940 manet
3226 3886 3405 3937 littera
3432 3898 3537 3951 qua

331 3992 611 4055 tanquam
652 3984 766 4035 basi
801 3983 1021 4045 nititur,
1050 3990 1105 4033 et
1133 3982 1275 4034 unde
1302 3982 1528 4033 naturali
1566 3981 1961 4048 consequentia
1976 3981 2233 4033 nascitur.
2266 4028 2271 4031 .

408 4072 510 4126 lli.
546 4072 902 4125 Paradoxum
943 4070 1095 4133 illud,
1146 4086 1254 4138 quo
1285 4070 1452 4123 multa
1489 4072 1618 4124 falsa
1643 4081 1698 4123 et
1736 4087 1912 4124 secum
1948 4073 2231 4140 pugnantia
2287 4071 2339 4123 in
2391 4072 2677 4138 Scripturtc
2716 4070 2892 4122 littera
2935 4069 3105 4135 ponit,
3158 4069 3222 4119 ad
3268 4066 3540 4135 religionis

330 4172 558 4216 nostra:
584 4165 935 4215 eversionem
971 4167 1118 4213 recta
1154 4160 1325 4224 ducit,
1351 4160 1590 4226 mihique
1616 4162 1823 4227 quoties
1854 4160 1967 4227 ejus
2006 4161 2307 4214 testimonia
2339 4162 2564 4214 articulo
2587 4173 2775 4228 quarto
2810 4161 2971 4212 citata
3018 4158 3193 4224 legere
3234 4159 3492 4225 contingit
3520 4177 3534 4219 ;

330 4251 512 4304 toties
537 4248 725 4318 legere
762 4249 954 4301 videor
980 4262 1083 4301 non
1118 4248 1423 4302 testimonia
1449 4248 1678 4301 hominis
1703 4249 1791 4316 qui
1832 4251 2102 4303 ardentem
2145 4263 2355 4316 semper
2420 4251 2470 4301 in
2508 4249 2803 4315 Scripturis
2853 4247 3264 4313 interpretandis
3305 4245 3536 4300 animum

328 4339 614 4395 habuerit
666 4353 993 4406 summaque
1023 4352 1234 4405 semper
1262 4353 1357 4391 eas
1391 4338 1730 4391 veneratione
1767 4341 2190 4405 pertractaverit.
2216 4341 2306 4394 sed
2348 4350 2598 4407 excerpta
2637 4340 2876 4404 quaedam
2916 4350 2945 4388 e
2977 4337 3242 4392 volumine
3284 4337 3536 4392 increduli

329 4431 660 4500 cuiuspiam
686 4428 780 4496 qui
808 4428 1216 4495 Scripturarnm
1240 4428 1524 4480 veritatem
1570 4428 1846 4496 multiplici
1878 4429 2203 4493 obiectorum
2236 4443 2432 4496 genere
2478 4440 2764 4481 concutere
2813 4428 3117 4479 tentaverit.
3170 4425 3335 4477 Miror
3366 4426 3537 4491 ipsum

330 4531 436 4578 aut
466 4536 582 4575 non
621 4518 967 4573 intellexisse
993 4532 1114 4570 cum
1143 4516 1403 4584 ejusmodi
1436 4516 1694 4585 principio
1718 4533 1953 4585 pugnare
1991 4532 2171 4570 earnm
2204 4519 2647 4586 inspirationem;
2682 4525 2791 4579 aut,
2817 4517 2859 4569 si
2896 4516 2946 4568 id
2982 4516 3134 4577 vidit,
3163 4523 3308 4567 tanto
3338 4516 3540 4567 incom-

331 4614 515 4671 modo
548 4610 856 4664 remedium
883 4606 1061 4661 ali'erri
1088 4606 1448 4675 existimasse,
1480 4605 1523 4656 si
1557 4605 1695 4658 Deus
1722 4606 1772 4657 in
1806 4605 2052 4657 falsitatis
2090 4606 2513 4659 communionem
2556 4606 2926 4658 adduceretur.
2980 4606 3154 4659 Semel
3202 4602 3538 4671 pessumdato

332 4713 437 4759 aut
468 4698 740 4755 falsitatis
764 4695 1086 4752 insimulan
1123 4693 1342 4747 litterali
1390 4708 1546 4746 sensu
1576 4694 1641 4747 iis
1677 4694 1729 4746 in
1765 4694 1895 4747 locis
1923 4695 2009 4746 ubi
2055 4709 2239 4748 omnes
2278 4695 2367 4762 qui
2415 4696 2612 4760 requiri
2663 4703 2883 4761 possunt
2922 4696 3262 4749 characteres
3298 4692 3538 4744 historici

332 4789 701 4850 coalescunt,
738 4792 966 4839 corruat
997 4795 1215 4835 necesse
1242 4790 1336 4834 ’est
1366 4781 1764 4847 Scripturarnm
1798 4784 2090 4835 auctoritas
2132 4784 2267 4849 apud
2299 4785 2549 4853 gentiles,
2588 4785 2723 4851 apud
2775 4783 3067 4845 haereticos,
3108 4782 3243 4849 apud
3281 4780 3543 4835 Christia-

334 4895 483 4944 nos;
543 4876 690 4945 apud
717 4873 981 4944 gentiles,
1010 4870 1101 4938 qui
1133 4871 1309 4938 potius
1347 4869 1468 4921 inde
1495 4871 1830 4923 occasionem
1877 4880 2087 4923 sument
2132 4871 2426 4933 rejicieuda:
2468 4872 2755 4940 Scriptum
2801 4880 3052 4935 tanquam
3100 4870 3297 4935 Spiritu
3351 4878 3542 4921 sancto

336 4966 622 5035 indignae,
648 4974 817 5029 quam
846 4958 994 5012 illius
1022 4957 1304 5024 allegorice
1333 4957 1744 5021 interpretanda:
1791 4960 2162 5014 necessitatem
2216 4960 2501 5028 colligant;
2536 4962 2674 5027 apud
2721 4959 3002 5012 haereticos
3029 4957 3119 5024 qui
3154 4959 3255 5010 hoc
3285 4955 3546 5023 principio

336 5057 676 5117 abutemur,
711 5059 774 5104 ut
807 5062 870 5102 se
891 5061 961 5102 ex
1009 5045 1078 5099 iis
1103 5046 1383 5114 expediant
1427 5043 1558 5098 locis
1586 5061 1702 5112 qua:
1729 5054 1910 5100 contra
1961 5063 2085 5102 suos
2114 5050 2345 5116 ipsorum
2376 5064 2586 5102 errores
2625 5056 2902 5117 pugnant;
2966 5045 3198 5111 denique
3222 5045 3359 5109 apud
3388 5042 3547 5095 Chri-

337 5150 588 5207 stianos,
622 5155 767 5211 quos
801 5138 861 5191 in
890 5135 1020 5190 lldei
1056 5150 1163 5188 sua
1191 5134 1566 5188 detrimentum
1596 5144 1648 5189 et
1672 5137 1722 5189 in
1748 5147 2029 5204 perpetuas
2071 5140 2234 5191 animi
2285 5140 2585 5193 anxietates
2618 5139 2689 5189 ita
2740 5136 2989 5194 adducet,
3024 5141 3080 5183 ut
3125 5129 3363 5198 legendis
3399 5129 3554 5179 Scri-

339 5234 530 5309 pturis
560 5243 797 5300 prorsus
832 5223 1154 5279 renuntiare
1174 5222 1481 5275 maluerint.
1508 5220 1605 5275 Tot
1632 5226 1898 5293 tantisque
1930 5227 2281 5281 incommodis
2309 5229 2623 5296 perterritus
2648 5241 2752 5278 non
2784 5221 3169 5285 estOrigenes.
3202 5215 3343 5268 Adeo
3373 5226 3561 5263 verum

339 5333 449 5384 est,
488 5319 672 5375 semel
707 5314 875 5370 valde
902 5322 1335 5381 praeoccupatum
1371 5310 1605 5363 animum
1639 5315 1778 5367 nulla
1817 5317 2020 5370 ratione
2049 5319 2115 5371 ab
2137 5332 2319 5371 errore
2352 5332 2447 5371 suo
2473 5316 2707 5369 revocari
2742 5325 2926 5379 posse.

412 5378 516 5465 tv.
547 5406 713 5472 Quod
764 5378 919 5473 penei
957 5378 1269 5456 incredibile
1297 5403 1525 5465 videtur,
1556 5404 1838 5474 Origenem
1866 5406 2019 5460 latuit
2061 5406 2345 5461 discrimen
2372 5406 2509 5473 quod
2546 5378 2783 5457 litteram
2826 5399 2968 5450 inter
2992 5400 3048 5445 et
3086 5388 3379 5478 verborum
3431 5378 3584 5430 litte-
3616 5454 3619 5459 Ι

343 5504 523 5556 ralem
563 5511 802 5552 sensum
856 5492 1173 5546 intercedit.
1206 5493 1400 5546 Littera
1432 5504 1597 5559 potest
1625 5512 1741 5552 esse
1785 5498 1940 5562 falsa,
1988 5507 2042 5552 et
2085 5507 2261 5551 tamen
2307 5497 2638 5552 verissimum
2673 5491 2779 5545 sub
2840 5480 3094 5537 falsitatis
3138 5477 3598 5563 speCIe-SeESttm

342 5595 669 5646 continere.
708 5586 769 5642 Id
819 5584 876 5639 in
908 5579 1165 5635 omnibus
1200 5580 1480 5634 enuntiatis
1505 5586 1876 5652 metaplturicis
1899 5586 2175 5654 contingit.
2204 5586 2259 5640 Si
2296 5602 2456 5653 upcra
2488 5582 2678 5649 quibus
2705 5554 3227 5656 illSlllIlAeii'STP‘i‘A

341 5684 536 5745 licebit
572 5681 686 5740 hoc
721 5671 957 5733 nomine
996 5666 1237 5723 falsitatis
1269 5683 1531 5735 accusare,
1573 5633 1743 5730 nullus
1773 5676 1875 5730 ctit
1921 5633 2202 5743 liberiqui
2242 5633 2558 5733 falsitatibtis
2591 5675 2642 5720 ct
2667 5643 3234 5715 contradictionibus
3271 5648 3468 5691 carere
3518 5633 3634 5687 diu
