3878 6176
409 297 475 355 5t
1621 303 1982 357 PR/EFATIO
2024 305 2109 356 AD
2147 303 2309 357 ron.
2352 302 2412 355 ιι.
3045 374 3050 379 θ
3534 293 3605 348 aa

412 412 600 482 possit,
630 429 751 468 cum
784 415 958 469 nullus
982 416 1055 469 sit
1083 416 1238 481 liber,
1268 420 1319 471 in
1353 434 1456 487 quo
1484 424 1846 489 metaphorica
1876 437 2061 473 vocum
2104 422 2424 487 signiﬁcatio
2456 416 2683 484 simplici
2722 428 2775 470 et
2816 416 3033 469 litterali
3074 410 3449 479 intelligentiae
3495 424 3600 462 non

411 502 720 568 frequenter
755 504 1133 559 substituatur.
1170 507 1440 574 Scriptura
1466 525 1617 562 sacra
1655 511 1782 563 nihil
1815 511 1913 563 hac
1941 512 1992 561 in
2028 525 2083 561 re
2110 511 2290 570 habet,
2323 522 2426 575 quo
2447 523 2474 559 a
2498 507 2706 559 caeteris
2741 507 2890 558 libris
2911 514 3259 566 secernatur,
3286 515 3409 553 cum
3440 500 3601 564 Deus,

411 593 500 646 cui
530 593 770 645 homines
800 593 993 646 docere
1023 599 1350 662 propositum
1378 597 1496 659 fuit,
1537 613 1595 651 se
1625 599 1807 666 utique
1844 599 1908 650 ad
1953 599 2171 650 humani
2209 596 2470 650 sermonis
2497 595 2705 663 regulas
2738 591 3255 647 accommodaverit.
3298 586 3442 652 Quid
3477 602 3605 656 ergo

352 680 359 687 ’
406 682 733 733 censendum
759 682 823 734 de
843 681 1090 749 Origene,
1118 684 1232 750 qui,
1261 694 1318 737 ut
1343 685 1673 752 Scriptorum
1703 701 1905 738 sacram
1932 685 2253 738 falsitatibus
2300 693 2354 737 et
2388 681 2903 736 contradictionibus
2931 689 3154 732 scatere
3186 678 3404 743 probet,
3442 675 3603 730 multa

412 772 543 825 citat
574 772 710 831 loca.
742 788 859 839 qua:
886 776 1306 841 metaphoricum
1349 786 1403 829 et
1430 779 1759 830 verissinmm
1791 793 2004 831 sensum
2043 778 2282 830 habent?
2329 776 2552 829 Prorsus
2578 789 2641 826 ex
2671 775 2850 826 animo
2890 771 3011 836 ejus
3050 772 3333 825 excidisse
3380 785 3607 824 necesse

412 871 495 915 est
521 863 694 914 omnia
732 863 980 916 humana:
1028 866 1445 918 ratiocinationis
1491 867 1769 934 principia,
1809 883 1927 920 cum
1978 868 2167 919 thesim
2204 880 2321 933 qua:
2355 875 2460 918 tam
2507 866 2627 917 ntali
2664 863 2895 931 exempli
2941 873 3047 927 est,
3079 872 3136 915 et
3190 872 3300 914 tam
3340 862 3606 928 prociduo

411 952 599 1005 nititur
622 950 987 1024 fundamento,
1018 957 1387 1022 pr0pugnavit.
1417 955 1758 1010 Marcionitas
1784 955 2084 1009 oﬂ'endcbat
2126 955 2300 1007 littera
2333 954 2751 1022 Scripturarum,
2783 963 3070 1024 propterea
3096 953 3244 1020 quod
3274 965 3497 1004 omnem
3537 950 3607 1006 ab

409 1044 489 1094 eis
525 1043 884 1105 metaphoram
910 1043 1279 1095 excludebant.
1316 1044 1390 1096 Ex
1433 1045 1617 1097 eodem
1646 1042 1791 1096 fonte
1823 1042 2057 1095 manavit
2102 1041 2402 1095 Iudaeorum
2452 1056 2622 1103 error,
2661 1042 2752 1109 qui
2798 1041 3077 1094 Christum
3123 1040 3376 1106 recipere
3417 1038 3605 1091 nolue-

408 1137 557 1190 runt,
579 1137 634 1180 et
670 1131 976 1196 prophetias
1004 1132 1071 1184 ab
1095 1145 1158 1183 eo
1189 1132 1499 1198 adimpletas
1526 1130 1690 1184 fuisse
1724 1135 2104 1198 pernegabant.
2136 1130 2217 1182 Ad
2248 1130 2702 1196 grammaticalem
2731 1129 2962 1184 litteram
2994 1131 3368 1197 accipiebant,
3395 1145 3517 1199 qua:
3540 1145 3606 1187 eo

411 1223 621 1268 tantum
652 1220 874 1272 consilio
899 1222 1093 1284 scripta
1131 1228 1275 1281 sunt,
1306 1229 1363 1270 ut
1396 1221 1757 1287 metaphorice
1802 1220 2188 1286 intelligantur.
2226 1217 2495 1286 Ejusmodi
2538 1229 2663 1272 sunt
2722 1220 2859 1283 loca,
2885 1221 2973 1273 ubi
3026 1221 3238 1274 dicitur
3264 1221 3412 1275 Deus
3446 1224 3605 1290 plan-

409 1314 550 1359 tasse
577 1308 879 1374 paradisum
910 1311 959 1361 in
1007 1310 1175 1373 Eden,
1215 1320 1374 1377 atque
1402 1310 1452 1362 in
1480 1326 1542 1362 eo
1572 1311 1893 1371 ambulasse.
1940 1321 2043 1364 etc.
2079 1311 2220 1364 idem
2253 1310 2588 1363 sentiendum
2620 1311 2687 1364 de
2712 1312 3020 1380 praeceptis.
3053 1312 3176 1365 Alia
3215 1324 3346 1368 sunt
3376 1328 3499 1382 quae
3537 1317 3603 1369 ad

409 1396 862 1462 grammaticalem
889 1398 1118 1451 litteram
1156 1415 1257 1452 non
1285 1410 1407 1452 sunt
1437 1401 1767 1467 accipienda,
1795 1402 1877 1454 vel
1916 1418 2035 1468 quae
2070 1404 2135 1455 ad
2175 1411 2319 1455 certa
2346 1405 2586 1469 quaedam
2613 1410 2872 1469 tempora,
2903 1404 2983 1457 vel
3027 1405 3096 1456 ad
3121 1416 3308 1459 certas
3334 1407 3601 1473 quasdam

409 1497 663 1549 personas
690 1497 812 1539 sunt
832 1489 1217 1555 restringenda,
1240 1491 1534 1556 cujusmodi
1563 1501 1686 1541 sntit
1710 1491 1796 1542 illa
1824 1491 1889 1545 de
1920 1493 2129 1544 nemine
2160 1493 2211 1544 in
2239 1493 2319 1543 via
2346 1492 2643 1555 salutando,
2694 1494 2760 1545 de
2799 1492 2994 1546 calceis
3021 1500 3118 1545 aut
3149 1494 3362 1547 duabus
3405 1496 3602 1551 tunicis

405 1588 509 1626 non
541 1577 818 1643 habendis,
852 1581 916 1634 de
956 1581 1174 1633 sinistra
1222 1583 1432 1633 maxilla
1485 1584 1769 1649 praebenda
1814 1585 1860 1635 ei
1903 1586 1989 1651 qui
2025 1584 2295 1637 dexteram
2349 1587 2693 1649 percusserit,
2728 1585 2793 1637 de
2840 1584 3019 1647 oculo,
3075 1600 3267 1650 manu,
3328 1587 3466 1653 pede
3541 1593 3597 1639 et

406 1665 619 1717 caeteris
641 1668 913 1730 membris,
946 1670 989 1721 si
1015 1672 1266 1723 scandan
1299 1669 1517 1733 fuerint,
1551 1672 1894 1736 auferendisj
1919 1674 2019 1725 alia
2047 1684 2171 1728 sunt
2203 1690 2319 1741 qua:
2342 1675 2506 1728 etiam
2531 1688 2634 1727 non
2661 1675 2865 1739 stricte,
2904 1677 2998 1728 sed
3041 1686 3208 1743 prout
3240 1691 3329 1728 res
3358 1677 3599 1730 humano

407 1767 566 1806 sensu
614 1756 865 1809 aestimari
910 1760 1064 1819 solet,
1096 1759 1436 1827 intelligenda
1483 1766 1609 1816 sunt
1656 1779 1669 1812 :
1706 1763 1999 1829 cujusmodi
2031 1774 2111 1816 est
2142 1779 2461 1833 praeceptum
2510 1782 2576 1819 ne
2622 1768 2742 1834 quis
2782 1765 2902 1818 loco
2933 1783 3033 1820 suo
3067 1779 3357 1822 moveatur
3409 1768 3461 1820 in
3512 1769 3599 1823 die

403 1838 644 1896 Sahbati.
675 1844 729 1896 Si
775 1845 895 1912 quis
923 1862 988 1899 ex
1034 1849 1297 1902 similibus
1345 1852 1600 1918 exemplis
1649 1852 1895 1906 intulerit
1930 1847 2260 1921 Scripturam
2302 1872 2509 1911 sacram
2562 1871 2739 1908 secum
2786 1870 3025 1923 pugnare
3076 1873 3275 1925 resque
3324 1860 3492 1913 falsas
3539 1868 3593 1914 et

401 1929 804 1995 inexplicabiles
828 1935 1126 1999 continere,
1171 1937 1217 1989 is
1263 1939 1506 2004 profecto
1539 1940 1733 1993 misere
1759 1941 1960 2009 vulgari
1991 1942 2210 1995 lmrnani
2241 1946 2501 1998 sermonis
2539 1959 2637 1996 usu
2666 1941 2927 2007 abutitur,
2977 1953 3035 1997 et
3073 1955 3267 2013 aperte
3312 1947 3591 2001 hominum

401 2022 703 2077 credulitati
732 2024 923 2091 illudit,
956 2031 1151 2096 quippe
1176 2045 1310 2097 quos
1339 2033 1559 2086 inducat
1584 2042 1641 2086 ut
1693 2033 1745 2085 id
1792 2049 1888 2101 pro
1914 2035 1987 2087 rei
2029 2034 2257 2089 falsitate
2295 2045 2524 2101 sumant,
2560 2039 2697 2105 quod
2728 2047 2930 2091 tantum
2965 2048 3050 2092 est
3079 2040 3405 2095 elocutionis
3430 2040 3576 2095 falsi-

405 2118 508 2166 tas.
542 2115 713 2181 Atque
746 2116 946 2168 utinam
980 2116 1198 2171 ulterius
1227 2133 1540 2188 progressus
1564 2137 1664 2174 non
1694 2122 1886 2176 fuisset
1911 2121 2169 2191 Origenes
2202 2141 2215 2177 :
2257 2125 2466 2179 facilem
2505 2140 2653 2178 mens
2676 2125 2787 2192 ejus
2829 2129 3239 2182 excusationem
3279 2130 3586 2189 habuisset.

401 2203 650 2254 damnato
670 2202 927 2257 duntaxat
949 2200 1038 2259 illo
1076 2220 1181 2272 quo
1224 2207 1366 2259 illam
1393 2212 1624 2276 aperuit,
1658 2213 1835 2264 modo.
1880 2212 2072 2264 Verum
2102 2226 2132 2264 e
2166 2212 2343 2266 citatis
2389 2214 2708 2267 testimoniis
2743 2216 2967 2269 nimium
3005 2217 3200 2285 liquet,
3234 2219 3491 2274 falsitatis
3524 2218 3590 2275 ab

397 2290 518 2357 ipso
575 2306 881 2347 accusatum
915 2297 1076 2349 fuisse
1102 2313 1285 2352 verum
1320 2315 1532 2352 sensum
1577 2300 1858 2354 litteralem
1893 2302 2241 2369 plurimorum
2273 2304 2532 2369 locorum,
2585 2306 2638 2357 in
2687 2305 2881 2371 quibus
2928 2321 3122 2362 omnes
3156 2326 3301 2364 verae
3347 2312 3588 2364 historiae

397 2377 733 2432 characteres
774 2390 827 2433 et
871 2383 1061 2438 indicia
1104 2397 1483 2453 agnoscuntur.
1536 2386 1829 2453 cujusmodi
1877 2399 2002 2442 sunt
2067 2391 2289 2444 historia
2327 2392 2636 2455 creationis,
2664 2394 2902 2447 consitus
2952 2396 3007 2449 in
3067 2406 3212 2452 terra
3271 2400 3581 2468 paradisus,

397 2467 635 2521 historia:
661 2469 827 2532 Sarae,
877 2473 1154 2539 Rebeccae,
1187 2479 1527 2531 obstetricum
1572 2477 1966 2547 Egyptiarum,
2005 2481 2313 2533 tentationis
2362 2483 2592 2546 Domini,
2625 2494 2678 2535 et
2708 2483 2902 2551 jejunii
2944 2467 3311 2555 quadraginta
3340 2491 3576 2551 dierum,

398 2566 754 2609 mercatorum
780 2560 829 2610 in
860 2563 1055 2629 templo
1090 2579 1173 2617 res
1199 2580 1327 2617 suas
1350 2566 1718 2630 vendentium,
1748 2576 1798 2619 et
1829 2568 1944 2620 aliae
1981 2565 2242 2634 ejusmodi
2283 2572 2685 2637 quamplurima:
2713 2573 2986 2627 historica:
3033 2578 3401 2631 narrationes.
3433 2577 3576 2631 Non-

395 2646 572 2700 nullas
608 2663 704 2716 pro
736 2650 965 2705 anilibus
1013 2652 1206 2709 fabulis
1234 2656 1452 2721 habuit;
1504 2658 1553 2708 in
1591 2658 1710 2710 aliis
1740 2658 1873 2712 dixit
1903 2660 2042 2713 facta
2075 2675 2195 2714 esse
2235 2663 2584 2729 transposita,
2629 2677 2727 2717 nec
2775 2679 2839 2719 eo
2875 2682 2988 2733 quo
3034 2669 3368 2733 referuntur,
3424 2670 3580 2725 modo

395 2737 700 2805 contigisse.
731 2740 806 2793 Eo
832 2742 990 2795 etiam
1026 2746 1260 2799 audaciae
1292 2749 1454 2808 venit,
1497 2758 1551 2799 ut
1586 2748 1753 2816 legem
1781 2749 2086 2813 Mosaicam,
2117 2751 2159 2804 si
2203 2751 2418 2805 litterali
2467 2766 2626 2806 sensu
2660 2756 2984 2820 accipiatur,
3021 2758 3136 2812 [leo
3196 2760 3476 2828 indignam
3521 2770 3578 2813 et

394 2823 599 2891 legibus
624 2843 764 2882 mere
782 2831 1028 2887 humanis
1064 2834 1368 2889 inferiorem
1412 2838 1800 2904 pronuntiaret,
1834 2854 1936 2894 nec
1963 2840 2119 2894 aliter
2142 2838 2433 2894 afﬁrmaret
2464 2842 2516 2894 in
2554 2851 2668 2894 toto
2694 2845 2820 2910 poni
2865 2860 3022 2911 posse
3064 2847 3360 2915 Scriptura:
3406 2848 3578 2916 inspi-

396 2914 682 2978 rationem.
721 2934 877 2986 quam
935 2923 978 2975 si
1030 2925 1237 2977 dicatur
1270 2926 1527 2992 Spiritum
1572 2938 1813 2981 sanctum
1863 2944 1927 2981 eo
1971 2929 2197 2983 consilio
2246 2930 2602 2999 corporaliter
2649 2935 2930 2986 mentitum
2981 2950 3104 2990 esse
3153 2946 3210 2990 ut
3257 2940 3573 3005 spiritaliter

392 3017 521 3057 vera
555 3007 776 3074 diceret,
820 3013 870 3064 id
893 3023 973 3065 est
1010 3014 1268 3070 falsitates
1300 3017 1580 3071 historicas
1607 3019 1862 3085 dictasse,
1891 3024 1991 3076 sub
2017 3038 2239 3091 quarum
2283 3024 2538 3077 velamine
2572 3027 2825 3079 veritates
2891 3028 3218 3097 allegoricas
3254 3031 3570 3087 insinuaret.

466 3093 528 3146 V.
561 3095 604 3147 E
654 3099 822 3154 tribus
871 3103 1067 3172 regulis
1112 3121 1245 3172 quas
1279 3109 1555 3173 proposuit
1587 3108 1866 3179 Origenes,
1896 3123 1952 3165 ut
1981 3115 2322 3183 mysticorum
2350 3130 2600 3168 sensuum
2634 3117 2924 3171 faciliorem
2970 3093 3224 3175 redderet
3270 3123 3570 3193 intelligen~

389 3188 548 3253 tiam,
589 3193 801 3245 tertiam
855 3200 1032 3255 statim
1078 3215 1394 3254 evanescere
1439 3203 1606 3270 liquet
1642 3219 1711 3257 ex
1765 3206 1831 3258 iis
1856 3221 1973 3273 quae
2021 3222 2181 3275 supra
2231 3223 2258 3260 a
2302 3210 2454 3262 nobis
2492 3212 2770 3263 observata
2820 3221 2968 3267 sunL
3016 3213 3333 3269 Falsissimo
3380 3217 3573 3284 quippe

390 3273 574 3331 innixa
607 3282 869 3351 principio
893 3289 1093 3356 regula,
1138 3291 1333 3345 nullius
1358 3294 1540 3361 utique
1573 3294 1818 3349 utilitatis
1840 3312 1956 3350 esse
1987 3273 2177 3364 potest.
2213 3300 2292 3351 Ad
2315 3309 2536 3352 caeteras
2569 3302 2702 3353 duas
2737 3311 3095 3358 transeamus.
3125 3305 3324 3360 Verum
3358 3306 3569 3374 quidem

390 3377 473 3418 est
504 3368 576 3429 id,
616 3373 757 3439 quod
797 3376 966 3441 prima
1000 3382 1176 3447 regula
1204 3382 1394 3444 l'ertur,
1427 3386 1854 3439 cmremonialem
1878 3386 2040 3451 legem
2068 3389 2269 3454 figuras
2299 3390 2576 3455 exhibere,
2616 3406 2772 3445 secus
2796 3408 2923 3447 vero
2952 3396 3126 3465 legem
3157 3399 3439 3451 moralem.
3466 3398 3570 3450 Sed

389 3456 491 3511 hoc
522 3467 919 3527 pronuntiatum
951 3472 1056 3523 vnn
1082 3473 1210 3539 legis
1235 3473 1433 3529 habere
1459 3478 1663 3544 nequit,
1698 3478 1798 3532 nisi
1835 3479 1884 3532 id
1916 3491 2145 3546 ponatur
2169 3482 2331 3549 (quod
2361 3492 2535 3536 tamen
2570 3487 2786 3552 speciali
2825 3488 3295 3545 demonstratione
3345 3490 3568 3561 indiget)

394 3550 527 3603 nihil
551 3558 768 3610 omnino
794 3563 1149 3615 cacremoniali
1177 3565 1279 3632 legi
1306 3567 1482 3620 inesse
1508 3569 1648 3635 quod
1678 3569 1859 3637 ﬁguris
1882 3582 2086 3624 careat.
2120 3572 2194 3624 lta
2234 3575 2444 3640 quidem
2483 3575 2647 3629 sensit
2691 3576 2970 3645 Origenes,
3015 3583 3109 3635 sed
3150 3598 3249 3636 nec
3290 3583 3422 3651 ipse,
3472 3596 3570 3636 nec

387 3643 522 3744 alius
554 3659 671 3714 post
704 3650 872 3716 ipsum
906 3654 1160 3721 ejusmodi
1192 3661 1455 3730 principio
1484 3664 1772 3718 astruendo
1802 3681 1898 3732 par
1927 3665 2042 3720 fuit.
2084 3667 2152 3719 Ea
2179 3683 2297 3735 quae
2335 3669 2591 3745 Origenes
2637 3674 2843 3739 profert
2882 3643 3184 3745 Scriptura:
3232 3643 3562 3744 testimonia,

386 3732 636 3830 evincunt
660 3739 871 3803 quidem
897 3758 1015 3797 esse
1040 3748 1288 3802 nonnulla
1318 3753 1700 3806 caeremonialis
1732 3753 1860 3821 legis
1900 3755 2012 3808 loca
2036 3771 2150 3822 quae
2174 3743 2540 3822 allegoricum'
2564 3766 2776 3814 sensum
2814 3766 3113 3830 patiantur,
3139 3769 3230 3820 sed
3280 3768 3413 3821 nihil
3453 3783 3568 3820 am-

384 3818 524 3925 plius
551 3823 673 3879 inde
702 3831 999 3888 conficitur.
1031 3836 1382 3894 Validissimis
1429 3844 1725 3897 rationibus
1751 3860 1886 3912 Opus
1925 3855 2006 3898 est
2043 3856 2102 3897 ut
2142 3847 2362 3903 ulterius
2392 3864 2553 3916 quam
2605 3853 2829 3920 apostoli
2868 3859 3140 3925 progressi
3179 3868 3328 3921 sunt,
3373 3872 3565 3925 proce-

386 3910 573 4013 datur;
600 3928 656 3969 at
683 3921 868 3976 validae
898 3928 1010 3977 istae
1034 3929 1266 3983 rationes
1293 3932 1553 3986 hactenus
1579 3935 1628 3986 in
1658 3935 1829 3988 lucem
1861 3930 2322 4003 non‘prodierunt,
2360 3955 2456 3994 nec
2485 3957 2606 4008 spes
2630 3954 2713 3997 est
2756 3960 2996 4015 unquam
3040 3951 3373 4017 prodituras.
3407 3950 3565 4003 Certe

384 4000 690 4070 quicunque
716 4009 951 4077 singulas
979 4013 1202 4069 Levitici
1233 4029 1324 4070 aut
1348 4019 1513 4073 Exodi
1538 4033 1714 4088 partes
1745 4026 1986 4092 neglecto
2017 4026 2234 4078 litterali
2266 4041 2424 4082 sensu
2456 4030 2737 4097 allegorice
2770 4036 3032 4090 duntaxat
3073 4040 3350 4105 explicare
3393 4047 3564 4092 tenta-

384 4102 530 4197 :unt,
563 4095 726 4149 risum
777 4104 1023 4158 omnibus
1064 4123 1203 4161 nunc
1254 4121 1466 4163 movent
1510 4112 1619 4167 suis
1666 4117 1978 4184 plerumque
2029 4117 2245 4171 insulsis
2291 4120 2579 4187 allegoriis,
2620 4125 2814 4188 quibus
2850 4126 3260 4197 Scripturarum
3307 4129 3562 4197 majestas

384 4179 705 4247 deprimitur
729 4196 782 4242 et
813 4196 1180 4249 conculcatur.

454 4268 602 4323 Alius
629 4289 782 4328 error
811 4290 889 4331 est
920 4286 1137 4339 credere
1163 4295 1581 4348 caeremonialem
1611 4298 1800 4367 legem,
1833 4311 2112 4368 postquam
2143 4302 2395 4369 abrogata
2430 4315 2509 4360 est
2538 4317 2591 4360 et
2621 4311 2893 4363 observari
2925 4314 3107 4377 desiit,
3144 4314 3367 4367 litterali
3398 4329 3556 4367 sensu

384 4370 594 4427 Carere,
628 4369 707 4418 vel
734 4371 919 4424 saltem
951 4376 1163 4432 litterali
1187 4397 1343 4436 sensu
1372 4402 1474 4439 non
1504 4391 1729 4457 amplius
1756 4407 1874 4446 esse
1907 4395 2380 4462 interpretandum.
2414 4399 2505 4451 Vix
2539 4402 2745 4468 concipi
2789 4414 2962 4469 potest
2992 4407 3263 4473 quomodo
3291 4404 3555 4472 ejusmodi

386 4461 743 4552 cmnmentum
782 4462 831 4511 in
865 4462 1107 4531 Origenis
1142 4481 1315 4527 mente
1368 4489 1545 4530 natum
1592 4483 1678 4534 sit.
1713 4481 1837 4536 Sive
1880 4484 2215 4545 observetur,
2246 4488 2358 4538 sive
2406 4502 2506 4540 non
2564 4491 2882 4544 observetur
2917 4503 3265 4561 praeceptum,
3320 4496 3364 4546 is
3394 4510 3553 4559 quem

514 4540 526 4552 ,
2202 4540 2212 4545 ,
2574 4540 2711 4543 ἤην
2918 4540 3265 4561 ,ν----,,,-.----,
3320 4540 3362 4546 ._
3396 4540 3553 4559 γα---

384 4549 638 4642 continet,
666 4559 852 4642 sensus
883 4551 933 4603 in
980 4565 1204 4624 utroque
1227 4577 1351 4615 casu
1398 4567 1616 4632 perinde
1653 4585 1711 4624 se
1757 4572 1919 4624 habet
1944 4583 1997 4625 et
2021 4573 2157 4625 idem
2187 4589 2397 4642 semper
2423 4578 2684 4632 subsistit.
2715 4578 3013 4634 Etiamnum
3060 4597 3090 4635 e
3138 4582 3250 4634 sola
3304 4581 3553 4634 Mosaicae

474 4628 484 4637 .
576 4629 587 4640 _
1120 4622 1129 4624 τ
1398 4622 1411 4632 ,
1664 4622 1671 4624 ἡ
1762 4622 1767 4623 ,
1802 4622 1809 4624 .
1840 4622 1885 4624 η
1954 4622 1995 4625 ,κ
2192 4622 2387 4642 --η-Γ--
2423 4622 2684 4632 ,...,...υ....
3060 4622 3090 4635 ν
3138 4622 3250 4634 νυ...
3304 4622 3548 4634 -...........~

381 4622 515 4738 legis
554 4629 732 4686 littera
764 4637 829 4688 ad
861 4640 1325 4701 demonstrandam
1361 4650 1593 4707 Judaicae
1623 4657 1894 4724 religionis
1919 4661 2253 4713 divinitatem
2291 4674 2345 4715 ct
2380 4663 2780 4738 Christianismi
2826 4674 3190 4738 praestantiam
3230 4671 3404 4738 major
3457 4672 3548 4723 lux

1723 4717 1748 4724 _
2826 4717 3189 4738 ρων----ωη-
3457 4717 3546 4723 ----

382 4717 622 4787 εσθηυτο
662 4741 817 4790 (illam
848 4745 911 4781 ex
947 4736 1211 4801 omnibus.
1244 4756 1375 4807 quas
1414 4755 1521 4795 lum
1548 4756 1775 4812 Veteres.
1817 4757 1925 4803 tum
1976 4751 2302 4806 recentiores
2347 4769 2442 4822 pro
2481 4758 2700 4812 arbitrio
2727 4762 3127 4827 excogitarunt,
3153 4758 3428 4826 allegoriis
3490 4757 3546 4811 in

377 4822 541 4863 unum
568 4829 757 4885 corpus
782 4822 1014 4878 collectis
1035 4836 1086 4879 et
1116 4832 1374 4891 adunatis.

452 4899 695 5006 Secunda
740 4927 949 4981 quoque
979 4916 1225 4986 Origenis
1273 4928 1452 4993 regula
1503 4930 1684 4996 paucis
1717 4934 1855 4987 veris
1902 4934 2128 5004 plurima
2162 4940 2417 5002 permista
2471 4946 2629 5001 habet
2677 4944 2897 5000 multum
2947 4956 3196 4996 crronea.
3234 4941 3286 4994 Id
3328 4939 3539 5007 quidem

376 4992 709 5110 =verissimum
738 5011 817 5097 cst
853 5008 987 5069 quod
1015 5010 1165 5062 docet
1202 5010 1414 5081 Paulus,
1450 5020 1718 5074 caelestem
1769 5038 1886 5079 esse
1938 5026 2261 5093 Jerusalem,
2291 5032 2449 5101 cujus
2494 5047 2646 5110 typus
2698 5046 2778 5093 est
2808 5032 3101 5085 Jerusalem
3144 5041 3390 5093 terrcna;
3446 5029 3542 5082 sed

375 5080 497 5186 i'nde
526 5087 800 5186 cpnsequi,
839 5099 893 5141 ut
930 5106 1255 5165 quaecunque
1290 5106 1353 5155 de
1406 5114 1617 5160 terrena
1669 5108 1958 5169 Jerusalem
1992 5124 2046 5169 et
2079 5080 2455 5182 adjacentibus
2486 5080 2537 5185 ei
2553 5080 2693 5186 Ilocis
2725 5127 2990 5184 dicuntur,
3039 5136 3099 5173 ea
3146 5120 3212 5172 ad
3261 5121 3531 5172 caelestem

2001 5167 2012 5169 ν
2143 5167 2160 5180 ,
2188 5167 2455 5182 Ἵππη,
2487 5167 2532 5185 υ,
2568 5167 2693 5186 NW,
2725 5167 2990 5184 uw.._--_-,
3043 5167 3099 5173 _--
3147 5167 3212 5172 __
3268 5167 3478 5172 -w---__

370 5167 664 5279 Jenisalem
694 5175 800 5226 sint
827 5179 1121 5248 referenda,
1159 5188 1208 5240 id
1236 5204 1361 5245 Vero
1379 5211 1473 5248 nec
1500 5203 1826 5271 conceditur,
1869 5226 1965 5264 nec
1990 5207 2060 5262 ab
2087 5204 2317 5274 Origene
2359 5216 2781 5279 demonslmlum
2816 5223 2915 5277 εει,
2946 5225 3037 5262 nec
3064 5210 3237 5262 simile
3264 5210 3533 5276 quidpiam

378 5260 445 5375 il:
469 5263 720 5330 Apostolo
751 5271 1041 5335 profertur,
1074 5278 1158 5342 qui
1195 5285 1356 5338 multo
1386 5289 1558 5342 minus
1590 5260 1826 5363 loquitur
1845 5304 1907 5358 de

1997 5260 2003 5262 '
2182 5260 2210 5274 υ
2272 5260 2315 5264 ⁷-
2362 5260 2781 5279 “-ν-ιιυιιυιιιιιι----
2821 5260 2915 5277 ---ι
2948 5260 2971 5262 ν
3019 5260 3033 5261 ί
3068 5260 3123 5262 νγ
3219 5260 3229 5261 κ
3282 5260 3296 5276 ι
3370 5260 3407 5275 κ,

1997 5298 2277 5370 ’ἱεθιιίιιιιίε
2305 5304 2414 5363 illis
2461 5315 2515 5371 in
2547 5318 2676 5375 coelo
2718 5307 3006 5367 animarum
3041 5298 3379 5358 habitaculis,
3414 5308 3528 5365 qua!

370 5348 925 5484 E:gl'llito.nl'3abyloni.
975 5363 1131 5434 Tyro,
1165 5370 1346 5431 Sidoni
1415 5393 1467 5435 et
1511 5385 1631 5441 aliis
1658 5348 1898 5454 'tcrrenis
1928 5348 2066 5460 loci;
2118 5348 2710 5484 respondeantill.l
2748 5392 3019 5473 profanam
3046 5388 3202 5441 istam
3227 5396 3280 5439 et
3308 5384 3529 5438 monstri

375 5459 491 5484 IIIIII
517 5463 595 5484 pm
686 5455 932 5484 ηΙΛιιῖιηιῖ
975 5466 1020 5484 Δ.
1055 5457 1281 5484 ηυιι.--ν,
1326 5472 1336 5483 α
1430 5476 1441 5484 .
1640 5482 1645 5484 .
2113 5482 2121 5484 -

375 5445 1024 5559 ﬂuitem:illatonisniipet
1055 5457 1444 5559 Pythagoristni
1476 5493 1598 5533 cum
1631 5482 1922 5557 Scripttlt‘is
1949 5482 2158 5555 nostris
2182 5486 2492 5559 misturam.
2534 5445 2676 5484 nimo

459 5529 528 5585 Ex
557 5534 710 5593 dictis
743 5539 904 5611 igitur
935 5542 1096 5611 liquet
1124 5549 1318 5611 nullius
1348 5564 1455 5621 fere
1479 5581 1595 5625 esse
1625 5529 2205 5670 uillllttt‘l‘l';l;l‘ll|l:‘;5ims
2232 5577 2295 5631 ab
2324 5529 2561 5662 011;“,
2596 5592 2822 5671 ηςυιαε,
2860 5588 2970 5645 qua:
2999 5584 3062 5623 ne
3097 5567 3285 5622 nodum
3320 5565 3526 5633 ll"idem
