3878 6234
244 327 333 384 33
1472 320 1775 393 PRAEFM

1956 336 1986 391 D
2014 338 2174 396 TOM.
2212 340 2274 399 ιι.
3415 352 3487 411 SI

275 434 570 535 iliilicultatis
928 422 1221 535 ΕμΝοῩο
1275 436 1659 512 Testamento
1694 459 1951 512 discimus
2003 460 2052 512 id
2108 476 2204 528 pro
2236 469 2384 514 certo
2429 461 2680 517 habuisse
2716 466 3008 535 apostolos,
3058 483 3179 524 esse
3222 470 3272 523 in
3311 472 3483 530 Veteri

262 532 580 628 _'l‘estamento
606 516 1324 628 loca,_tltl$l“:\llegoricum
1360 548 1592 628 sensum
1623 548 1935 613 admittunt,
1955 516 2148 602 deinde
2180 564 2271 603 eos
2309 550 2450 604 istud
2485 516 2799 622 principium
2834 556 2898 608 ad
2930 516 3218 626 singularia
3243 516 3483 628 quaedam

249 618 389 711 loca
429 610 852 711 “commodasse:
879 604 1060 711 E‘lnc.
1083 628 1412 680 nascuntur
1444 626 1555 685 illae
1588 604 1933 702 quaestiones
1969 652 2035 689 an
2073 638 2297 705 apostoli
2343 604 2679 694 crediderint
2708 652 2761 696 et
2793 604 3071 699 docuerint
3116 604 3485 707 unum};

262 710 549 803 Scriptura:
577 693 1100 803 locum‘qui-ﬁguris
1136 719 1377 776 careat;
1415 728 1485 768 an
1514 693 1700 786 plures
1737 737 1958 776 numero
1981 693 2388 791 sint-allegoriae
2415 742 2571 795 quam
2605 744 2723 793 qua:
2768 730 2835 785 ab
2885 730 2991 784 illis
3028 693 3476 803 indicati-eusti'ut’;

253 815 337 851 an
369 800 438 852 iis
460 792 817 892 investigandis
837 797 896 892 et
926 801 1321 855 secernendis
1355 803 1425 857 ab
1461 807 1770 865 arbitrariis
1803 812 2066 880 allegoriis
2105 815 2344 881 quedam
2395 792 2589 885 regulae
2627 792 2939 885 inserviant,
2982 832 3038 878 et
3080 840 3320 892 quaenam
3374 792 3480 883 illa;

246 888 377 983 sint
406 904 420 950 ;
451 899 644 983 an‘pe'r
675 882 791 935 illas
836 880 1054 983 liguras
1089 889 1241 983 nihil
1292 894 1479 949 obstet
1518 901 1809 965 quominus
1845 902 2053 969 integer
2097 880 2308 957 maneat
2348 880 2594 962 litte'ralis
2645 923 2861 976 sensus;
2917 880 2986 965 an
3037 880 3162 982 quia
3194 880 3479 983 Apostolus

244 975 484 1071 aliquod
508 973 793 1071 Scripturae
838 970 1241 1071 testimonium
1294 982 1589 1052 allegorico
1624 1002 1784 1041 sensu
1831 989 2209 1055 interpretatus
2255 1000 2358 1055 est,
2395 994 2517 1049 inde
2554 970 2934 1066 consequatur,
2970 1010 3026 1054 ut
3053 970 3316 1071 .quidquid
3348 970 3469 1059 cum

243 1066 366 1119 hoc
399 1066 695 1162 testimonio
730 1061 969 1131 aliquam
1012 1065 1196 1122 habet
1243 1077 1669 1141 connexionem,
1700 1079 1958 1145 quidquid
1995 1082 2244 1145 praecedit
2300 1092 2351 1136 et
2391 1086 2649 1151 sequitur,
2696 1061 2752 1141 id
2778 1061 2963 1142 eodem
3009 1061 3163 1144 modo
3208 1061 3277 1145 sit
3309 1094 3477 1162 expli-

239 1157 526 1254 candum.
561 1155 834 1254 llaec-sunt
877 1170 1008 1224 quae
1047 1157 1328 1229 Origenes
1376 1166 1480 1219 sibi
1525 1167 1776 1221 solvenda
1806 1183 2101 1237 proponere
2140 1173 2431 1229 debuisset.
2462 1175 2728 1242 Quantum
2752 1194 2880 1234 vero
2916 1182 2982 1234 iis
3010 1182 3280 1240 solvendis
3308 1155 3478 1254 impar

241 1245 331 1299 sit
354 1247 481 1315 ejus
502 1247 798 1311 methodus,
838 1256 1231 1318 quantumque
1264 1268 1294 1306 a
1334 1255 1559 1309 veritate
1592 1268 1950 1321 removeatur,
1980 1260 2086 1326 jam
2119 1276 2274 1315 nemo
2319 1272 2400 1316 est
2431 1266 2520 1332 qui
2548 1281 2653 1318 non
2691 1268 2971 1335 intelligat.

329 1354 423 1408 VI.
459 1356 1032 1450 ExperientiaOdocet
1063 1360 1201 1414 satis
1249 1362 1490 1417 solemne
1539 1380 1659 1418 esse
1687 1367 2036 1424 viridioribus
2067 1380 2121 1423 et
2170 1371 2271 1424 sibi
2321 1373 2540 1426 nimium
2579 1375 2973 1445 indulgentibus
3024 1381 3248 1450 ingeniis
3293 1402 3472 1444 secum

240 1447 498 1514 lurpiter
529 1459 794 1515 pugnare,
823 1447 880 1499 et
910 1449 1099 1501 studia
1141 1451 1194 1502 in
1225 1452 1501 1505 contraria
1534 1463 1683 1505 extra
1710 1456 1919 1508 modum
1947 1456 2098 1510 ferri.
2131 1460 2261 1512 Cum
2301 1461 2351 1512 in
2377 1459 2631 1526 ejusmoin
2661 1464 2901 1518 homines
2930 1484 3030 1521 non
3057 1447 3210 1524 cadat
3250 1480 3474 1534 attentio

234 1541 520 1635 diuturna
553 1551 613 1595 et
642 1542 924 1635 continua,
959 1542 1217 1597 vividiori
1267 1558 1365 1596 sua
1422 1545 1745 1613 imaginandi
1802 1548 1849 1600 vi
1893 1548 2196 1601 necessario
2226 1552 2429 1617 abrepti
2483 1552 2747 1629 nullisque
2800 1556 2916 1610 lixis
2959 1559 3125 1613 innixi
3167 1566 3464 1635 principiis,

231 1631 591 1696 interrupte,
631 1637 689 1682 ut
718 1630 793 1683 ita
823 1631 1030 1696 dicam,
1071 1632 1489 1697 ratiocinantur,
1514 1643 1565 1687 et
1585 1649 1701 1702 qua:
1740 1649 1844 1687 uno
1873 1644 2109 1704 tempore
2135 1639 2455 1706 cogitarunt,
2486 1641 2746 1704 dixerunt,
2779 1653 2870 1696 aut
2912 1650 3258 1717 scripserunt,
3314 1630 3376 1707 ea
3406 1630 3472 1712 es

230 1720 478 1773 illorum
520 1721 791 1773 memoria
821 1721 932 1773 alio
960 1730 1201 1789 tempore
1226 1722 1305 1773 ita
1339 1722 1608 1785 excidunt,
1646 1734 1702 1776 ut
1745 1724 1962 1778 omnino
1988 1727 2255 1779 contraria
2298 1741 2434 1795 saepe
2477 1729 2770 1794 proferant.
2821 1733 2928 1787 lloc
2976 1737 3104 1791 vitio
3137 1756 3242 1795 non
3289 1745 3467 1798 caruit

194 1804 550 1877 .Origcnes.
590 1808 726 1874 Quis
763 1810 1144 1864 conciliaverit
1170 1827 1233 1865 ea
1275 1826 1392 1878 quae
1442 1819 1626 1902 contra
1669 1825 1882 1866 sensum
1927 1812 2211 1867 litteralem
2278 1817 2494 1880 effutiit,
2527 1835 2645 1872 cum
2683 1822 2746 1876 iis
2783 1839 2897 1891 qua!
2928 1825 3049 1879 alibi
3087 1831 3241 1892 dixit,
3298 1835 3468 1902 ipsum

228 1899 599 1969 simplicium
636 1900 970 1952 institutioni
1004 1909 1057 1952 et
1084 1900 1428 1954 azditicationi
1459 1898 1724 1962 sufﬁcere,
1761 1900 1983 1967 ipsoque
2010 1902 2102 1956 niti
2135 1904 2443 1971 religionem
2473 1920 2684 1960 omnem
2717 1924 2779 1963 ac
2802 1910 2957 1963 fidem
3002 1898 3471 1978 Christianorum!

232 1991 297 2045 Si
351 1990 674 2056 Scriptura:
704 1990 887 2042 littera
919 1990 1215 2044 innumeris
1262 1990 1368 2044 illis
1409 1989 1612 2043 laborat
1647 1990 1788 2043 vitiis
1815 2004 1932 2057 quae
1960 1992 2006 2043 ei
2056 1995 2360 2060 exprobrat,
2409 1997 2643 2063 nunquid
2681 1999 2893 2054 timendi
2939 2002 3083 2056 locus
3123 2022 3228 2060 non
3270 2020 3369 2074 est,
3402 2030 3470 2069 ne

228 2081 433 2148 potius
486 2079 817 2133 scandalum
855 2080 1056 2146 pariat,
1116 2094 1278 2146 quam
1312 2080 1736 2145 aediﬁcationem,
1768 2095 1830 2134 ac
1860 2082 2032 2148 potius
2064 2081 2242 2149 lapsus
2266 2086 2478 2139 occasio
2520 2086 2609 2149 sit,
2637 2102 2797 2154 quam
2833 2089 2951 2145 fons
2974 2093 3190 2151 luminis
3210 2108 3262 2152 et
3287 2112 3467 2158 scatu-

232 2174 367 2240 rigo
423 2172 742 2224 salubrium
796 2174 1269 2230 documentorum,
1321 2171 1617 2235 praesertim
1660 2169 2009 2236 simplicibus,
2040 2175 2261 2237 quorum
2308 2173 2438 2227 fides
2491 2175 2622 2227 adeo
2666 2175 2821 2229 facile
2871 2177 3263 2238 labefactatur?
3312 2188 3467 2254 Quod
3550 2193 3557 2207 ‘

225 2263 494 2331 prodigii
529 2263 655 2314 loco
684 2270 787 2324 est,
822 2260 975 2312 mille
1013 2260 1065 2312 in
1098 2259 1252 2321 locis,
1291 2259 1449 2325 idque
1493 2273 1671 2311 coram
1723 2259 1937 2326 populo,
1984 2260 2229 2314 litteralis
2275 2278 2462 2317 sensus
2522 2265 2850 2319 incommoda
2894 2272 2956 2321 ad
3001 2289 3249 2328 nauseam
3299 2294 3472 2347 usque

227 2359 573 2417 exaggerat
620 2348 924 2417 Origenes;
969 2348 1089 2400 aliis
1116 2356 1297 2399 autem
1328 2346 1383 2399 in
1417 2345 1545 2398 locis
1588 2349 1977 2412 persentiscens
2021 2349 2338 2414 periculum,
2377 2351 2462 2403 cui
2495 2353 2755 2420 ejusmodi
2804 2358 3122 2425 principium
3171 2345 3461 2424 obnoxium

221 2452 348 2507 est,
394 2442 539 2496 illud
567 2441 756 2495 eodem
788 2439 956 2493 animi
994 2439 1195 2491 ardore
1224 2436 1519 2503 impugnat,
1552 2449 1658 2501 quo
1702 2436 1873 2488 fuerat
1914 2445 2066 2489 antea
2107 2439 2173 2489 ab
2217 2441 2330 2506 ipso
2363 2453 2771 2512 propugnatum.
2816 2446 2867 2499 Id
2910 2449 3088 2503 videre
3129 2463 3215 2506 est
3246 2456 3459 2513 bomilia

225 2532 493 2589 secunda
529 2530 588 2583 in
620 2528 908 2592 Genesim,
944 2529 1034 2581 ubi
1060 2542 1204 2580 area:
1242 2525 1473 2579 Noeticae
1506 2524 1784 2576 historiam
1814 2523 2027 2577 litterali
2058 2540 2214 2578 sensu
2249 2529 2420 2596 accipi
2451 2531 2643 2585 debere
2664 2537 2937 2589 contendit
2970 2552 2986 2589 :
3018 2554 3038 2587 ι
3081 2538 3222 2605 Haec,
3260 2544 3456 2612 inquit,

226 2630 520 2690 quantum
554 2619 626 2672 ad
664 2619 912 2672 historiae
946 2618 1183 2685 pertinet
1212 2614 1497 2678 rationem,
1529 2614 1786 2665 adversus
1805 2626 1898 2665 eos
1932 2613 2070 2665 dicta
2094 2615 2221 2678 sint,
2249 2617 2336 2683 qui
2373 2619 2683 2686 impugnare
2707 2619 3014 2689 Scripturas
3036 2626 3245 2684 Veteris
3275 2630 3462 2686 Testa-

229 2712 414 2766 menti
449 2711 739 2771 nituntur,
772 2717 1032 2775 tanquam
1064 2704 1415 2773 impossibilia
1442 2701 1681 2770 quadam
1720 2709 1773 2753 et
1817 2701 2201 2756 irrationabilia
2246 2708 2599 2762 continentes.
2637 2727 2655 2760 ο
2709 2711 2870 2775 Quasi
2915 2728 3040 2768 vero
3064 2720 3204 2783 quod
3248 2721 3299 2774 in
3343 2723 3463 2777 aliis

223 2806 485 2866 damnat,
518 2800 576 2854 id
618 2814 728 2852 non
757 2798 924 2851 fuerit
966 2799 1034 2850 ab
1083 2799 1197 2866 ipso
1224 2796 1417 2848 millies
1442 2796 1797 2849 decantatum.
1833 2792 2095 2848 Praeterea
2122 2795 2399 2850 manifesta
2419 2808 2561 2863 sunt,
2597 2802 2887 2867 etdiserta,
2925 2814 2978 2858 et
3015 2821 3204 2875 magno
3239 2827 3463 2869 numero

230 2894 360 2962 ejus
388 2893 540 2956 loca,
579 2891 678 2945 ubi
717 2889 1010 2959 allegorias
1052 2889 1107 2941 in
1153 2888 1299 2942 omni
1338 2886 1616 2953 Scriptura
1649 2884 1874 2953 reperiri
1910 2894 2184 2953 pernegat,
2231 2895 2285 2940 et
2329 2896 2503 2941 tamen
2550 2891 2699 2957 quasi
2749 2891 2907 2961 hujus
2958 2896 3201 2965 principii
3235 2901 3457 2966 oblitus,

232 2984 516 3055 mysticus
553 2994 759 3033 sensus
797 2979 853 3032 in
884 2978 1116 3046 singulis
1146 2978 1427 3044 utriusque
1459 2975 1781 3030 Testamenti
1815 2975 2024 3044 paginis
2050 2975 2268 3044 inquirit
2297 2986 2349 3030 et
2395 2978 2574 3034 animo
2615 2981 2713 3034 sibi
2747 2981 2894 3051 ﬁngit
2971 2985 3108 3050 Quin
3136 2998 3191 3042 et
3237 2989 3454 3046 homilla

229 3076 421 3144 prima
456 3075 514 3125 in
553 3070 811 3126 Exodum
855 3070 934 3125 sic
987 3069 1273 3137 loquitur:
1307 3086 1326 3119 ι
1357 3068 1471 3134 Ego
1502 3069 1725 3121 credens
1744 3068 1919 3121 verbis
1958 3068 2159 3121 Domini
2192 3071 2293 3122 mei
2323 3068 2444 3124 Jesu
2474 3071 2692 3136 Christi,
2729 3073 2780 3127 in
2825 3075 3022 3144 legeet
3049 3083 3319 3147 prophetis
3345 3083 3451 3139 iota

231 3165 466 3232 quidem
507 3176 712 3225 unum,
740 3169 836 3213 aut
864 3174 1029 3212 unum
1058 3160 1264 3227 apicem
1302 3173 1403 3210 non
1435 3167 1563 3225 puto
1596 3172 1716 3210 esse
1747 3158 2015 3225 mysteriis
2046 3172 2291 3222 vacuum,
2329 3175 2426 3214 nec
2447 3171 2572 3229 puto
2599 3164 2795 3231 aliquid
2826 3167 3011 3220 horum
3048 3174 3278 3228 transire
3299 3191 3456 3243 posse

226 3257 415 3311 donec
447 3255 648 3310 omnia
710 3253 866 3306 ﬁant.
900 3272 920 3303 ι
960 3252 1024 3304 Ει
1058 3252 1155 3305 lib.
1195 3266 1248 3305 tv
1280 3251 1357 3304 De
1403 3251 1694 3318 principiis,
1721 3266 1867 3303 num.
1901 3250 1969 3304 20
1998 3266 2013 3302 :
2047 3270 2064 3300 ι
2108 3251 2198 3305 Sic
2249 3253 2391 3306 enim
2432 3254 2499 3308 de
2547 3256 2792 3310 universa
2845 3258 3119 3328 Scriptura
3170 3268 3456 3325 statuimus

223 3364 462 3403 sensum
500 3348 714 3415 ubique
743 3359 865 3400 esse
891 3345 1212 3412 spiritalem,
1253 3359 1357 3397 non
1387 3344 1581 3412 ubique
1613 3358 1950 3411 corporeum.
1988 3344 2159 3427 {Haec
2190 3356 2369 3412 aperte
2399 3357 2764 3415 pugnantcum
2790 3349 2902 3417 ejus
2931 3354 3247 3411 testimoniis
3291 3374 3450 3429 supra

218 3440 416 3492 citatis
441 3437 611 3490 artic.
647 3436 701 3488 2.
735 3435 981 3502 Denique
1017 3434 1160 3500 quod
1194 3433 1327 3486 dixit
1352 3432 1690 3486 ditﬁcilimum
1715 3446 1850 3494 esse,
1869 3448 1936 3487 ne
1962 3433 2168 3486 dicatur
2191 3433 2533 3502 impossibile,
2553 3438 2954 3505 mysticosquos
2976 3441 3135 3495 habet
3175 3443 3450 3515 Scriptura

217 3547 428 3587 sensus
451 3531 821 3597 investigare,
856 3528 911 3580 id
962 3542 1070 3580 non
1093 3526 1251 3580 facile
1293 3541 1413 3579 eum
1464 3524 1728 3579 indefesso
1754 3526 1867 3593 ejus
1905 3526 1956 3579 in
1989 3526 2245 3594 ejusmodi
2294 3528 2534 3581 sensibus
2567 3531 2867 3584 scrutandis
2894 3532 3070 3586 studio
3114 3536 3444 3594 conciliatur.

301 3647 427 3702 Vl].
464 3646 777 3702 Veritatem
818 3657 1114 3713 perperam
1149 3651 1422 3710 acceptam
1466 3657 1605 3711 saepe
1658 3641 1875 3711 perinde
1904 3634 2127 3705 nocere,
2157 3656 2221 3695 ac
2267 3641 2458 3696 falsum
2507 3643 2852 3711 principium,
2885 3659 3075 3714 magno
3099 3649 3341 3717 exemplo
3366 3658 3452 3705 est

217 3744 543 3811 Origenes.
578 3742 662 3794 Ah
691 3739 956 3807 apostolis
987 3737 1251 3791 didicerat
1275 3735 1453 3790 Jesum
1485 3736 1758 3789 Christum
1794 3748 1984 3801 resque
2018 3734 2084 3785 ab
2132 3748 2197 3786 eo
2222 3744 2397 3801 gestas
2437 3743 2491 3786 et
2523 3734 2634 3800 ejus
2664 3737 2912 3802 mysteria
2961 3738 3013 3790 in
3056 3741 3230 3794 Veteri
3260 3742 3446 3796 Testa-

220 3846 425 3889 mento
458 3832 807 3886 adumbrari.
843 3830 988 3884 Hine
1022 3830 1086 3883 ad
1117 3830 1462 3897 mysticorum
1493 3836 1744 3882 sensuum
1780 3826 2239 3894 investigationem
2269 3825 2502 3878 habenas
2532 3826 2743 3894 ingenio
2770 3842 2869 3881 suo
2913 3832 3307 3895 permittendae.
3329 3848 3446 3888 esse

217 3927 474 3988 censuit,
513 3939 585 3978 eo
611 3924 832 3978 aliunde
862 3922 1129 3990 impulsus
1154 3922 1367 3990 publico
1408 3921 1489 3973 sui
1522 3920 1776 3987 temporis
1803 3933 2012 3986 sapore,
2037 3917 2281 3970 vividiuri
2312 3931 2407 3971 sua
2437 3917 2758 3985 imaginandi
2793 3920 2869 3984 vi,
2892 3925 3210 3989 scriptorum
3237 3923 3446 3979 luctato-

216 4030 370 4080 rum,
416 4016 718 4083 gentilium
772 4030 838 4070 ac
886 4014 1318 4069 Christianorum
1370 4012 1642 4081 allegoriis
1663 4012 1960 4065 deditorum
2010 4010 2259 4072 lectione,
2300 4024 2559 4078 perparvo
2581 4011 2719 4078 quod
2751 4021 2873 4066 tunc
2897 4025 3009 4066 erat
3041 4015 3105 4067 ad
3156 4015 3443 4084 Scriptum

215 4105 481 4159 litteram
521 4104 914 4159 elucidandam
947 4102 1173 4163 auxilio.
1224 4116 1286 4156 ac
1337 4102 1568 4169 denique
1600 4102 1854 4167 stupenda
1889 4100 1998 4163 illa,
2032 4114 2133 4166 qua
2162 4113 2320 4166 opera
2345 4113 2438 4153 sua
2472 4098 2721 4164 cudebat,
2746 4099 3046 4155 velocitate.
3091 4102 3165 4155 Ex
3195 4105 3443 4163 omnibus

218 4197 346 4251 istis
380 4195 581 4250 causis
613 4195 824 4263 prodiit
862 4193 1218 4249 inexhaustus
1252 4193 1357 4247 ille
1401 4193 1775 4261 allegoriarum
1807 4191 1944 4256 fons,
1977 4205 2082 4258 quo
2113 4199 2318 4246 cunctae
2342 4190 2455 4257 ejus
2492 4192 2808 4259 scriptiones
2841 4194 2973 4247 adeo
3007 4196 3351 4262 inundantur,
3382 4204 3441 4252 ut

214 4288 511 4342 neminem
544 4294 679 4340 ante
705 4300 766 4339 se
800 4287 854 4339 in
891 4287 992 4340 hoc
1017 4298 1217 4353 genere
1241 4286 1569 4352 superiorem
1596 4285 1863 4349 habuerit,
1898 4299 1997 4338 nec
2021 4283 2183 4337 ullum
2210 4292 2328 4351 post
2358 4297 2416 4336 se
2444 4284 2544 4336 sibi
2579 4299 2762 4353 parem
2794 4284 3084 4354 reliquerit.
3114 4287 3348 4342 Primum
3372 4289 3436 4343 ad

213 4375 595 4446 allegoricam
621 4378 941 4432 methodum
975 4380 1230 4446 abreptus
1257 4388 1342 4432 est
1372 4387 1607 4432 veterum
1643 4378 1945 4432 Iudaeorum
1975 4376 2242 4444 exemplo,
2272 4376 2463 4443 quibus
2498 4377 2631 4429 alius
2670 4391 2774 4429 non
2812 4377 3081 4432 arridebat
3112 4381 3435 4448 exponenda

213 4467 534 4534 Scriptura:
569 4465 787 4519 modus.
817 4466 904 4518 Ab
932 4466 1014 4520 eis
1041 4466 1223 4520 hausit
1251 4467 1444 4519 scitum
1490 4466 1641 4528 illud,
1667 4465 1895 4518 litteram
1930 4478 2046 4518 esse
2069 4465 2366 4518 divinorum
2398 4465 2720 4518 voluminum
2762 4480 2972 4534 corpus,
3000 4469 3223 4536 mystico
3253 4478 3429 4521 autem

208 4570 379 4611 sensu
412 4555 669 4609 animam
705 4554 795 4608 vel
834 4554 1082 4623 spiritum
1116 4556 1329 4609 illorum
1356 4554 1638 4608 contineri.
1663 4555 2012 4608 Admirationi
2039 4555 2085 4608 ei
2118 4565 2270 4608 erant
2293 4552 2445 4606 Philo
2471 4555 2897 4618 etAristobulus,
2925 4557 3002 4608 uti
3042 4566 3184 4624 patet
3215 4572 3244 4609 e
3266 4557 3356 4609 lib.
3381 4571 3432 4609 tv

211 4654 408 4698 contra
442 4643 689 4707 Celsum,
722 4658 878 4697 num.
918 4644 1009 4707 51,
1043 4637 1131 4698 ubi
1174 4645 1249 4697 ait
1286 4662 1299 4697 :
1339 4660 1358 4692 ι
1404 4642 1615 4696 Illorum
1643 4642 1926 4708 volumina,
1958 4652 2209 4710 quantum
2239 4642 2542 4708 conjectura
2567 4657 2888 4712 cognoscere
2909 4651 3011 4707 est,
3047 4643 3266 4696 minime
3296 4644 3429 4697 vidit

208 4730 427 4787 Celsus.
460 4732 608 4784 Nam
645 4732 737 4784 illa
771 4731 906 4784 mihi
934 4730 1182 4785 videntur
1218 4739 1453 4784 mentem
1483 4730 1875 4798 Scripturarum
1907 4740 1964 4783 ut
1988 4731 2272 4799 plurimum
2300 4732 2373 4783 ita
2402 4733 2633 4799 assequi,
2661 4739 2718 4784 ut
2742 4730 2824 4783 vel
2858 4729 3059 4784 Grazcis
3096 4732 3430 4799 philosophis

208 4820 585 4876 admirationi
608 4832 732 4874 esse
758 4821 999 4889 possint.
1035 4819 1111 4871 lbi
1143 4819 1284 4872 enim
1324 4833 1427 4870 non
1457 4818 1625 4870 solum
1679 4819 1731 4871 in
1765 4819 2017 4879 dictione.
2051 4818 2141 4871 sed
2194 4818 2356 4871 etiam
2395 4818 2447 4870 in
2484 4819 2759 4871 sententiis
2806 4826 2861 4869 et
2908 4817 3172 4884 dogmatis
3221 4818 3428 4869 videtur

209 4909 468 4967 delectus
497 4918 558 4965 et
592 4910 900 4979 diligentia,
936 4914 992 4962 et
1022 4909 1311 4976 praeclarus
1339 4921 1524 4960 eorum
1558 4906 1845 4975 Scriptura:
1887 4907 2123 4960 locorum
2152 4921 2300 4969 usus,
2331 4922 2448 4974 quae
2482 4905 2665 4960 Celsus
2690 4919 2785 4973 pro
2816 4903 3006 4955 fabulis
3044 4904 3228 4957 habet.
3260 4922 3278 4954 ι
3310 4903 3431 4968 Quo

209 5002 464 5057 encomio
495 5000 667 5071 plane
697 4998 1070 5053 confirmatur
1093 5000 1203 5051 haec
1225 4997 1406 5053 Photii
1451 4998 1517 5050 de
1566 4997 1785 5052 Philone
1836 4998 2108 5051 adnotatio
2149 4990 2400 5050 Bib’liotlt.
2425 4996 2541 5051 cod.
2570 5010 2633 5048 cv
2667 5013 2680 5047 :
2725 5011 2744 5043 ι
2780 4993 2854 5044 Ex
2898 5005 2986 5053 eo,
3019 4993 3232 5059 opinor,
3258 4994 3433 5047 omnis

212 5088 520 5159 allegorica
556 5089 874 5156 Scriptura
909 5088 1332 5153 lnterpretaudze
1368 5085 1506 5139 ratio
1536 5086 1587 5138 in
1623 5087 1912 5141 Ecclesiam
1950 5088 2186 5140 irruendi
2228 5086 2412 5140 habuit
2441 5087 2670 5139 initium.
2713 5102 2732 5135 ι
2784 5082 2985 5133 Deinde
3015 5083 3160 5147 quod
3198 5084 3274 5134 ait
3304 5082 3438 5134 Por-

212 5182 436 5251 phyrius
465 5181 622 5251 apud
659 5179 896 5240 Euseb.,
929 5176 1080 5229 Hist.
1124 5178 1268 5241 θυσίη
1312 5178 1406 5230 lib.
1443 5191 1516 5241 vr,
1546 5192 1661 5245 cap.
1695 5179 1780 5244 l9,
1815 5180 1866 5233 id
1920 5179 2049 5233 mihi
2102 5178 2163 5230 fit
2210 5180 2487 5232 admodum
2557 5173 2868 5233 verisimile,
2898 5170 3187 5238 Origeuem
3226 5183 3439 5235 nempe,

210 5283 330 5321 cum
357 5272 596 5326 assidua
646 5266 1075 5320 Platonicorum
1126 5276 1176 5316 et
1220 5266 1689 5333 Pythagoricorum
1734 5267 1961 5322 lectione
2006 5268 2321 5320 familiarem
2377 5267 2475 5320 sibi
2528 5265 2747 5317 fecisset
2810 5259 3171 5312 abstrusioris
3200 5265 3443 5307 νθιθτυιιι

209 5357 675 5427 philosophorum
713 5352 993 5408 doctrinae
1020 5349 1295 5417 allegorico
1320 5366 1483 5404 sensu
1514 5353 1923 5423 interpretanda;
1949 5356 2180 5416 modum,
2213 5355 2355 5407 illum
2382 5368 2589 5422 quoque
2622 5352 2688 5404 ad
2718 5349 3031 5402 Iudaeorum
3066 5343 3242 5394 libros
3269 5349 3453 5427 iratis-

210 5423 581 5500 tulissejﬂuc
622 5442 769 5497 adde
801 5441 955 5508 quod
992 5436 1223 5502 coniicit
1258 5440 1480 5493 lluetius
1525 5440 1827 5510 Origenian.
1862 5446 1954 5500 lib.
1987 5459 2120 5510 tt,q.
2154 5445 2238 5507 l3,
2269 5446 2331 5497 ad
2366 5445 2414 5496 id
2457 5439 2719 5495 scribendi
2754 5449 2938 5502 genus
2962 5430 3262 5516 excitatum
3291 5423 3462 5516 etiam

209 5532 371 5586 fuisse
392 5506 838 5587 Adamantium'
858 5525 1121 5591 exemplo
1148 5526 1422 5579 Metrodori
1459 5506 1822 5597 Lampsaceni,
1853 5546 2008 5598 quem
2040 5506 2221 5582 narrat
2253 5531 2506 5582 Tatianus
2539 5534 2706 5578 totum
2741 5511 3147 5598 Ilomerum‘in
3179 5506 3475 5598 alleBOl‘ii‘5_

212 5624 462 5684 traxisse.
508 5631 569 5677 et
603 5617 933 5675 Heraclidis
965 5612 1605 5691 Pontici,Homer_icarum
1642 5620 2006 5690 allegoriarum
2053 5621 2347 5687 scriptoris.
2403 5620 2662 5673 Praeterea
2711 5592 3067 5671 compertqu
3124 5602 3246 5656 est,
3289 5593 3483 5659 magni
