3878 6236
1429 405 1796 495 ιδιίΑῖεζΑτιο
1840 409 1930 463 ΑΒ
1979 409 2135 464 TUM.
2173 408 2234 465 ll.
2501 492 2509 495 _
3353 420 3419 472 se

107 463 129 512 li
158 503 273 610 ιβ
301 470 536 557 petitione
568 482 865 551 cﬂossos
896 500 992 558 ab
1030 509 1374 573 Abraham
1431 487 1623 590 μηθοέ

244 561 640 617 Αιιειιιιὶριῖῃι
704 586 763 617 oi
804 590 930 617 nua
973 600 1082 617 .-_
1389 611 1402 617 -
1485 608 1507 617 -
1569 612 1582 617 -

1874 523 2045 595 κον-ἱείς
2080 524 2322 592 traxerit,
2358 527 2446 594 qui
2508 540 2600 582 sua
2655 507 2835 581 tamen
2876 536 3032 584 aetate
3079 545 3405 598 supererant.

112 570 134 585 ι,
538 573 554 588 ,
1160 566 1374 573 -____..-
1452 566 1619 575 ..η-ν-
1755 566 1854 576 -..ι
1900 566 2045 580 τη..
2398 566 2446 580 ...
2508 566 2600 582 αι...
2656 566 2835 581 ......ν..
2876 566 3032 584 wn...
3079 566 3136 582 ο..
3179 566 3389 588 an...”

112 566 665 688 ῗξῖσδῖἓῗθίὶῖξξι
702 586 763 687 .ei
804 590 932 654 qut
973 600 1087 653 tot
1126 617 1337 663 annos
1389 566 1447 664 it:
1480 608 1661 663 Judtea
1693 566 2046 681 transegerat,
2070 623 2278 680 ignotos
2309 566 2432 670 lee
2464 630 2569 670 non
2614 615 2859 685 potuisse
2903 566 3173 684 ejusmodi
3204 620 3390 686 puteus

112 655 162 717 Mi

116 667 506 788 3:6;‘2333
529 667 868 788 ἓξὲξ-ἒξ)οᾼ
903 697 1358 788 excusatione
1401 702 1577 755 minus
1625 701 1819 770 dignus
1859 711 1941 755 est
1988 702 2268 771 Origenes,
2321 708 2460 772 quod
2504 667 2706 760 remtiu
2752 707 3035 775 propatulo
3077 709 3331 776 pdsitam,
3359 722 3412 765 ct

125 757 513 873 agminatim
541 759 809 873 nimiam,
840 779 1056 841 quasi
1091 790 1565 843 commctttitiattt
1601 806 1665 844 ac
1701 791 1943 844 lictitiam
1993 792 2325 845 traduxerit?
2354 794 2508 848 Certe
2546 795 2760 847 humilia
2790 793 2997 848 decima
3043 795 3096 848 in
3139 794 3387 850 Genesim

129 836 292 967 ἓν
327 846 482 967 Βυξεῗο
503 853 736 967 videtur
771 860 1186 967 designasse
1222 876 1572 944 Eustathius,
1596 878 1648 933 id
1684 880 1841 933 habet
1876 893 1889 929 :
1922 897 1940 929 ι
1986 879 2138 948 Sacpe
2189 881 2297 949 jam
2343 881 2451 936 dixi
2502 882 2640 951 quod
2675 884 2727 936 in
2756 882 2840 937 his
2869 897 2970 937 non
3011 883 3246 939 historia:
3285 884 3392 938 nar-

145 943 329 1035 :‘K‘Ji‘,
367 943 733 1035 sedmysteria
762 954 1266 1018 comexuntur.‘
1295 982 1315 1018 ι

193 1050 419 1133 λείψω
437 1034 657 1110 Origeni
690 1040 1152 1107 defensionem
1210 1061 1423 1125 praebet
1453 1057 1700 1123 Huctius,
1731 1073 1849 1126 quat
1885 1057 2069 1126 utique
2096 1059 2317 1125 nemini,
2355 1060 2563 1127 opinor,
2594 1061 2928 1130 probabitur.
2955 1059 3190 1129 Primus,
3216 1058 3409 1133 inquit,

166 1153 283 1210 me
306 1132 705 1201 interpretanth
729 1133 1095 1206 Scriptura
1164 1163 1393 1202 morem
1429 1165 1535 1202 non
1570 1149 1793 1202 invexit.
1828 1150 1972 1202 inter
2013 1148 2239 1214 Judtcos,
2272 1149 2656 1218 Tlterapeutas,
2703 1150 3085 1215 Aristobulum,
3130 1163 3181 1206 et
3231 1132 3411 1208 Philo~

177 1242 308 1296 mm;
356 1225 486 1280 inter
533 1226 797 1295 gentiles,
862 1229 1353 1294 ChaeremOnem
1411 1240 1674 1305 Stoicum,
1709 1241 2024 1303 Cornutum,
2066 1241 2430 1296 Metrodorum
2485 1243 2932 1313 Lampsacenum,
2986 1255 3040 1299 et
3076 1245 3409 1302 Heraclidem

193 1322 417 1384 Ponticum
444 1321 677 1388 praevius
702 1324 879 1379 duces
912 1325 1158 1384 habuit
1183 1349 1202 1397 ;
1236 1332 1384 1387 inter
1404 1334 1736 1387 Christianos
1763 1344 1889 1386 vero
1917 1334 2187 1401 apostolus
2209 1333 2403 1389 Paulus
2422 1336 2469 1389 ei
2499 1336 2761 1404 przecipue
2788 1346 2973 1390 auctor
3006 1337 3124 1403 fuit,
3155 1352 3251 1390 cur
3283 1337 3411 1395 alle-

204 1422 359 1489 goritas
387 1415 746 1483 expositiones
788 1427 1173 1477 sectaretur.
1212 1425 1383 1480 Docte
1408 1426 1621 1493 quidem
1660 1426 1771 1479 haec
1801 1425 2001 1488 omnia,
2026 1426 2119 1479 sed
2150 1438 2249 1478 non
2275 1426 2501 1479 advertit
2524 1427 2744 1480 lluetius
2778 1444 2881 1480 non
2924 1429 2973 1481 id
3018 1429 3180 1497 quaeri
3232 1437 3406 1481 utrum

205 1512 370 1579 primus
394 1509 539 1563 hunc
593 1523 808 1563 morem
858 1510 1177 1570 invexerit
1228 1516 1515 1586 Origenes,
1544 1519 1640 1571 sed
1695 1528 1869 1570 utrum
1911 1532 2027 1571 mos
2080 1518 2178 1571 iste
2229 1519 2394 1572 bonus
2422 1519 2491 1572 sit
2521 1528 2575 1573 et
2603 1523 2902 1573 sectandus.
2945 1520 3407 1589 Supervacaneum

204 1602 336 1670 igitur
365 1610 448 1657 est
472 1601 751 1672 gentilium
784 1610 843 1657 et
877 1601 1236 1661 Judmorum
1270 1608 1595 1675 exemplum,
1629 1609 1729 1663 nisi
1760 1598 1971 1662 veritati
2000 1619 2412 1664 consentaneum
2446 1612 2858 1665 demonstretur.
2893 1612 2971 1665 Ad
3022 1612 3241 1665 Paulum
3271 1612 3410 1681 quod

202 1696 393 1761 attinet,
424 1694 724 1764 allegorica
748 1695 981 1763 quidem
1023 1700 1301 1755 methodo
1325 1701 1697 1755 auctoritatem
1721 1702 1991 1765 conciliat,
2007 1702 2098 1756 sed
2130 1718 2231 1755 non
2255 1717 2339 1768 eo,
2365 1719 2468 1771 quo
2500 1703 2583 1756 illa
2610 1704 2806 1757 abusus
2832 1711 2911 1757 est
2935 1704 3210 1771 Origenes,
3235 1707 3408 1759 modo.

195 1786 370 1854 Neque
404 1793 548 1842 enim
578 1789 778 1859 ﬁguras
811 1789 868 1842 in
918 1795 1087 1845 omni
1135 1801 1251 1846 tum
1295 1793 1470 1848 Veteri
1527 1804 1633 1847 tum
1692 1794 1842 1848 Novo
1891 1793 2231 1848 Testamento
2276 1797 2677 1859 consectandas,
2730 1811 2827 1850 nec
2877 1795 3156 1848 litteralem
3197 1810 3409 1848 sensum

197 1879 392 1943 uspiam
442 1880 872 1949 proculcaudum
896 1892 954 1935 et
979 1886 1452 1939 contemnendum
1480 1901 1596 1939 esse
1637 1886 1791 1940 docet
1817 1884 2116 1955 Apostolus.
2141 1886 2222 1941 Sit
2252 1889 2408 1957 igitur
2439 1890 2548 1942 lucc
2573 1900 2748 1941 nostra
2780 1889 3071 1951 conclusio,
3095 1902 3213 1941 cum
3239 1888 3348 1957 jam
3378 1902 3410 1939 a

196 1966 368 2021 multis
402 1971 567 2024 anuis
594 1972 640 2024 is
678 1986 799 2024 mos
829 1972 1164 2037 invulnerit,
1196 1982 1259 2026 ut
1289 1975 1379 2041 qui
1433 1975 1658 2042 alicujus
1680 1976 1919 2029 auctoris
1968 1991 2147 2044 opera
2176 1978 2227 2029 in
2283 1976 2457 2030 lucem‘
2484 1977 2789 2045 prdferunt,
2815 1991 2957 2039 eum,
2985 1984 3238 2045 quantum
3271 1978 3322 2030 itt
3354 1993 3412 2033 se

195 2063 383 2122 est,ab
416 2062 680 2130 itnpac‘tis
705 2064 1039 2118 criminibus
1089 2065 1345 2133 liberent,
1373 2082 1436 2121 eo
1470 2081 1681 2135 quoque
1710 2082 1858 2120 more
1899 2068 2073 2136 abripi
2117 2083 2176 2122 se
2218 2083 2426 2136 passum
2469 2084 2587 2123 esse
2626 2068 2892 2131 Huetium,
2939 2069 3088 2135 cujus
3136 2071 3179 2123 si
3231 2070 3412 2123 irritus

148 2204 149 2207 η
196 2162 422 2206 conatus
457 2151 585 2217 fuit,
623 2168 731 2207 non
762 2156 815 2207 id
860 2154 1160 2223 imperitia:
1198 2157 1328 2209 vitio
1363 2172 1468 2223 quo
1505 2171 1609 2209 non
1637 2155 1902 2210 laboravit
1929 2156 2273 2210 doctissimus
2319 2158 2527 2225 praesul,
2578 2156 2912 2213 tribuendum
2950 2168 3052 2224 est,
3089 2158 3179 2212 sed
3217 2157 3409 2214 intole-

197 2241 368 2295 randis
413 2242 682 2311 Origenis
711 2247 1058 2312 excessibus,
1089 2247 1181 2316 qui
1208 2245 1433 2299 omnino
1466 2245 1569 2313 tegi
1595 2254 1650 2298 et
1674 2244 1993 2299 dissimulari
2022 2260 2123 2298 non
2154 2255 2456 2314 potuerunt.

256 2352 344 2406 IX.
393 2356 698 2426 Origenetn
730 2376 852 2433 post
879 2375 1095 2419 tantum
1117 2365 1283 2419 animi
1311 2363 1393 2420 sui
1426 2364 1480 2417 in
1508 2362 1785 2430 Scriptura
1809 2378 1963 2416 sacra
1981 2362 2263 2431 allegorice
2289 2364 2594 2428 exponenda
2617 2362 3096 2430 intemperantiam,
3129 2361 3410 2416 multormn

199 2455 430 2500 censura
458 2460 713 2507 vexatum
735 2454 904 2511 fuisse
931 2458 1071 2511 nihil
1102 2458 1320 2510 mirum.
1351 2456 1487 2510 illud
1514 2455 1681 2521 magis
1720 2457 1961 2508 demiror
1989 2456 2258 2522 quomodo
2285 2470 2347 2506 ea
2379 2457 2430 2506 in
2469 2470 2533 2508 re
2573 2454 2881 2510 defensores
2925 2456 3121 2510 habere
3160 2455 3408 2522 potuerit.

202 2528 247 2583 ltl
274 2537 487 2592 saltem
512 2541 585 2595 iis
608 2545 804 2611 quibus
837 2546 1005 2612 prisci
1040 2545 1229 2600 Patres
1250 2544 1583 2599 venerationi
1611 2553 1758 2609 sunt,
1785 2543 1980 2597 solatio
2018 2552 2106 2597 est
2133 2582 2147 2606 ,
2173 2545 2313 2610 quod
2340 2559 2472 2611 quos
2504 2544 2791 2610 antiquitas
2815 2544 2983 2609 magis
3006 2544 3411 2604 commendavit,

209 2619 239 2673 ii
263 2639 460 2693 aperte
492 2634 811 2702 acriterque
842 2639 895 2691 in
951 2638 1104 2691 illum
1149 2638 1563 2701 insurrexerint,
1601 2636 1895 2707 repudiatis
1923 2635 2038 2689 fere
2066 2636 2311 2689 omnibus
2352 2644 2473 2702 qua?
2501 2637 2552 2688 in
2597 2637 2711 2702 ejus
2749 2636 2993 2689 methodo
3047 2636 3214 2705 magis
3255 2636 3412 2688 noxia

211 2716 476 2779 ‘itleutur.
508 2728 842 2785 Eustathius
880 2733 938 2785 in
975 2746 1225 2786 sermone
1245 2731 1323 2785 De
1369 2730 1710 2799 ventriloqua.
1733 2732 1797 2783 de
1826 2744 1891 2783 eo
1921 2730 2003 2784 sic
2038 2728 2299 2796 loquitur:
2320 2728 2451 2793 (Qui
2494 2729 2672 2781 onmia
2711 2727 3000 2795 Scriptura:
3031 2730 3185 2781 verba
3216 2728 3414 2793 allego-

213 2801 289 2858 riis
305 2826 606 2879 exponere
648 2832 820 2870 ausus
852 2826 962 2881 est,
998 2819 1100 2872 hoc
1127 2818 1297 2872 solum
1324 2819 1390 2871 ad
1424 2818 1652 2873 litteram
1685 2816 1894 2871 tradere
1937 2832 2040 2871 non
2069 2815 2352 2870 erubescit.
2378 2816 2625 2881 Quinimo
2670 2817 2738 2869 de.
2781 2817 3047 2883 paradiso,
3078 2831 3233 2883 quem
3276 2817 3416 2872 Deus

218 2888 258 2944 iu
280 2897 456 2956 Edent
488 2906 859 2973 plantaverat,
886 2910 1052 2964 verba
1084 2908 1312 2972 faciens,
1348 2923 1552 2962 necnon
1581 2924 1683 2975 qua
1719 2907 1927 2960 ratione
1974 2907 2113 2975 ligna
2157 2905 2432 2960 fructifera
2456 2905 2836 2975 germinarunt,
2880 2921 3131 2960 enarrare
3181 2914 3413 2968 tentaus.

192 2977 343 3046 iltter
373 2998 489 3049 alia
518 3000 762 3053 subdidit
804 3017 820 3054 :
860 3000 996 3055 Cum
1029 3012 1253 3070 tegentes
1292 3017 1323 3053 α
1354 3001 1568 3068 fabulis,
1608 3003 1837 3068 serieque
1870 3015 1986 3068 qua:
2014 3000 2293 3051 secundum
2323 2998 2546 3050 litteram
2585 3007 2680 3062 est,
2719 2998 2886 3064 gradu
2916 2998 3055 3065 facta
3083 2997 3411 3050 ascendimus

150 3088 236 3129 εει
272 3096 532 3149 quisnam
570 3085 667 3137 illa
691 3087 836 3155 ligna
869 3084 1001 3151 sint,
1041 3102 1155 3155 quis
1200 3086 1337 3138 Deus
1358 3087 1500 3149 colit,
1528 3093 1829 3153 querimus,
1865 3087 2084 3139 dicimus
2109 3086 2164 3139 in
2193 3100 2251 3138 ea
2289 3084 2403 3137 loco
2434 3085 2594 3154 ligna,
2631 3102 2746 3155 qua:
2773 3102 2925 3139 sensu
2968 3087 3132 3152 accipi
3173 3096 3413 3153 possunt,

166 3182 307 3222 mea
337 3174 583 3239 reperiri.
616 3175 742 3228 llaec
765 3192 894 3231 cum
930 3191 1031 3243 per
1057 3176 1466 3230 translationem
1493 3184 1745 3243 exponat,
1775 3191 1878 3228 non
1912 3177 2091 3229 horret
2123 3173 2332 3228 fabulas
2375 3175 2661 3243 appellare,
2695 3192 2815 3243 quae
2851 3175 2990 3229 Deus
3033 3186 3208 3230 creata
3239 3174 3413 3242 perfe-

184 3255 347 3310 cisse
386 3260 643 3324 traditur,
674 3262 1081 3331 fidissimosque
1117 3262 1234 3327 ejus
1266 3276 1455 3317 servus
1510 3261 1720 3330 Moyses
1743 3263 1956 3329 scriptis
1983 3264 2338 3331 cunsignavit.
2377 3264 2443 3317 Et
2481 3278 2545 3318 ex
2590 3267 2853 3331 opposito,
2904 3278 2965 3316 ea
3000 3280 3119 3332 qua:
3154 3264 3326 3317 fabula
3357 3263 3411 3317 in

190 3359 407 3401 «entre
443 3347 664 3417 eiliugit,
691 3362 744 3405 et
765 3352 1003 3406 obscure
1036 3352 1269 3414 insomt,
1301 3367 1363 3406 ac
1408 3351 1453 3406 si
1503 3352 1749 3420 dogmata
1781 3363 1984 3412 essent,
2020 3360 2410 3420 programmate
2452 3351 2673 3414 stabilit,
2713 3366 2834 3404 vera
2866 3364 2984 3403 esse
3016 3352 3410 3405 demonstrans.

222 3438 293 3489 Et
326 3440 495 3493 verba
522 3442 947 3511 engastrimythi
970 3457 1009 3492 a
1033 3440 1236 3508 Spiritu
1263 3451 1454 3493 sancto
1477 3439 1677 3493 dictata
1708 3444 2057 3503 contendens,
2101 3455 2184 3505 ea,
2222 3450 2279 3493 ut
2331 3440 2431 3494 sibi
2464 3442 2672 3495 videtur
2723 3442 2997 3495 ascribens
3042 3441 3149 3493 vult
3195 3442 3413 3497 immota

227 3540 568 3593 permanere,
629 3535 831 3588 divisis
862 3548 993 3586 vero
1020 3532 1256 3588 oraculis
1286 3549 1314 3585 a
1344 3532 1526 3602 Moyse
1561 3533 1767 3585 traditis
1796 3532 2085 3586 fabularum
2119 3533 2330 3587 nomine
2362 3533 2623 3603 insignitis
2660 3538 2872 3587 sensum
2904 3535 3139 3597 invertit,
3186 3534 3413 3590 litterae-

224 3630 337 3682 que
369 3623 639 3676 traditioni
668 3640 772 3679 non
806 3625 923 3681 vult
958 3635 1015 3678 ut
1041 3627 1166 3695 quis
1192 3626 1428 3679 animum
1460 3626 1719 3681 intendat.
1744 3624 1933 3678 Nonne
1963 3627 2087 3679 item
2117 3627 2181 3678 ad
2208 3627 2475 3679 Abraham
2503 3636 2689 3694 puteos
2713 3624 2956 3690 effossos,
2996 3626 3203 3694 aliaque
3230 3628 3295 3679 ad
3323 3642 3417 3683 eos

220 3708 582 3774 pertinentia,
612 3711 887 3781 allegoriis
925 3714 1165 3779 exponit,
1197 3722 1451 3781 tantaque
1481 3726 1789 3765 sermonum
1829 3714 1978 3778 copia
2025 3713 2077 3764 in
2127 3713 2444 3766 immensum
2485 3722 2781 3780 protracta,
2809 3727 2966 3767 onme
3011 3714 3077 3766 de
3117 3715 3224 3767 illis
3249 3730 3414 3784 nego-

224 3797 365 3850 tium
398 3799 730 3856 disterminat
764 3801 823 3855 in
873 3802 1042 3856 alium
1077 3818 1293 3856 sensum
1323 3800 1663 3864 translatum,
1691 3800 1816 3854 licet
1859 3801 1929 3851 ad
1971 3802 2084 3854 haec
2110 3814 2277 3867 usque
2305 3809 2551 3868 tempora
2578 3802 2632 3853 in
2674 3800 2890 3869 regione
2921 3801 3008 3854 illa
3041 3803 3210 3857 oculis
3242 3805 3418 3857 adhuc

220 3888 667 3954 conspiciantur!
691 3890 881 3945 Nonne
907 3890 1059 3945 lsaac
1080 3897 1134 3944 et
1160 3889 1419 3943 Rebeccae
1450 3902 1537 3941 res
1568 3897 1749 3957 gestas
1769 3887 2085 3950 immolavit,
2116 3888 2348 3949 inaures,
2375 3897 2426 3941 et
2477 3888 2736 3951 armillas,
2775 3902 3047 3942 sermones
3075 3905 3193 3945 esse
3224 3905 3417 3947 aureos

214 3976 437 4040 dicens,
465 3990 518 4034 et
542 3982 854 4037 universum
882 3983 1120 4051 denique
1165 3990 1543 4048 argumentum
1595 3995 1692 4048 per
1716 3980 1823 4033 vim
1866 3980 2169 4040 distortum,
2197 3979 2265 4032 ad
2313 3992 2374 4031 ea
2404 3991 2521 4047 quas
2558 3980 2739 4033 animo
2782 3989 3073 4034 cernuntur
3114 3990 3168 4035 et
3211 3981 3417 4036 ratione

215 4064 601 4137 intelliguntur
636 4075 974 4136 traductum,
1007 4070 1444 4126 cavillationibus
1474 4069 1818 4138 deturpavit?
1849 4086 1871 4120 ι
1901 4068 1969 4121 Et
2011 4076 2287 4136 postquam
2314 4067 2417 4121 alia
2447 4067 2708 4135 eiusmodi
2753 4067 2996 4135 exempla
3047 4070 3287 4137 protulit,
3338 4070 3420 4125 sic

212 4158 440 4226 pergit:
470 4178 488 4209 ι
516 4161 649 4225 Quid
684 4163 811 4215 inde
839 4175 981 4229 opus
1011 4169 1094 4213 est
1122 4159 1262 4212 ultra
1298 4156 1587 4227 progredi?
1632 4156 1844 4220 Omnia,
1879 4164 1938 4209 ut
1962 4155 2131 4209 verbo
2153 4156 2451 4223 expediam,
2479 4154 2750 4223 ailegoriis
2789 4165 2841 4210 et
2873 4157 3174 4213 nominibus
3200 4160 3416 4213 desum-

213 4245 341 4304 Ns
366 4251 616 4317 exponit,
641 4265 824 4305 rerum
856 4256 1177 4319 argutuenta
1207 4249 1275 4301 de
1302 4246 1478 4301 medio
1505 4246 1638 4299 tollit
1664 4260 1681 4298 :
1706 4259 1878 4312 neque
1908 4245 2033 4299 illud
2061 4245 2379 4312 percipiens,
2411 4245 2609 4299 multas
2630 4258 2751 4301 esse
2779 4246 3043 4313 iustorum
3092 4257 3146 4301 et
3191 4248 3421 4319 injusto-

216 4341 350 4383 rum
382 4335 597 4389 easdem
625 4336 1114 4399 denominatioues,
1138 4346 1313 4402 neque
1341 4333 1458 4386 fieri
1490 4346 1666 4400 posse,
1691 4341 1748 4386 ut
1773 4332 1996 4386 diversae
2020 4333 2141 4385 vita:
2164 4332 2400 4387 rationes
2437 4334 2504 4386 ab
2532 4348 2636 4386 uno
2666 4335 2881 4388 nomine
2926 4338 3175 4392 similiter
3220 4340 3420 4408 dijudi—

217 4429 459 4475 centun
490 4423 577 4477 Est
609 4424 774 4480 ludas
808 4425 1080 4495 proditor,
1116 4431 1202 4478 est
1224 4431 1279 4477 et
1303 4421 1445 4476 alter
1479 4419 1644 4475 ludas
1684 4420 1993 4487 apostolus;
2045 4419 2128 4474 vel
2167 4436 2381 4475 rursum
2423 4420 2709 4476 Zacharias
2745 4437 2835 4476 rex
2883 4423 3288 4493 injustissimus,
3337 4441 3418 4484 est

217 4506 533 4567 Zacharias
551 4516 683 4570 alter
710 4518 994 4585 primi-ets.
1028 4515 1101 4569 Et
1128 4515 1301 4583 quiin
1335 4514 1553 4567 fornace
1580 4512 1715 4582 ignis
1742 4512 1970 4579 injectus
2006 4521 2110 4576 est,
2152 4513 2387 4568 Anauias
2418 4514 2726 4580 vocabatur,
2775 4517 2866 4569 sed
2911 4517 3047 4571 alter
3093 4531 3175 4574 est
3226 4533 3421 4591 praeter

223 4597 392 4673 hunc
411 4604 777 4679 Ananias,uqui
810 4609 1117 4663 Ecclesium
1151 4603 1642 4675 persequebatur...
1669 4605 1834 4673 Igitur
1853 4606 1900 4660 si
1938 4605 2157 4660 nomine
2193 4620 2281 4659 res
2312 4605 2439 4674 ipsa:
2458 4607 2856 4671 discernuntur,
2884 4610 2976 4676 qui
3013 4612 3280 4668 similibus
3310 4626 3418 4669 tro-

228 4688 483 4758 POlogiis
507 4695 828 4759 incumbunt,
850 4697 1043 4750 dicant
1071 4709 1175 4763 qua
1211 4694 1473 4749 methodo
1507 4694 1748 4750 diversas
1781 4695 2032 4750 scientias
2064 4703 2155 4747 aut
2178 4694 2297 4747 vitm
2324 4695 2557 4750 rationes
2583 4711 2651 4749 ex
2674 4697 2859 4750 eodem
2887 4700 3099 4754 nomine
3122 4701 3421 4769 explicant?

229 4771 400 4831 Iulli
437 4781 634 4837 scilicet
658 4785 706 4838 in
741 4786 885 4839 hunc
918 4784 1061 4837 diem
1091 4782 1492 4852 progenitorum
1521 4791 1615 4835 aut
1643 4783 2020 4850 prephetarum
2049 4782 2355 4836 nominibus
2389 4784 2624 4848 insigniti
2655 4784 2821 4838 Judaei
2872 4784 2959 4853 jus
2994 4787 3198 4842 violant
3224 4799 3280 4843 et
3321 4792 3422 4846 im-

231 4868 334 4934 pie
362 4871 571 4927 vivunt.
603 4873 741 4931 Multi
773 4878 901 4930 item
928 4884 985 4930 et
1016 4876 1154 4944 apud
1180 4876 1411 4946 gentiles
1437 4872 1581 4927 Petri
1638 4885 1692 4929 et
1736 4874 1888 4927 Pauli
1924 4877 2212 4942 nuncupati
2245 4875 2449 4930 nefarie
2495 4892 2609 4932 rem
2641 4895 2791 4933 suam
2831 4893 3089 4949 gerunt...
3140 4882 3250 4937 Hac
3287 4883 3422 4936 dun-

235 4962 407 5013 taxat
429 4962 665 5018 methodo
683 4980 750 5019 ex
782 4978 935 5019 mre
968 4964 1146 5017 omnia
1176 4963 1376 5032 ubique
1402 4961 1677 5030 allegoriis
1704 4961 2012 5024 inferciens,
2047 4969 2249 5013 tantum
2277 4964 2687 5033 engastrimythi
2710 4964 2868 5019 verba
2901 4964 3128 5033 ﬁgurate
3157 4968 3426 5023 extricare

241 5060 373 5102 non
400 5056 588 5119 puniit,
626 5070 793 5124 neque
831 5058 951 5125 ipsa
991 5068 1166 5107 rerum
1197 5062 1475 5124 gestarum
1508 5053 1885 5121 consequentia
1936 5053 1987 5104 in
2021 5053 2188 5105 lucem
2223 5052 2464 5108 veritatis
2493 5054 2752 5121 proferre.
2794 5073 2813 5105 ι
2846 5052 3007 5108 Vides
3046 5059 3114 5110 ab
3149 5056 3429 5112 Eustathiu

256 5142 433 5207 carpi
457 5151 508 5195 et
530 5145 711 5200 acriter
737 5143 1071 5212 reprehendi
1107 5141 1421 5211 Origenem,
1446 5139 1592 5208 quod
1616 5139 1895 5197 litteralem
1921 5155 2133 5196 sensum
2157 5142 2389 5207 aboleat,
2415 5152 2469 5197 et
2500 5144 2694 5213 figuras
2722 5146 2919 5209 ubique
2949 5147 3225 5213 exquirat.

352 5250 524 5319 Idem,
559 5258 708 5310 tacito
739 5266 921 5310 tamen
963 5252 1082 5316 eius
1129 5254 1369 5313 nomine,
1401 5251 1473 5303 de
1514 5250 1607 5302 illo
1645 5250 1865 5319 ejusque
1896 5251 2118 5305 asseclis‘
2149 5250 2407 5318 judicium
2456 5253 2575 5305 tulit
2622 5252 2851 5305 Basilius
2885 5251 3121 5304 immitia
3166 5253 3328 5304 tertia
3384 5253 3439 5303 in

274 5338 625 5403 ﬂexaememn
650 5344 796 5403 imm,
820 5348 880 5403 9,
919 5361 941 5394 ι
972 5344 1305 5409 Quinetiam,
1345 5340 1546 5409 inquit,
1581 5340 1771 5408 aliquis
1805 5343 1955 5398 nobis
1996 5343 2252 5397 adversus
2303 5344 2697 5399 ecclesiasticos
2741 5330 3009 5409 quosdam
3044 5341 3336 5405 scriptores
3377 5342 3444 5391 de

273 5437 518 5495 discretis
552 5443 697 5510 aquis
732 5438 1027 5495 habendus
1069 5441 1148 5488 est
1189 5446 1365 5488 sermo
1405 5449 1421 5484 :
1454 5432 1545 5499 qui
1581 5444 1845 5502 anagoges
1865 5443 1919 5488 et
1950 5433 2276 5489 subiimloris
2320 5433 2683 5504 intelligentiae
2712 5431 2933 5520 nomine
2968 5426 3344 5520 confusam“:

282 5527 569 5599 allegorias,
598 5504 741 5584 adeo
790 5536 851 5579 ut
899 5521 1168 5590 spiritales
1200 5529 1252 5576 et
1299 5523 1645 5588 incorporeas
1678 5522 1909 5578 virtutes
1957 5533 2202 5577 asserant
2249 5537 2345 5590 per
2393 5537 2560 5589 aquas
2596 5519 2806 5585 tropice
2845 5509 3229 5579 significari..

282 5592 431 5688 pm},
458 5592 719 5677 sermones
761 5615 955 5680 veluti,
980 5613 1298 5666 somniorum
1330 5612 1802 5679 interpretationes
1843 5625 1900 5668 et
1931 5616 2103 5669 aniles
2128 5614 2335 5668 fabulas
2373 5611 2701 5677 rejicientes,
2739 5615 2961 5668 aquam,
3014 5592 3474 5688 aquam-dwelli-

281 5676 560 5783 gautus,“
599 5676 973 5771 secretionetu
1008 5717 1042 5756 a
1085 5703 1409 5759 ﬁrmamento
1444 5700 1636 5759 factam
1668 5704 1826 5772 juxta
1875 5707 2087 5761 allatam
2130 5705 2391 5759 rationem
2426 5700 2825 5764 accipiamus.)
2872 5687 2998 5740 item
3066 5676 3290 5732 homllla
3330 5692 3478 5730 nona
