3878 6206
484 337 553 394 :9
1670 329 1861 385 eum
1877 325 2030 384 Αἰίυ
2069 329 2157 382 an
2191 329 2347 382 't'on.
2386 331 2451 382 ιι.
3565 339 3626 394 ω

483 455 532 507 in
560 449 810 503 Hexaem.
878 462 1020 500 num.
1048 446 1072 497 l
1105 449 1173 498 τ’(
1202 443 1330 496 Novi
1375 441 1518 510 leges
1564 440 1851 510 allegoriae,
1898 443 2105 496 etiamsi
2147 457 2235 496 eas
2284 457 2384 495 non
2426 457 2490 496 ex
2533 455 2616 495 me
2652 442 2766 510 ipso
2807 441 3183 509 excogitarim,
3217 447 3305 498 sed
3338 448 3386 500 in
3417 449 3626 504 aliorum

477 539 752 593 lnciderim
827 537 1056 590 labores.
1099 536 1239 600 Quas
1282 532 1675 599 Scripturarum
1722 544 2031 583 communes
2081 530 2322 583 notiones
2366 531 2453 596 qui
2506 545 2609 583 non
2663 531 2993 600 suscipiunt,
3041 546 3254 599 aquam,
3301 551 3401 589 non
3444 545 3625 606 aquam

479 627 683 690 dicunt,
723 625 814 678 sed
853 625 1010 676 aliam
1068 622 1352 690 quamdam
1385 628 1654 680 naturam,
1696 626 1750 669 et
1785 618 2042 684 plantam,
2083 627 2136 670 et
2177 621 2395 684 piscem,
2429 620 2720 670 secundum
2762 634 2911 672 suam
2950 619 3180 686 ipsorum
3211 624 3522 677 sententiam
3552 626 3630 678 iu-

479 723 858 782 terpretautur.
894 713 1196 778 Quinetiam
1231 709 1492 777 reptilium
1542 717 1594 760 et
1638 721 1893 774 pecorum
1933 706 2330 772 generationem
2375 704 2439 756 ad
2484 713 2608 758 suas
2650 704 2933 772 allegorias
2983 705 3246 759 detortam
3283 709 3498 772 perinde
3539 727 3623 764 ex-

477 810 714 870 ponunt,
760 812 816 854 ut
849 803 1062 870 quidam
1115 816 1294 854 rerum
1346 812 1465 852 sese
1511 797 1881 866 imaginationi
1937 795 2306 862 ohjicientium
2369 794 2710 861 interpretes,
2755 794 2846 862 qui
2884 810 3011 848 suas
3063 796 3524 863 interpretationes
3566 802 3628 855 ad

477 893 750 958 proprium
785 907 1000 960 scopum
1049 892 1470 946 accommodant.
1501 889 1610 958 Ego
1653 903 1775 941 vero
1810 903 1930 940 eum
1965 887 2165 941 foenum
2206 886 2384 948 audio,
2425 885 2626 938 frenum
2671 886 2928 954 intelligo,
2959 897 3012 939 et
3040 887 3294 954 plantam,
3323 898 3375 940 et
3408 890 3625 956 piscem,

476 991 529 1036 et
569 983 815 1047 bestiam,
845 993 902 1036 et
931 998 1114 1051 pecus,
1143 983 1326 1037 omnia
1364 981 1438 1034 uti
1476 982 1614 1034 dicta
1653 989 1778 1033 sunt
1803 980 1880 1033 sic
1913 980 2175 1048 accipio.»
2213 979 2274 1030 Et
2305 978 2463 1045 paulo
2511 989 2667 1046 post:
2706 996 2725 1028 ι
2755 979 2938 1032 Nonne
2983 981 3158 1046 potius
3199 981 3244 1033 ei
3290 981 3480 1034 dedero
3523 985 3628 1050 glo-

475 1074 608 1126 riam
659 1075 747 1142 qu'i
781 1085 1008 1129 mentem
1047 1085 1277 1128 nostram
1311 1074 1366 1127 in
1401 1088 1580 1127 rerum
1606 1087 1865 1125 vanarum
1899 1071 2248 1139 occupatione
2293 1086 2397 1124 non
2433 1070 2681 1133 detinuit,
2724 1071 2812 1123 sed
2838 1071 3016 1124 omnia
3045 1071 3111 1123 ad
3151 1070 3552 1125 aedificationem
3581 1081 3632 1126 et

480 1165 860 1232 perfectionem
906 1168 1206 1220 animarum
1238 1175 1538 1220 nostrarum
1580 1167 1842 1220 conscribi
1893 1164 2104 1218 sanxit?
2137 1164 2190 1216 Id
2239 1167 2375 1230 quod
2409 1163 2620 1229 quidam
2676 1165 2800 1216 mihi
2847 1164 3094 1216 videnlur
3137 1178 3239 1216 non
3275 1163 3626 1224 intellexisse;

474 1254 564 1322 qui
595 1255 929 1322 captionibus
965 1255 1278 1322 quibusdam
1312 1261 1471 1319 atque
1513 1253 1817 1322 trepologiis
1842 1267 1908 1307 ex
1943 1266 2038 1304 suo
2073 1253 2305 1318 ipsorum
2351 1251 2562 1318 ingenio
2591 1251 2787 1318 aliquid
2829 1251 3121 1319 Seripturis
3149 1254 3419 1305 asciscere
3447 1265 3629 1306 aucto-

474 1342 652 1395 ritatis
691 1343 867 1395 conati
905 1353 1050 1396 sunt.
1080 1342 1274 1394 Verum
1308 1341 1355 1392 id
1388 1341 1436 1394 ei
1470 1341 1745 1408 competit,
1775 1339 1862 1406 qui
1897 1338 2126 1405 seipsum
2162 1338 2393 1405 Spiritus
2428 1339 2595 1390 sancti
2641 1340 2872 1392 oraculis
2907 1339 3188 1392 constituit
3229 1340 3630 1405 sapientiorem,

473 1431 669 1497 quique
724 1430 1180 1496 interpretationis
1232 1437 1491 1496 praetextu
1523 1437 1818 1482 commenta
1852 1441 1946 1480 sua
1981 1425 2204 1479 inducit.
2243 1426 2363 1480 Uzee
2408 1426 2603 1493 itaque,
2638 1428 2777 1480 sicut
2809 1432 3006 1495 scripta
3041 1437 3168 1480 sunt
3219 1428 3626 1495 intelligantur.»

473 1517 682 1572 Rursus
727 1519 912 1572 homil.
939 1519 972 1570 2
1007 1519 1060 1571 ἰη
1105 1518 1357 1572 Hexaem.
1419 1534 1563 1571 num.
1592 1516 1665 1570 5:
1703 1535 1720 1566 ι
1751 1517 1974 1570 Omnem
2006 1515 2167 1582 igitur
2205 1516 2729 1581 interpretationem,
2775 1517 2942 1584 tropis
2982 1525 3037 1568 et
3073 1515 3343 1585 allegoriis
3385 1527 3629 1571 constan-

476 1619 605 1672 tem,
640 1609 690 1660 in
719 1610 1003 1674 praesentia
1039 1610 1525 1677 praetermittentes,
1567 1608 1905 1661 tenebrarum
1945 1609 2212 1661 notionem
2242 1606 2559 1674 simpliciter
2583 1617 2637 1661 et
2665 1610 2798 1662 citra
2833 1609 3223 1676 curiositatem,
3251 1624 3462 1663 sensum
3493 1608 3631 1664 Scri-

475 1704 643 1764 ptura;
675 1699 863 1762 secuti,
892 1701 1236 1768 accipiamus.
1265 1720 1282 1752 »

543 1789 898 1857 Allegoricam
940 1791 1188 1860 Origenis
1217 1793 1437 1860 ejusque
1472 1791 1779 1858 sequacium
1836 1791 2142 1845 methode
2177 1790 2374 1844 diserte
2414 1790 2571 1843 etiam
2617 1790 2858 1846 confutat
2887 1793 3302 1862 Chrysostomus
3331 1792 3543 1846 homilia
3577 1792 3632 1846 l5

476 1879 530 1933 in
585 1881 854 1944 Geuesim,
897 1891 1025 1935 tom.
1048 1882 1111 1935 IV
1145 1898 1269 1936 nov.
1322 1884 1452 1946 edi.,
1486 1897 1608 1950 pag.
1655 1882 1753 1934 1οΞ
1792 1891 1845 1935 et
1875 1883 2000 1940 105.
2033 1882 2124 1935 ubi
2189 1881 2300 1936 ait:
2339 1900 2355 1932 ι
2387 1881 2493 1936 Iloc
2539 1886 2657 1938 loco
2687 1884 2834 1946 illud,
2865 1883 3117 1950 plantavit
3140 1883 3206 1947 ³⁸,
3238 1884 3316 1936 sic
3348 1882 3632 1951 intelligen-

475 1971 621 2035 dum,
661 1972 866 2025 scilicet
893 1972 1064 2040 ipsum
1096 1974 1386 2041 imperasse
1424 1984 1480 2026 ut
1514 1975 1790 2040 paradisus
1827 1974 1879 2026 in
1911 1983 2053 2026 terra
2090 1975 2271 2026 fieret.
2301 2014 2316 2028 .
2342 2010 2358 2026 .
2382 2009 2396 2024 .
2424 1974 2544 2028 ldeo
2573 1976 2734 2028 etiam
2767 1975 2869 2028 loci
2923 1990 3113 2028 nomen
3159 1974 3315 2028 affert
3351 1973 3550 2041 Moyses
3583 1973 3630 2024 in

475 2055 796 2124 Scripturis,
828 2071 886 2112 ut
926 2072 992 2112 ne
1023 2058 1211 2113 liceret
1238 2058 1432 2112 frustra
1475 2061 1662 2127 nugari
1705 2059 2002 2112 volentibus
2034 2059 2416 2126 simpliciorum
2462 2059 2679 2113 auribus
2724 2060 3020 2127 imponere,
3057 2061 3340 2127 dicereque
3380 2073 3481 2112 non
3526 2072 3634 2111 esse

475 2147 526 2201 in
567 2158 702 2201 terra
743 2148 1071 2215 paradisum,
1113 2148 1206 2202 sed
1243 2148 1294 2200 in
1329 2148 1484 2213 cmlo,
1518 2157 1571 2201 et
1604 2147 1810 2202 fabulas
1851 2148 2156 2214 huiusmodi
2197 2151 2480 2203 somniare.
2527 2147 2660 2201 Nam
2701 2149 2746 2202 si
2789 2164 2912 2202 cum
2956 2151 3136 2203 divina
3177 2149 3451 2216 Scriptura
3495 2155 3633 2200 tanta

473 2251 570 2289 usa
605 2238 673 2288 sit
707 2237 987 2290 verborum
1022 2236 1382 2301 accuratione,
1431 2249 1533 2288 non
1570 2235 1876 2288 dubitarunt
1909 2243 2085 2316 tamen
2127 2237 2346 2303 quidam
2386 2238 2451 2288 de
2481 2234 2724 2289 facundia
2773 2252 2894 2300 sua,
2944 2251 3151 2290 necnon
3194 2237 3258 2288 de
3312 2232 3638 2308 philosophia

473 2325 683 2379 exotica
734 2324 896 2376 altum
938 2325 1228 2391 sapientes,
1269 2324 1496 2377 adversa
1535 2323 1826 2391 Scripturis
1871 2324 2041 2392 loqui.
2089 2335 2142 2377 et
2175 2325 2356 2378 dicere
2391 2324 2696 2393 paradisum
2737 2325 2790 2377 in
2839 2334 2986 2378 terra
3033 2340 3138 2379 non
3190 2339 3332 2389 esse,
3374 2322 3632 2389 multaque

473 2413 577 2468 alia
611 2423 805 2482 praeter
837 2428 894 2467 ea
929 2428 1046 2480 qua:
1078 2414 1219 2467 dicta
1255 2420 1376 2467 sunt
1423 2413 1750 2481 adoptantes,
1785 2421 1970 2465 contra
2023 2411 2350 2480 Scripturam
2403 2415 2626 2476 sentire,
2652 2421 2704 2465 et
2737 2414 3020 2466 adversam
3057 2423 3241 2467 tenere
3283 2411 3446 2472 viam,
3481 2418 3633 2476 atque

473 2521 537 2562 ea
574 2521 691 2574 qua:
723 2508 787 2560 de
835 2515 974 2558 terra
1012 2507 1150 2559 dicta
1195 2497 1348 2569 sunt,
1389 2507 1454 2558 de
1502 2506 1654 2559 cmlis
1700 2505 1837 2558 dicta
1872 2514 2086 2572 putare,
2133 2505 2230 2557 nisi
2278 2505 2462 2558 humili
2502 2504 2590 2556 illa
2627 2512 2682 2558 et
2723 2513 3078 2573 attemperata
3120 2504 3399 2558 verborum
3438 2500 3632 2554 ratione

476 2613 607 2652 usus
632 2598 838 2665 Moyses
871 2608 1032 2662 esset,
1065 2597 1267 2665 Spiritu
1301 2606 1486 2650 sancto
1514 2597 1742 2663 linguam
1770 2595 1886 2661 ejus
1909 2603 2174 2656 movente,
2202 2608 2308 2662 quo
2339 2610 2444 2647 non
2481 2594 2710 2648 devoluti
2742 2597 2964 2650 essent?
2983 2633 2996 2647 .
3021 2632 3035 2647 .
3058 2632 3074 2649 .
3109 2594 3224 2648 Non
3253 2595 3467 2648 credere
3496 2591 3629 2645 enim

475 2688 542 2741 iis
569 2702 682 2754 qua:
713 2687 762 2740 in
798 2688 972 2740 divina
1000 2685 1272 2755 Scriptura
1305 2688 1570 2750 feruntur,
1596 2687 1691 2739 sed
1723 2686 1825 2738 alia
1854 2700 1919 2738 ex
1952 2684 2164 2753 propria
2197 2695 2372 2739 mente
2402 2685 2669 2748 inducere,
2705 2700 2954 2751 magnum
2988 2693 3115 2752 puto
3140 2683 3430 2753 periculum
3454 2695 3632 2737 creare

477 2779 598 2832 talia
628 2779 961 2832 audentibus.
977 2797 996 2829 »

543 2869 688 2925 lnter
728 2881 850 2926 octo
881 2872 1216 2940 Origenianae
1251 2874 1500 2925 doctrina:
1530 2869 1728 2938 capita,
1773 2884 2000 2937 quorum
2035 2870 2380 2937 Epiphanius,
2407 2870 2727 2938 Theophilus
2769 2881 2822 2923 et
2855 2869 3219 2939 Hieronymus
3249 2867 3630 2924 damnationem

474 2973 504 3012 a
539 2957 741 3014 Joanne
779 2961 1221 3030 Jcrosolymitano
1252 2961 1499 3026 episcopo
1530 2959 1890 3026 postulabant,
1920 2969 2126 3012 sextum
2160 2967 2212 3012 et
2250 2961 2530 3025 septimum
2575 2962 2640 3012 ad
2673 2959 3024 3027 allegoricum
3055 2960 3344 3028 Scriptum
3378 2959 3630 3024 interpre-

477 3051 649 3104 tanda:
686 3054 898 3105 modum
941 3059 1175 3118 Spectant
1197 3089 1212 3112 ,
1258 3058 1311 3104 et
1342 3051 1478 3116 apud
1532 3049 1837 3118 l-lieronym.
1867 3051 2023 3117 epist.
2049 3049 2116 3103 58
2159 3050 2226 3103 ad
2261 3050 2589 3116 Pammach.,
2622 3062 2750 3103 tom.
2778 3051 2873 3115 IV,
2907 3067 3032 3120 pag.
3057 3052 3160 3106 510
3189 3065 3311 3105 nov.
3361 3051 3510 3110 edit.,
3554 3046 3633 3099 his

475 3141 652 3194 verbis
685 3140 1061 3193 continentur:
1101 3155 1119 3187 ι
1148 3136 1281 3191 Octo
1308 3137 1404 3190 tibi
1444 3136 1523 3205 (ut
1548 3136 1728 3190 statim
1767 3135 2023 3205 probabo)
2054 3138 2118 3189 de
2152 3151 2242 3204 spe
2286 3136 2406 3189 fidei
2441 3137 2756 3190 Christianae
2801 3141 3167 3205 quaestionum
3220 3139 3393 3205 capita
3435 3134 3632 3201 objecta

472 3237 630 3282 sunt.
653 3265 668 3281 .
693 3265 710 3280 .
739 3237 944 3283 sextum
1005 3227 1142 3293 quod
1172 3227 1249 3280 sic
1281 3226 1582 3292 paradisum
1616 3225 1938 3294 allegorizet,
1969 3233 2025 3278 ut
2071 3226 2306 3278 historiae
2349 3226 2556 3278 auferat
2589 3227 2904 3292 veritatem,
2951 3243 3047 3298 pro
3090 3229 3373 3282 arboribus
3405 3225 3631 3295 angelos,

471 3331 570 3384 pro
598 3315 896 3369 ﬂuminibus
930 3315 1153 3368 virtutes
1183 3314 1432 3366 caelestes
1463 3312 1786 3381 intelligens,
1829 3323 2099 3380 totamque
2135 3314 2366 3380 paradisi
2413 3315 2796 3369 continentiam
2843 3317 3175 3387 tropologica
3208 3315 3634 3386 interpretatione

471 3408 768 3460 subvertat.
811 3406 1130 3473 Septimum,
1172 3405 1313 3472 quod
1344 3418 1534 3471 aquas,
1569 3417 1686 3470 quae
1717 3417 1876 3472 super
1905 3403 2071 3458 corios
2114 3403 2166 3456 in
2212 3403 2507 3472 Scripturis
2551 3420 2670 3459 esse
2708 3407 2990 3472 dicuntur,
3021 3419 3237 3463 sanctas
3277 3420 3636 3476 supernasque

469 3496 730 3557 virtutes;
769 3508 1070 3561 quasuper
1103 3503 1300 3544 terram
1329 3500 1382 3544 et
1409 3491 1547 3543 infra
1583 3500 1796 3555 terram,
1827 3492 2124 3546 contrarias
2151 3501 2204 3544 et
2230 3492 2580 3546 dzemoniacas
2619 3509 2738 3548 esse
2773 3496 3095 3552 arbitretur.
3122 3516 3140 3548 »
3176 3498 3319 3552 Idem
3361 3497 3411 3550 in
3439 3495 3635 3550 Daniel.

478 3602 597 3656 cap.
646 3603 711 3653 ι,
747 3596 875 3640 tom.
912 3585 1008 3649 ΙΙΙ,
1055 3600 1175 3653 pag.
1220 3582 1387 3646 “l8,
1430 3583 1507 3636 sic
1572 3582 1900 3650 Origenistas
1952 3584 2263 3652 perstringit
2305 3600 2318 3635 :
2368 3601 2388 3634 ι
2430 3583 2627 3639 Eorum
2685 3586 3043 3643 deliramenta
3096 3591 3499 3648 conticescant.
3554 3587 3638 3654 qui

471 3678 688 3733 umbras
723 3685 775 3729 et
817 3675 1077 3744 imagines
1119 3675 1173 3725 in
1213 3673 1436 3726 veritate
1467 3681 1791 3738 quaerentes,
1827 3675 1994 3739 ipsam
2036 3681 2301 3725 conantur
2336 3681 2576 3726 evertere
2611 3675 2920 3740 veritatem,
2953 3687 3009 3730 ut
3061 3677 3276 3731 flumina
3322 3687 3377 3730 et
3409 3678 3638 3732 arbores.

469 3771 523 3814 et
552 3763 858 3829 paradisum
905 3769 1091 3828 putent
1131 3757 1401 3827 allegoria:
1440 3757 1641 3826 legibus
1683 3771 1741 3810 se
1783 3759 1974 3811 debere
2015 3760 2331 3810 subruere.»
2373 3759 2510 3812 Idem
2559 3760 2770 3828 praefat.
2812 3762 2911 3818 lib.
2940 3780 2971 3816 v
3002 3765 3288 3819 Comment.
3320 3769 3373 3818 in
3415 3766 3641 3822 Isaiam.

472 3865 601 3908 tom.
634 3853 721 3916 Ill,
750 3866 872 3920 pag.
899 3850 994 3904 107
1022 3868 1036 3904 :
1072 3867 1090 3899 ι
1122 3848 1256 3913 Quid
1293 3848 1454 3916 igitur
1478 3845 1705 3899 faciam?
1737 3846 2027 3898 suheamne
2050 3858 2185 3911 Opus
2216 3845 2269 3896 in
2296 3859 2403 3912 quo
2442 3846 2541 3898 viri
2574 3848 2926 3903 eruditissimi
2971 3856 3318 3916 sudaveruut,
3355 3853 3634 3920 Origenem

472 3946 680 4012 loquor,
725 3949 780 3993 et
807 3940 1091 3993 Eusebium
1129 3935 1432 4003 Pamphili:
1464 3948 1688 4000 quorum
1729 3933 1864 3984 alter
1907 3931 2091 3985 liberis
2125 3931 2392 4000 allegoriae
2435 3934 2625 3998 spatiis
2656 3947 2938 4004 evagatur,
2965 3949 3020 3990 et
3067 3941 3434 4007 interpretatis
3478 3942 3645 3994 nomi-

469 4036 626 4089 nibus
669 4030 1020 4097 singulorum,
1058 4025 1328 4094 ingenium
1358 4037 1511 4075 suum
1553 4021 1683 4073 facit
1716 4021 1964 4074 Ecclesia:
2010 4032 2380 4087 sacramenta;
2418 4024 2557 4075 alter
2590 4024 2904 4079 historicam
2937 4031 3328 4097 expositionem
3362 4032 3516 4086 titulo
3557 4047 3641 4084 re-

469 4120 786 4192 promittens
829 4114 1090 4167 interdum
1139 4110 1474 4163 obliviscitur
1518 4109 1796 4176 propositi,
1830 4117 1884 4160 et
1927 4108 1978 4160 in
2024 4107 2266 4176 Origenis
2307 4111 2437 4162 scita
2483 4114 2751 4165 concedit.
2781 4133 2799 4164 »
2850 4113 3116 4186 Origenes
3166 4116 3415 4174 Jeremiaa
3473 4121 3642 4176 locum

470 4217 768 4261 exstantem
799 4218 914 4270 cap.
940 4213 1104 4261 xxvii,
1139 4200 1190 4258 ἱ,
1220 4199 1291 4250 5:
1325 4215 1343 4247 ι
1370 4197 1475 4250 Fac
1507 4197 1602 4251 tibi
1647 4197 1852 4249 vincula
1889 4207 1942 4250 et
1972 4206 2224 4251 catenas:
2262 4207 2319 4252 et
2355 4210 2520 4267 pones
2562 4217 2655 4256 eas
2696 4204 2746 4255 in
2781 4204 2922 4259 collo
2969 4215 3084 4272 tuo,
3123 4217 3179 4261 et
3221 4210 3405 4264 mittes
3449 4225 3542 4265 eas
3585 4210 3649 4263 ad

471 4311 648 4364 regem
677 4294 864 4351 Edom,
906 4299 962 4344 et
997 4289 1061 4342 ad
1090 4301 1267 4356 regem
1303 4285 1472 4350 Moab,
1500 4295 1554 4339 et
1579 4287 1642 4338 ad
1675 4300 1850 4354 regem
1887 4287 2114 4340 filiorum
2143 4286 2392 4352 Ammon,
2421 4297 2474 4344 et
2499 4292 2566 4343 ad
2597 4306 2769 4358 regem
2798 4291 2950 4362 Tyri,
2979 4304 3038 4349 et
3070 4297 3139 4350 ad
3167 4311 3350 4366 regem
3380 4299 3647 4362 Sidonis,»

475 4383 530 4439 in
563 4383 864 4452 allegoriam
896 4387 1149 4432 traxerat.
1188 4377 1314 4443 Ejus
1341 4377 1724 4444 expositionem
1757 4375 1918 4450 refert
1951 4377 2302 4447 Hieronymus
2332 4387 2464 4431 tom.
2492 4377 2576 4438 ΙΙΙ,
2610 4395 2735 4450 pag.
2760 4383 2863 4436 658
2893 4403 2909 4438 :
2949 4405 2967 4436 ι
3000 4384 3156 4441 Hunc
3201 4388 3399 4453 locum,
3449 4390 3646 4458 inquit,

470 4476 784 4544 allegoricus
821 4485 1028 4538 semper
1065 4471 1344 4536 interpres,
1386 4478 1439 4522 et
1474 4469 1707 4522 historia:
1757 4467 1969 4537 fugiens
2000 4470 2307 4533 veritatem,
2352 4471 2741 4540 interpretatur
2787 4477 2850 4529 de
2882 4479 3091 4534 caelesti
3142 4479 3466 4544 Jerusalem,
3510 4485 3648 4550 quod

472 4571 699 4624 debeant
764 4565 1086 4618 habitatores
1129 4561 1244 4627 ejus
1286 4570 1473 4628 sponte
1516 4575 1786 4614 assumere
1837 4576 2090 4629 corpora,
2137 4572 2191 4616 et
2221 4564 2540 4618 descendere
2587 4567 2636 4618 in
2672 4565 3019 4636 Babylonem,
3065 4571 3116 4623 id
3159 4582 3244 4626 est
3283 4573 3650 4629 confusionem

471 4661 650 4715 mundi
685 4658 840 4725 hujus
884 4657 974 4724 qui
1025 4657 1077 4708 in
1112 4654 1338 4722 maligno
1375 4655 1580 4721 positus
1609 4663 1713 4718 est,
1759 4663 1812 4707 et
1843 4658 2047 4710 servire
2094 4655 2203 4725 regi
2247 4654 2558 4724 BabyIOnio,
2595 4659 2737 4712 haud
2785 4662 3008 4714 dubium
3044 4664 3173 4730 quin
3220 4665 3455 4718 diabolo.
3504 4668 3650 4732 Quod

470 4753 513 4804 si
558 4753 656 4804 hoc
703 4749 879 4801 facere
925 4747 1210 4810 noluerint,
1246 4761 1578 4814 nequaquam
1620 4760 1712 4799 eos
1765 4748 1949 4816 gravia
1985 4763 2209 4820 corpora
2260 4757 2588 4814 portaturos,
2635 4753 2724 4805 sed
2768 4754 3038 4820 perituros
3084 4755 3283 4824 gladio,
3317 4768 3373 4811 et
3409 4759 3572 4822 fame,
3600 4772 3653 4812 et

471 4853 636 4911 peste,
679 4850 733 4894 et
773 4855 1099 4909 nequaquam
1131 4839 1372 4892 homines
1405 4838 1635 4903 futuros,
1664 4840 1756 4892 sed
1788 4841 2077 4900 daemones.
2122 4843 2232 4896 lloc
2270 4841 2356 4893 ille
2403 4841 2616 4909 dixerit,
2653 4859 2719 4898 ne
2751 4844 3063 4900 defensores
3101 4848 3218 4914 ejus
3261 4851 3416 4904 nobis
3447 4851 3652 4904 calum-

471 4935 611 4987 niam
641 4931 857 4986 faciant.
897 4930 1157 4985 Caaterum
1193 4945 1286 4984 nos
1329 4932 1619 4997 simplicem
1664 4942 1718 4984 et
1758 4945 1940 4988 veram
1994 4948 2280 5010 sequamur
2323 4934 2621 5000 historiam,
2672 4951 2736 4990 ne
2783 4939 3106 5005 quihusdam
3137 4931 3380 4998 nubibus
3418 4955 3472 4998 et
3515 4960 3651 5012 pra:-

470 5024 645 5092 stigiis
684 5023 1034 5076 involvamur.
1061 5042 1080 5075 »
1119 5023 1495 5092 ldem,prrefat.
1540 5025 1590 5077 in
1629 5024 1883 5090 Malach.,
1921 5039 2052 5092 tom.
2086 5032 2172 5094 Ill,
2202 5026 2432 5095 p.1807,
2463 5025 2602 5079 hanc
2647 5029 2710 5080 de
2757 5027 3085 5094 Origeniano
3129 5029 3183 5081 in
3233 5030 3377 5085 hunc
3423 5035 3646 5101 prephe-

472 5123 578 5167 tam
625 5111 1003 5166 commentario
1048 5112 1151 5163 fert
1197 5115 1509 5165 sententiam
1549 5129 1563 5163 :
1600 5129 1618 5160 ‹
1650 5109 1875 5181 Scripsit
1915 5120 1968 5178 in
2018 5129 2159 5185 hunc
2204 5115 2391 5169 librum
2441 5112 2696 5180 Origenes
2731 5114 2829 5164 tria
2878 5113 3186 5181 volumina,
3228 5120 3322 5170 sed
3368 5119 3644 5172 historiam

468 5201 685 5256 omnino
720 5201 839 5252 non'
859 5199 1048 5267 tetigit,
1075 5208 1128 5253 et
1158 5215 1302 5254 more
1341 5215 1436 5252 suo
1479 5210 1621 5251 totus
1667 5201 1717 5251 in
1769 5204 2046 5278 allegoria:
2091 5200 2521 5275 interpretatione
2567 5210 2806 5254 versatus
2837 5209 2954 5260 est,
3005 5203 3206 5256 nullam
3239 5205 3421 5260 Esdra:
3448 5207 3648 5262 faciens

469 5293 818 5382 mentionem,
859 5294 950 5346 sed
981 5293 1221 5359 angelum
1254 5300 1448 5382 putans
1484 5292 1651 5382 fuisse
1666 5297 1770 5382 Δ(ιυί
1810 5305 2056 5382 scripsit,
2099 5293 2383 5371 secundum
2413 5290 2534 5382 illud
2567 5292 2705 5359 quod
2737 5292 2799 5343 de
2830 5289 3037 5382 Joanne
3072 5291 3307 5362 legimus
3340 5314 3354 5351 :
3392 5299 3524 5352 Ecce
3553 5316 3646 5370 ego

469 5383 613 5434 mmo
649 5380 885 5446 angelum
915 5397 1081 5434 meum
1107 5391 1225 5433 αηιε
1257 5381 1441 5446 [aciem
1473 5388 1612 5431 εηαη,
1638 5379 1700 5433 δε,
1735 5383 1890 5449 Quod
1931 5376 2283 5468 nos'omnino
2309 5393 2405 5432 non
2435 5380 2733 5445 recipimus,
2765 5392 2826 5431 ne
2859 5376 3166 5434 animarum
3203 5383 3268 5437 de
3297 5387 3435 5444 cmlo
3465 5389 3649 5444 ruinas

471 5469 736 5534 suscipere
766 5469 1156 5536 compellamur.
1181 5487 1200 5518 »

540 5598 584 5631 ³³
627 5599 757 5654 Gen.
803 5617 862 5667 ll,
913 5602 965 5655 8.
1038 5601 1082 5632 ⁸⁸
1128 5599 1310 5653 Matth.
1365 5615 1440 5666 ιι,
1481 5600 1567 5655 10.
