3878 6178
517 396 587 452 55
1932 378 2266 440 OlthENES
3627 359 3689 410 se

517 511 590 565 illi
633 519 872 565 nostrum
901 520 1224 578 extorquere
1247 488 1487 574 debent,
1524 515 1671 560 certo
1721 503 2032 558 discriminc

2137 491 2484 564 περιστάντες
2517 486 2608 540 νοῦ
2649 501 2788 546 τινος
2831 477 3103 547 ύποκειμέ

512 600 616 654 duo
653 599 794 652 inter
820 598 1078 652 mentium
1105 612 1300 667 genera
1337 595 1648 657 constituto,
1675 607 1900 662 quarum
1923 591 2039 643 alite

512 699 680 752 Ortus,
730 689 929 755 fatique
971 689 1343 742 necessitatem
1389 687 1568 740 subire
1597 693 1890 754 cogantur,
1925 681 2039 735 alite

512 777 806 846 defugiant.
856 775 965 830 Hac
992 777 1131 828 enim
1175 790 1233 829 se
1262 775 1554 842 quaestione
1603 772 1842 840 profecto
1899 785 2037 823 nun-

510 881 669 934 quam
699 865 1079 933 explicabunt;
1114 875 1170 918 ut
1213 865 1552 918 manifestum
1591 871 1674 916 est
1702 863 1767 916 iis
1797 862 1886 929 qui
1923 859 2038 912 illos

513 962 726 1007 norunt.
751 953 830 1008 Ad
850 955 961 1008 ιιωο
981 969 1162 1021 preces
1189 969 1250 1006 ac
1277 963 1396 1007 vota
1429 969 1752 1020 nuncupare,
1787 964 2038 1018 superva-

513 1055 734 1095 caneum
781 1043 935 1110 plane
968 1044 1059 1095 sit.
1099 1043 1232 1096 Nam
1275 1043 1318 1096 si
1345 1043 1456 1097 haec
1493 1043 1650 1096 illave
1675 1041 1786 1095 fieri
1821 1053 2037 1092 necesse

512 1141 613 1192 est.
636 1133 876 1200 hancque
899 1141 1039 1186 astra
1073 1132 1443 1185 necessitatem
1479 1130 1730 1194 afferunt,
1765 1144 1862 1183 nec
1883 1129 2038 1181 aliter

462 1271 478 1286 ,
511 1235 670 1288 quam
701 1235 885 1274 eorum
923 1230 1103 1273 mutua
1139 1220 1434 1287 complexio
1465 1218 1734 1288 ejubcat,
1761 1217 1870 1271 fieri
1886 1217 2038 1283 quid-

510 1323 670 1376 quam
697 1317 886 1376 potest,
917 1309 1018 1363 boc
1057 1318 1148 1362 aut
1175 1309 1301 1361 illud
1333 1313 1428 1363 abs
1459 1309 1566 1362 Deo
1603 1309 1891 1374 impetrare
1921 1305 2036 1357 sine

511 1399 717 1452 ratione
757 1401 1146 1454 contendimus.
1185 1399 1288 1452 Sed
1319 1413 1572 1468 quorsum
1621 1397 1860 1466 pluribus
1883 1410 2034 1450 com-

511 1490 690 1544 munis
720 1491 875 1560 hujus
901 1491 964 1544 de
992 1491 1099 1543 fato
1137 1491 1262 1553 loci,
1293 1507 1448 1559 quem
1480 1491 1870 1546 inconsiderate
1920 1489 2036 1540 vul-

509 1593 608 1648 gus
627 1580 800 1633 adhuc
817 1581 1089 1634 hominum
1113 1581 1279 1642 trivit,
1297 1581 1620 1648 impietatem
1635 1577 2035 1648 persequimur?

509 1682 625 1722 eam
664 1669 858 1738 quippe
881 1670 1144 1739 superiori
1188 1669 1428 1723 oratione
1472 1667 1786 1722 informasse
1811 1676 1894 1722 sat
1931 1675 2029 1722 est.

3107 493 3206 530 νου
3249 473 3466 540 γενέσει
3502 471 3591 522 καὶ
3623 473 3690 522 εἱ-

2145 560 2408 655 μαρμένῃ,
2451 579 2544 632 καὶ
2573 577 2754 646 ἑτέρου
2799 571 2904 626 ὰπδ
2946 570 3158 621 τούτων
3192 563 3510 655 ἐλευθέρουο
3543 560 3689 630 δῆλον

2141 651 2390 744 γάρίὲστι
2427 672 2538 731 τοῖς
2583 665 2742 718 εἰδόσι
2773 661 2881 731 (19)
2911 660 3039 720 τοὺς
3077 653 3382 715 τοιούτους,
3427 653 3508 704 ὅτι
3543 651 3689 718 λόγον

2141 741 2518 828 άπαιτηθέντες
2559 754 2752 808 διδόναι
2802 745 2984 809 αὐτοῖς
3057 742 3318 812 ούδαμῶς
3362 741 3684 812 δυνήσονται.

2140 850 2280 918 Πρὸς
2310 849 2362 900 δὲ
2389 849 2496 908 τοῖς
2517 841 2818 914 εἰρημένοις
2841 839 2934 891 καὶ
2958 833 3121 904 εὐχαὶ
3156 831 3495 901 παρέλκουσι
3529 831 3688 900 μάτην

2139 917 2694 1004 παραλαμϐα-νόμεναι·
2724 929 2770 978 εἰ
2807 924 2915 995 γὰρ
2942 921 3400 990 κατηνάγκασται
3435 917 3556 970 τάδε
3582 918 3690 972 τινὰ

2139 1023 2399 1092 γενέσθαι,
2443 1023 2533 1074 καὶ
2577 1022 2624 1072 οἱ
2663 1015 2887 1086 ἀστέρες
2942 1010 3219 1073 ποιοῦσιν,
3267 1009 3419 1062 οὐδὲν
3453 1007 3509 1060 δὲ
3553 1007 3689 1078 παρὰ

2138 1113 2232 1183 τὴν
2262 1112 2458 1164 τούτων
2506 1109 2636 1179 πρὸς
2669 1106 2923 1174 ἀλλήλους
2960 1099 3277 1169 ἐπιπλοκὴν
3303 1098 3524 1152 δύναται
3560 1096 3692 1164 γενέ-

2141 1205 2280 1266 σθαι,
2319 1201 2448 1253 Θεὸν
2477 1198 2765 1265 ἀλογίστως
2798 1192 3062 1259 ἀξιοῦμεν
3095 1189 3225 1244 τάδε
3263 1188 3386 1242 τινὰ
3433 1189 3558 1257 ἡμῖν
3597 1187 3686 1238 δωο

2140 1291 2415 1363 ρήσασθαι.
2444 1288 2550 1340 Καὶ
2577 1285 2627 1339 τί
2649 1285 2738 1336 ἐπὶ
2769 1283 2876 1352 (Ξο)
2907 1281 3098 1332 πλεῖον
3128 1277 3394 1348 μηκύνειν
3422 1276 3575 1344 λόγον
3599 1277 3686 1337 δεῖ,

2140 1379 2470 1451 παριστάντα
2500 1375 2558 1428 τὸ
2583 1373 2772 1434 ἀσεϐὲς
2799 1370 2888 1424 τοῦ
2915 1367 3416 1438 κατημαξευμένου
3448 1365 3686 1419 ἀϐασανίσ

2140 1485 2276 1531 στως
2302 1467 2445 1538 παρὰ
2460 1469 2568 1527 τοῖς
2592 1463 2798 1524 πολλοῖς
2827 1461 2958 1531 περῖ¹
2985 1459 3334 1529 εἱμαρμένης
3355 1459 3520 1511 τόπου
3545 1457 3689 1522 ;Αύτ-

2142 1560 2282 1630 άρκη
2315 1559 2420 1628 γὰρ
2444 1557 2521 1618 εἰς
2552 1553 2866 1624 ὑπογραφὴν
2893 1552 2993 1605 καὶ
3021 1551 3092 1604 τὰ
3120 1551 3407 1622 εἰρημένα.

577 1803 632 1856 3.
680 1800 798 1854 Jam
837 1814 966 1854 vero
1006 1815 1127 1854 cum
1170 1799 1342 1853 locum
1389 1799 1532 1853 illum
1563 1801 1981 1864 expenderemus
2015 1818 2030 1856 :

2203 1791 2368 1844 Πόθεν
2397 1791 2472 1852 δὲ,
2507 1785 2841 1852 ἐξετάζοντες
2871 1785 2930 1837 τό
2951 1800 2966 1815 ⁸
3009 1803 3028 1836 ς
3075 1769 3364 1836 Ἔστωσαν
3394 1784 3472 1844 εἰς
3497 1782 3680 1850 σημεῖα

513 1892 662 1944 «Sint
685 1892 736 1944 in
755 1891 905 1959 signa
940 1891 1218 1943 luminaria
1243 1890 1309 1954 3’,
1343 1909 1362 1940 ι
1392 1889 1830 1956 quemadmodum
1849 1889 1899 1943 in
1922 1904 2032 1945 eam

2136 1883 2186 1934 οἱ
2214 1881 2508 1950 φωστῆρες,
2549 1897 2570 1928 ι
2605 1871 2697 1930 ἐπὶ
2723 1875 2891 1928 ταῦτα
2919 1873 3282 1942 ἐληλύθαμεν,
3317 1873 3538 1934 ἑαυτοὺς
3559 1871 3677 1923 ὁπο-

506 1977 911 2052 dizputatiouem
943 1980 1140 2048 delapsi
1172 1980 1446 2042 fuerimus,
1501 1979 1652 2032 nobis
1708 1979 1762 2032 in
1813 1988 2038 2033 mentem

507 2087 840 2127 revocemus.
871 2073 968 2139 Qui
998 2071 1078 2125 vel
1117 2072 1294 2138 aliqua
1319 2071 1381 2124 de
1412 2084 1468 2122 re
1501 2070 1610 2123 veri
1641 2083 1704 2122 ex
1742 2069 1860 2122 aliis
1885 2071 2039 2138 quid-

505 2165 647 2232 piam
673 2163 990 2234 intelligunt,
1022 2161 1103 2214 vel
1128 2161 1335 2228 ipsimet
1365 2157 1438 2212 rei
1470 2166 1631 2225 gestae
1652 2157 1846 2210 oculati
1875 2165 2038 2211 testes

505 2255 745 2320 fuerunt,
779 2255 813 2307 ii
853 2253 1094 2322 profecto
1131 2265 1244 2304 rem
1275 2234 1483 2318 aperire
1515 2251 1749 2307 sincere,
1799 2248 2036 2313 integre-

507 2361 611 2412 que
659 2343 1146 2414 possuntzquippe
1197 2344 1287 2410 qui
1339 2341 1417 2393 vel
1469 2339 1610 2408 quod
1666 2353 1856 2404 passus
1901 2339 2036 2390 alter

506 2432 688 2495 fuerit,
722 2432 805 2485 vel
838 2431 978 2499 quod
1021 2431 1160 2483 idem
1215 2427 1520 2498 perfecerit,
1573 2436 1666 2480 aut
1715 2425 1884 2480 oculis
1933 2426 2034 2492 ipsi

503 2523 618 2576 suis
656 2523 995 2588 usurparint,
1039 2528 1131 2572 aut
1167 2519 1416 2584 aliorum,
1452 2517 1540 2584 qui
1581 2525 1755 2569 tamen
1798 2516 1876 2568 rei
1909 2531 2033 2571 cau-

503 2625 618 2665 sam
647 2609 894 2663 dederint
925 2607 1140 2670 nullam,
1167 2603 1674 2660 commemoratione
1706 2604 2028 2673 acceperint.

502 2697 637 2752 Illud
673 2697 812 2750 enim
841 2711 970 2750 sane
992 2696 1326 2758 omittamus,
1367 2694 1482 2748 fieri
1513 2707 1686 2762 posse,
1723 2704 1779 2747 ut
1813 2693 1900 2762 qui
1929 2693 2031 2746 ali-

501 2787 630 2855 quid
674 2785 754 2841 vel
797 2787 932 2855 passi
980 2785 1177 2838 fuerint
1213 2784 1292 2836 vel
1321 2783 1572 2847 fecerint,
1619 2799 1712 2837 eos
1747 2783 1904 2837 etiam
1938 2783 2029 2852 qui

503 2897 792 2958 prrcsentes
819 2901 922 2941 non
953 2885 1315 2950 iuterfueriut,
1344 2885 1650 2951 narratione
1678 2887 1774 2950 ipsi
1817 2901 1910 2940 sua
1950 2895 2032 2941 to-

507 2981 614 3034 tius
664 2979 718 3031 in
756 2977 832 3032 rei
868 2976 1228 3046 cognitionem
1284 2977 1569 3031 adducant.
1607 2976 1663 3030 Si
1698 2975 1818 3042 quis
1866 2990 2028 3046 ergo,

499 3077 780 3138 postquam
805 3066 938 3120 certi
966 3065 1163 3134 aliquid
1197 3072 1286 3120 aut
1309 3065 1552 3120 evenisse
1577 3065 1915 3134 quibusdam,
1939 3079 2030 3122 aut

501 3169 816 3212 eventurum
846 3169 989 3222 esse,
1019 3157 1086 3208 ab
1111 3155 1200 3209 illo
1238 3155 1327 3224 qui
1357 3155 1470 3223 ejus
1501 3171 1660 3210 causa
1691 3171 1792 3210 non
1819 3156 1910 3222 sit,
1939 3173 2030 3211 au-

507 3247 706 3300 ditione
736 3247 1025 3313 acceperit,
1046 3260 1151 3298 non
1168 3245 1365 3314 cogitet
1391 3246 1526 3314 apud
1553 3261 1630 3311 se,
1657 3247 1896 3315 quisquis
1923 3262 2034 3312 rem

500 3338 788 3408 quamlibet
809 3347 896 3391 aut
915 3346 1113 3408 gestam
1133 3353 1268 3404 esse,
1289 3348 1371 3392 aut
1392 3347 1595 3408 gestum
1623 3337 1686 3390 iri
1709 3337 1912 3400 doceat,
1931 3353 2034 3392 non

501 3443 620 3480 eum
651 3429 898 3481 continuo
919 3427 1150 3494 ejusdem
1175 3427 1247 3480 rei
1266 3441 1479 3481 causam
1511 3440 1628 3480 esse
1648 3425 1721 3480 :is
1753 3429 2042 3494 sane,quis

503 3532 718 3585 cunque
757 3517 838 3570 ve!
862 3516 1068 3591 factum
1095 3515 1329 3583 aliquid,
1361 3515 1444 3569 vel
1487 3514 1718 3568 futurum
1758 3528 1876 3568 esse
1915 3529 2036 3583 ape-

503 3607 626 3672 riet,
659 3605 726 3659 ab
747 3605 932 3660 eodem
959 3615 1046 3658 aut
1075 3602 1370 3673 profectum
1401 3603 1653 3668 illud,aut
1672 3601 2030 3671 profecturum

499 3695 836 3761 opinabitur,
867 3693 1000 3748 falso
1046 3702 1218 3748 tamen
1249 3691 1560 3764 opinabitur
1589 3707 1604 3742 :
1647 3690 1808 3744 veluti
1847 3691 1890 3746 si
1915 3693 2032 3759 quis

499 3798 565 3838 ex
592 3782 896 3852 prophetico
917 3781 1204 3846 volumine,
1221 3781 1360 3849 quod
1379 3777 1525 3832 Judze
1545 3778 1834 3847 proditoris
1859 3781 2032 3835 scelus

499 3875 826 3941 exitiumque
857 3870 1192 3940 prtediceret,
1245 3871 1478 3923 futuram
1517 3871 1682 3924 totius
1713 3870 1788 3923 rei
1836 3869 2031 3923 seriem

503 3963 883 4023 intellexisset,
911 3961 1146 4030 adeoque
1164 3973 1282 4012 cum
1313 3959 1428 4012 suis
1458 3958 1660 4011 factum
1699 3959 1873 4027 ipsum
1903 3974 2032 4013 ocu-

500 4051 571 4104 lis
618 4051 936 4111 intueretur,
983 4048 1120 4101 idem
1151 4048 1202 4100 in
1245 4049 1489 4100 volumen
1529 4046 1784 4102 facinoris
1811 4060 2030 4101 causam

502 4152 740 4200 omnem,
775 4133 1386 4202 culpamqueconferrct
1421 4151 1436 4188 :
1475 4144 1566 4190 aut
1599 4136 1644 4190 si
1673 4137 1846 4190 minus
1876 4136 2028 4190 volu-

500 4244 648 4292 men,
675 4242 795 4282 eum
828 4236 973 4279 certe
1001 4240 1032 4278 a
1076 4240 1182 4294 quo
1225 4227 1454 4294 primum
1502 4229 1860 4297 conscriptum
1903 4229 2028 4283 illud

501 4333 662 4390 esset,
694 4334 783 4378 aut
815 4340 940 4378 vero
975 4324 1138 4379 Deum
1170 4326 1366 4394 ipsum,
1399 4327 1552 4390 cujus
1579 4329 1807 4398 impulsu
1837 4345 1902 4384 ac
1933 4347 2029 4386 nu-

2141 1972 2444 2040 μνήσωμεν.
2492 1967 2555 2020 Ol
2587 1965 2944 2036 μανθάνοντες
2990 1964 3122 2034 περί
3164 1979 3325 2016 τινων
3351 1961 3540 2032 ἀληθῆ,
3573 1962 3677 2030 ἧτοι

2135 2061 2394 2114 αὐτόπται
2439 2057 2543 2110 τῶν
2583 2056 2915 2126 πραγμάτων
2961 2055 3266 2122 γενόμενοι,
3311 2051 3677 2120 ἀποφαίνονται

2133 2148 2257 2200 τάδε
2291 2146 2412 2200 τινὰ
2439 2145 2648 2212 ύγειῶς,
2681 2143 2742 2197 τὸ
2773 2144 2944 2206 πάθος
2993 2143 3090 2195 καὶ
3122 2141 3220 2212 τὴν
3263 2141 3539 2212 ἐνέργειαν
3579 2138 3675 2191 τῶν

2135 2235 2490 2295 πεπονθότων,
2547 2233 2580 2303 ἦ
2635 2233 3048 2302 ἐνεργησάντων
3095 2231 3212 2301 (‘21)
3260 2230 3594 2300 θεασάμενοι,
3643 2226 3672 2296 ἢ

2133 2322 2576 2391 ἀπαγγελλόντων
2611 2317 2718 2373 τῶν
2750 2320 3000 2389 οὐδαμῶς
3034 2319 3225 2374 αἰτίων
3252 2321 3362 2382 τοῖς
3391 2316 3669 2387 γεγενημέ-

2133 2429 2247 2474 νοις
2273 2411 2613 2473 ἀκούσαντες,
2642 2411 2764 2463 τάδε
2788 2411 2908 2462 τινὰ
2935 2408 3294 2478 γινώσκουσιν
3322 2407 3453 2476 (22).
3496 2404 3670 2469 ’Υπεξ-

2131 2501 2352 2574 ῃρήσθω
2398 2501 2453 2554 δὲ
2491 2500 2585 2555 νῦν
2625 2499 2720 2554 τοῦ
2758 2500 2918 2567 λόγου
2957 2500 3020 2552 τὸ
3056 2498 3314 2552 δύνασθαι
3360 2497 3482 2559 τοὺς
3510 2494 3672 2564 δεδραι

2142 2593 2303 2654 κὸτας
2323 2592 2356 2662 ἢ
2378 2591 2722 2653 πεπονθότας,
2751 2590 3142 2659 διηγουμένους
3165 2588 3274 2660 (25)
3297 2588 3332 2641 ἃ
3353 2585 3670 2656 δεδράκασιν,

2130 2680 2163 2751 ἤ
2180 2681 2518 2742 πεπόνθασιν,
2533 2678 2738 2747 ἐνάγειν
2756 2679 2835 2740 εἰς
2851 2678 3050 2745 γνῶσιν
3067 2678 3175 2730 τῶν
3193 2674 3578 2746 πεπραγμένων
3589 2672 3670 2723 τὸν

2136 2767 2210 2837 μὴ
2243 2767 2662 2835 παρατετυχότα.
2709 2764 2834 2818 Ἐὰν
2869 2761 2968 2818 οὖν
3001 2767 3029 2818 ό
3054 2763 3433 2834 διδασκόμενος
3462 2761 3562 2815 ὑπὸ
3588 2756 3671 2811 τοῦ

2133 2855 2394 2925 μηδαμῶς
2427 2855 2596 2908 αἰτίου
2623 2853 2728 2906 τῶν
2761 2854 3085 2924 γινομένων,
3111 2853 3172 2907 τὸ
3199 2853 3319 2907 τάδε
3355 2850 3472 2904 τινὰ
3511 2847 3669 2902 τοῖσδ’

2127 2944 2401 3013 γεγονέναι
2431 2943 2463 3014 ἢ
2509 2943 2899 3014 συμϐήσεσθαι,
2953 2943 3028 3014 μὴ
3076 2943 3324 3014 διακρίνῃ
3356 2939 3464 3010 (24)
3502 2941 3580 2992 ὅτι
3615 2936 3670 2989 οὐ

2130 3033 2344 3096 πάντως
2369 3035 2397 3086 ὁ
2427 3032 2684 3086 διδάσκων
2725 3033 2851 3104 περί
2879 3049 3032 3096 τινος
3065 3033 3142 3096 ὡς
3179 3029 3462 3100 γενομένου
3491 3027 3523 3098 ἢ
3564 3027 3672 3077 ἐσο-

2055 3129 2099 3190 c
2131 3123 2308 3195 μένου,
2347 3123 2514 3185 αἴτιός
2549 3125 2658 3174 ἐστι
2687 3121 2780 3174 τοῦ
2817 3121 2877 3174 τὸ
2919 3125 3152 3194 πρᾶγμα
3183 3119 3384 3174 τοιόνδε
3405 3135 3456 3171 τι
3487 3113 3671 3183 τυγχὰ-

2133 3228 2260 3273 νειν,
2287 3213 2522 3281 οἰήσεται
2549 3209 2658 3279 (9.5)
2687 3209 2778 3262 τὸν
2817 3213 3082 3282 ποι-ραστή
3093 3226 3260 3264 σαντα
3291 3207 3414 3278 περὶ
3445 3205 3534 3259 τοῦ
3561 3202 3672 3256 τάδε

2131 3301 2248 3353 τινὰ
2281 3301 2578 3368 γεγονέναι,
2609 3299 2640 3368 ἢ
2681 3298 2805 3351 τάδε
2839 3299 2970 3354 τινὰ
2997 3299 3233 3361 ἔσεσθαι,
3266 3293 3604 3365 πεποιηκέναι
3633 3290 3667 3358 ἦ

2134 3389 2372 3458 ποιήσειν
2399 3387 2469 3438 τὰ
2510 3387 2636 3456 περὶ
2681 3379 2755 3439 ὧν
2787 3386 3066 3442 διδάσκει·
3101 3387 3338 3456 οἰήσεται
3365 3379 3663 3450 eamme

2131 3475 2486 3546 ἐσφαλμένως’
2503 3475 2578 3537 ὡς
2595 3475 2764 3537 εἴτις,
2791 3475 3031 3544 ἐντυχὼν
3047 3475 3348 3546 προφητικῇ
3367 3469 3526 3540 βίϐλῳ
3543 3465 3662 3535 (26).

2131 3562 2464 3634 προδηλούσῃ
2494 3561 2560 3614 τά
2590 3564 2718 3633 περὶ
2769 3563 2973 3616 Ἰούδαν
3007 3562 3098 3614 τὸν
3139 3560 3416 3631 προδότην,
3463 3554 3664 3624 νομίσαι

2134 3651 2314 3722 μαθὼν
2343 3651 2404 3704 τὸ
2445 3651 2714 3721 ἐσόμενον,
2743 3651 2896 3722 ὁρῶν
2933 3653 3062 3706 αὐτὸ
3106 3649 3539 3717 ἀποτελούμενον,
3575 3640 3662 3710 τὴν

2131 3739 2306 3809 βίϐλον
2335 3739 2508 3792 αἰτίαν
2549 3735 2810 3792 εἶναιντοῦ
2853 3741 2967 3810 (27)
2995 3741 3112 3793 τόδε
3141 3757 3195 3792 τι
3228 3735 3500 3806 γεγονέναι
3525 3731 3664 3784 ὓστε-

2133 3845 2241 3898 ρον,
2275 3827 2392 3880 δπεῖ
2416 3827 2521 3880 ἀπὸ
2541 3828 2638 3894 τῆς
2661 3827 2847 3896 βίϐλου
2869 3831 3152 3900 μεμάθηκε
3170 3828 3238 3881 τὰ
3259 3825 3360 3878 ὑπδ
3381 3823 3473 3877 τοῦ
3509 3819 3662 3874 Ἰούδα

2129 3914 2540 3986 πραχθησόμενα
2571 3915 2808 3986 ύστεροψ
2841 3918 2880 3990 ἢ
2915 3919 3072 3972 πάλιν
3108 3919 3180 3988 μὴ
3219 3917 3315 3986 τὴν
3349 3912 3520 3984 βίϐλον
3546 3911 3663 3962 ὑπο-

2127 4003 2280 4057 λάϐοι
2304 4001 2440 4057 εἶναι
2463 4005 2655 4067 αἰτίαν,
2681 4006 2811 4059 ἀλλὰ
2833 4009 2928 4061 τὸν
2951 4008 3162 4079 πρῶτον
3185 4004 3466 4075 γράψαντα
3486 3998 3661 4068 αὐτὴν,

2127 4090 2159 4162 ἢ
2193 4091 2280 4144 τὸν
2316 4093 2837 4162 ἐκκεργήσαντα,φέρε
2870 4097 3042 4148 εἰπεῖν
3069 4093 3158 4146 τὸν
3186 4093 3334 4146 Θεόν.
3377 4092 3577 4157 Ὥσπερ
3610 4083 3661 4134 δὲ

2126 4181 2221 4234 ἐπὶ
2257 4181 2362 4233 τῶν
2403 4182 2528 4252 περὶ
2565 4181 2658 4234 τοῦ
2699 4183 2870 4236 Ἰούδα
2908 4181 3390 4254 προφητεύομένων
3417 4176 3570 4232 αὐταὶ
3609 4171 3660 4224 αἰ

2125 4271 2292 4336 λέξεις
2323 4270 2698 4340 ἐξεταζόμεναι
2730 4273 3053 4341 ἐμφαίνουσι
3079 4271 3169 4324 τὸν
3199 4270 3328 4322 Θεὸν
3361 4264 3574 4335 ποιητὴν
3595 4259 3664 4331 μὴ

2124 4361 2396 4429 γεγονέναι
2427 4361 2522 4431 τῆς
2559 4361 2651 4414 τοῦ
2701 4362 2874 4416 Ἰούδα
2903 4361 3208 4433 προδοσίας,
3241 4357 3374 4412 ἀλλὰ
3407 4355 3560 4425 μόνον
3581 4351 3659 4402 δε-

499 4418 644 4473 mine
683 4417 984 4484 prodiisset,
1017 4415 1250 4485 ejusdem
1305 4417 1540 4484 perfidiae
1591 4430 1864 4476 auctorem
1911 4439 2028 4480 esse

2132 4415 2418 4521 δηλωκέναι
2455 4415 2960 4522 προεγνωκότατὰ.
2984 4452 3091 4504 ἀπὸ
3251 4415 3434 4501 τούτου
3475 4442 3662 4502 κακίας

502 4518 746 4572 sentiret.
775 4517 1226 4583 Quemadmodum
1253 4527 1430 4573 autem
1469 4525 1742 4590 conceptis
1762 4538 1826 4578 ac
1853 4525 2025 4580 diser-

502 4609 596 4670 tis,
620 4607 662 4660 si
695 4621 753 4658 ca
778 4605 1054 4673 diligenter
1077 4607 1364 4673 expeudas,
1387 4607 1536 4662 istius
1553 4609 1616 4664 de
1640 4609 1770 4665 Iuda
1801 4616 2026 4682 prophe-

501 4698 590 4750 tiae
629 4693 816 4754 verbis.
858 4694 997 4748 Deus
1029 4695 1202 4748 omnis
1231 4696 1548 4764 proditionis
1575 4698 1688 4767 ejus
1711 4701 1865 4770 culpa
1893 4703 2024 4760 libe-

604 4809 646 4840 "
671 4807 803 4861 Gen.
834 4821 875 4870 ι,
908 4807 993 4862 Η.

531 5016 546 5067 ι
548 4946 676 5068 δ(519)
719 4947 873 5000 Ἐστι
909 4949 1030 5014 τοῖς
1067 4949 1268 5002 εἰδόσι.
1304 4950 1456 5018 Apud
1493 4949 1686 5004 Euseb.
1730 4953 1874 5006 deest
1920 4958 2030 5018 τοῖς

607 5033 676 5068 σι.
1026 5057 1032 5062 .

499 5033 676 5068 ειοοσι.
1026 5057 1032 5062 .

567 5085 678 5151 (90)
721 5083 863 5135 Ἐπί.
909 5083 1129 5148 Philae,
1157 5085 1254 5138 ἔτι.

566 5152 650 5226 (gl
659 5152 674 5226 )
714 5152 1221 5226 κξργησὰντωνη
1242 5152 1463 5213 l’hiloc.,
1493 5154 1884 5226 ἐνηργηκότων.

566 5220 675 5294 (2'2)
727 5220 1056 5294 Τάδε-(τινὰ
1098 5223 1509 5294 γινώσκουσιν.
1712 5226 2025 5294 παρέλκειν

499 5289 828 5350 rtmjeclaltztl
861 5287 1114 5352 Vigerus,
1143 5290 1260 5340 licet
1293 5297 1504 5342 exstent
1541 5289 1592 5341 in
1620 5287 1930 5346 Philae-tilia.

567 5355 676 5423 (25)
710 5357 1158 5428 -Διητουμένοινᾳ
1182 5354 1402 5428 Philae"
1421 5355 1844 5428 δεδιηγημένους.
1863 5361 2023 5414 Paulo

498 5433 633 5506 post,
673 5424 763 5506 τὸν
795 5425 866 5494 μὴ
911 5423 1364 5494 παρατετευχότα,
1403 5432 1458 5478 et.
1499 5423 1654 5491 infra,
1700 5428 1870 5482 αἰτίου
1919 5429 2023 5482 τῶν

496 5503 808 5557 γενομένων.

569 5557 674 5630 )
702 5559 1236 5630 άιᾳίλιριήι.ίῐίιιςοίι.,
1275 5560 1572 5630 διακρίνων.

572 5625 677 5696 (ἓῦ)
708 5624 1012 5696 ξἸιίίω-,νεί
1041 5629 1299 5696 οἰήσεται,
1335 5624 1730 5696 ριἰιειιιίοροει,
1767 5633 1996 5688 διδάσκει

497 5688 675 5758 δῆλον,
703 5693 782 5746 ὅτι
809 5685 1148 5764 ἐσφαλμένως
1179 5673 1330 5749 τοῦτο
1354 5673 1608 5769 quam“:
1664 5675 1684 5686 ~
1717 5673 1730 5699 ς
1768 5673 2018 5698 νυν-θην.»

2127 4537 2539 4608 πραχθησόμενα
2568 4537 2715 4610 παρὰ
2749 4537 2848 4610 τὴν
2889 4538 3050 4592 αὐτοῦ
3075 4537 3250 4591 αἰτίαν
3271 4533 3401 4604 (28)’
3429 4531 3592 4590 οὕτως
3614 4523 3662 4577 εἰ

2124 4643 2208 4688 τις
2233 4625 2524 4696 ἐμϐαθύναι
2561 4626 2638 4697 τῷ
2669 4627 2812 4696 λόγῳ
2835 4627 2928 4681 τοῦ
2962 4625 3264 4698 προειδέναι
3289 4621 3362 4676 τὰ
3387 4621 3557 4675 πάντα
3577 4614 3657 4712 τὸν

2127 4714 2276 4779 Θεὸν,
2305 4717 2527 4779 καὶτοῖς
2560 4719 2618 4770 ἐν
2649 4711 2730 4780 οἷς
2758 4714 2867 4772 οἷον
2890 4717 2999 4787 (29)
3031 4713 3328 4769 ἐνετύπωσε
3358 4711 3454 4780 τῆς
3475 4709 3658 4761 ἑαυτοῦ

2201 4958 2315 5024 ('26)
2351 4958 2684 5026 Πρυμητικξῖ
2716 4961 2763 5022 ,β
2777 4961 2924 5026 ’6.1ῳ.
2959 4958 3046 5012 Vel
3084 4957 3339 5023 psalmum
3361 4959 3528 5026 _xt_.aul
3552 4964 3650 5010 ur,

2131 5022 2358 5080 a'ttcvm
2381 5022 2753 5092 intelligit,'qui
2785 5022 2930 5079 Ju:l:e
2962 5022 3238 5090 perfidiam
3267 5022 3649 5092 νςιιίιιίιιειιιιρτς

2131 5096 2211 5148 vel
2248 5094 2383 5164 quod
2416 5084 2753 5164 verisimilius
2783 5107 2880 5153 est.
2917 5084 3086 5164 id'hait
3115 5107 3179 5145 ex
3211 5084 3654 5164 _lty_potltesi-.Lliu-

2128 5151 2647 5231 gens'pt'oplteticnm
2696 5151 2924 5230 aliquem
2976 5162 3164 5231 librum
3204 5151 3353 5212 Ju'tla:
3395 5151 3651 5231 proditio-

2129 5220 2244 5282 nem
2275 5220 2603 5297 centiplexum
2631 5220 2918 5293 exstitisse,
2953 5230 3042 5296 qui
3079 5228 3306 5280 fortasse
3335 5220 3510 5274 nullus
3537 5220 3650 5270 fuit.

2124 5298 2483 5434 Ηιξὲζῑυςῷοῦ.
2535 5364 2690 5434 Deest
2743 5363 2905 5434 ιψξιιιΔ
2937 5356 3463 5434 ἰᾷιιεξηῇῐιιιιιελνςιιιιο
3501 5349 3650 5434 “infra

2125 5415 2447 5495 ινὶὗὸὲαιὲἀ,
2465 5415 2742 5501 μεμάθηκε
2777 5415 2844 5482 τὸ
2885 5429 2985 5483 ὑπὸ
3023 5429 3112 5481 τοῦ
3155 5426 3318 5480 Ἰούδα
3353 5415 3652 5493 πραχθησό-

2125 5516 2301 5637 μεῖἕὲδ
2347 5567 2568 5637 ᾼίτΙαν.
2606 5565 2677 5637 lla
2707 5564 2948 5632 plerique
2977 5563 3116 5616 Phil.
3151 5563 3290 5624 cod.,
3319 5555 3547 5612 nonnulli
3578 5562 3672 5605 lar

2127 5635 2244 5689 men
2276 5635 2471 5686 habent
2500 5635 2710 5685 κακίαν.

2194 5701 2304 5774 ('29)
2339 5695 2491 5754 θῖον.
2529 5701 2684 5756 Deest
2719 5703 2768 5756 in
2800 5698 3116 5756 Pliiloettfia.
