3878 6222
247 487 293 539 ἰ
308 467 346 521 Ἰ
1785 488 1855 542 1N
1888 474 2204 545 GENESIM.
3489 489 3560 546 sa

297 580 618 663 πριιγθὼσεως
642 576 760 640 τοὺς
785 572 1017 644 λόγους.
1067 600 1464 671 κατανοῆσαι
1494 603 1580 668 ἂν,
1614 605 1693 657 ὅτι
1720 604 1841 659 οὒτε
1879 609 1900 659 ἁ

2010 618 2190 673 ratur;
2226 606 2385 672 idque
2414 615 2575 656 unum
2610 616 2675 657 ex
2730 604 2835 658 illis
2890 603 3074 658 inferri
3120 615 3327 675 potest,
3384 606 3550 660 Deum

295 679 547 756 προγνῦῦς
583 671 992 777 πάπωςξαῖξιεξς
1041 679 1175 736 τῶν
1230 697 1739 766 προεγνωσμένων,
1784 697 1900 750 οὕτε

2009 700 2146 767 quod
2186 697 2326 749 nulla
2357 694 2434 749 sui
2467 694 2700 747 numinis
2727 695 3124 757 communione,
3170 697 3281 747 sola
3314 697 3550 748 ltOminis
3606 771 3617 777 ἦ

294 772 365 827 τὰ.
394 771 519 833 τοὺς
541 764 724 828 τύπους
750 763 853 816 τῶν
890 762 1087 833 λόγων
1124 774 1258 847 (³50)
1294 762 1404 852 τῆς
1432 762 1784 853 προγνώσεως
1814 787 1900 838 τοῦ

2009 762 2350 855 improbitate
2392 783 2628 835 futurum
2663 784 2838 839 scelus
2866 793 2989 835 ante
3025 791 3366 851 cognoverat,
3409 796 3550 849 prze-

290 859 693 934 προεγνωκότος
737 855 1028 927 δεξαμενα.
1068 861 1214 916 ’Ὁτι
1275 871 1380 938 μὲν
1414 869 1506 925 οῦν
1540 874 1761 929 ἕκαστον
1801 873 1900 925 τῶν

2009 876 2283 929 nuntiasse
2312 892 2326 928 :
2354 875 2420 926 ita
2439 873 2679 939 profecto
2696 874 2939 943 quisquis
2963 881 3143 926 eteam
3164 872 3213 923 in
3233 869 3552 935 disputatio-

290 952 583 1022 ἐσομένων
619 948 715 1019 πρὸ
745 945 937 999 πολλοῦ
980 944 1138 1003 οἶδεν
1174 955 1205 1005 ὁ
1248 957 1391 1021 Θεὸς
1429 962 1784 1030 γενησόμενον
1816 960 1900 1013 καὶ

2013 978 2153 1024 nem,
2185 979 2285 1029 qua
2323 963 2429 1015 Deo
2466 978 2645 1015 rerum
2673 963 2911 1015 omnium
2954 971 3263 1028 antegressa
3310 959 3550 1026 cognitio

286 1044 492 1112 χωρὶς
519 1042 613 1111 μὲν
634 1038 845 1111 Γραφῆς
876 1038 1120 1095 αὐτόθεν
1167 1046 1240 1097 ἐκ
1272 1048 1380 1116 τῆς
1422 1050 1625 1111 ἐννοίας
1653 1050 1750 1119 τῆς
1784 1051 1900 1120 περὶ

2015 1052 2293 1114 tribuitur,
2330 1061 2382 1103 et
2418 1052 2469 1103 in
2509 1065 2591 1116 ea,
2642 1052 2835 1119 quibus
2868 1066 2977 1105 suae
3023 1048 3347 1116 cognitionis
3395 1047 3549 1115 signa

286 1131 477 1193 Θεοῦ,
508 1132 664 1201 δῆλον
683 1130 756 1200 τῷ
788 1128 1027 1182 συνιέντι
1065 1131 1301 1205 ἀξίωμα
1328 1138 1606 1208 δυνάμεως
1629 1138 1719 1190 νοῦ
1753 1138 1900 1191 Θεοῦ.

2015 1142 2255 1208 qntedaut
2283 1150 2338 1194 et
2369 1140 2568 1194 formas
2593 1141 2946 1209 impresserit.
2980 1139 3160 1192 subire
3193 1138 3350 1190 altius
3378 1149 3437 1187 ac
3458 1148 3551 1200 pe-

290 1235 544 1275 netrare
578 1224 824 1285 voluerit,
872 1223 1150 1293 intelliget
1178 1229 1303 1295 ipse
1332 1232 1610 1295 continuo,
1668 1246 1770 1285 non
1820 1231 1890 1285 illi
1929 1232 2112 1299 utique
2144 1235 2231 1299 qui
2287 1235 2630 1301 prmnovcrit,
2684 1242 2775 1286 aut
2818 1234 2882 1285 iis
2907 1234 3036 1301 ipsis
3063 1232 3245 1293 rebus,
3270 1243 3387 1298 qua:
3419 1241 3555 1292 prat-

291 1314 567 1367 tmtionis
616 1316 730 1382 ejus
773 1315 981 1367 fortnas
1007 1319 1283 1383 quasdam
1335 1331 1596 1388 notasque
1622 1322 1977 1387 susceperint,
2015 1336 2201 1375 eorum
2233 1338 2350 1390 qua:
2383 1323 2720 1391 prmnnvcrit,
2765 1337 2979 1374 causam
3031 1334 3150 1373 esse
3186 1316 3543 1371 tribuendam.

287 1399 425 1455 Jam
461 1418 616 1458 vero
643 1404 896 1470 quidquid
929 1404 1240 1472 aliquando
1263 1407 1501 1460 futurum
1529 1416 1629 1473 est,
1663 1408 1713 1460 id
1744 1422 1899 1462 omne
1918 1411 2096 1463 'Dellttl
2144 1412 2308 1465 multo
2339 1422 2460 1465 ante
2482 1413 2531 1480 7
2576 1411 2811 1464 futurum
2858 1424 3149 1480 praenosse,
3180 1419 3235 1461 ut
3260 1408 3549 1474 Scriptura:

290 1496 543 1548 abesset
578 1496 902 1558 auctoritas,
951 1497 1041 1551 vel
1091 1500 1328 1565 ipsautet
1364 1514 1425 1553 ex
1467 1501 1555 1554 Dei
1608 1500 1823 1555 notione
1879 1503 1926 1555 is
1980 1504 2219 1570 proiecto
2258 1506 2467 1558 demum
2513 1506 2797 1575 intelligat,
2851 1505 2941 1574 qui
2983 1505 3146 1574 probe
3180 1504 3283 1557 vim
3317 1502 3459 1555 illam
3498 1509 3554 1555 et

293 1587 708 1640 excellentiam
743 1590 939 1642 divina:
971 1591 1178 1644 mentis
1215 1592 1489 1661 intelligit.

370 1679 447 1731 Εἰ
509 1676 577 1730 δὲ
627 1678 711 1729 δεῖ
757 1680 851 1731 καὶ
877 1680 987 1732 ἀπὸ
1036 1682 1146 1733 τῶν
1188 1682 1417 1749 Γραφῶν
1454 1683 1607 1735 τοῦτο
1639 1684 1900 1754 παραστῆ-

2079 1680 2131 1733 4.
2168 1678 2222 1732 Si
2271 1690 2448 1734 tamen
2498 1697 2777 1735 sacrarum
2824 1696 3035 1748 quoque
3066 1681 3361 1735 litterarum
3396 1684 3549 1739 testi-

294 1785 422 1830 σαι,
454 1768 704 1839 πλήρεις
730 1774 828 1839 μέν
856 1772 994 1822 εἰσιν
1023 1772 1081 1824 αἱ
1111 1774 1434 1841 προφητεῖαι
1459 1772 1706 1825 τοιούτων
1741 1788 1900 1841 παρα-

2009 1769 2205 1820 moniis
2232 1783 2346 1818 eam
2369 1769 2431 1821 .itt
2463 1784 2572 1821 rem
2605 1784 2736 1834 nptts
2769 1779 2879 1835 est,
2930 1770 3095 1836 plenae
3125 1780 3249 1823 sunt
3275 1774 3548 1841 exemplo-

291 1862 676 1930 δειγμάτωνο
714 1864 808 1914 καὶ
840 1864 908 1914 τὰ
941 1863 1085 1915 κατὰ
1125 1864 1238 1934 (51)
1279 1865 1373 1934 τὴν
1420 1865 1702 1919 Σωσάνναν
1727 1866 1784 1917 δὲ
1812 1867 1900 1919 τοῦ

2009 1872 2123 1909 rum
2179 1858 2226 1910 id
2277 1874 2442 1925 genus
2472 1861 2872 1928 prophetarum
2911 1875 3110 1913 voces:
3159 1862 3375 1929 ipsaque
3414 1865 3547 1919 adeo

293 1950 449 2002 θεοῦ
489 1950 869 2017 γινώσκοντος
898 1952 969 2002 τὰ
1014 1953 1212 2015 πάντα,
1252 1953 1380 2028 πρὶν
1413 1952 1672 2019 γενέσεως
1710 1954 1900 2018 αὐτῶν,

2010 1945 2250 2000 Susanna
2279 1963 2456 2000 rerum
2488 1949 2535 2000 ei
2572 1950 2933 2017 cognitionem
2967 1950 3205 2002 omnium
3253 1952 3337 2005 Itis
3372 1952 3550 2008 verbis

294 2040 455 2091 οὕτω
492 2040 770 2106 λέγουσαν
794 2057 808 2069 '
851 2059 870 2090 ι
916 2041 973 2093 ’0
997 2040 1130 2102 Θεὸς
1154 2043 1182 2093 ὁ
1209 2040 1442 2103 αἰώνιος,
1474 2043 1502 2093 ὀ
1524 2040 1627 2093 τῶν
1656 2042 1900 2109 κρυπτῶν

2009 2037 2237 2088 asseruit
2270 2053 2282 2088 :
2326 2055 2343 2086 ι
2377 2036 2513 2089 Deus
2539 2048 2761 2100 aeterne,
2788 2039 2877 2105 qtti
2906 2039 3335 2093 absconditorum
3365 2056 3423 2096 es
3460 2057 3552 2096 co-

296 2132 600 2200 γνὼστης,
627 2133 658 2183 ὁ
684 2132 837 2193 εἰδὼς
858 2132 926 2183 τὰ
954 2132 1132 2183 πάντα
1159 2132 1287 2200 πρὶν
1319 2131 1585 2198 γενέσεως
1619 2131 1815 2195 αὐτῶν,
1845 2132 1900 2186 σὺ

2009 2121 2214 2189 gttitor;
2260 2122 2349 2187 qui
2397 2122 2533 2173 nosti
2571 2125 2746 2190 omnia
2797 2134 3083 2192 antequam
3133 2127 3300 2180 ﬁant:
3343 2139 3397 2181 ιιι
3444 2130 3551 2184 scis

295 2221 618 2272 ἐπίστασαι
640 2259 655 2279 ,
693 2206 773 2271 ’ὁτι
817 2218 990 2288 ψευδῆ
1025 2237 1125 2288 μου
1169 2219 1652 2289 κατεμαρτύρησαν
1684 2213 1849 2271 οὗτοι.
1884 2236 1900 2269 ι

2009 2210 2258 2276 quoniam
2289 2208 2477 2263 falsum
2504 2211 2861 2264 testimonium
2884 2215 3116 2267 tulerunt
3139 2229 3323 2269 contra
3350 2216 3542 2271 πεδ’.»

296 2309 664 2376 ⁷Σαιρέστατσ.
703 2308 758 2359 δὲ
792 2310 848 2359 ἐν
880 2310 947 2377 τῇ
975 2308 1137 2379 τρίτῃ
1167 2307 1275 2360 τῶν
1304 2307 1590 2361 Βασιλειῶν
1615 2309 1706 2360 καὶ
1741 2308 1900 2376 ὄνομα

2009 2299 2084 2350 Ac.
2111 2298 2311 2366 [legum
2352 2302 2529 2365 tertio,
2560 2302 2700 2370 regis
2732 2301 2897 2369 ipsius
2934 2320 3148 2368 nomen,
3180 2321 3371 2373 resque
3392 2309 3456 2361 ιιι)
3484 2323 3547 2363 eo

300 2396 747 2467 βασιλεύσοντος
773 2397 880 2465 (5‘2)
909 2434 924 2458 ,
967 2397 1063 2448 καὶ
1098 2396 1321 2464 πράξεις
1363 2397 1774 2466 ἀνεγράφησαν,
1807 2396 1900 2465 πρὶ

2011 2398 2209 2453 gestas,
2251 2387 2434 2440 inultis
2464 2399 2588 2441 ante
2617 2390 2791 2451 annis,
2827 2406 2987 2457 quam
3020 2393 3187 2445 lucem
3222 2397 3546 2463 aspicerent,

301 2486 595 2537 πλειόνων
624 2482 758 2535 ἑτῶν
783 2483 874 2535 τοῦ
909 2484 1164 2550 γενέσθαι
1194 2484 1661 2553 προφητευόμενα,
1701 2484 1870 2544 οὕτως
1894 2500 1900 2512 ε

2012 2476 2153 2527 ltunc
2183 2476 2231 2527 in
2253 2480 2466 2528 modunt
2491 2478 2792 2533 clarissime
2826 2491 2974 2535 vates
3004 2484 3212 2536 divinus
3238 2486 3501 2552 expressit
3531 2502 3546 2540 :

309 2595 329 2625 ε
374 2576 496 2628 Kal
542 2575 802 2644 ἐποίησεν
846 2573 1132 2645 ἰεροὸοὰμ
1175 2574 1365 2644 ἑορτὴν
1410 2575 1469 2626 ὲν
1523 2571 1601 2641 τῷ
1664 2572 1788 2641 μηνὶ
1833 2570 1900 2639 τῷ

2016 2581 2034 2614 ι
2070 2563 2464 2633 Constituitque
2511 2566 2792 2623 Jeroboam
2828 2572 3225 2625 solemnitatem
3276 2576 3325 2626 in
3369 2591 3549 2629 mense

303 2664 515 2732 ὀγδόῳ,
561 2668 619 2714 εν
659 2666 726 2732 τῇ
762 2662 996 2733 πέμπτῃ
1038 2662 1132 2713 καὶ
1157 2662 1353 2731 δεκάτῃ
1390 2650 1572 2731 ἡμέρᾳ
1594 2659 1684 2711 τοῦ
1722 2658 1900 2728 μηνὸς,

2010 2665 2218 2717 octavo,
2251 2656 2645 2722 qnintadecima
2688 2659 2772 2713 die
2805 2663 3021 2727 mensis,
3059 2663 3109 2714 itt
3143 2664 3545 2719 similitudinem

306 2752 460 2805 κατὰ
488 2750 593 2820 τὴν
620 2751 819 2820 ἑορτὴν
851 2750 950 2820 τὴν
985 2750 1044 2801 ὲν
1077 2752 1146 2819 γῇ
1183 2749 1370 2802 Ἰούδα.
1406 2750 1514 2802 Καὶ
1546 2748 1707 2817 ἀνέϐη
1734 2747 1824 2798 ἐπὶ
1852 2745 1900 2797 τὲ

2012 2744 2392 2807 solemnitatis,
2419 2762 2533 2816 quae
2558 2747 2920 2802 celebrabatur
2948 2749 2998 2801 itt
3022 2746 3175 2803 Juda.
3208 2750 3269 2803 Et
3305 2754 3550 2806 ascendit

307 2841 720 2908 θυσιαστήριον
765 2841 823 2890 ὲν
862 2838 1104 2908 Βαιθὴλ,
1142 2838 1171 2890 ὂ
1203 2839 1422 2907 ἐποίησε
1462 2838 1554 2890 τοῦ
1596 2837 1742 2890 θύειν
1794 2838 1900 2898 ταῖς

2012 2834 2077 2885 ad
2111 2834 2281 2886 altare
2312 2838 2451 2901 quod
2485 2835 2611 2889 fecit
2648 2837 2698 2888 itt
2727 2837 2933 2899 BBIlIt'I,
2972 2848 3029 2890 ttt
3060 2840 3361 2894 immolaret
3405 2842 3546 2893 vitu-

306 2932 648 3000 δαμάλεσιν,
678 2910 767 2991 αἷς
799 2928 1059 2995 εποίησεν
1089 2926 1220 2995 (55).
1254 2945 1271 2977 ι
1296 2923 1428 2979 Εἶτα
1446 2927 1560 2995 μετ’
1574 2924 1776 2991 ὀλίγα-ι
1804 2923 1900 2974 Kal

2012 2923 2097 2988 lis,
2133 2938 2266 2990 quos
2297 2924 2587 2977 fabricatus
2619 2925 2791 2979 fuerat
2824 2926 2888 2978 “.
2924 2945 2942 2977 ι
2979 2927 3039 2979 Et
3072 2932 3229 2994 paulo
3252 2939 3367 2997 post
3391 2945 3404 2980 :
3432 2948 3450 2979 ι
3484 2930 3546 2983 Et

314 3023 429 3075 ἰδοὺ
464 3020 763 3089 ἄνθρωπος
786 3017 883 3070 τοῦ
909 3016 1043 3069 Θεοῦ
1069 3017 1128 3080 ἐξ
1157 3016 1323 3069 Ἰούδα
1344 3014 1669 3086 παρεγένετο
1692 3015 1747 3066 ὲν
1770 3013 1900 3083 λόγῳ

2013 3027 2138 3065 ecce
2168 3014 2246 3064 vir
2277 3013 2365 3065 Dei
2404 3013 2547 3066 venit
2581 3013 2645 3067 de
2671 3012 2825 3080 Jutla,
2862 3015 2913 3067 iu
2957 3031 3202 3070 sermone
3228 3019 3462 3083 Domini,
3484 3020 3543 3073 ·ἱιι

312 3110 532 3179 Κυρίου
550 3110 610 3160 ὲν
641 3106 867 3176 Βαιθὴλ,
902 3106 996 3157 καὶ
1033 3104 1310 3174 Ἰεροὸοὰμ
1336 3104 1575 3173 εἱστήκει
1604 3103 1696 3154 ἐπὶ
1725 3102 1785 3154 τὸ
1816 3101 1900 3154 θυ-

2009 3101 2219 3166 Betbel,
2271 3102 2555 3157 Jeroboam
2605 3115 2780 3157 stante
2823 3120 2984 3173 super
3013 3106 3177 3160 altare.
3197 3148 3210 3171 ,
3239 3118 3291 3161 et
3321 3109 3440 3162 tltus
3466 3109 3548 3174 ja-

315 3198 641 3266 σιαστήριον
675 3193 771 3246 τοῦ
800 3192 1076 3246 ὲπιθῦσαι.
1106 3191 1216 3243 Kal
1254 3189 1579 3243 ἐπεκάλεσεν
1602 3188 1695 3240 ἐπὶ
1725 3187 1785 3239 τὺ
1819 3187 1900 3239 θυ-

2009 3190 2198 3243 ciente.
2235 3191 2296 3244 Et
2317 3193 2635 3245 exclamavit
2663 3204 2846 3247 contra
2879 3196 3047 3249 altare
3084 3197 3136 3248 in
3167 3212 3410 3250 sermone
3445 3198 3547 3251 Do-

315 3288 647 3356 σιαστήριον
679 3286 738 3337 ἐν
771 3282 918 3352 λόγῳ
946 3282 1175 3351 Κυρίου,
1210 3280 1306 3331 καὶ
1331 3275 1469 3330 εἴπεο
1494 3277 1904 3346 Θυσιαστήριον,

312 3376 443 3428 τάδε
467 3374 623 3440 λέγει
643 3372 849 3442 Κύριος
867 3387 880 3400 ν
922 3370 1055 3421 Ἰδοὺ
1077 3369 1194 3430 υίὸς
1213 3366 1448 3419 τίκτεται
1472 3364 1549 3434 τῷ
1572 3364 1703 3435 οἴκῳ
1724 3363 1903 3430 Δαυῖδ,

326 3464 548 3524 Ἰωσίας
592 3461 768 3531 ὄνομα
794 3458 945 3528 αύτῷ
967 3497 984 3521 ,
1020 3459 1114 3510 καὶ
1161 3457 1308 3509 θύσει
1345 3457 1436 3508 ἐπὶ
1482 3455 1539 3506 σὲ
1573 3454 1696 3516 τοὺς
1744 3456 1906 3524 ἱερεῖς

311 3554 429 3606 τῶν
460 3549 686 3620 ὑψηλῶν
710 3549 818 3600 τῶν
844 3544 1181 3599 ἐπιθυόντων
1214 3545 1303 3597 sta
1332 3546 1410 3606 σὲ,
1429 3545 1521 3596 καὶ
1552 3544 1683 3595 ὀστᾶ
1710 3534 1927 3614 ἀνθρώ-’

313 3662 444 3697 πων
480 3640 679 3694 καύσει
713 3642 803 3691 ἐπὶ
831 3640 915 3691 σέ.
954 3638 1066 3688 Kal
1097 3635 1293 3688 ἔδωκεν
1333 3638 1390 3687 ὲν
1422 3637 1488 3704 τῇ
1519 3633 1699 3704 ἡμέρᾳ
1723 3634 1904 3705 ἐκείνῃ

311 3736 515 3805 τέρας,
549 3732 579 3784 ὃ
624 3730 845 3799 ἐλάλησε
883 3727 1093 3798 Κύριος
1126 3724 1323 3790 λέγων’
1374 3724 1499 3776 Ἰδοὺ
1532 3722 1594 3775 τδ
1630 3721 1909 3794 θυσιαστήο

316 3841 437 3895 ριον
473 3824 768 3893 ῥήγνυται,
805 3820 902 3871 καὶ
930 3814 1352 3886 ἐκχυθήσεται-1)
1394 3814 1584 3883 πιότης
1627 3815 1660 3884 ή
1702 3813 1786 3865 ἐπ’
1813 3814 1908 3865 αό-

314 3913 420 3982 τῷ.
451 3931 470 3962 ι
513 3910 624 3963 Καὶ
654 3911 773 3979 μετ’
798 3908 958 3974 ὀλίγα
982 3902 1256 3973 δηλοῦται,
1283 3905 1363 3956 ὅτι
1399 3902 1493 3955 καὶ
1530 3902 1592 3954 τὸ
1619 3902 1907 3971 θυσιαστή-

317 4018 436 4072 ριον
457 3987 694 4068 ἐρράγη,
715 3997 814 4048 καὶ
839 3992 1076 4062 ἐξεχύθη
1107 3993 1140 4061 ή
1162 3990 1349 4059 πιότης
1374 3990 1480 4042 ἀπὸ
1505 3988 1596 4042 τοῦ
1627 3988 1909 4058 θυσιαστη-

318 4090 439 4160 ρίου
490 4087 631 4140 uti
683 4085 747 4137 τὸ
776 4084 943 4152 τέρας
974 4082 1004 4133 ὃ
1037 4080 1234 4133 ἔδωκεν
1274 4082 1302 4131 ὁ
1346 4078 1629 4150 ἄνθρωπος
1670 4080 1728 4129 ὲν
1765 4078 1906 4147 λόγῳ

314 4179 549 4248 Κυρίου.
583 4176 694 4227 Kal
721 4177 779 4226 ‘sv
812 4173 894 4242 τῷ
929 4170 1134 4240 Ἡσαΐᾳ
1165 4168 1434 4237 γενομένῳ
1466 4168 1570 4236 πρὸ
1596 4166 1785 4220 πολλοῦ
1811 4167 1906 4237 τῆς

314 4267 702 4338 αἰχμαλωσίας
736 4266 837 4333 τῆς
887 4264 969 4324 εἰς
1002 4260 1323 4322 Βαϐυλῶνα,
1362 4258 1480 4328 μεθ’
1522 4259 1587 4328 ἢν
1631 4258 1905 4327 αἰχμαλω-

316 4359 439 4411 σίαν
460 4357 692 4426 ῦστερὸν
722 4370 857 4406 ποτε
893 4352 1102 4419 γίνεται
1127 4349 1305 4419 Κῦρος
1336 4351 1363 4399 ὁ
1386 4348 1603 4418 Περσῶν
1634 4347 1901 4416 βασιλεὺς,

314 4447 664 4515 συνεργήσας
714 4444 780 4512 τῇ
842 4439 1101 4507 οἰκοδομῇ
1154 4436 1246 4488 τοῦ
1290 4435 1451 4497 ναοῦ,
1498 4435 1759 4505 γενομένῃ
1794 4433 1901 4505 (54)

304 4535 458 4588 κατὰ
491 4535 620 4594 τοὺς
654 4530 887 4600 χρόνους
922 4528 1157 4597 Ἔσδρα,
1199 4526 1369 4578 ταῦτα
1414 4527 1540 4594 περὶ
1578 4524 1759 4594 Κύρου
1792 4524 1904 4575 ὀνο-

308 4625 487 4694 μαστὶ
535 4618 978 4692 προφητεύεται·
1036 4636 1055 4667 ι
1098 4616 1252 4667 Οῦτω
1292 4614 1434 4681 λέγει
1481 4613 1680 4684 Κύριος
1718 4615 1745 4666 ὁ
1776 4612 1903 4675 Θεὸς

303 4714 387 4783 τῷ
431 4710 651 4781 χριστῷ
698 4726 801 4779 μου
837 4706 1039 4776 Κύρῳ,
1074 4700 1131 4759 οὗ
1165 4704 1441 4774 ἐκράτησα
1470 4704 1566 4771 τῆς
1599 4702 1774 4766 δεξιᾶς
1807 4703 1902 4753 αύ-

300 4803 402 4855 τοῦ
434 4789 748 4852 ἐπακοῦσαι
782 4793 1092 4864 ἔμπροσθεν
1126 4792 1288 4846 αὐτοῦ
1319 4792 1467 4861 ἔθνη,
1510 4792 1601 4841 καὶ
1630 4790 1779 4857 ἰσχὺν
1807 4788 1900 4857 βα-

303 4893 511 4946 σιλέων
560 4886 883 4957 διαρῤήξω’
929 4882 1120 4945 ἁνοίξω
1156 4880 1462 4951 ἔμπροσθεν
1503 4879 1664 4933 αὑτοῦ
1712 4878 1897 4948 θύρας,

302 4984 403 5035 καὶ
454 4979 635 5032 πύλαι
666 4976 783 5046 (55)
833 4974 895 5026 ού
928 4970 1469 5041 συγκλεισθήσονταν
1519 4967 1657 5035 Ἐγὼ
1696 4968 1900 5038 ἔμπρο-

304 5073 438 5125 σῧέν
471 5086 572 5121 σου
603 5066 971 5135 πορεύσομαι,
1000 5061 1092 5112 καὶ
1119 5061 1216 5130 ὖρη
1240 5058 1446 5129 ὁμαλιῶ
1470 5075 1484 5088 ’
1512 5057 1675 5129 θύρας
1694 5056 1896 5124 χαλκᾶς

303 5159 598 5230 ωντρίψω
624 5195 639 5219 ,
697 5154 796 5207 καὶ
861 5151 1087 5221 μοχλοὺς
1147 5147 1394 5219 σιδηροῦς
1447 5146 1738 5198 συνθλάσω.
1788 5146 1895 5198 Καὶ

297 5252 327 5303 ὃ
347 5252 463 5301 ἴισω
492 5265 582 5300 σοι
612 5243 930 5312 θησαυροὺς
959 5241 1260 5301 σκοτεινοῦς
1279 5278 1293 5302 ,
1326 5236 1692 5306 ἀποκρύφους,
1732 5236 1894 5306 ἀορά-

373 5365 425 5395 ιθ
473 5363 617 5414 Dan.
654 5372 782 5419 λιιι,
818 5356 907 5408 42.
986 5353 1029 5384 δι
1058 5353 1125 5407 111
1156 5353 1286 5422 Reg.
1339 5367 1439 5416 xu,
1468 5352 1533 5404 52
1565 5361 1619 5404 et
1658 5366 1769 5417 seq.

2008 3284 2157 3344 mini,
2194 3293 2246 3337 ct
2276 3286 2383 3338 ait:
2408 3286 2625 3359 Altare,
2647 3288 2760 3341 bare
2798 3286 2923 3341 dicit
2945 3287 3383 3343 DominuszEcce
3410 3291 3548 3344 filius

2007 3383 2259 3426 nascetur
2292 3375 2471 3428 domui
2504 3376 2690 3440 David,
2729 3374 2903 3431 Josias
2940 3379 3177 3443 nomine,
3214 3388 3266 3432 et
3306 3379 3548 3433 immola-

2007 3464 2084 3515 bit
2113 3478 2274 3532 super
2304 3474 2353 3519 te
2383 3468 2691 3521 sacerdotes
2716 3468 3075 3534 cxcelsorum,
3101 3471 3187 3537 qni
3229 3485 3369 3523 nunc
3404 3470 3453 3523 in
3495 3479 3547 3523 te

2008 3552 2160 3605 thura
2190 3556 2539 3619 succendunt,
2568 3565 2620 3610 et
2642 3570 2763 3609 ossa
2798 3558 3071 3612 hominum
3101 3574 3260 3628 super
3291 3569 3340 3613 te
3365 3559 3547 3612 incen-

2006 3640 2112 3694 det.
2146 3644 2404 3710 Deditque
2437 3646 2487 3697 in
2534 3646 2620 3697 illa
2661 3646 2747 3698 die
2780 3648 3013 3716 signum,
3052 3651 3189 3718 quod
3226 3650 3434 3704 locutus
3461 3661 3547 3704 est

2008 3730 2291 3794 Dominus,
2332 3733 2517 3786 dicens
2549 3752 2563 3787 :
2598 3734 2733 3786 Ecce
2761 3735 2930 3789 altare
2963 3739 3266 3800 scindetur,
3297 3748 3348 3792 ct
3375 3737 3548 3791 eﬂ'un-

2005 3820 2161 3871 dctttr
2188 3820 2347 3888 adeps
2372 3822 2462 3888 qui
2498 3823 2548 3874 in
2576 3839 2640 3876 eo
2666 3832 2746 3876 est
2765 3824 2830 3877 “.
2864 3845 2882 3875 ι
2918 3825 2995 3878 Ac
3026 3828 3209 3893 paucis
3235 3827 3544 3895 iuterjectis,

2005 3907 2172 3961 altare
2197 3908 2494 3975 disruptum
2529 3950 2545 3973 ,
2592 3911 2928 3981 effusumque
2955 3913 3164 3979 adipem
3191 3930 3308 3967 esse
3357 3931 3543 3970 narra-

2004 4004 2110 4059 tur,
2140 3996 2278 4062 quod
2301 3997 2508 4065 signum
2534 4000 2590 4052 in
2631 4016 2878 4055 sermone
2912 4002 3119 4054 Domini
3156 4003 3417 4071 propheta
3452 4004 3547 4058 de-

2005 4086 2175 4139 derat.
2206 4088 2466 4142 Similiter
2491 4091 2624 4159 apnd
2659 4092 2869 4159 Isaiam,
2912 4094 3002 4162 qui
3032 4094 3217 4147 multis
3234 4106 3355 4147 ante
3377 4095 3547 4163 capti-

2003 4175 2217 4229 vitatem
2235 4177 2546 4247 Babylonica
2556 4196 2604 4232 ttt
2624 4182 2782 4235 annis
2796 4183 3020 4246 vixerat,
3034 4183 3099 4237 de
3114 4183 3253 4253 Cyro
3268 4182 3545 4237 Persarum

2010 4278 2153 4329 rege,
2185 4265 2271 4330 qui
2307 4275 2453 4317 tanto
2493 4267 2860 4335 captivitatem
2907 4270 3045 4322 illam
3086 4271 3363 4324 intervallo
3393 4286 3547 4322 secu-

2012 4360 2095 4405 tns
2129 4363 2228 4416 est,
2266 4355 2458 4422 quippe
2486 4357 2576 4422 qui
2614 4358 2963 4410 instaurattdo
2998 4360 3191 4427 templo
3219 4362 3289 4428 (id
3317 4364 3454 4428 quod
3489 4360 3542 4413 itt

2010 4439 2191 4493 Esdra:
2240 4451 2445 4510 tempus
2496 4444 2721 4514 incidit)
2754 4461 2967 4513 operam
2998 4448 3211 4499 navarit
3240 4464 3388 4499 suam
3413 4486 3428 4510 ,
3469 4447 3542 4499 ita

2010 4531 2321 4582 nominatim
2352 4536 2760 4599 prtenuntiatuut
2798 4534 3009 4589 babes:
3050 4555 3067 4586 ι
3115 4537 3236 4591 ιιωυ
3264 4537 3394 4590 dicit
3442 4536 3546 4589 Do-

2010 4618 2186 4672 minus
2226 4621 2430 4674 Clll‘iSlD
2466 4636 2583 4676 meo
2611 4624 2784 4694 Cyro,
2818 4626 2970 4693 cujus
3002 4625 3324 4693 apprehendi
3356 4626 3542 4677 dexte-

1999 4721 2134 4767 ram,
2172 4716 2226 4759 ttt
2257 4708 2532 4774 subjiciam
2576 4722 2700 4765 ante
2733 4710 2919 4767 facient
2954 4714 3071 4783 ejus
3117 4724 3325 4779 gentes,
3356 4725 3408 4765 et
3434 4712 3546 4766 for-

2000 4794 2271 4848 titudinettt
2322 4813 2504 4865 regum
2553 4800 2924 4868 perfringam:
2982 4804 3221 4870 aperiant
3262 4818 3442 4855 coram
3479 4818 3544 4856 co

1989 4882 2201 4947 jattuas,
2228 4895 2282 4938 et
2308 4899 2474 4952 portre
2504 4906 2633 4942 mea:
2664 4906 2765 4943 non
2813 4891 3128 4945 claudentur
3155 4891 3297 4957 :Ego
3318 4901 3442 4946 ante
3481 4903 3533 4946 te

1995 4970 2099 5032 ibo,
2142 4980 2195 5025 ct
2243 4983 2449 5028 montes
2488 4977 2877 5042 complanabo:
2917 4991 3101 5046 portas
3143 4995 3309 5033 uaeas
3353 4991 3543 5034 conte-

1998 5073 2132 5121 ram.
2184 5070 2236 5115 et
2280 5073 2458 5118 vectes
2512 5067 2718 5119 ferreos
2767 5068 3123 5136 confringant.
3174 5069 3237 5121 lit
3279 5070 3417 5121 dabo
3450 5068 3542 5120 tibi

2003 5149 2279 5203 thesauros
2310 5153 2668 5219 absconditos,
2703 5156 2965 5217 occultos,
3000 5156 3291 5209 invisibiles
3307 5155 3543 5219 aperiam

2005 5236 2126 5302 tibi,
2158 5246 2213 5288 ttt
2237 5238 2378 5292 scias
2405 5242 2521 5307 quia
2557 5256 2654 5311 ego
2687 5242 2943 5293 Dominus
2971 5241 3131 5303 Deus,
3169 5245 3255 5309 qtti
3288 5254 3415 5291 voco
3447 5254 3544 5291 no-

1843 5352 1887 5383 δ’
1939 5349 2002 5402 lll
2033 5349 2157 5417 Reg.
2183 5367 2298 5415 χιιι,
2334 5352 2352 5403 1
2385 5366 2495 5418 seq.

2000 5441 2174 5516 talio
2206 5444 2580 5516 θυσιαστήριον

2067 5513 2175 5585 (54)
2213 5507 2535 5585 Γενομέῆῃ.
2585 5515 2655 5567 Ita
2691 5510 3216 5585 f’ltilocg_!ia,.sicqu_e
3262 5507 3552 5585 legendum

1996 5574 2213 5651 omnino
2246 5574 2377 5636 νίαίί
2408 5574 2650 5651 \‘ig'crus.
2688 5578 2845 5640 Apud
2873 5574 3152 5625 Eusebium
3177 5575 3366 5640 legitur
3393 5574 3561 5641 γενοὲ-

1999 5648 2158 5719 μένῳ.
2476 5648 2495 5651 ⁷
2561 5714 2571 5719 -
2690 5706 2724 5719 ..
2910 5703 3015 5719 υ.
3144 5704 3156 5716 .

2067 5701 2178 5791 (ὅᾷ)
2230 5714 2583 5791 [Vulcan-ml
2634 5706 2852 5766 πόλεις.
2910 5703 3105 5757 Eadem
3144 5704 3275 5757 infra
3327 5708 3572 5774 μοχλνδδς

1999 5784 2239 5856 σιδηροῦς
2271 5782 2570 5850 συγκλάσω.

373 5456 496 5525 (50)
535 5453 779 5525 Λᾷτων.
819 5447 965 5500 Libri
994 5446 1192 5512 aliquot
1227 5443 1530 5498 Philoculiu:
1557 5446 1633 5497 sic
1670 5443 1892 5506 habent;

297 5520 506 5575 :liimi.
540 5520 766 5571 τύπων.

337 5528 506 5590 liqui,
540 5528 766 5571 τύπων.
1357 5579 1371 5590 η

374 5593 502 5651 ml)
547 5588 631 5640 Τὰ
666 5581 849 5635 κατά.
881 5581 965 5632 Τά.
996 5581 1146 5632 deest
1174 5580 1310 5651 apud
1335 5579 1526 5651 huseh:

374 5645 502 5727 (52)
528 5654 764 5727 Phil-oc:
816 5652 1106 5727 impressa,
1152 5648 1242 5727 καὶ
1284 5645 1452 5727 ὄνομα
1503 5645 1774 5727 βασιλειῷν
1801 5647 1893 5727 καὶ

293 5713 497 5792 θάμ’
520 5716 981 5792 βασιλεύσαντος.
1008 5715 1217 5792 Aliquot
1246 5713 1454 5792 codices
1485 5729 1609 5765 tttSS.
1631 5723 1768 5765 recte
1801 5716 1892 5765 lta-

297 5778 320 5852 l
338 5778 437 5849 ιίιῖι
470 5778 1041 5862 βασιλεύσοντοςνινο
1078 5779 1495 5862 βασιλεύσαντος.

526 5857 788 5917 philoa,
819 5850 884 5911 ἃς
919 5847 1192 5915 ἐποίησεν,
1222 5855 1274 5900 et
1316 5846 1468 5911 infra,
1506 5847 1594 5898 καὶ
1641 5847 1887 5904 ἐκάλεσεν
