3878 6184
436 150 502 203 67
1840 100 2176 199 ontGENEs
3614 140 3676 195 ss

434 277 532 331 ego
566 275 711 328 vero,
745 274 865 313 cum
905 258 1019 314 llcri
1061 268 1348 327 utrumque
1376 258 1566 328 possit,
1596 256 1823 314 alterum
1872 260 1966 314 hoc

2074 255 2333 326 χρησμὸν,
2386 252 2515 323 φέρε
2549 252 2738 315 εἰπεῖν,
2778 248 2900 318 περί
2944 262 3096 308 τινος
3141 240 3377 306 διδοὺς,
3448 244 3576 317 ἐρεῖ,
3613 253 3687 307 ὅτι

436 352 666 405 futurum
702 350 841 405 novi.
870 350 1051 420 Neque
1080 350 1221 405 enim
1249 350 1697 419 quemadmodum
1724 350 1861 406 Deus
1890 353 1973 405 di-

434 441 572 495 xerit
604 441 769 497 :Fieri
804 457 907 497 non
932 449 1109 511 potest
1143 450 1200 495 ut
1236 440 1322 493 hic
1348 441 1506 495 homo
1532 440 1710 507 volet;
1753 442 1824 495 ita
1853 456 1973 495 ora-

434 529 607 582 culum
640 539 763 598 puta
794 530 860 585 de
891 531 1069 600 aliquo
1103 530 1348 594 reddens,
1374 528 1512 585 hunc
1538 541 1630 585 aut
1659 531 1805 585 illuni
1834 541 1971 586 tem-

433 626 706 683 perantem
749 620 860 673 lieri
907 636 1010 672 non
1072 634 1225 688 posse
1271 622 1431 676 dicet.
1473 620 1605 677 Nam
1655 637 1777 676 cum
1825 622 1968 676 nulla

430 695 652 771 prorsus
675 708 739 760 ad
766 708 1047 762 volandum
1083 709 1331 764 facultate
1363 710 1653 765 instructus
1687 712 1787 779 12
1814 711 1971 765 homo

431 793 522 858 sit,
553 793 792 863 ejusdem
817 807 993 851 tamen
1029 800 1303 866 potestatis
1341 808 1448 865 est,
1481 801 1559 855 vel
1586 810 1968 869 temperanter,

429 885 517 939 vel
546 885 969 957 intemperanter
996 890 1193 945 vivere.
1222 890 1296 945 lta
1328 906 1449 946 cum
1492 901 1776 961 utramque
1808 891 1971 945 lacul-

431 982 593 1029 tatem
633 976 850 1043 habeat,
880 978 971 1047 qui
1005 978 1403 1033 cohortationes
1442 986 1500 1032 et
1540 979 1793 1033 doctrinm
1835 992 1972 1046 prae.

429 1071 580 1130 cepta
614 1064 851 1133 negligit,
888 1066 1139 1120 deteriori
1167 1078 1286 1119 sese
1318 1064 1612 1134 permittit;
1644 1064 1734 1133 qui
1755 1064 1879 1118 vitae
1903 1063 1968 1118 ad

428 1159 673 1214 veritatis
703 1170 947 1210 normam
974 1155 1248 1225 exigendae
1288 1155 1487 1218 studio,
1514 1154 1566 1208 in
1596 1153 1710 1221 ejus
1748 1155 1967 1222 indaga.

432 1247 578 1302 tione
609 1258 874 1309 versatur,
901 1246 948 1299 is
978 1248 1044 1298 ad
1080 1245 1352 1299 meliorem
1384 1259 1499 1300 sese
1542 1244 1806 1313 adjungit.
1853 1243 1969 1298 Cae-

430 1344 603 1391 terum
624 1336 763 1402 quod
795 1335 934 1387 alter
959 1333 1025 1387 de
1054 1347 1181 1387 vero
1208 1333 1508 1401 indagaudo
1542 1333 1718 1387 minus
1739 1333 1960 1395 laboret,

428 1426 715 1494 voiuptatis
758 1424 809 1477 id
856 1422 1147 1493 cupiditate
1191 1424 1280 1490 lit;
1335 1424 1471 1476 alter
1518 1437 1644 1477 vero
1677 1422 1817 1490 quod
1855 1422 1968 1489 ejus

429 1516 608 1570 studio
649 1528 970 1584 magnopere
1001 1523 1265 1578 teneatur,
1298 1515 1365 1568 ad
1411 1514 1464 1568 id
1497 1515 1692 1582 partim
1723 1514 1836 1582 ipsa
1868 1529 1962 1567 no-

429 1608 574 1661 tione
601 1618 868 1673 sensuque
898 1604 1191 1668 communi,
1236 1603 1429 1672 partim
1459 1603 1834 1657 cohortatione
1874 1603 1966 1655 ad-

429 1697 623 1752 ductus
655 1705 759 1749 est.
794 1693 1063 1747 Praatcrea
1087 1693 1411 1761 voluptatem
1440 1694 1576 1747 alter
1601 1707 1706 1746 non
1733 1708 1796 1747 eo
1822 1707 1964 1746 com-

427 1785 695 1853 plectitur,
734 1782 873 1852 quod
915 1784 1166 1836 adversus
1196 1795 1316 1835 eam
1366 1783 1660 1836 consistere
1709 1788 1957 1849 nequeat,

426 1878 519 1931 sed
544 1876 685 1944 quod
727 1887 965 1944 pugnare
1000 1887 1121 1926 cum
1156 1887 1219 1926 ea
1264 1872 1561 1942 luctarique
1592 1872 1758 1936 nolit;
1797 1871 1968 1925 calcat

425 1966 672 2020 eamdem
702 1964 859 2028 alter,
888 1963 1029 2032 quod
1052 1962 1354 2030 adjunctam
1378 1963 1425 2016 ei
1457 1972 1514 2016 ut
1541 1961 1825 2031 plurituum
1852 1970 1966 2014 tur-

426 2058 718 2128 pitudinem
746 2056 886 2110 ferre
910 2071 1012 2109 non
1028 2056 1213 2124 possit.
1235 2054 1311 2107 Ac
1330 2053 1526 2106 nullam
1556 2068 1773 2122 prorsus
1791 2068 1819 2105 a
1834 2052 1969 2107 divi-

428 2162 498 2202 na
525 2146 875 2214 prmnotione,
912 2146 1072 2199 rebus
1100 2146 1167 2199 iis
1206 2158 1340 2213 quas
1375 2144 1648 2213 praevidet,
1684 2144 1968 2196 necessita-

427 2243 535 2290 tem
588 2235 811 2303 imponi,
861 2251 982 2289 cum
1036 2235 1400 2305 superioribus
1454 2233 1802 2303 argumentis,
1857 2242 1964 2286 tum

426 2324 528 2378 hoc
552 2324 771 2390 insuper
802 2321 1051 2385 cllicitur,
1074 2323 1215 2390 quod
1247 2325 1297 2375 in
1333 2323 1506 2376 sacris
1540 2321 1737 2389 passim
1774 2320 1966 2375 litteris

426 2415 707 2482 propheta:
758 2414 823 2466 ad
859 2413 1228 2480 paenitentiam
1282 2412 1527 2466 homines
1571 2411 1837 2466 cohortari
1881 2410 1967 2479 ju-

426 2501 677 2565 beantur,
708 2501 866 2568 idque
901 2501 1143 2569 perinde.
1171 2515 1233 2554 ac
1261 2502 1303 2554 si
1330 2510 1505 2553 utrum
1534 2502 1568 2554 ii
1606 2501 1874 2554 meliorem
1899 2500 1965 2553 ad

428 2588 636 2657 frugem
664 2604 782 2643 sese
810 2592 1098 2658 recepturi,
1132 2607 1199 2645 an
1230 2590 1341 2644 suis
1366 2591 1417 2643 in
1445 2590 1739 2644 sceleribus
1773 2589 1964 2643 haesuri

427 2693 585 2747 porro
612 2692 673 2731 ac
703 2678 979 2747 perstituri
1016 2680 1141 2741 sint,
1189 2681 1479 2746 ignoraret.
1521 2679 1614 2732 Sic
1646 2680 1788 2747 apud
1819 2678 1970 2733 Jere-

427 2768 589 2820 miam
630 2766 858 2819 habetur
887 2783 902 2821 :
939 2783 958 2817 l
992 2767 1239 2823 Forsitan
1274 2767 1515 2828 audient,
1544 2778 1596 2819 et
1623 2766 1967 2834 ageutpteni-

429 2855 647 2910 tentiam
681 2855 748 2913 ".
783 2875 801 2908 ι
824 2854 1006 2925 Neque
1029 2861 1173 2913 enim
1198 2859 1337 2926 quod
1355 2857 1588 2910 audituri
1617 2857 1745 2917 sint,
1776 2870 1964 2919 necne,

428 2945 605 3000 minus
634 2946 911 3014 intelligat,
938 2948 1136 3003 idcirco
1166 2948 1307 3002 hunc
1337 2948 1391 3001 in
1415 2948 1625 3000 modum
1658 2947 1769 3016 ipse
1794 2946 1967 3015 loqui-

342 3094 361 3104 ,
429 3045 518 3092 tur
556 3053 572 3091 :
608 3054 627 3089 ι
665 3037 910 3092 Forsitan
950 3039 1167 3093 audient
1205 3047 1261 3093 et
1310 3046 1464 3106 agent
1516 3037 1903 3104 ptenitentiam,
1941 3053 1960 3087 ι

425 3130 521 3183 sed
546 3138 604 3181 ut
629 3127 768 3181 illam
810 3128 1198 3197 quodammodo
1224 3095 1408 3198 parem
1440 3128 1492 3181 in
1516 3095 1817 3195 Intratnque
1842 3095 1965 3194 par-
1992 3095 2036 3157 δ

426 3225 534 3271 tem
565 3217 669 3270 vim
702 3218 1019 3270 facultatum
1071 3217 1156 3273 his
1199 3216 1377 3272 verbis
1427 3217 1709 3282 ostendat;
1758 3229 1826 3271 ne
1869 3216 1962 3285 qui

420 3306 532 3375 iam
576 3316 700 3361 ante
732 3307 1078 3375 prtenotionis
1108 3306 1228 3374 ejus
1263 3308 1639 3363 certitudinem
1668 3306 1962 3371 audierint,

428 3397 466 3453 ii
494 3397 716 3467 proinde
748 3411 812 3450 ac
858 3397 901 3451 si
946 3408 995 3451 et
1044 3412 1104 3451 ea
1158 3397 1528 3452 necessitatem
1579 3396 1823 3460 inferret,
1868 3409 1966 3449 nec

427 3484 701 3539 meliorem
735 3485 899 3539 vitam
930 3485 1208 3540 instituere
1232 3486 1437 3540 arbitrii
1469 3485 1606 3540 foret
1634 3485 1965 3549 sui,animos

426 3574 680 3642 deinceps
701 3589 763 3629 ac
789 3588 935 3643 spem
959 3589 1172 3630 onmem
1204 3576 1477 3645 abjiciant,
1509 3576 1746 3644 adeoque
1770 3576 1821 3629 in
1844 3590 1968 3644 pec-

427 3672 606 3718 catum
655 3664 724 3718 ab
773 3663 860 3716 illa
915 3665 1299 3732 propemodum
1350 3665 1721 3733 impellantur;
1770 3666 1966 3720 deinde

426 3766 578 3816 vero,
609 3767 675 3807 ne
696 3753 785 3822 qui
817 3753 939 3808 dum
971 3753 1250 3822 praevisum
1280 3768 1374 3808 eos
1393 3753 1588 3808 boumn
1626 3755 1834 3820 lateret,
1866 3770 1966 3822 pu-

428 3858 533 3912 gna
551 3858 671 3897 eum
721 3844 1066 3913 improbitate
1108 3855 1381 3913 suscepta,
1432 3846 1594 3899 vitam
1644 3860 1707 3898 ex
1745 3845 1968 3899 virtutis

429 3947 615 3987 norma
642 3935 922 3988 instituere
972 3935 1291 4001 potuissent,
1321 3949 1414 3989 eos
1455 3935 1577 3989 talis
1619 3943 1805 3988 contra
1835 3949 1969 4002 prte-

429 4023 580 4077 notio
605 4022 940 4077 remissiores
972 4037 1035 4077 ac
1080 4016 1366 4078 solutiores
1408 4024 1621 4085 alliciat,
1655 4024 1794 4093 quod
1842 4024 1965 4077 dum

425 4110 583 4181 plane
600 4112 790 4165 bonum
813 4112 938 4165 illud
962 4114 1197 4166 futurum
1222 4121 1489 4182 putarent,
1516 4113 1704 4167 minori
1727 4120 1967 4182 propter-

427 4213 494 4254 ea
522 4213 643 4253 cum
675 4208 892 4265 peccato
931 4199 1097 4253 animi
1144 4199 1487 4255 contentione
1532 4208 1846 4268 pugnarent.
1879 4200 1968 4254 Sic

428 4288 571 4344 enim
600 4287 712 4356 ipsa
750 4290 1013 4357 pramotio
1055 4287 1296 4343 futurum
1327 4303 1537 4358 quoque
1575 4290 1768 4342 bonum
1798 4291 1966 4359 impe-

429 4377 589 4430 diret.
614 4376 969 4441 Quamohrem
998 4378 1089 4448 qui
1129 4380 1316 4433 orbem
1357 4379 1663 4434 universum
1695 4380 1966 4449 praecipuo

2079 348 2189 402 Οὐκ
2218 344 2483 414 ἐνδέχεται
2514 343 2661 396 τόνδε
2708 339 3074 410 σωφρονῆσαι.
3112 333 3416 402 Δύναμις
3471 338 3562 406 μὲν
3600 345 3695 417 γὰρ

2078 438 2248 507 πάντη
2279 437 2376 489 οὑκ
2399 435 2511 487 ἐστι
2539 433 2630 487 τοῦ
2660 433 2853 503 πτῆναι
2880 427 3140 498 οὐδαμῶς
3167 427 3231 477 ἐν
3260 422 3367 492 τῷ
3416 426 3698 508 ἀνθρώπῳ,

2070 527 2293 597 δύναμις
2318 525 2375 579 δέ
2406 527 2519 577 ἐστι
2545 523 2637 576 τοῦ
2685 520 3048 591 σωφρονῆσαι,
3086 516 3190 569 καὶ
3221 511 3324 566 τοῦ
3394 518 3703 598 ἀκολου-τῆ-

2076 633 2185 669 σαι.
2232 612 2332 668 Ὧν
2364 614 2681 682 ἀμφοτέρων
2725 611 3005 679 δυνάμεων
3058 608 3530 677 ὑπαρχουσῶν,
3572 615 3598 667 ὁ
3643 622 3708 691 μὴ

2070 707 2343 778 προσέχων
2370 706 2545 772 λόγοις
2590 701 3026 772 ἐπιστρεπτικοῖς
3068 696 3187 768 (69)
3240 694 3356 778 καις
3457 705 3708 763 παιδευτι-

2069 774 2183 859 κοῖς
2227 796 2413 849 ἑαυτὸν
2456 793 2725 846 ἐπιδίδωσι
2770 794 2836 861 τῇ
2873 790 3163 861 χειρίστῃ·
3214 774 3558 854 κρεῖττονι
3597 798 3651 851 δέ
3688 804 3712 853 ὀ

2069 887 2305 958 ζητήσας
2337 887 2396 939 τὸ
2438 884 2654 954 ἀληθὲς,
2697 874 2793 935 καὶ
2838 881 3035 950 βιῶσαι
3082 875 3328 948 βεδουλτῖ
3348 885 3563 950 μένος
3601 907 3694 946 κατ

2066 980 2213 1031 αὑτό.
2259 978 2330 1029 Οὑ
2370 975 2521 1045 ζητεῖ
2555 974 2611 1027 δὲ
2650 973 2735 1026 ὅδε
2779 973 2874 1042 μὲν
2906 969 3143 1038 τάληθῆ,
3193 965 3327 1018 ἐπεὶ
3443 977 3709 1050 ἐπιρρέπει

2068 1069 2156 1120 ἐπὶ
2187 1065 2283 1138 τὴν
2317 1065 2535 1136 ἡδονήνο
2568 1064 2653 1116 ὅδε
2690 1063 2745 1115 δέ
2778 1059 3021 1144 ἐξετάζει
3071 1057 3211 1128 περὶ
3258 1056 3331 1109 αὑ
3348 1068 3528 1133 αεῶν,
3570 1074 3706 1144 αἱρε,

2068 1156 2179 1219 θεὶς
2218 1155 2326 1226 (70)
2373 1153 2475 1209 ὑπὸ
2521 1152 2627 1205 τῶν
2670 1149 2859 1204 κοινῶν
2902 1142 3147 1209 ἐννοιῶν,
3193 1146 3293 1198 καὶ
3336 1146 3555 1227 διάγοι)
3590 1142 3706 1233 πρφ,

2064 1243 2372 1318 τρεππκοῦ.
2406 1243 2572 1297 Πάλιν
2596 1259 2656 1294 τε
2686 1236 2751 1293 αὖ
2781 1241 2868 1292 ὅδε
2914 1239 3012 1308 μὶν
3045 1238 3295 1307 αἱρεῖται
3321 1249 3478 1322 τὴν
3499 1252 3695 1325 ἡδονὴν,

2064 1334 2182 1405 οὑχὶ
2212 1335 2273 1386 οὑ
2304 1333 2594 1401 δυνάμενος
2635 1328 2975 1382 ἀντιϐλέπειν
3010 1327 3177 1396 αὑτῇ,
3214 1325 3371 1379 ἀλλδ
3417 1345 3517 1395 οὐκ
3553 1348 3691 1411 ἀγω,

2065 1424 2372 1493 νιζὸμενοςθ
2425 1421 2509 1474 ὅδε
2561 1420 2616 1473 δὲ
2662 1420 2993 1488 καταφρονεῖ
3039 1416 3254 1485 αὑτῆς,
3300 1428 3390 1477 τ.τρ
3428 1429 3668 1497 ἄσχημον

2064 1514 2201 1585 ὁρῶν
2237 1513 2297 1565 τὸ
2336 1514 2391 1564 ὲν
2437 1513 2572 1580 αὑτῇ
2607 1509 2861 1571 πολλάκις
2894 1507 3186 1576 τυγχάνον.
3239 1508 3363 1562 Ὅτι
3399 1514 3646 1582 μέντοιγε

2067 1606 2099 1674 ὴ
2137 1603 2437 1675 πρόγνωσις
2473 1601 2581 1671 (71)
2620 1600 2711 1653 τοῦ
2756 1599 2888 1651 Θεοῦ
2922 1600 3024 1652 οὑκ
3070 1598 3324 1669 ἀνάγκην
3368 1601 3643 1674 ἐπιτίθησι

2000 1676 2039 1729 Β
2068 1696 2175 1755 τοῖς
2205 1710 2268 1745 πε
2278 1692 2330 1762 pl.
2353 1685 2426 1743 ὧν
2452 1689 2763 1758 κατείληφε,
2788 1688 2922 1758 πρὸς
2949 1691 3064 1750 τοῖς
3088 1690 3519 1759 προειρημένοις
3539 1692 3645 1761 (79.)

2068 1784 2160 1836 καὶ
2190 1782 2346 1834 τοῦτο
2376 1780 2663 1844 λελέξεται,
2699 1779 2779 1831 ὅτι
2814 1778 3083 1847 πολλαχοῦ
3114 1777 3225 1830 τῶν
3253 1780 3496 1849 Γραφῶν
3522 1781 3652 1845 Θεὸς

2065 1870 2268 1924 κελεύει
2330 1872 2453 1932 τοὺς
2519 1870 2796 1939 προφήτας
2847 1868 3145 1939 κηρύσσειν
3204 1869 3542 1939 μετάνοιαν,
3589 1873 3649 1925 οὑ

2070 1960 2568 2031 προσποιησάμενος
2598 1959 2658 2010 τὸ
2690 1958 2984 2025 ἐγνωκέναι
3019 1958 3252 2029 πότερον
3285 1960 3336 2010 oi
3377 1960 3654 2015 ἀκούσανο

2063 2067 2153 2112 τες
2182 2048 2611 2118 ἐπιστρέφουσιν,
2652 2047 2685 2116 ἢ
2715 2050 2828 2109 τοῖς
2870 2046 3270 2118 ἁμαρτήμασιν
3301 2048 3525 2102 ἑαυτῶν
3554 2051 3653 2119 ἐμ-

2068 2138 2343 2209 μενοῦσινο
2398 2136 2583 2206 ὥσπερ
2633 2138 2688 2187 ἐν
2730 2136 2805 2204 τῷ
2863 2136 3098 2206 Ἱερεμίᾳ
3139 2137 3397 2205 λέγεταιο
3434 2153 3457 2189 ι
3499 2141 3659 2204 Ἴσως

2064 2227 2381 2281 ἀκούσονται
2434 2226 2524 2278 καὶ
2562 2226 2999 2295 μετανοήσουσιν.
3041 2244 3058 2276 ι
3100 2226 3176 2278 Οὑ
3214 2226 3328 2296 γὰρ
3380 2228 3602 2295 ἀγνοῶν
3636 2232 3664 2280 ὁ

2065 2318 2194 2381 Θεὸς
2249 2317 2475 2387 πότερον
2525 2314 2843 2367 ἀκούσουσιν
2875 2314 3058 2384 (75),ἢ
3097 2314 3183 2377 οὔ,
3226 2317 3428 2384 φησιν,
3476 2335 3497 2368 ι
3534 2318 3668 2382 ἴσως

2064 2408 2416 2469 ἀκούσονται,
2469 2404 2565 2458 καὶ
2618 2405 3078 2475 μετανοήσουσιν’
3118 2424 3139 2457 ι
3178 2405 3299 2458 ἀλλ’
3362 2407 3543 2460 οἱονεὶ
3608 2407 3672 2461 τὸ

2068 2498 2362 2553 ἰσοστάσιον
2403 2496 2508 2550 τῶν
2544 2494 2822 2563 δυνάμεων
2872 2494 3126 2562 γενέσθαι
3171 2496 3406 2560 δεικνὺς
3454 2500 3525 2550 ἐκ
3564 2499 3675 2551 τῶν

2064 2587 2397 2658 λεγομένωνο
2436 2585 2522 2637 ἵνα
2568 2585 2641 2655 μὴ
2688 2584 3216 2656 προκατηγγελμένη
3268 2586 3312 2653 ἡ
3352 2586 3679 2656 πρόγνωσις

2065 2675 2247 2735 αὑτοῦ,
2278 2675 2603 2726 καταπεσεῖν
2628 2672 2738 2742 (74)
2774 2674 2971 2742 ποιήσῃ
3004 2674 3135 2736 τοὺς
3183 2673 3541 2740 ἀκούοντας,
3592 2677 3683 2730 δό-

2066 2765 2160 2830 ξαν
2193 2766 2433 2835 ἀνάγκης
2458 2765 2786 2834 παριστᾶσα,
2812 2764 2887 2827 ὡς
2915 2766 3015 2817 οὑκ
3038 2766 3197 2830 ὄντος
3225 2769 3329 2820 ἐπ’
3365 2769 3567 2833 αὑτοῖς
3592 2770 3689 2824 τοῦ

2066 2856 2404 2926 ἐπιστρέψαι,
2435 2855 2527 2908 καὶ
2571 2855 2729 2908 οἱονεὶ
2771 2855 2865 2908 καὶ
2907 2856 3044 2927 αὑτὴ
3079 2859 3234 2912 αἰτία
3297 2860 3542 2932 γένηται
3579 2862 3691 2917 τῶν

2064 2945 2464 3017 ἁμαρτημάτων
2483 2962 2495 2975 ο
2532 2946 2565 3015 ἢ
2600 2944 2758 2999 πάλιν
2787 2948 2899 3008 τοῖς
2923 2948 2988 2999 ἐκ
3014 2946 3112 3000 τοῦ
3144 2949 3383 3016 ἀγνοεῖν
3416 2952 3483 3004 τὸ
3532 2970 3674 3024 προ-

2063 3036 2390 3105 εγνωσμένον
2413 3035 2598 3100 καλὸν,
2645 3036 2959 3105 δυναμένοις
3000 3037 3060 3089 ἐν
3107 3037 3191 3108 τῷ
3247 3040 3677 3108 ἀγωνίσασθαι,

2066 3126 2158 3179 καὶ
2201 3126 2507 3179 ἀντιτείνειν
2552 3126 2686 3195 πρὸς
2725 3124 2823 3194 τὴν
2870 3126 3070 3178 κακίαν
3105 3128 3167 3179 ἐν
3201 3128 3382 3201 ἀρετῇ
3442 3131 3675 3201 βιῶσαι,

2066 3216 2209 3268 αίτία
2236 3216 2455 3285 γένηται
2489 3217 2522 3285 ὴ
2555 3216 2859 3285 πρόγνωσις
2889 3213 3186 3280 ἐκλύσεως,
3233 3219 3343 3271 οὑκ
3383 3219 3473 3272 ἔτι
3511 3223 3674 3275 εὐτό-

2064 3322 2168 3368 νως
2202 3305 2504 3375 ἱσταμένοις
2528 3304 2666 3357 κατὰ
2695 3304 2792 3374 τῆς
2827 3303 3124 3373 ἁμαρτίας.
3159 3306 3235 3369 ὼς
3271 3308 3513 3372 πάντως
3553 3312 3676 3364 ἐσο-

2067 3396 2224 3465 μένου
2248 3395 2339 3447 τοῦ
2367 3394 2758 3466 προειρημένου
2790 3394 2923 3463 (75).
2951 3390 3063 3447 Καὶ
3086 3395 3236 3448 οὑτω
3256 3396 3380 3468 γὰρ
3415 3395 3540 3454 οἷον
3567 3402 3673 3471 ἐμ-

2064 3482 2239 3536 πόδιον
2272 3483 2464 3549 γένοιτ’
2489 3481 2553 3536 ἂν
2590 3485 2623 3551 ἡ
2658 3482 2962 3552 πρόγνωσις
2996 3481 3094 3535 τοῦ
3146 3485 3429 3554 ἐσομένου
3469 3488 3669 3544 καλοῦ.

2063 3572 2245 3625 Πάντα
2279 3572 2407 3640 γοῦν
2454 3572 2734 3642 χρησίμως
2778 3574 2806 3624 ὁ
2838 3571 2969 3634 Θεὸς
3015 3572 3084 3624 τά
3132 3572 3285 3627 κατὰ
3319 3575 3421 3629 τὸν
3458 3578 3673 3649 κόσμον

2062 3663 2378 3732 οἰκονομῶν,
2410 3661 2640 3729 εὐλόγως
2667 3661 2814 3731 ἡμᾶς
2846 3660 2942 3714 καὶ¹
2963 3662 3103 3732 πρὸς
3135 3661 3197 3715 τά
3226 3664 3514 3734 μέλλοντα
3546 3670 3670 3721 Ltd-

2064 3754 2301 3822 φλωσεν³
2339 3755 2371 3821 ἡ
2417 3751 2523 3821 γὰρ
2558 3750 2756 3818 γνῶσις
2787 3749 2896 3817 (76)
2929 3750 3108 3804 αὐτῶν
3141 3754 3325 3825 ἀνῆκε
3371 3759 3480 3825 μὲν
3516 3761 3669 3830 ἡμᾶς

2062 3844 2169 3897 ἀπὸ
2190 3842 2282 3894 τοῦ
2314 3841 2490 3895 ἀθλεῖν
2520 3840 2662 3895 κατὰ
2690 3841 2790 3909 τῆς
2822 3841 3042 3905 κακίας,
3075 3844 3365 3917 ἐπέτρεψε
3394 3848 3444 3900 δ’
3485 3850 3557 3903 ἂν
3585 3852 3670 3905 δά-

2064 3934 2202 4001 ξασα
2268 3932 2641 4002 κατειλῆφθαι,
2693 3930 2831 4001 πρὸς
2888 3932 2951 3984 τὸ
3007 3933 3082 4003 μὴ
3139 3935 3672 4006 ἀντιπαλαίσαντας

2064 4024 2209 4093 ἡμᾶς
2237 4025 2304 4091 τῇ
2330 4021 2588 4093 ἁμαρτίᾳ,
2618 4022 2798 4090 τάχιον
2820 4021 2955 4090 αὐτῇ
2984 4021 3347 4094 ὑποχειρίους
3376 4031 3663 4098 γενέσθαι,

2067 4115 2215 4184 Ἀμα
2261 4114 2317 4167 δὲ
2348 4114 2444 4167 καὶ
2488 4113 2784 4183 μαχόμενον
2820 4111 3026 4179 ἐγίνετο
3060 4113 3172 4182 (77)
3206 4117 3301 4188 τῷ
3347 4120 3526 4175 καλὸν
3576 4125 3668 4176 καὶ

2062 4204 2261 4273 ἀγαθὸν
2311 4203 2557 4273 γενέσθαι
2597 4201 2717 4254 τινά
2755 4202 2815 4254 τὸ
2842 4200 2939 4271 τὴν
2970 4202 3302 4272 πρόγνωσιν
3341 4211 3667 4282 ἐληλυθέναι

2064 4297 2143 4359 εἰς
2179 4295 2325 4349 τόνδε
2361 4293 2501 4355 τινὰ,
2552 4292 2634 4345 ὃτι
2666 4292 2879 4353 πάντως
2909 4289 3058 4343 ἐσται
3102 4292 3355 4361 ἀγαθός,
3398 4302 3553 4373 Πρὸς
3591 4298 3671 4365 οἷς

2063 4388 2170 4456 γὰρ
2205 4387 2418 4456 ἔχομεν,
2452 4383 2545 4436 καὶ
2574 4381 2928 4450 σφοδρότητος
2962 4379 3071 4447 (78)
3095 4382 3195 4435 καὶ
3233 4389 3457 4457 τάσεως
3491 4394 3667 4448 πλείο-

430 4479 609 4521 rerum
639 4466 779 4520 bono
820 4466 1124 4522 moderatur
1161 4466 1322 4531 Deus,
1369 4467 1508 4523 idem
1560 4485 1656 4524 nos
1694 4472 1964 4539 sapienter

2068 4492 2152 4538 νος
2181 4475 2336 4545 χρεία
2367 4472 2499 4543 πρὸς
2527 4470 2588 4522 τὸ
2619 4468 2779 4567 atatle
2807 4467 2901 4520 καὶ
2921 4467 3120 4566 ἀγαθὸν
3162 4477 3445 4539 γενέσθαι
3463 4499 3478 4514 .
3524 4500 3661 4555 προ,

430 4556 650 4611 omnino
677 4555 870 4611 futuris
897 4557 948 4610 in
979 4559 1138 4612 rebus
1180 4572 1350 4612 caecos
1378 4572 1493 4613 esse
1523 4561 1708 4614 voluit.
1762 4562 1958 4614 Earqu

2068 4562 2460 4632 καταληφθεῖσα
2494 4559 2550 4610 δὲ
2593 4561 2626 4627 ή
2672 4555 2889 4623 ¹γνῶσις,
2926 4555 3019 4607 “1'05
3066 4557 3301 4628 πάντως
3346 4571 3517 4627 καλὸν
3567 4577 3659 4629 καὶ

431 4645 573 4699 enim
600 4645 851 4714 cognitio,
876 4646 950 4698 uti
985 4658 1223 4702 nostrum
1266 4648 1522 4704 adversus
1564 4650 1963 4718 improbitatem

434 4734 682 4802 impetum
715 4736 1175 4804 constantiamque
1212 4738 1500 4808 frangeret,
1556 4738 1631 4793 ita
1667 4740 1790 4792 dum
1816 4750 1963 4794 certa

432 4824 646 4892 ﬁxaque
669 4824 955 4886 videretur.
1008 4826 1162 4896 longe
1191 4841 1289 4883 nos
1314 4828 1473 4882 citius
1502 4836 1667 4896 atque
1721 4827 1962 4896 facilius,

540 4913 584 4946 "
609 4913 807 4969 Jcrem.
841 4931 984 4980 xxvi,
1008 4917 1064 4971 5.

651 5008 869 5080 Βιιεο1›.,
899 5010 1318 5080 ἐπιτρεπτικοῖς.

652 5078 923 5148 ᾼΙρεθείς.
957 5074 1325 5148 ΡΙι’ἱ(οο..ῌέπεὶ
1355 5079 1546 5148 ᾑρέθη.

657 5144 731 5216 (fit
758 5147 881 5210 loc.,
912 5147 992 5199 ὅτι
1025 5147 1121 5216 μὲν
1148 5144 1237 5199 οὖν
1267 5150 1300 5216 ἡ
1330 5144 1649 5216 nemnem.

531 5210 630 5284 72)
654 5213 896 5284 Philam,
925 5210 1227 5284 εἰρημένοις
1247 5251 1262 5275 ,
1288 5210 1510 5284 ’ριἰιιοκ
1552 5211 1838 5284 Eusebius,
1872 5210 1967 5284 καξι

429 5279 848 5349 τοῦτο’λέγεται.
885 5279 1273 5344 ΙιιίὲυῬΙιειοεη
1299 5282 1359 5333 οὑ
1386 5279 1882 5350 προσποιησάμενος
1907 5279 1967 5329 τὸ

434 5352 851 5416 προεγνωκέναι.

506 5414 616 5485 (73)
664 5420 1062 5485 Ἀκούσουσιν.
1103 5412 1321 5476 Philam,
1354 5417 1782 5485 μετανοήσουσιν.

534 5483 619 5553 74)
660 5484 889 5553 Philae"
921 5483 1363 5567 προκαταπεσεῖνέ

2068 4653 2265 4722 ἀγαθὸν
2299 4650 2512 4704 ἔσεσθαι
2550 4646 2658 4717 (79)
2698 4643 2980 4737 ὑπεκλύειν
3011 4646 3423 4737 τὴν-ἄσκησιν.
3455 4666 3658 4737 Διόπερ

2071 4742 2446 4813 συμφερόντως
2474 4738 2573 4790 οὑκ
2596 4737 2749 4805 ἴσμεν
2777 4733 2901 4785 οὔτε
2933 4735 2981 4784 εἰ
3007 4733 3236 4807 ἁγαθοὶ,
3259 4745 3391 4802 οὔτε
3421 4755 3474 4806 εί
3499 4733 3655 4829 πονη.

2073 4831 2154 4900 poi.
2194 4826 2443 4896 ἐσόμεθα.

2140 5006 2247 5083 (ἴδ)
2293 5004 2711 5083 ἒίιίίοεα¹ίη.,ριῖε)
2746 5008 3142 5083 προειρημένου
3178 5013 3352 5075 habet
3383 5025 3581 5083 καλοῦ.

2142 5074 2251 5145 (ili)
2293 5074 2543 5145 Γνῶᾳις.
2583 5074 2807 5145 Philop,
2839 5074 3168 5145 πρόγνῳσις,

2143 5141 2254 5235 g7)
2292 5141 2640 5207 Μαχόμενον
2659 5141 2904 5212 ἐγίνετό.
2935 5141 2989 5198 In
3019 5141 3329 5210 Philocalia
3353 5159 3513 5218 deest
3533 5164 3643 5235 ἐγιο

2066 5230 2468 5370 ἶῗῖεξιξιξιξυ
2498 5318 2513 5342 ν
2548 5278 2777 5346 ἀγαθὸς,
2812 5281 2943 5352 πρὸς
2987 5274 3069 5344 οῖς
3114 5283 3336 5358 ιχομεν.
3382 5297 3495 5354 και
3536 5300 3640 5370 γάρ

2071 5348 2501 5486 σφῗξξῗτ
2531 5415 2799 5481 γενέσθαι.
