3878 6190
257 288 317 348 8i
1699 293 1769 349 IN
1801 296 1867 349 Gl

1970 294 2114 349 iSlM.
3433 297 3464 348 8

297 293 317 342 Ι

268 293 362 458 ἰοῖς
399 379 622 442 τόποις,
655 375 977 446 ἀπογνῶναι
1004 375 1103 448 τὴν
1147 376 1280 448 περὶ
1305 381 1520 436 τούτων
1550 293 1867 456 uastati],

1970 294 2114 350 lSlM.
3433 297 3501 350 82

1975 386 2300 455 perationem
2354 381 2638 452 appellant,
2695 387 2959 455 exquisite
2995 385 3088 439 abs
3127 398 3243 438 sese
3287 385 3499 438 defendi

269 474 528 544 οὐδαμῶς
575 469 887 542 ἀνθρώποις
939 459 1292 539 ἐκκειμένην,
1328 471 1448 525 ἀλλ’
1481 477 1529 526 εἰ
1558 475 1664 544 ἄρα
1714 477 1870 547 μέχρι

273 567 348 623 τοῦ
388 564 759 638 σημανθῆναι
795 563 954 633 μόνον
980 561 1314 628 φθάνουσαν.
1344 564 1408 616 Ei
1437 565 1495 617 δέ
1525 583 1606 628 τις
1636 568 1692 618 ὲν
1708 567 1872 635 πείρᾳ

275 653 581 723 γεγένηται
614 650 722 703 τῶν
763 648 1130 718 πραγμάτων,
1159 648 1360 716 μᾶλλον
1394 650 1598 702 εἴσεται
1617 651 1677 703 τὸ
1715 653 1770 702 ὲν
1796 649 1872 719 τῷ

279 746 655 816 στοχάζεσθαι
688 743 1065 797 ἀποπτωτικὸν
1111 741 1220 794 τῶν
1259 742 1544 810 λεγόντων,
1574 743 1667 794 καὶ
1697 742 1872 796 αὐτῶν

281 835 794 905 σνγγραψαμένων,
818 833 963 903 ἢπερ
977 832 1328 901 νομιζόμενον
1349 831 1456 900 (12)
1483 831 1868 883 ὲπιτευκτικόν.

283 928 376 979 Καὶ
428 925 683 986 Ἡσαΐας
715 923 863 990 γοῦν,
893 922 966 984 ὡς
991 921 1051 972 οὐ
1067 921 1378 990 δυναμένων
1406 919 1605 972 τούτων
1631 919 1874 988 εὑρίσκε-

282 1018 395 1068 σθαι
461 1017 585 1068 ὑπὸ
616 1013 936 1084 ἀνθρώπων,
973 1012 1107 1081 φησὶ¹
1153 1010 1288 1080 πρὸς
1327 1011 1423 1079 τὴν
1472 1009 1738 1078 θυγατέρα
1769 1008 1872 1059 τῶν

279 1102 613 1164 Χαλδαίων,
645 1102 754 1154 τῶν
786 1101 956 1153 ταῦτα
992 1099 1228 1168 μάλιστα
1269 1099 1419 1168 παρὰ
1465 1099 1667 1159 πάντας
1706 1100 1874 1163 ἐπαγ-

277 1193 664 1262 γελλομένων·
707 1211 725 1242 ι
765 1191 1053 1259 Στήτωσαν
1085 1187 1148 1256 δὴ
1201 1187 1295 1238 καὶ
1350 1185 1670 1238 σωσάτωσάν
1723 1201 1778 1235 σε
1825 1185 1872 1234 οἱ

275 1283 625 1352 ἀστρολόγοι
650 1279 743 1332 τοῦ
776 1278 1025 1348 οὐρανοῦο
1060 1273 1532 1342 άναγγειλάτωσάν
1559 1290 1636 1324 σοι
1668 1273 1716 1324 τί
1751 1271 1872 1341 μέλ-

273 1369 338 1421 λει
395 1370 514 1420 ἐπὶ
570 1369 636 1419 σὲ
670 1367 941 1436 ἔρχεσθαι·
975 1382 992 1413 ι
1035 1363 1123 1414 διὰ
1153 1362 1261 1432 γὰρ
1284 1360 1484 1412 τούτων
1515 1359 1868 1427 διδασκόμεθα

274 1455 334 1522 μὴ
371 1451 676 1506 δύνασθαι
699 1453 826 1511 τοὺς
864 1448 1002 1501 πάνυ
1043 1449 1170 1516 περὶ
1198 1447 1364 1498 ταῦτα
1396 1446 1700 1515 φιλομαθεῖς
1740 1462 1870 1514 προ-

1969 487 2072 526 ηοη
2146 483 2302 539 posse
2380 468 2706 522 fatebuntur.
2783 471 3052 538 Contingit
3121 473 3259 525 enim
3317 473 3501 538 saepis-

1969 562 2135 623 sime,
2181 569 2238 612 ut
2296 558 2376 610 vel
2453 557 2744 612 infestioris
2793 559 2948 626 hujus
3023 561 3150 612 astri
3204 561 3304 623 vis,
3361 561 3501 628 quod

1968 651 2206 712 emersit,
2257 638 2477 702 alterius
2509 647 2763 702 felicioris
2806 659 3024 717 aspectu
3058 650 3221 714 magis
3254 649 3500 702 minusve

1971 739 2284 792 retundatur
2317 754 2330 789 :
2368 737 2446 791 vel
2487 746 2546 790 ut
2585 739 2634 790 id
2702 740 2870 807 ipsum
2923 738 3208 806 quominus
3264 739 3496 800 eveniat,

1971 827 2224 881 felicioris
2256 836 2501 894 aspectus
2546 826 2818 894 impediat,
2867 832 3150 894 propterea
3195 828 3338 892 quod
3371 826 3502 879 alte-

1971 917 2177 970 rum.in
2206 918 2309 970 hoc
2331 917 2434 968 situ
2474 916 2563 980 sit,
2598 916 2861 968 deteriora
2902 915 3228 982 significans.
3264 914 3340 967 Ac
3369 915 3499 968 mihi

1969 1018 2097 1056 sane
2141 1005 2210 1058 ita
2261 1003 2579 1071 persuadeo,
2620 1002 2862 1071 quisquis
2897 1003 2948 1054 in
2995 1004 3230 1054 locorum
3276 1002 3498 1054 istorum
3559 1042 3568 1044 ι

1969 1091 2344 1158 disquisitione
2387 1090 2708 1154 versabitur,
2755 1088 3213 1157 pronuntiaturum
3239 1101 3358 1140 eum
3396 1087 3502 1139 uti-

1969 1194 2090 1247 que,
2134 1188 2460 1246 perspectam
2493 1179 2931 1245 eXploratamque
2965 1176 3266 1228 mortalium
3301 1176 3501 1229 nemini

1970 1283 2153 1322 eorum
2193 1251 2452 1319 rationem
2489 1281 2625 1330 esse,
2655 1268 2746 1319 sed
2778 1267 2826 1319 ei
2851 1269 3106 1318 duntaxat
3145 1265 3247 1316 vim
3295 1265 3499 1333 signifi~

1967 1357 2119 1410 catuli
2151 1356 2379 1422 aliquam
2413 1357 2476 1408 ad
2510 1370 2773 1408 summum
2804 1355 3025 1408 concedi
3057 1368 3230 1422 posse.
3277 1353 3375 1418 Qui
3403 1368 3501 1405 au-

1971 1453 2072 1497 tem
2104 1459 2188 1496 res
2210 1444 2351 1510 ipsas
2370 1443 2700 1509 experientia
2733 1443 2842 1508 ipse
2870 1458 2962 1494 sua
2988 1442 3312 1508 probaverit,
3341 1455 3500 1506 agno-

268 1541 506 1611 δηλοῦν,
580 1541 620 1593 ἃ
677 1539 990 1608 βεϐούληται
1054 1537 1255 1609 Κύριος
1305 1536 1514 1604 ἑκάστῳ
1563 1535 1699 1587 ἔθνει
1738 1536 1867 1585 ἐπα-

1970 1542 2080 1587 scet
2119 1532 2205 1584 ille
2240 1531 2480 1599 profecto
2517 1531 2566 1582 id
2602 1531 2876 1583 hominum
2920 1545 3086 1597 genus
3126 1530 3176 1580 in
3208 1529 3320 1580 suis
3363 1528 3501 1593 illis,

268 1633 506 1698 ταγεῖν.
1495 1613 1518 1638 ’
1971 1637 2104 1692 quas
2134 1632 2223 1674 aut
2254 1635 2382 1672 voce
2417 1628 2506 1672 aut
2539 1619 2740 1684 scripto
2768 1619 3094 1685 concipiunt,
3119 1618 3501 1683 praesensioni-

267 1723 366 1774 bus
435 1722 620 1786 longe
667 1719 866 1784 smpius
933 1718 1214 1777 aberrare.
1285 1732 1465 1785 quam,
1516 1718 1656 1784 quod
1714 1716 1811 1770 sibi
1868 1715 2088 1783 fingunt,
2150 1727 2335 1765 verum
2382 1712 2658 1778 attingere.
2713 1708 3068 1772 Quamobrem
3121 1708 3328 1770 Isaias,
3361 1707 3504 1774 quod

263 1825 316 1860 ea
375 1818 558 1860 certo
592 1808 660 1857 ab
693 1805 1000 1858 hominibus
1055 1805 1200 1858 nullo
1237 1806 1392 1859 modo
1439 1807 1602 1859 teneri
1658 1806 1893 1873 possint,
1955 1801 2319 1856 Chaldaeorum
2365 1799 2544 1862 tiliam,
2574 1798 2660 1864 qui
2709 1799 2847 1850 hanc
2884 1797 3152 1850 divinandi
3189 1804 3354 1850 artem
3400 1795 3502 1849 sibi

261 1912 372 1962 pra:
407 1894 691 1948 omnibus
716 1895 1020 1959 sumebant,
1054 1895 1265 1948 huncin
1295 1895 1505 1948 modum
1534 1895 1808 1961 compellat
1829 1911 1896 1954 ιι
1949 1893 2100 1945 Stent
2138 1906 2262 1944 vero
2285 1906 2343 1944 ac
2373 1891 2577 1942 salvent
2617 1899 2666 1944 te
2698 1887 2945 1956 astrologi
2992 1887 3109 1940 ρωιὶ
3138 1901 3150 1935 :
3185 1885 3502 1938 annuntient

261 1986 361 2040 tibi
397 1986 564 2054 quod
595 1999 763 2052 super
791 1995 844 2038 te
881 1995 1166 2038 venturum
1192 1994 1271 2040 est
1294 1987 1340 2017 ⁸¹
1365 2004 1377 2038 :
1409 2005 1427 2036 ι
1461 1987 1652 2054 quibus
1684 2002 1782 2039 nos
1812 2000 1939 2039 sane
1963 1985 2142 2038 docuit
2171 1998 2234 2036 ne
2264 1984 2328 2036 ab
2359 1983 2464 2036 illis
2491 1982 2702 2050 quidem
2730 1982 2876 2050 ipsis,
2907 1980 2993 2047 qui
3027 1995 3108 2032 res
3132 1981 3260 2033 istas
3285 1993 3496 2032 summo

259 2088 312 2130 et
351 2079 660 2130 acerrimo
694 2079 878 2130 studio
917 2089 1331 2146 prosequuntur,
1375 2081 1500 2147 quid
1553 2096 1764 2148 quoque
1787 2080 1978 2149 popqu
2027 2078 2200 2131 facere
2233 2077 2486 2130 Dominus
2510 2077 2774 2138 statuerit,
2806 2075 3150 2143 przenuntiari
3203 2087 3378 2140 posse.

331 2169 478 2221 Νῦν
514 2168 630 2238 γὰρ
663 2169 740 2232 ὥς
777 2169 912 2239 πρὸς
965 2171 1063 2238 τὴν
1091 2171 1232 2234 λέξιν
1273 2172 1380 2241 (15)
1431 2174 1490 2225 τὸ
1539 2174 1866 2244 προφητικὸν

2038 2171 2140 2239 19
2178 2172 2264 2223 ιει.
2325 2170 2437 2223 Jam
2490 2171 2682 2223 dictum
2735 2170 3060 2236 prophetae,
3089 2169 3260 2234 quoad
3305 2167 3500 2220 nudam

253 2258 345 2322 ἑξε
356 2258 686 2326 ιλήφαμεν·
706 2261 753 2309 εἰ
772 2258 828 2309 δέ
853 2275 1019 2328 φησιν
1045 2260 1075 2309 6
1105 2260 1292 2311 Ἰακὼῦ
1311 2262 1665 2328 ἀνεγνωκέναι
1679 2265 1736 2314 ὲν
1755 2266 1867 2324 ταῖς

1975 2260 2228 2322 litteram,
2257 2261 2598 2328 exposuimus
2640 2279 2652 2311 :
2687 2259 2729 2311 si
2765 2273 2892 2311 vero
2927 2257 3088 2310 Jacob
3120 2259 3192 2308 ait
3231 2256 3421 2324 legisse
3447 2269 3503 2308 se

253 2347 458 2411 πλαξὶ
508 2346 611 2398 τοῦ
651 2347 872 2417 οὐρανοῦ
918 2348 1031 2418 (Η)
1073 2350 1142 2401 τὰ
1193 2351 1572 2421 συμϐησόμενα
1603 2355 1710 2414 τοῖς
1742 2355 1867 2415 υἱοῖς

1973 2349 2026 2401 in
2057 2349 2251 2401 tabulis
2278 2349 2398 2401 (ιωιί
2433 2363 2550 2415 quae
2580 2348 2700 2399 ﬁliis
2730 2349 2836 2400 suis
2865 2354 3114 2398 eventura
3155 2355 3312 2408 sunt,
3344 2353 3503 2412 atque

251 2438 479 2498 αὐτοῦ,
519 2438 617 2490 καὶ
639 2440 761 2491 ὅσον
792 2440 886 2491 ἐπὶ
928 2439 1104 2508 τούτῳ
1130 2441 1388 2508 ἀντιλέγοι
1415 2461 1498 2505 τις
1529 2444 1596 2496 ἂν
1617 2445 1765 2512 ἡμῖν,
1793 2444 1871 2494 ὅτι

252 2525 507 2578 ἐναντία
540 2519 626 2587 οἷς
659 2526 965 2595 εἰρήκαμεν
996 2526 1246 2594 δηλοῦται
1265 2527 1350 2579 διὰ
1383 2530 1479 2598 τῆς
1501 2530 1736 2599 Γραφῆς·
1765 2529 1872 2580 ἑλέ·

250 2631 456 2684 γομεν
509 2614 624 2684 γὰρ
680 2613 970 2683 ἄνθρωπον
1017 2615 1407 2684 ἀκαταλήπτως
1455 2617 1593 2685 ἔχειν
1635 2618 1743 2668 τῶν
1772 2634 1868 2685 ση-

252 2701 478 2772 μείων·
513 2702 546 2752 6
575 2700 633 2750 δὲ
670 2701 870 2752 Ἰακώϐ
914 2717 1076 2769 φησιν
1105 2702 1462 2767 ἀνεγνωκέναι
1487 2705 1540 2755 ὲν
1565 2705 1679 2766 ταῖς
1713 2703 1868 2768 πλαξὶ

249 2789 362 2844 τοῦ
404 2787 679 2859 οὐρανοῦ·
715 2790 1280 2859 ἀπολογησόμεθα,ὅτι
1300 2792 1346 2842 οἱ
1375 2791 1492 2842 καθ’
1525 2792 1667 2859 ἡμᾶς
1699 2792 1865 2858 σοφοὶ,

251 2878 569 2947 πνεύματι
605 2879 984 2947 περισσοτέρῳ
1025 2879 1354 2948 χρησάμενοι
1393 2880 1492 2947 τῆς
1532 2880 1869 2950 ἀνθρωπίνης

249 2970 526 3036 φύσεως,
564 2970 668 3020 οὐκ
709 2955 1100 3036 ἀνθρωπίνως,
1133 2969 1284 3032 θείως
1328 2970 1385 3022 δὲ
1429 2969 1759 3022 διδάσκονται
1801 2972 1868 3022 τά

248 3058 598 3127 ἀπὸρῤητασ
632 3056 824 3126 ὥσπερ
855 3057 884 3107 6
933 3056 1164 3120 Παῦλος,
1208 3058 1393 3125 λέγων’
1433 3077 1451 3108 ‹
1507 3061 1745 3112 Ἤκουσα
1774 3063 1868 3130 ἄῤ-

251 3151 424 3218 ρητα.
463 3148 719 3216 ῥήματα,
743 3146 780 3198 ἃ
803 3147 906 3198 οὐκ
931 3146 1051 3208 ὲξὸν
1089 3146 1353 3217 ἀνθρώπῳ
1390 3147 1632 3216 λαλῆσαν
1675 3169 1692 3199 ι
1724 3151 1866 3202 ἴσασι

250 3236 386 3304 γὰρ
424 3235 654 3302 τροπῶν
699 3235 945 3301 ἀλλαγὰς
975 3237 1068 3286 καὶ
1106 3236 1399 3305 μεταὸολάς
1437 3237 1657 3306 καιρῶν,
1691 3241 1864 3289 ἐνιαυ-

249 3323 387 3374 τῶν
445 3321 708 3385 κύκλους,
761 3323 857 3374 καὶ
900 3323 1148 3392 ἀστέρων
1183 3323 1374 3386 θέσεις,
1421 3324 1519 3375 οὐκ
1545 3325 1636 3376 ἀπ’
1670 3324 1866 3394 ἀνθρώ-

254 3428 422 3472 πων,
458 3411 588 3461 οὐδὲ
625 3411 694 3462 δι’
740 3410 1070 3480 ἀνθρώπων,
1104 3411 1237 3463 ἀλλὰ
1267 3411 1360 3462 τοῦ
1393 3413 1697 3482 πνεύματος
1737 3415 1866 3466 ἀπο-

1973 2437 2171 2490 idcirco
2217 2436 2371 2489 nobis
2417 2447 2649 2502 apponat
2692 2436 2884 2501 aliquis
2925 2434 3194 2487 contraria
3239 2435 3337 2497 iis,
3387 2449 3503 2500 qua:

1969 2525 2218 2586 diximus,
2258 2539 2350 2592 per
2379 2523 2683 2589 Scripturas
2723 2523 2977 2576 declarari
3010 2541 3020 2574 :
3050 2522 3314 2574 hominem
3359 2522 3501 2574 enim

1969 2609 2279 2668 dicebamus
2330 2615 2479 2681 signa
2538 2627 2638 2664 non
2697 2626 2851 2680 posse
2902 2612 3384 2678 comprehendere;
3449 2619 3504 2662 at

1966 2702 2130 2757 Jacob
2157 2704 2208 2756 in
2241 2703 2436 2755 tabulis
2462 2702 2579 2756 cmli
2615 2703 2690 2754 ait
2717 2718 2772 2755 se
2803 2703 2993 2769 legisse
3019 2720 3031 2754 :
3065 2701 3501 2768 respondebimus

1968 2802 2175 2847 nostros
2213 2793 2511 2860 sapientes,
2554 2793 2924 2845 excellentiore
2969 2791 3156 2858 spiritu
3205 2799 3362 2858 quam
3405 2807 3502 2858 pro

1966 2884 2192 2936 humana
2216 2873 2402 2935 natura
2436 2897 2577 2947 usos,
2612 2897 2712 2934 non
2755 2882 3084 2942 humanitus,
3114 2882 3202 2934 sed
3245 2883 3500 2935 divinitus
3564 2876 3567 2880 ’

1966 2984 2160 3024 arcana
2191 2972 2432 3034 edoceri;
2463 2971 2907 3038 quemadtnmlunt
2938 2971 3130 3022 Paulus
3151 2971 3286 3023 dixit
3317 2987 3330 3023 ι
3365 2973 3502 3023 «Αυ-

1966 3060 2069 3111 divi
2099 3073 2289 3112 arcaua
2327 3059 2481 3112 verba
2507 3074 2624 3126 quae
2665 3074 2765 3111 non
2797 3057 2920 3112 licet
2952 3061 3150 3113 homini
3189 3060 3331 3127 loqui
3368 3061 3446 3124 ";
3477 3081 3494 3111 ι

1965 3151 2138 3202 sciunt
2183 3149 2322 3200 enim
2364 3147 2772 3201 cOuversionum
2826 3151 3146 3203 mutationes
3191 3161 3243 3203 et
3298 3161 3502 3222 tempo-

1965 3252 2100 3301 rum,
2128 3251 2384 3289 annorum
2417 3235 2660 3298 circulos,
2689 3237 2921 3288 siderum
2950 3239 3259 3305 positiones,
3295 3254 3398 3291 non
3433 3237 3501 3291 ab

1964 3326 2281 3388 hominibus,
2332 3339 2502 3391 neque
2537 3339 2629 3391 per
2675 3325 2935 3390 homines,
2987 3328 3080 3380 sed
3136 3329 3324 3395 Spiritu
3370 3343 3499 3395 ape-

1965 3416 2134 3467 riente
2188 3415 2335 3480 ipsis,
2380 3424 2432 3467 et
2483 3430 2613 3482 pure
2648 3415 2931 3483 nudeque,
2971 3425 3030 3468 ιιι
3054 3416 3166 3468 vult
3208 3418 3365 3484 Deus,
3413 3433 3502 3471 res

255 3499 662 3560 καλύπτοντος
695 3477 900 3562 αὐτοῖς,
933 3499 1028 3550 καὶ
1064 3499 1335 3567 καθαρῶς,
1362 3501 1436 3561 ὼς
1461 3477 1598 3552 θέλει
1629 3504 1657 3553 6
1716 3500 1861 3564 Θεὸς,

1970 3504 2170 3556 divinas
2203 3505 2530 3556 enuntiante.
2583 3502 2713 3555 Nam
2755 3515 2810 3556 et
2855 3504 3014 3557 Jacob
3067 3505 3282 3558 homine
3329 3506 3500 3572 major

254 3587 335 3639 τὰ
365 3586 508 3638 θεῖα
544 3587 1000 3652 ἀπαγγέλλοντος.
1037 3589 1146 3640 Καὶ
1178 3587 1350 3650 άλλως
1379 3588 1435 3640 δὲ
1470 3591 1497 3639 6
1538 3589 1724 3641 Ἰακὼό
1760 3591 1866 3659 μεί-

255 3677 388 3737 ζων
413 3674 451 3741 ἦ
490 3672 635 3724 κατά
667 3674 956 3743 ἄνθρωπον
981 3670 1072 3744 ἦν,
1104 3675 1400 3744 πτερνίζων
1419 3675 1507 3728 τὸν
1534 3677 1752 3743 ἀδελφὸν
1773 3679 1866 3729 αὑ-

255 3763 399 3827 τοῦ,
441 3763 544 3814 καὶ
570 3763 861 3832 ὁμολογῶν.
894 3766 954 3814 ὲν
986 3765 1126 3833 αὐτῇ
1157 3765 1326 3834 ταύτῃ
1368 3769 1431 3835 τῇ
1468 3765 1646 3835 βίϐλῳ,
1681 3768 1769 3833 ἀφ’
1799 3763 1866 3836 ἦς

262 3851 643 3920 παρεθέμεθα
676 3852 760 3904 τό⁸
793 3871 813 3903 ι
865 3854 1136 3919 Ἀνέγνων
1168 3854 1225 3905 ὲν
1256 3857 1373 3916 ταῖς
1404 3855 1562 3920 πλαξὶ
1586 3855 1678 3908 τοῦ
1715 3857 1868 3924 οὐρα-

263 3941 396 4001 νοῦ,
428 3959 448 3991 ι
486 3937 626 3992 εἶναι
656 3942 1077 4011 ἀρχιχιλίαρχος
1105 3942 1380 4010 δυνάμεως
1403 3943 1623 4013 Κυρίου,
1650 3944 1741 3996 καὶ
1763 3945 1868 3995 ὅνο-

269 4048 356 4098 μα
388 4030 568 4081 πάλαι
592 4031 938 4100 κεκτημένος
991 4030 1228 4100 Ἰσραήλ·
1258 4032 1393 4100 ὅπερ
1436 4033 1492 4082 ὲν
1526 4032 1730 4101 σώματι
1763 4034 1866 4085 λει-

268 4117 535 4190 τουργῶν
587 4120 978 4189 ἀναγνωρίζει,
1036 4121 1535 4190 ὑπομιμνήσκοντος
1574 4123 1729 4175 αὐτὸν
1773 4121 1864 4174 τοῦ

269 4208 630 4277 ἀρχαγγέλου
661 4208 894 4277 Οὑριήλ.

348 4298 511 4350 Μετὰ
538 4298 719 4350 ταῦτα
734 4297 980 4349 λείπεται
1013 4295 1263 4361 ἐξετάσαι
1280 4297 1370 4349 καὶ
1387 4299 1726 4368 παραστῆσαι
1758 4300 1867 4362 τοῖς

276 4387 654 4449 πιστεύουσιν,
687 4387 772 4438 ὅτι
795 4388 876 4448 είς
915 4390 1118 4456 σημεῖα
1156 4389 1362 4440 κεῖνται
1394 4389 1441 4438 οἱ
1467 4389 1744 4459 φωστῆρες
1773 4388 1865 4440 τοῦ

272 4475 537 4544 ούρανοῦ·
567 4475 821 4544 σανθήσῃ
840 4474 898 4525 δὲ
930 4474 1036 4525 ὑπὸ
1069 4475 1177 4525 τῶν
1209 4475 1614 4545 περιεργότερον
1642 4478 1868 4548 φερομέ-

273 4584 386 4618 νων
436 4567 520 4628 είς
565 4566 700 4625 τοὺς
731 4563 950 4628 τόπους,
990 4564 1077 4624 τίς
1109 4565 1143 4630 ή
1179 4564 1326 4614 αἰτία
1360 4563 1451 4614 τοῦ
1488 4565 1653 4618 ταῦτα
1673 4567 1741 4618 τὰ
1775 4583 1866 4636 ση-

275 4659 412 4725 μεῖα
439 4655 532 4707 τὸν
556 4653 696 4705 Θεὸν
729 4653 1090 4721 πεποιηκέναι
1146 4654 1204 4702 ὲν
1230 4651 1307 4718 τῷ
1338 4653 1558 4722 οὐρανῷ.
1596 4656 1702 4707 Καὶ
1725 4655 1867 4706 ἔστιν

271 4747 456 4798 εἰπεῖν
493 4741 715 4812 πρῶτον
740 4742 860 4809 μὲν,
893 4741 973 4792 ὄτι
1009 4738 1346 4806 πιστεύομεν
1381 4739 1448 4791 τὰ
1464 4741 1560 4808 τῆς
1591 4743 1866 4811 μεγαλειό-

1965 3601 2098 3654 erat,
2143 3592 2336 3659 quippe
2393 3593 2480 3658 qui
2533 3592 2900 3659 supplantaret
2956 3593 3174 3646 fratrem
3229 3609 3404 3659 suum,
3447 3603 3501 3647 et

1966 3678 2196 3732 fateatur
2238 3681 2287 3731 in
2334 3694 2396 3732 eo
2472 3681 2584 3745 ipso
2644 3680 2796 3742 libro,
2849 3694 2913 3734 ex
2967 3695 3070 3748 quo
3134 3683 3495 3750 protulimus:

1970 3783 1987 3816 ι
2029 3765 2151 3833 Legi
2176 3767 2228 3818 in
2262 3766 2454 3818 tabulis
2481 3767 2619 3828 εαξη,
2644 3784 2662 3816 ι
2696 3781 2753 3820 se
2774 3781 2892 3821 esse
2925 3771 3216 3836 principem
3255 3771 3497 3823 tribuno-

1968 3867 2080 3904 rum
2107 3854 2371 3906 exercitus
2404 3854 2631 3916 Domini,
2662 3856 3045 3923 etjampridem
3069 3859 3263 3910 habere
3303 3873 3496 3911 nomen

1965 3937 2123 3993 Israel
2157 3960 2166 3992 :
2203 3941 2340 4008 quod
2378 3943 2586 4007 quidem
2618 3957 2840 4008 corpore
2890 3945 3198 3997 ministrans
3232 3960 3489 4014 recogno-

1966 4030 2084 4091 scit,
2139 4030 2190 4082 in
2245 4033 2556 4083 memoriam
2603 4041 2923 4093 revocante,
2959 4035 3234 4102 ipsumque
3277 4038 3497 4090 submo-

1968 4128 2127 4171 nente
2168 4119 2314 4173 Uriel
2340 4121 2678 4188 archangelo.

2034 4291 2120 4344 l5.
2149 4290 2266 4345 Jam
2303 4291 2564 4361 reliquum
2606 4302 2686 4346 est
2726 4302 2783 4346 ut
2831 4295 3156 4364 disputemus
3207 4308 3264 4354 et
3314 4300 3497 4369 expli-

1965 4395 2146 4436 cemus
2174 4383 2544 4447 credentibus,
2589 4383 2640 4435 in
2675 4384 2823 4452 signa
2864 4387 3033 4452 posita
3063 4402 3178 4441 esse
3206 4390 3486 4444 luminaria

1965 4473 2119 4537 t-mli;
2158 4472 2250 4527 sbd
2282 4475 2547 4539 urgebunt
2583 4481 2632 4524 te
2657 4474 2748 4538 qui
2778 4474 3065 4540 Scriptura:
3105 4479 3247 4531 locos
3273 4493 3495 4532 accura-

1965 4564 2070 4618 tius
2094 4563 2470 4630 pervestigant,
2499 4571 2552 4614 et
2579 4563 2842 4629 rogabunt
2874 4578 2991 4630 quae
3023 4581 3183 4619 causa
3209 4568 3279 4620 sit
3303 4582 3494 4634 quam-

1967 4655 2152 4708 obrem
2217 4654 2356 4707 Deus
2427 4654 2539 4706 haec
2583 4653 2730 4721 signa
2775 4653 2826 4705 in
2859 4655 2997 4706 cmlo
3039 4655 3240 4708 fecerit.
3297 4654 3498 4717 Quibus

1969 4743 2194 4808 primum
2228 4742 2649 4810 respondendum
2685 4751 2802 4804 est,
2840 4743 3058 4795 credere
3095 4757 3192 4796 nos
3231 4743 3496 4810 magnitu-

271 4850 438 4902 τητος
471 4829 571 4884 τοῦ
607 4831 700 4881 νοῦ
727 4829 818 4881 τοῦ
848 4827 984 4880 Θεοῦ
1016 4828 1206 4878 πᾶσαν
1255 4825 1445 4891 γνῶσιν
1474 4827 1567 4898 τὴν
1596 4831 1720 4900 περὶ
1748 4831 1866 4883 ἑκά-

1970 4833 2141 4885 dinem
2170 4831 2360 4885 divinae
2395 4833 2588 4886 mentis
2632 4846 2843 4886 omnem
2887 4832 3124 4884 notitiam
3167 4832 3493 4898 singularum

282 4935 400 4971 me
421 4919 536 4971 τῶν
557 4918 732 4970 ὄντων
759 4910 1286 4984 ὲμπεριειληφόσος,
1311 4910 1440 4961 ὥστε
1466 4915 1592 4982 μηδὲ
1623 4916 1680 4968 τὸ
1709 4919 1864 4985 τυχὸν

281 5011 366 5059 καὶ
421 5006 786 5077 νομιζόμενον
830 5003 1127 5070 ἐλάχιστον
1164 4996 1436 5050 λανθάνειν
1479 5000 1572 5066 τὴν
1623 5004 1864 5075 θειότητα

338 5161 382 5191 ⁸·
411 5158 541 5212 lsai.
579 5171 745 5218 xu",
781 5156 866 5208 17.
969 5149 1020 5180 ⁸’
1061 5146 1110 5199 ιι
1139 5145 1273 5198 Cor.
1297 5160 1384 5206 xu,
1410 5147 1457 5200 4.

338 5297 453 5375 (με)
495 5295 876 5375 {tacuisse
903 5280 1380 5375 τδμνξιιέξὶειεὲοι·

331 5347 452 5434 iiii
484 5347 619 5418 Νῧὶέ
658 5347 789 5434 τάιέο
823 5347 906 5421 ὦς
963 5347 1304 5434 πρέδς.-,ῗῇν
1331 5350 1512 5434 θέειν»
1545 5364 1658 5434 eis
1709 5358 1856 5434 “and

271 5415 905 5494 sat‘i—sv'scio'cur'hanc
955 5415 1272 5494 priesglft‘lis
1301 5415 1605 5494 "inspienti
1665 5429 1856 5481 seriem

269 5479 420 5568 67:3?»
441 5479 1104 5568 E'x'ﬁibéI‘Pﬁiiec-fﬁsﬂ-
1123 5479 1490 5568 3?:.-?_'_‘Ps,?5e
1529 5489 1590 5542 ίη
1625 5506 1722 5568 sus
1749 5479 1860 5568 ei"?

702 5544 1087 5614 'cjarissimus
1123 5544 1359 5603 Huetius.
1390 5544 1668 5612 Caeterum
1701 5544 1858 5629 hujus

1969 4934 2145 4972 rerum
2180 4920 2230 4972 in
2262 4934 2319 4973 se
2351 4920 2802 4987 comprehendere
2823 4960 2836 4984 ,
2864 4920 2933 4972 ita
2965 4930 3021 4971 ut
3048 4934 3217 4986 neque
3249 4921 3496 4971 minutis-

1969 5009 2125 5075 sima,
2172 5017 2225 5062 et
2260 5023 2378 5077 quas
2431 5009 2582 5062 nihili
2631 5010 2956 5078 penduntur,
3001 5009 3166 5076 ipsius
3225 5009 3491 5062 divinitati

1963 5298 2129 5368 seriei
2152 5297 2518 5368 interpretatio
2544 5297 2731 5368 Latina
2760 5302 2840 5368 est
2873 5292 3099 5368 Joannis~
3121 5286 3325 5368 Titi]?-

2033 5344 2163 5434 (ῆι
2174 5344 2316 5434 ’λέέον
2328 5344 2460 5427 ὶὲῗέ
2471 5344 2696 5426 ’ἇιῖᾱὲἵ
2708 5344 2836 5414 ἐῶ
2852 5344 3125 5434 ᾰῦῥᾷνοῦε
3161 5344 3488 5434 νίάθυὲρέἱτὲξ

1961 5414 2158 5485 Διί)ὲῦίὶ
2188 5414 2686 5486 Ιηζιιὺνῖέίἰῖεοιίίδιῖιιι
2735 5414 3237 5497 ρδειιιιὲιιίεντιριιιιιιι
3283 5414 3494 5470 Veteris

1964 5501 2308 5564 'l‘estantenti,
2343 5516 2461 5569 pag.
2491 5501 2584 5552 551
2619 5509 2670 5551 et
2699 5513 2846 5562 seqq.
