3878 6202
490 313 557 365 85
1907 311 2005 365 0R]

2106 309 2241 366 ΑΝΕὸ
3364 318 3381 329 κ
3621 312 3651 364 8
3666 313 3685 366 ι

488 423 654 476 latere
687 424 888 491 possint
912 468 922 478 .
947 425 1087 493 quod
1114 427 1364 482 nimirum
1393 430 1625 483 ostendit
1650 444 1768 482 eum
1795 442 2005 482 numero

2117 427 2299 489 αὑτοῦ,
2323 426 2476 490 δόξαν
2524 429 2621 496 μὲν
2653 427 2889 497 περιέχει
2918 425 3017 479 τοῦ
3045 424 3218 476 οἱονεὶ
3248 424 3455 493 ἄπειρα
3479 424 3683 497 ἀριθμῴ

488 512 646 564 veluti
678 512 884 565 inﬁnita
911 514 959 566 in
991 530 1049 567 se
1080 519 1528 585 comprehendere
1549 559 1561 582 ,
1598 533 1698 572 non
1738 520 2014 586 perspicua

486 602 940 656 demonstratione
964 642 979 666 .
1008 608 1097 656 sed
1133 605 1236 660 [ide
1258 646 1272 666 .
1320 622 1436 675 altu:
1477 608 1721 676 ingenitae
1764 610 1925 661 menti
1961 616 2016 661 et

488 689 785 742 universam
816 700 1055 744 naturam
1085 695 1423 748 atttcecllcnti
1451 698 1753 751 conveniat.
1784 697 1933 761 Quod
1958 707 2017 752 ut

485 779 811 843 experientia
848 781 916 833 ab
949 781 1014 833 iis
1044 782 1134 847 qui
1171 783 1401 851 majores
1436 788 1648 839 homine
1693 798 1849 850 sunt,
1887 799 1940 841 et
1982 802 2013 842 ιι

484 867 688 918 sanctis
720 869 986 922 mentibus
1006 872 1248 939 corporis
1276 872 1489 927 vinculo
1508 875 1696 928 solutis
1717 889 1780 928 ac
1809 876 2012 940 liberis,

483 954 829 1019 intelligatur,
862 964 1113 1025 tanquam
1165 960 1369 1013 litteras
1416 970 1469 1015 et
1522 964 1865 1017 characteres
1918 978 2014 1032 per

482 1039 778 1093 caelestium
838 1044 1049 1096 orbium
1105 1048 1505 1101 conversionem
1573 1051 1701 1104 fecit
1762 1051 1813 1103 itt
1878 1052 2013 1107 caelo

484 1132 641 1193 hens,
676 1132 763 1185 ubi
812 1143 867 1188 et
914 1134 1052 1189 docti
1086 1146 1140 1209 et
1162 1137 1382 1191 docendi
1418 1140 1565 1207 signa
1618 1139 1708 1195 Dei
1754 1142 2010 1209 legerent.

482 1220 587 1273 Nec
619 1236 743 1274 vero
764 1224 1060 1277 mirandum
1094 1204 1172 1279 est
1213 1227 1396 1291 Deum,
1435 1240 1490 1281 ut
1516 1245 1573 1283 se
1604 1231 1771 1285 beatis
1793 1234 2010 1286 demon-

481 1316 632 1371 stret,
665 1308 903 1375 qumdam
947 1309 1160 1377 fecisse,
1203 1327 1322 1366 cum
1360 1313 1630 1369 Pharaoni
1669 1319 1810 1371 dicat
1861 1320 2008 1373 Scri-

483 1406 693 1460 ptnrau
716 1398 837 1454 Ideo
854 1399 1076 1453 excitavi
1108 1411 1178 1466 te,
1222 1413 1279 1456 ιιι
1312 1407 1644 1458 ostenderem
1674 1408 1726 1458 in
1760 1416 1811 1460 te
1842 1410 2011 1461 virtu-

484 1494 588 1536 tem
622 1499 814 1547 meam,
853 1494 907 1540 et
949 1496 1005 1539 ttt
1028 1504 1217 1543 nomen
1248 1507 1423 1545 meum
1475 1496 1523 1545 in
1581 1496 1823 1549 universa
1869 1509 2008 1552 terra

481 1576 877 1641 pervulgaretur
905 1576 970 1629 ".
1003 1597 1022 1630 ι
1062 1580 1118 1633 Si
1145 1582 1287 1634 enim
1321 1596 1622 1638 asservatus
1660 1599 1739 1640 est
1779 1588 2007 1652 Pharao,

481 1672 536 1715 ιιι
558 1663 661 1730 20
693 1665 1051 1719 declararetttr
1080 1675 1310 1734 potentia
1342 1673 1455 1734 Dei,
1487 1687 1541 1727 et
1584 1692 1774 1729 nomen
1806 1676 1918 1745 ejus
1955 1679 2006 1731 in

480 1752 721 1804 universa
746 1763 882 1808 terra
908 1757 1307 1825 prtedicaretnr,
1346 1763 1712 1820 animadverte
1756 1777 2006 1836 quantant

478 1839 883 1894 declarationem
923 1844 1136 1900 virtutis
1159 1847 1249 1900 Dei
1292 1852 1532 1904 emlcstia
1570 1853 1720 1921 signa
1760 1869 2006 1921 compre-

479 1927 735 1993 hendant,
762 1946 881 1985 cum
920 1948 947 1985 a
990 1934 1161 2003 primo
1218 1952 1335 1992 revo
1378 1941 1443 1993 ad
1497 1944 2001 1997 consummationem

477 2016 657 2068 saeculi
722 2018 880 2086 digno
940 2022 1029 2075 Dei
1103 2024 1236 2078 libro
1303 2031 1440 2082 coelo
1518 2031 1767 2099 impressa
1828 2034 2003 2085 omnia

478 2110 531 2155 et
608 2105 860 2174 inscripta
934 2110 1060 2164 sint.
1151 2111 1349 2169 Deinde
1423 2117 1644 2183 conjieio
1724 2117 2004 2171 virtutibus

478 2194 627 2253 illis.
689 2197 880 2263 quibus
940 2215 1026 2254 res
1093 2201 1335 2256 humana;
1423 2214 1694 2270 reguntur,
1766 2206 2002 2273 qum-dam

476 2283 626 2351 signa
679 2283 882 2352 inesse,
940 2297 997 2342 ut
1063 2290 1162 2344 alia
1234 2300 1435 2345 tantum
1491 2304 1841 2363 cognoscant,
1902 2294 2003 2347 alia

475 2372 634 2424 etiam
676 2374 945 2442 elliciant;
981 2380 1425 2445 quemadmodum
1483 2382 1533 2434 in
1583 2384 1752 2438 sacris
1810 2387 2005 2440 nostris

477 2460 625 2514 libris
680 2468 917 2531 quanam
959 2470 1153 2535 scripta
1211 2481 1337 2523 sunt
1388 2480 1443 2523 ut
1486 2487 1867 2539 cognoscamus
1895 2514 1911 2537 ,
1949 2484 2005 2529 ιιι

476 2556 654 2607 mundi
712 2557 975 2624 Opiﬁcitttn
1035 2569 1087 2611 et
1151 2560 1252 2611 alia
1302 2561 1590 2626 mysteria;
1651 2564 1889 2628 quaedam
1949 2574 2005 2618 ut

474 2659 856 2713 cognoscamus
879 2655 932 2698 et
964 2646 1239 2713 faciamus,
1276 2659 1334 2700 ut
1360 2659 1622 2715 prince-pta
1669 2660 1722 2703 et
1755 2655 2002 2707 mandata

478 2732 592 2784 Dei.
629 2734 811 2799 Itaque
855 2733 963 2785 lieni
1011 2744 1181 2798 potest
1220 2743 1278 2787 ιιι
1315 2736 1557 2789 caelestes
1618 2738 1824 2801 litterzc,
1872 2756 2003 2807 quas

476 2819 647 2885 angeli
696 2828 749 2872 et
799 2821 985 2873 (“Vitul‘
1034 2822 1253 2877 virtutes
1310 2824 1485 2893 legere
1536 2826 1692 2882 facile
1744 2842 1999 2897 possunt,

475 2911 715 2975 quaedam
767 2912 1074 2964 contineant
1133 2912 1198 2966 ab
1248 2914 1447 2983 angelis
1495 2924 1549 2968 et
1611 2917 1700 2970 Dei
1748 2920 2003 2975 ministris

2113 515 2279 577 οὕτως
2301 516 2455 567 αὐτὸν
2486 515 2958 585 ἐμπεριειληφέναι
2982 515 3044 565 ἐν
3073 513 3281 580 ἐαυτῷ,
3307 513 3369 563 οὐ
3398 512 3505 579 μὴν
3536 514 3684 585 ἐναρ-

2112 606 2180 674 γῆ
2211 604 2304 673 τὴν
2324 605 2606 667 ἀπόδειξιν,
2636 604 2766 657 ἀλλὰ
2799 602 3267 670 πεπιστευμένην,
3301 601 3380 663 ώς
3431 603 3684 671 ἁρμόζον.

2114 711 2210 746 σαν
2235 695 2311 763 τῷ
2342 696 2612 764 ἀγεννήτῳ
2640 694 2713 762 νῷ
2757 694 2847 745 καὶ
2879 694 3022 761 ὑπὲρ
3058 694 3247 743 πᾶσαν
3296 693 3460 757 φύσιν
3492 693 3684 760 τυγχά-

2113 799 2266 835 νοντι.
2313 784 2405 834 "Iv‘
2450 780 2539 834 οὖν
2580 786 2644 851 τῇ
2675 782 2835 851 πείρᾳ
2856 780 3018 833 τοῦτο
3048 779 3542 848 καταλαμϐάνηται
3586 781 3682 837 ὑπὸ

2110 872 2213 923 τῶν
2257 871 2509 940 μειζόνων
2540 873 2573 940 ἢ
2608 872 2744 923 κατὰ
2767 871 3074 939 ἄνθρωπον,
3113 870 3212 921 καί
3241 868 3353 919 τῶν
3396 870 3563 936 ἁγίων
3596 872 3683 939 ψυ-

2111 961 2215 1030 χῶν
2237 960 2327 1013 τοῦ
2356 962 2695 1029 ἐνεστηκότος
2721 960 2913 1028 δεσμοῦ
2944 957 3418 1028 ἀπηλλαγμένων,
3453 958 3679 1030 ὡσπερεὶ

2109 1050 2406 1119 γράμματα
2450 1049 2540 1100 καὶ
2579 1048 2923 1117 χαρακτῆρας
2976 1048 3076 1099 καὶ
3121 1046 3215 1099 διὰ
3245 1048 3348 1115 τῆς
3380 1046 3491 1100 τῶν
3536 1049 3679 1117 οὐρα.

2110 1135 2234 1185 νίων
2253 1135 2545 1202 περιφορᾶς
2577 1134 2825 1202 ἐποίησεν
2867 1135 2924 1183 ἐν
2950 1133 3174 1202 οὐρανῷ
3198 1136 3228 1185 ὁ
3254 1135 3389 1196 Θεὸς
3414 1136 3538 1197 τοὺς
3560 1135 3676 1187 δεδι-

2109 1221 2400 1291 δαγμένους
2439 1223 2530 1273 καὶ
2552 1222 3033 1290 διδαχθησομένους
3062 1220 3469 1287 ἀναγινώσκειν
3494 1221 3562 1273 τά
3587 1239 3674 1291 σηο

2112 1316 2234 1380 μεῖα
2275 1312 2367 1364 τοῦ
2413 1313 2562 1366 Θεοῦ.
2591 1313 2661 1365 Οὐ
2689 1312 2994 1380 θαυμαστὸν
3021 1312 3080 1364 δὲ
3114 1312 3212 1363 καὶ
3245 1312 3388 1381 ὑπὲρ
3415 1312 3673 1376 ἐνδείξεως

2109 1402 2202 1469 τῆς
2238 1401 2367 1471 πρὸς
2405 1403 2526 1462 τοὺς
2566 1400 2859 1469 μακαρίους
2889 1402 3067 1451 ποιεῖν
3113 1416 3240 1451 τινα
3272 1399 3364 1450 τὸν
3395 1399 3545 1461 Θεὸν,
3585 1400 3672 1468 τῆς

2109 1490 2325 1559 Γραφῆς
2352 1489 2605 1555 λεγούσης
2641 1487 2717 1555 τῷ
2761 1486 2979 1556 Φαραώ·
3016 1505 3035 1536 ι
3088 1487 3186 1548 El;
3211 1485 3345 1537 αὐτὸ
3372 1486 3527 1538 τοῦτο
3561 1487 3672 1556 ἐξή-

2109 1581 2263 1649 γειρά
2310 1597 2388 1639 σε,
2414 1581 2557 1640 ὅπως
2603 1578 2912 1645 ἐνδείξωμαι
2946 1578 3005 1629 ἐν
3035 1577 3122 1629 σοὶ
3148 1575 3249 1644 τὴν
3277 1576 3505 1645 δύναμίν
3556 1594 3669 1645 μου,

2111 1671 2200 1721 καὶ
2244 1671 2387 1729 ὅπως
2429 1667 2678 1735 διαγγελῇ
2715 1667 2773 1717 τὸ
2803 1665 2972 1734 ὄνομά
3017 1682 3121 1733 μου
3155 1667 3214 1715 ἐν
3263 1665 3413 1735 πάσῃ
3443 1667 3505 1733 τῇ
3531 1668 3615 1733 γῇ.
3647 1684 3664 1715 ι

2039 1730 2079 1782 Β
2110 1760 2170 1810 Εἰ
2202 1759 2306 1826 γὰρ
2334 1730 2618 1827 διετηρῆθη
2653 1730 2863 1825 "(hepatia
2897 1730 3049 1825 *ὑπὲρ
3090 1730 3667 1823 ἐνδείξεως-δυνάμεως

2106 1847 2260 1907 Θεοῦ,
2287 1849 2375 1898 καὶ
2406 1846 2706 1913 διαγγελίας
2731 1845 2822 1897 τοῦ
2858 1846 3126 1914 ὀνόματος
3148 1845 3315 1896 αὑτοῦ
3347 1848 3406 1897 ἐν
3442 1846 3583 1913 πάσῃ
3607 1846 3664 1914 τῇ

2106 1939 2195 2005 γῇ,
2226 1936 2390 1987 ἐννόει
2426 1936 2588 2003 πόσην
2611 1934 2824 1998 ἔνδειξιν
2849 1933 3136 2001 δυνάμεως
3169 1933 3306 1985 Θεοῦ
3343 1933 3579 2003 περιέχει
3604 1931 3664 1983 τὰ

2104 2025 2322 2095 οὐράνια
2367 2025 2582 2091 σημεῖα,
2617 2023 2827 2074 πάντων
2865 2022 2974 2073 τῶν
3006 2023 3105 2074 ἀπ’
3137 2021 3336 2082 αἰῶνος
3366 2021 3469 2082 ἓως
3495 2036 3662 2071 συντε-

2105 2115 2249 2176 λείας
2274 2112 2721 2180 ἐντετυπωμένων
2741 2115 2803 2181 τῇ
2833 2111 2960 2181 ἀξίᾳ
2993 2112 3162 2180 βίϐλῳ
3189 2111 3282 2163 τοῦ
3312 2112 3444 2163 Θεοῦ
3479 2111 3552 2179 τῷ
3571 2110 3652 2161 ού-

2108 2200 2267 2271 ρανῷ.
2321 2201 2571 2269 Δεύτερον
2602 2199 2655 2249 δὲ
2691 2198 3025 2268 στοχάζομαι
3079 2203 3203 2262 ταῖς
3250 2200 3319 2251 τὰ
3365 2198 3661 2267 ἀνθρώπινα

2103 2290 2499 2360 οἰκονομούσαις
2547 2289 2831 2357 δυνάμεσιν
2876 2289 3161 2355 ἐγκεῖσθαι
3194 2289 3262 2365 τά
3311 2290 3526 2357 σημεῖα,
3581 2286 3659 2339 ἵνα

2102 2381 2221 2433 τινὰ
2244 2381 2339 2450 μὲν
2360 2379 2658 2446 γινώσκωσι
2688 2380 2861 2447 μόνον,
2893 2380 3017 2433 τινὰ
3032 2380 3089 2432 δὲ
3117 2379 3401 2449 ἐνεργῶσι·
3427 2378 3659 2448 καθάπερ

2103 2471 2159 2522 ἐν
2192 2474 2307 2530 ταῖς
2334 2470 2459 2537 παρ’
2494 2471 2620 2536 ἡμῖν
2649 2466 2844 2534 βίϐλοις
2874 2468 2911 2520 ἀ
2942 2470 3042 2538 μὲν
3072 2469 3380 2537 γέγραπται
3404 2469 3485 2520 ἵνα
3510 2463 3655 2534 γινώ-

2104 2575 2336 2626 σκωμεν,
2380 2551 2487 2608 οἷον
2528 2556 2593 2609 τὰ
2630 2557 2753 2627 περὶ
2787 2558 3147 2625 κοσμοποιίας
3183 2559 3278 2609 καὶ
3307 2555 3438 2609 ἄλλα
3461 2555 3653 2623 μυστή-

2108 2666 2208 2716 ρια·
2236 2648 2269 2700 ἀ
2300 2649 2354 2700 δὲ
2394 2647 2479 2699 ἴνα
2509 2646 2855 2714 γινώσκοντες
2904 2649 3173 2719 ποιῶμεν,
3209 2648 3395 2718 ὥσπερ
3428 2647 3491 2699 τὰ
3538 2645 3652 2715 περὶ

2103 2742 2197 2802 τὰς
2230 2741 2442 2802 ἐντολὰς
2468 2741 2559 2792 καὶ⁸
2593 2741 2660 2793 τά
2688 2742 3082 2811 προστάγματα
3109 2742 3204 2795 τοῦ
3239 2742 3392 2797 Θεοῦ.
3437 2740 3652 2808 Ἐνδέχε-

2102 2844 2189 2879 ται
2214 2828 2276 2896 δὴ
2304 2829 2369 2881 τὰ
2392 2829 2615 2897 οὐράνια
2637 2830 2960 2899 γράμματα,
2983 2831 3020 2883 ἀ
3041 2832 3262 2898 ἄγγελοι
3288 2833 3380 2885 καὶ
3411 2828 3650 2897 δυνάμεις

2104 2915 2237 2968 θεῖαι
2272 2918 2654 2985 ἀναγινώσκειν
2696 2919 2875 2980 καλῶς
2908 2920 3184 2983 δύνανται,
3232 2921 3502 2991 περιέχειν
3543 2916 3650 2969 τινὰ

476 3000 718 3068 legenda,
768 3008 823 3051 ut
874 3015 1054 3053 eorum
1113 3003 1414 3070 cognitione
1463 3004 1737 3072 laetentur;
1796 3009 1895 3061 alia
1943 3020 2003 3065 ut

2106 3008 2199 3073 μὲν
2227 3008 2741 3077 ἀναγνωσθησόμενα
2774 3010 2875 3061 ὑπὸ
2905 3012 3015 3064 τῶν
3046 3011 3288 3079 ἀγγέλων
3308 3012 3400 3063 καὶ
3424 3009 3647 3077 λειτουρ-

474 3089 721 3143 mandata
751 3089 1016 3157 accipiant
1049 3101 1100 3144 et
1127 3090 1374 3145 eﬂiciant.
1404 3092 1584 3162 Neque
1624 3096 1717 3151 abs
1763 3113 1817 3152 re
1855 3100 2002 3154 dixe-

476 3179 664 3245 rimus,
709 3181 878 3235 simile
914 3182 1037 3248 quid
1077 3181 1174 3252 legi
1225 3186 1417 3238 cmlum
1456 3196 1506 3240 et
1534 3196 1672 3241 astra
1698 3191 1999 3246 continere:

473 3268 517 3321 si
547 3282 671 3322 vero
695 3270 925 3339 pejores,
961 3284 1013 3326 et
1039 3273 1153 3328 aliae
1174 3275 1239 3329 ab
1271 3275 1484 3330 homine
1517 3278 1737 3332 virtutes
1760 3282 2002 3347 quaedam

472 3374 504 3409 e
564 3361 815 3427 przenotis
864 3370 916 3416 et
974 3364 1025 3415 in
1078 3364 1216 3418 cmlo
1269 3367 1538 3433 expressis
1598 3369 2002 3436 designatisque

474 3448 694 3511 faciant,
728 3449 853 3503 nihil
872 3459 953 3504 est
985 3466 1201 3507 necesse
1224 3454 1367 3520 ipsas
1392 3456 1586 3509 divinis
1609 3456 1801 3511 litteris
1823 3461 2005 3513 admo-

476 3538 617 3591 nitas
664 3536 840 3593 facere
892 3554 1010 3608 qua:
1057 3543 1347 3596 moliuntur
1379 3546 1509 3598 :sed
1560 3547 2001 3613 quemadmodum

476 3624 717 3678 homines
739 3625 982 3693 injuriam
1019 3628 1290 3694 facientes,
1316 3646 1412 3686 nec
1435 3633 1660 3688 scientes
1686 3638 2004 3703 przenovisse

478 3713 639 3764 Deum
669 3712 810 3766 hunc
841 3715 937 3768 abs
967 3728 1024 3768 se
1060 3715 1248 3781 injuria
1274 3717 1518 3773 aﬂ'eclutn
1562 3721 1649 3783 iri,
1700 3736 1795 3788 per
1852 3738 2003 3775 suam

478 3801 870 3870 unprobitatem
918 3805 1166 3873 injuriam
1218 3806 1452 3872 faciunt;
1494 3810 1570 3863 sic
1601 3810 1706 3863 Deo
1755 3813 2004 3878 opposita:

477 3889 724 3954 virtutes,
767 3906 885 3958 quae
926 3894 1182 3947 malitiam
1216 3896 1489 3950 hominum
1523 3899 1724 3951 scelera
1770 3902 2005 3967 cogitan-

477 3981 606 4032 tium
650 3995 1039 4049 praenoverunt,
1076 3988 1286 4054 propria
1324 3988 1375 4041 id
1402 3997 1457 4041 et
1486 3989 1784 4055 turpissima
1818 3992 2009 4044 volun-

477 4077 584 4120 tate
606 4070 903 4135 perficiunt.
928 4071 1082 4125 Sacri
1107 4084 1281 4128 autem
1306 4076 1495 4142 angeli,
1521 4076 1818 4132 administri
1843 4081 2004 4147 spiri-

480 4169 587 4218 tus,
610 4168 663 4209 et
700 4158 749 4209 in
806 4159 1155 4214 ministerium
1207 4164 1353 4216 missi
1406 4164 1450 4194 “
1497 4176 1643 4220 certe
1693 4176 1942 4234 tanquam
1973 4184 2002 4222 a

478 4246 572 4299 Dei
591 4247 703 4314 lege
718 4247 1036 4313 accipientes
1053 4250 1245 4317 scripta
1266 4251 1533 4314 mandata,
1552 4264 1692 4308 recte
1722 4265 1776 4311 et
1795 4258 2001 4321 ordine,

2100 3094 2208 3160 γῶν
2240 3094 2331 3145 τοῦ
2372 3093 2525 3157 Θεοῦ,
2566 3095 2651 3148 ἵνα
2696 3097 3099 3166 εὐφραίνωνται
3125 3098 3492 3165 γινώσκοντες·
3541 3092 3648 3147 τινὰ

2099 3184 2152 3235 δὲ
2191 3183 2425 3252 ὡσπερεὶ
2466 3185 2679 3247 ἐντολὰς
2738 3185 3109 3254 λαμϐάνοντες
3154 3187 3365 3240 ποιῶσι.
3412 3185 3517 3238 Καὶ
3560 3182 3648 3251 οὐχ

2100 3268 2523 3337 ἁμαρτησόμεθα
2552 3270 2611 3321 τὸ
2635 3271 2891 3338 ἀνάλογον
2924 3277 3036 3335 τοῖς
3056 3276 3114 3325 ἐν
3144 3274 3221 3343 τῷ
3253 3274 3400 3342 νόμῳ
3418 3272 3645 3340 λέγοντες

2100 3357 2238 3426 ἔχειν
2263 3359 2352 3410 τὸν
2382 3359 2600 3428 οὐρανὸν
2644 3361 2736 3412 καὶ
2770 3362 2892 3423 τοὺς
2929 3364 3185 3433 ἀστέρας·
3224 3363 3318 3414 ἐὰν
3345 3363 3398 3429 δέ
3425 3360 3644 3430 χείρονες

2101 3448 2191 3500 καὶ
2220 3448 2398 3516 ἕτεραι
2430 3448 2520 3499 τοῦ
2554 3448 2835 3518 ἀνθρώπου
2878 3453 3154 3522 ἐνέργειαι
3184 3451 3374 3505 ποιῶσί
3407 3467 3523 3503 τινα
3549 3447 3643 3500 τῶν

2102 3538 2554 3607 προεγνωσμένων
2601 3541 2692 3591 καὶ
2739 3545 3153 3613 σημαινομένων
3191 3545 3248 3597 ἐν
3276 3540 3502 3612 οὐρανῷ,
3556 3540 3644 3591 οὐκ

2100 3626 2305 3694 ἀνάγκη
2340 3625 2429 3676 καὶ
2473 3624 2636 3687 αὐτὰς
2684 3626 2787 3677 ἀπὸ
2839 3628 2949 3679 τῶν
2983 3628 3118 3681 Θεοῦ
3158 3627 3494 3698 γραμμάτων
3527 3625 3646 3675 ὑπο-

2104 3714 2535 3782 μιμνησκομένας
2578 3716 2745 3765 ποιεῖν
2769 3715 2804 3767 ἃ
2836 3717 3174 3788 ἐνεργοῦσιν·
3205 3718 3317 3771 ἀλλ’
3353 3716 3535 3783 ὥσπερ
3559 3712 3642 3765 ἄν·

2102 3798 2302 3868 θρωποι
2332 3799 2650 3861 ἀδικοῦντες,
2674 3800 2733 3852 οὐ
2758 3802 3119 3870 μανθάνοντες
3152 3803 3546 3875 προεγνωκέναι
3563 3799 3642 3851 τὸν

2099 3888 2227 3939 Θεὸν
2247 3887 2306 3939 τὸ
2342 3887 2487 3939 τόνδε
2517 3887 2635 3938 τινὰ
2663 3888 3014 3959 ἀδικήσεσθαι
3040 3894 3131 3944 ὑπ’
3153 3893 3346 3953 αὐτῶν,
3379 3885 3643 3958 ἐνεργοῦσι

2099 3977 2159 4028 τὸ
2185 3976 2384 4029 ἀδικεῖν
2410 3977 2472 4027 ὲκ
2499 3976 2596 4044 τῆς
2614 3978 2818 4029 ἑαυτῶν
2841 3982 3121 4051 πονηρίας·
3158 3980 3327 4043 οῦτως
3353 3981 3405 4031 αἱ
3434 3971 3644 4030 ἀντικεί-

2103 4082 2256 4136 μεναι
2293 4065 2547 4134 δυνάμεις
2573 4066 2664 4119 τοῦ
2693 4067 2846 4131 Θεοῦ,
2876 4071 2976 4139 τὴν
3003 4072 3201 4124 κακίαν
3227 4069 3333 4122 τῶν
3360 4068 3427 4120 τὰ
3458 4063 3644 4135 μοχθη-

2104 4152 2170 4223 ρὰ
2217 4152 2541 4223 βουλομένων
2591 4154 2884 4225 ἀνθρώπων
2954 4158 3373 4228 προεγνωκότες,
3422 4158 3486 4224 τῇ
3545 4150 3641 4218 ιδιᾳ

2100 4244 2347 4313 αἰσχίστῃ
2388 4243 2688 4296 ἐπιτελοῦσι
2724 4247 3059 4315 προαιρέσει.
3093 4248 3155 4300 Ol
3195 4247 3373 4315 μέντοι
3404 4243 3534 4313 ἱεροί⁵
3562 4240 3642 4306 ἄγ·

477 4337 694 4401 quando
734 4345 785 4389 et
825 4336 1086 4404 quomodo
1122 4349 1484 4409 quantumque
1510 4353 1743 4411 oportet,
1782 4347 2000 4400 meliora

2106 4333 2267 4401 γελοι,
2305 4333 2372 4386 τὰ
2422 4333 2760 4404 λειτουργικὰ
2810 4335 3111 4404 πνεύματα,
3164 4336 3232 4387 τὰ
3278 4338 3356 4396 είς
3386 4330 3640 4385 διακονίαν

478 4429 704 4484 faciunt.
741 4426 1040 4479 Absurdum
1066 4430 1204 4482 enim
1236 4430 1493 4499 sitipsos,
1542 4435 1631 4503 qui
1675 4435 1837 4489 divini
1874 4438 1999 4502 sint,

378 4554 383 4559 ι
480 4533 684 4576 temere
739 4536 836 4574 nec
867 4522 1083 4576 dellnite
1124 4523 1324 4588 venire,
1354 4535 1413 4579 ιιι
1442 4528 1623 4591 alicui,
1663 4531 1808 4583 verbi
1842 4546 2001 4585 causa

476 4607 744 4661 Abraham
777 4615 831 4661 et
864 4607 1033 4673 Isaae,
1059 4610 1450 4676 administrent,
1483 4613 1647 4670 Iacob
1676 4632 1740 4669 ex
1767 4618 2001 4685 periculo

478 4699 747 4759 liberent,
794 4698 873 4752 vel
931 4698 1086 4765 hujus
1138 4710 1229 4753 aut
1275 4701 1410 4757 illius
1455 4704 1733 4772 Pr0phet:e
1792 4707 1999 4774 spiritui

479 4787 684 4842 adsint.
736 4785 810 4841 Ne
863 4787 1021 4857 igitur
1073 4788 1122 4840 id
1176 4798 1375 4845 temere
1419 4802 1474 4847 et
1518 4794 1737 4848 fortuito
1782 4794 1999 4858 faciant,

475 4874 673 4930 librum
734 4875 823 4932 Dei
859 4872 1077 4946 legunt;
1115 4876 1299 4947 sicque
1343 4881 1481 4948 quod
1517 4882 1568 4935 in
1621 4883 1883 4934 mandatis
1921 4891 2003 4934 est

477 4972 750 5035 prestant.
779 4966 884 5020 Nos
907 4983 1052 5032 vero,
1083 4980 1140 5023 ιιι
1159 4981 1311 5024 antea
1344 4972 1591 5034 diximus,
1616 4984 1734 5037 quae
1758 4968 2002 5031 facimus,

476 5056 690 5124 propria
742 5056 1014 5112 voluntate
1049 5058 1307 5122 facimus,
1358 5059 1644 5125 itidemque
1689 5057 2005 5109 adversariae

477 5154 801 5213 potestates,
836 5163 955 5217 qua:
996 5149 1047 5201 in
1095 5162 1192 5201 nos
1230 5154 1431 5215 agunt;
1471 5148 1752 5213 depravata
1792 5146 2003 5212 quidem

476 5250 597 5287 eum
635 5250 933 5304 peccamus,
983 5236 1191 5288 erudita
1233 5248 1358 5287 vero
1402 5242 1455 5287 et
1504 5234 1847 5301 intelligente,
1913 5232 2005 5285 sed

478 5338 583 5376 non
630 5326 746 5379 sine
790 5326 1094 5394 angelorum
1143 5334 1197 5377 et
1260 5324 1557 5377 divinarum
1609 5324 1903 5376 litterarum
1950 5332 2004 5377 et

480 5425 752 5467 sacrorum
802 5416 1170 5469 ministrorum
1221 5428 1340 5482 ope.
1391 5430 1511 5469 cum
1584 5415 1691 5469 Deo
1742 5423 1889 5481 grata
1952 5424 2006 5467 et

480 5512 692 5568 accepta
715 5502 957 5558 facimus.

549 5609 779 5667 “Exod.
831 5630 900 5678 ιιι,
937 5611 1014 5666 l6.
1116 5613 1311 5670 "llcb.
1343 5614 1473 5680 ι,ιὼ

2106 4419 2550 4489 ἀποστελλόμενα,
2608 4421 2750 4482 εἰκὸς
2801 4421 2883 4471 ὅτι
2911 4422 2985 4483 ὠς
3034 4422 3140 4473 ἀπὸ
3170 4422 3333 4490 νόμου
3376 4419 3507 4474 Θεοῦ
3561 4432 3640 4484 γε·

2106 4509 2389 4579 γραμμένα
2424 4510 2490 4561 τὰ
2519 4510 2905 4579 προστάγματα
2960 4510 3341 4577 λαμϐάνοντες,
3390 4503 3640 4575 τεταγμέ-

2106 4615 2227 4661 νως,
2261 4600 2353 4650 καὶ
2384 4599 2468 4649 ὅτε
2491 4598 2588 4659 δεῖ,
2622 4599 2714 4650 καὶ
2750 4597 2824 4658 ὼς
2856 4598 2953 4659 δεῖ,
2981 4599 3072 4649 καὶ
3091 4600 3214 4650 ὅσον
3241 4599 3323 4649 δεῖ
3348 4598 3554 4650 ποιοῦσι
3579 4590 3640 4644 τὰ

2107 4686 2396 4756 κρείττονα·
2433 4687 2624 4739 ἄτοπον
2652 4685 2757 4753 γὰρ
2787 4686 2979 4746 αὐτοὺς
3008 4685 3180 4746 θείους
3214 4685 3370 4747 ὄντας
3414 4683 3638 4749 ἀποκλη-

2111 4776 2345 4845 ρωτικῶς
2377 4777 2467 4828 καὶ
2511 4777 2606 4845 οὐχ
2629 4776 2942 4846 ὡρισμένοις
2984 4774 3234 4844 ἔρχεσθαι
3266 4778 3357 4828 ἐπὶ
3402 4777 3481 4839 τὸ,
3527 4770 3635 4841 φέρ’

2105 4866 2293 4925 εἰπεῖν,
2319 4865 2642 4933 χρηματίσαι
2661 4881 2712 4915 τι
2741 4863 2816 4932 τῷ
2854 4863 3117 4933 Ἀϐραὰμ,
3140 4865 3230 4916 καὶ
3256 4865 3474 4933 ποιῆσαί
3500 4857 3637 4927 τιτῷ

2121 4952 2318 5014 Ἰσαὰκ,
2350 4954 2441 5004 καὶ
2469 4953 2728 5022 ῥύσασθαι
2751 4954 2814 5004 ἐκ
2836 4952 3074 5004 κινδύνου
3107 4952 3195 5005 τὸν
3234 4950 3497 5019 Ἰακὼϐ,ῆ
3526 4950 3635 5000 ἐπι-

2110 5040 2299 5108 στῆναι
2348 5040 2424 5109 τῷ
2470 5041 2731 5109 πνεύματι
2766 5041 2916 5093 τοῦδε
2952 5041 3044 5093 τοῦ
3081 5043 3372 5111 προφήτου.
3412 5041 3525 5090 Ἵνα
3550 5031 3635 5087 οὖν

2111 5127 2185 5197 μὴ
2239 5129 2690 5199 ἀποκληρωτικῶς
2745 5130 2878 5199 μηδὲ
2948 5130 3087 5181 κατά
3153 5129 3433 5197 συντυχίαν
3487 5121 3634 5177 τοῦτο

2110 5216 2433 5285 πράττωσιν,
2470 5218 2890 5285 ἀναγινώσκουσι
2920 5218 3015 5289 τὴν
3046 5219 3218 5287 βίϐλον
3254 5218 3344 5270 τοῦ
3373 5215 3521 5268 Θεοῦ·
3547 5211 3634 5265 καὶ

2107 5315 2275 5380 οὕτως
2304 5318 2510 5371 ποιοῦσι
2552 5319 2618 5372 τὰ
2655 5320 2830 5382 αὐτοῖς
2873 5319 3237 5372 ἐπιϐάλλοντα.
3276 5319 3360 5380 Ὠς
3399 5312 3632 5384 προείπο-

2111 5429 2207 5480 μεν
2250 5413 2323 5476 δὲ,
2358 5415 2514 5483 ἡμεῖς
2550 5414 2586 5466 ἀ
2633 5414 2904 5485 ποιοῦμεν,
2945 5415 3061 5483 ﬂat
3114 5416 3473 5481 ἀντικείμεναι
3501 5405 3634 5473 ἕνέρ·

2107 5525 2268 5576 γειαι,
2320 5512 2356 5565 ἀ
2402 5510 2727 5563 ἐπιτελοῦσιν
2797 5514 2873 5574 είς
2932 5511 3090 5579 ἡμᾶς,
3156 5509 3255 5577 ἰδία
3330 5500 3631 5573 προαιρέσει
