  <div class='ocr_page' id='page_1' title='image "/cluster/home/n/w/nwhite01/storage/ocr_20150623/12 (Origen; pt. 2)/nyp.33433081862272/050.png"; bbox 0 0 3878 6196; ppageno 0'>
   <div class='ocr_carea' id='block_1_1' title="bbox 275 302 3615 365">
    <p class='ocr_par' dir='ltr' id='par_1_1' title="bbox 275 302 3615 365">
     <span class='ocr_line' id='line_1_1' title="bbox 275 302 3615 365; baseline -0.004 7"><span class='ocrx_word' id='word_1_1' title='bbox 275 302 340 357; x_wconf 77' lang='lat'><strong>85</strong></span> <span class='ocrx_word' id='word_1_2' title='bbox 1809 307 1880 364; x_wconf 76' lang='lat' dir='ltr'><strong>IN</strong></span> <span class='ocrx_word' id='word_1_3' title='bbox 1918 308 2233 365; x_wconf 68' lang='lat' dir='ltr'><strong>unumsm.</strong></span> <span class='ocrx_word' id='word_1_4' title='bbox 3549 308 3615 360; x_wconf 75' lang='lat' dir='ltr'><strong>sn</strong></span> 
     </span>
    </p>
   </div>
   <div class='ocr_carea' id='block_1_2' title="bbox 269 405 3610 493">
    <p class='ocr_par' dir='ltr' id='par_1_2' title="bbox 269 405 3610 493">
     <span class='ocr_line' id='line_1_2' title="bbox 269 405 3610 493; baseline 0.003 -25"><span class='ocrx_word' id='word_1_5' title='bbox 269 412 546 482; x_wconf 64' lang='grc' dir='ltr'>ποιοῦμεν·</span> <span class='ocrx_word' id='word_1_6' title='bbox 610 405 890 479; x_wconf 77' lang='grc' dir='ltr'>ἀτάκτῳ</span> <span class='ocrx_word' id='word_1_7' title='bbox 935 413 1081 483; x_wconf 73' lang='grc' dir='ltr'>μὲν,</span> <span class='ocrx_word' id='word_1_8' title='bbox 1120 416 1218 471; x_wconf 74' lang='grc' dir='ltr'>ὅτε</span> <span class='ocrx_word' id='word_1_9' title='bbox 1271 416 1687 493; x_wconf 84' lang='grc' dir='ltr'>ἀμαρτάνομεν,</span> <span class='ocrx_word' id='word_1_10' title='bbox 1734 421 2139 491; x_wconf 77' lang='grc' dir='ltr'><strong>πεπαιδευμένη</strong></span> <span class='ocrx_word' id='word_1_11' title='bbox 2174 420 2252 485; x_wconf 74' lang='grc' dir='ltr'>δὲ,</span> <span class='ocrx_word' id='word_1_12' title='bbox 2280 418 2377 471; x_wconf 78' lang='grc' dir='ltr'>οὐκ</span> <span class='ocrx_word' id='word_1_13' title='bbox 2422 416 2553 486; x_wconf 79' lang='grc' dir='ltr'>ἄτερ</span> <span class='ocrx_word' id='word_1_14' title='bbox 2590 418 2848 485; x_wconf 75' lang='grc' dir='ltr'>ἀγγέλων,</span> <span class='ocrx_word' id='word_1_15' title='bbox 2899 416 3016 472; x_wconf 71' lang='grc' dir='ltr'>οὐδὲ</span> <span class='ocrx_word' id='word_1_16' title='bbox 3064 416 3218 473; x_wconf 82' lang='grc' dir='ltr'><strong>θείων</strong></span> <span class='ocrx_word' id='word_1_17' title='bbox 3248 415 3610 488; x_wconf 70' lang='grc' dir='ltr'>γραμμάτωε.</span> 
     </span>
    </p>
   </div>
   <div class='ocr_carea' id='block_1_3' title="bbox 274 501 2124 586">
    <p class='ocr_par' dir='ltr' id='par_1_3' title="bbox 274 501 2124 586">
     <span class='ocr_line' id='line_1_3' title="bbox 274 501 2124 586; baseline 0.003 -27"><span class='ocrx_word' id='word_1_18' title='bbox 274 504 384 559; x_wconf 69' lang='grc' dir='ltr'>ουδὲ</span> <span class='ocrx_word' id='word_1_19' title='bbox 434 501 772 571; x_wconf 73' lang='grc' dir='ltr'><strong>ὑπηρετῶν</strong></span> <span class='ocrx_word' id='word_1_20' title='bbox 836 505 1080 573; x_wconf 74' lang='grc' dir='ltr'>ἁγίων,</span> <span class='ocrx_word' id='word_1_21' title='bbox 1151 512 1243 566; x_wconf 77' lang='grc' dir='ltr'>ὅτε</span> <span class='ocrx_word' id='word_1_22' title='bbox 1294 512 1418 584; x_wconf 83' lang='grc' dir='ltr'><strong>Θεῷ</strong></span> <span class='ocrx_word' id='word_1_23' title='bbox 1472 516 1738 586; x_wconf 80' lang='grc' dir='ltr'>εὐάρεστα</span> <span class='ocrx_word' id='word_1_24' title='bbox 1797 516 2124 585; x_wconf 79' lang='grc' dir='ltr'><strong>πράττομεν.</strong></span> 
     </span>
    </p>
   </div>
   <div class='ocr_carea' id='block_1_4' title="bbox 326 590 2046 676">
    <p class='ocr_par' dir='ltr' id='par_1_4' title="bbox 326 590 2046 676">
     <span class='ocr_line' id='line_1_4' title="bbox 326 590 2046 676; baseline 0.002 -24"><span class='ocrx_word' id='word_1_25' title='bbox 326 593 435 652; x_wconf 75' lang='lat' dir='ltr'><strong>Kal</strong></span> <span class='ocrx_word' id='word_1_26' title='bbox 482 590 778 661; x_wconf 61' lang='grc' dir='ltr'>κλήμης</span> <span class='ocrx_word' id='word_1_27' title='bbox 828 593 905 648; x_wconf 69' lang='grc' dir='ltr'>δὲ</span> <span class='ocrx_word' id='word_1_28' title='bbox 952 598 992 649; x_wconf 84' lang='grc' dir='ltr'>ὁ</span> <span class='ocrx_word' id='word_1_29' title='bbox 1043 600 1356 673; x_wconf 81' lang='grc' dir='ltr'>Ῥωμαῖος,</span> <span class='ocrx_word' id='word_1_30' title='bbox 1420 605 1628 676; x_wconf 77' lang='grc' dir='ltr'><strong>Πέτρου</strong></span> <span class='ocrx_word' id='word_1_31' title='bbox 1680 604 1971 658; x_wconf 81' lang='grc' dir='ltr'><strong>ἀποστόλου</strong></span> <span class='ocrx_word' id='word_1_32' title='bbox 2004 611 2046 664; x_wconf 73' lang='grc' dir='ltr'>Α</span> 
     </span>
    </p>
   </div>
   <div class='ocr_carea' id='block_1_5' title="bbox 232 684 1973 773">
    <p class='ocr_par' dir='ltr' id='par_1_5' title="bbox 232 684 1973 773">
     <span class='ocr_line' id='line_1_5' title="bbox 232 684 1973 773; baseline 0.001 -28"><span class='ocrx_word' id='word_1_33' title='bbox 232 691 525 773; x_wconf 55' lang='grc' dir='ltr'>μαθητὴς</span> <span class='ocrx_word' id='word_1_34' title='bbox 548 719 568 744; x_wconf 66' lang='grc' dir='ltr'><strong><em>υ</em></strong></span> <span class='ocrx_word' id='word_1_35' title='bbox 636 684 901 773; x_wconf 65' lang='grc' dir='ltr'>συνῳδὰ</span> <span class='ocrx_word' id='word_1_36' title='bbox 980 690 1225 757; x_wconf 76' lang='grc' dir='ltr'>τούτοις</span> <span class='ocrx_word' id='word_1_37' title='bbox 1282 696 1342 746; x_wconf 84' lang='grc' dir='ltr'>ὲν</span> <span class='ocrx_word' id='word_1_38' title='bbox 1406 694 1486 765; x_wconf 83' lang='grc' dir='ltr'>τῷ</span> <span class='ocrx_word' id='word_1_39' title='bbox 1552 695 1773 765; x_wconf 81' lang='grc' dir='ltr'><strong>παρόντι</strong></span> <span class='ocrx_word' id='word_1_40' title='bbox 1840 707 1973 763; x_wconf 64' lang='lat' dir='ltr'><strong>upo-</strong></span> 
     </span>
    </p>
   </div>
   <div class='ocr_carea' id='block_1_6' title="bbox 221 771 1976 862">
    <p class='ocr_par' dir='ltr' id='par_1_6' title="bbox 221 771 1976 862">
     <span class='ocr_line' id='line_1_6' title="bbox 221 771 1976 862; baseline -0.005 -20"><span class='ocrx_word' id='word_1_41' title='bbox 221 771 475 862; x_wconf 57' lang='grc' dir='ltr'>ελὴματμ</span> <span class='ocrx_word' id='word_1_42' title='bbox 584 771 748 841; x_wconf 72' lang='grc' dir='ltr'>πρὸς</span> <span class='ocrx_word' id='word_1_43' title='bbox 831 774 950 830; x_wconf 78' lang='grc' dir='ltr'><strong>τὸν</strong></span> <span class='ocrx_word' id='word_1_44' title='bbox 1026 783 1265 856; x_wconf 82' lang='grc' dir='ltr'>πατέρα</span> <span class='ocrx_word' id='word_1_45' title='bbox 1327 785 1388 838; x_wconf 80' lang='grc' dir='ltr'>ὲν</span> <span class='ocrx_word' id='word_1_46' title='bbox 1459 785 1741 852; x_wconf 77' lang='grc' dir='ltr'><strong>Λαοδικείᾳ</strong></span> <span class='ocrx_word' id='word_1_47' title='bbox 1810 782 1976 835; x_wconf 78' lang='grc' dir='ltr'>εἰπὼν</span> 
     </span>
    </p>
   </div>
   <div class='ocr_carea' id='block_1_7' title="bbox 248 864 1974 954">
    <p class='ocr_par' dir='ltr' id='par_1_7' title="bbox 248 864 1974 954">
     <span class='ocr_line' id='line_1_7' title="bbox 248 864 1974 954; baseline -0.002 -28"><span class='ocrx_word' id='word_1_48' title='bbox 248 879 305 927; x_wconf 50' lang='grc' dir='ltr'>ἓν</span> <span class='ocrx_word' id='word_1_49' title='bbox 348 884 493 941; x_wconf 61' lang='grc' dir='ltr'>τοὶς</span> <span class='ocrx_word' id='word_1_50' title='bbox 593 864 956 954; x_wconf 69' lang='grc' dir='ltr'>ῌεριόδοις</span> <span class='ocrx_word' id='word_1_51' title='bbox 989 907 1009 933; x_wconf 85' lang='grc'><strong>,</strong></span> <span class='ocrx_word' id='word_1_52' title='bbox 1087 873 1525 954; x_wconf 71' lang='grc' dir='ltr'>ἀναγκαιότατόν</span> <span class='ocrx_word' id='word_1_53' title='bbox 1574 891 1626 925; x_wconf 91' lang='grc' dir='ltr'><strong>τι</strong></span> <span class='ocrx_word' id='word_1_54' title='bbox 1691 874 1783 925; x_wconf 72' lang='grc' dir='ltr'>ἐπὶ</span> <span class='ocrx_word' id='word_1_55' title='bbox 1835 873 1974 924; x_wconf 82' lang='grc' dir='ltr'>τέλει</span> 
     </span>
    </p>
   </div>
   <div class='ocr_carea' id='block_1_8' title="bbox 274 952 1975 1035">
    <p class='ocr_par' dir='ltr' id='par_1_8' title="bbox 274 952 1975 1035">
     <span class='ocr_line' id='line_1_8' title="bbox 274 952 1975 1035; baseline 0.001 -21"><span class='ocrx_word' id='word_1_56' title='bbox 274 962 379 1015; x_wconf 81' lang='grc' dir='ltr'>τῶν</span> <span class='ocrx_word' id='word_1_57' title='bbox 419 952 745 1017; x_wconf 71' lang='grc' dir='ltr'>τοιούτων</span> <span class='ocrx_word' id='word_1_58' title='bbox 792 955 1008 1024; x_wconf 87' lang='grc' dir='ltr'>λόγων</span> <span class='ocrx_word' id='word_1_59' title='bbox 1070 964 1218 1033; x_wconf 78' lang='grc' dir='ltr'>φησὶ</span> <span class='ocrx_word' id='word_1_60' title='bbox 1269 965 1397 1035; x_wconf 81' lang='grc' dir='ltr'>περὶ</span> <span class='ocrx_word' id='word_1_61' title='bbox 1442 952 1550 1017; x_wconf 78' lang='grc' dir='ltr'><strong>τῶν</strong></span> <span class='ocrx_word' id='word_1_62' title='bbox 1588 964 1683 1033; x_wconf 84' lang='grc' dir='ltr'>τῆς</span> <span class='ocrx_word' id='word_1_63' title='bbox 1715 963 1975 1030; x_wconf 86' lang='grc' dir='ltr'>γενέσεως</span> 
     </span>
    </p>
   </div>
   <div class='ocr_carea' id='block_1_9' title="bbox 287 1045 1974 1124">
    <p class='ocr_par' dir='ltr' id='par_1_9' title="bbox 287 1045 1974 1124">
     <span class='ocr_line' id='line_1_9' title="bbox 287 1045 1974 1124; baseline 0 -20"><span class='ocrx_word' id='word_1_64' title='bbox 287 1050 618 1107; x_wconf 73' lang='grc' dir='ltr'>δοκουντων</span> <span class='ocrx_word' id='word_1_65' title='bbox 663 1045 1095 1118; x_wconf 77' lang='grc' dir='ltr'>ὲκϐεὕηκέναι</span> <span class='ocrx_word' id='word_1_66' title='bbox 1135 1054 1246 1123; x_wconf 77' lang='grc'><strong>(15)</strong></span> <span class='ocrx_word' id='word_1_67' title='bbox 1279 1054 1423 1124; x_wconf 81' lang='grc' dir='ltr'>λόγῳ</span> <span class='ocrx_word' id='word_1_68' title='bbox 1464 1052 1974 1123; x_wconf 85' lang='grc' dir='ltr'>τεσσαρεσκαιδεκά-</span> 
     </span>
    </p>
   </div>
   <div class='ocr_carea' id='block_1_10' title="bbox 303 1135 1975 1211">
    <p class='ocr_par' dir='ltr' id='par_1_10' title="bbox 303 1135 1975 1211">
     <span class='ocr_line' id='line_1_10' title="bbox 303 1135 1975 1211; baseline 0.001 -21"><span class='ocrx_word' id='word_1_69' title='bbox 303 1153 393 1206; x_wconf 80' lang='grc' dir='ltr'><strong>τῳ·</strong></span> <span class='ocrx_word' id='word_1_70' title='bbox 428 1135 612 1192; x_wconf 65' lang='grc' dir='ltr'><strong>«Καὶ</strong></span> <span class='ocrx_word' id='word_1_71' title='bbox 645 1136 680 1186; x_wconf 85' lang='grc' dir='ltr'>ὁ</span> <span class='ocrx_word' id='word_1_72' title='bbox 716 1139 963 1209; x_wconf 65' lang='grc' dir='ltr'>πατήρδ</span> <span class='ocrx_word' id='word_1_73' title='bbox 1010 1142 1305 1209; x_wconf 76' lang='grc' dir='ltr'>Σύγγνωθί</span> <span class='ocrx_word' id='word_1_74' title='bbox 1343 1159 1451 1211; x_wconf 86' lang='grc' dir='ltr'>μοι,</span> <span class='ocrx_word' id='word_1_75' title='bbox 1494 1135 1539 1194; x_wconf 84' lang='grc' dir='ltr'><strong>ὧ</strong></span> <span class='ocrx_word' id='word_1_76' title='bbox 1569 1142 1767 1194; x_wconf 75' lang='grc' dir='ltr'>τέκνοψ</span> <span class='ocrx_word' id='word_1_77' title='bbox 1803 1143 1850 1193; x_wconf 92' lang='grc' dir='ltr'>οἱ</span> <span class='ocrx_word' id='word_1_78' title='bbox 1879 1142 1975 1210; x_wconf 88' lang='grc' dir='ltr'><strong>μὲν</strong></span> 
     </span>
    </p>
   </div>
   <div class='ocr_carea' id='block_1_11' title="bbox 304 1226 1972 1304">
    <p class='ocr_par' dir='ltr' id='par_1_11' title="bbox 304 1226 1972 1304">
     <span class='ocr_line' id='line_1_11' title="bbox 304 1226 1972 1304; baseline 0.002 -26"><span class='ocrx_word' id='word_1_79' title='bbox 304 1226 412 1298; x_wconf 74' lang='grc' dir='ltr'><strong>γὰρ</strong></span> <span class='ocrx_word' id='word_1_80' title='bbox 441 1229 592 1299; x_wconf 66' lang='grc' dir='ltr'>χθές</span> <span class='ocrx_word' id='word_1_81' title='bbox 632 1242 742 1279; x_wconf 88' lang='grc' dir='ltr'><strong>σου</strong></span> <span class='ocrx_word' id='word_1_82' title='bbox 775 1228 956 1297; x_wconf 81' lang='grc' dir='ltr'>λόγοι</span> <span class='ocrx_word' id='word_1_83' title='bbox 989 1232 1224 1304; x_wconf 81' lang='grc' dir='ltr'>ἀληθεῖς</span> <span class='ocrx_word' id='word_1_84' title='bbox 1261 1233 1412 1295; x_wconf 78' lang='grc' dir='ltr'>ὄντες</span> <span class='ocrx_word' id='word_1_85' title='bbox 1452 1232 1849 1299; x_wconf 88' lang='grc' dir='ltr'>συνελογίσαντό</span> <span class='ocrx_word' id='word_1_86' title='bbox 1886 1248 1972 1301; x_wconf 89' lang='grc' dir='ltr'><strong>μοι</strong></span> 
     </span>
    </p>
   </div>
   <div class='ocr_carea' id='block_1_12' title="bbox 318 1317 1973 1391">
    <p class='ocr_par' dir='ltr' id='par_1_12' title="bbox 318 1317 1973 1391">
     <span class='ocr_line' id='line_1_12' title="bbox 318 1317 1973 1391; baseline 0.004 -26"><span class='ocrx_word' id='word_1_87' title='bbox 318 1317 618 1369; x_wconf 70' lang='grc' dir='ltr'><strong>συνθέσθαι</strong></span> <span class='ocrx_word' id='word_1_88' title='bbox 658 1331 781 1368; x_wconf 72' lang='grc' dir='ltr'>σοι’</span> <span class='ocrx_word' id='word_1_89' title='bbox 826 1320 867 1387; x_wconf 84' lang='grc' dir='ltr'>ἡ</span> <span class='ocrx_word' id='word_1_90' title='bbox 894 1318 962 1371; x_wconf 79' lang='grc' dir='ltr'><strong>δὲ</strong></span> <span class='ocrx_word' id='word_1_91' title='bbox 1000 1323 1117 1391; x_wconf 80' lang='grc' dir='ltr'><strong>ὲμῆ</strong></span> <span class='ocrx_word' id='word_1_92' title='bbox 1148 1321 1450 1389; x_wconf 79' lang='grc' dir='ltr'>συνείδησις</span> <span class='ocrx_word' id='word_1_93' title='bbox 1484 1320 1648 1389; x_wconf 86' lang='grc' dir='ltr'>μικρά</span> <span class='ocrx_word' id='word_1_94' title='bbox 1672 1337 1758 1389; x_wconf 86' lang='grc' dir='ltr'><strong>με,</strong></span> <span class='ocrx_word' id='word_1_95' title='bbox 1791 1320 1973 1389; x_wconf 79' lang='grc' dir='ltr'>ὥσπερ</span> 
     </span>
    </p>
   </div>
   <div class='ocr_carea' id='block_1_13' title="bbox 317 1404 1968 1482">
    <p class='ocr_par' dir='ltr' id='par_1_13' title="bbox 317 1404 1968 1482">
     <span class='ocr_line' id='line_1_13' title="bbox 317 1404 1968 1482; baseline 0.002 -26"><span class='ocrx_word' id='word_1_96' title='bbox 317 1406 565 1474; x_wconf 78' lang='grc' dir='ltr'>πυρετοῦ</span> <span class='ocrx_word' id='word_1_97' title='bbox 600 1404 948 1477; x_wconf 70' lang='grc' dir='ltr'>ἔλλειμμα,</span> <span class='ocrx_word' id='word_1_98' title='bbox 980 1411 1125 1482; x_wconf 73' lang='grc' dir='ltr'>πρὸς</span> <span class='ocrx_word' id='word_1_99' title='bbox 1148 1410 1406 1462; x_wconf 80' lang='grc' dir='ltr'><strong>ἀπιστίαν</strong></span> <span class='ocrx_word' id='word_1_100' title='bbox 1440 1410 1640 1480; x_wconf 81' lang='grc' dir='ltr'><strong>βραχέα</strong></span> <span class='ocrx_word' id='word_1_101' title='bbox 1678 1407 1968 1477; x_wconf 69' lang='grc' dir='ltr'>βασανίζειο</span> 
     </span>
    </p>
   </div>
   <div class='ocr_carea' id='block_1_14' title="bbox 326 1494 1972 1567">
    <p class='ocr_par' dir='ltr' id='par_1_14' title="bbox 326 1494 1972 1567">
     <span class='ocr_line' id='line_1_14' title="bbox 326 1494 1972 1567; baseline 0.002 -24"><span class='ocrx_word' id='word_1_102' title='bbox 326 1494 554 1549; x_wconf 73' lang='grc' dir='ltr'>σύνοιδα</span> <span class='ocrx_word' id='word_1_103' title='bbox 597 1495 732 1566; x_wconf 75' lang='grc' dir='ltr'><strong>γὰρ</strong></span> <span class='ocrx_word' id='word_1_104' title='bbox 803 1498 1058 1567; x_wconf 72' lang='grc' dir='ltr'>ἐμαυτῷ</span> <span class='ocrx_word' id='word_1_105' title='bbox 1108 1499 1176 1551; x_wconf 86' lang='grc' dir='ltr'><strong>τά</strong></span> <span class='ocrx_word' id='word_1_106' title='bbox 1221 1499 1321 1567; x_wconf 80' lang='grc' dir='ltr'><strong>τῆς</strong></span> <span class='ocrx_word' id='word_1_107' title='bbox 1369 1498 1630 1565; x_wconf 82' lang='grc' dir='ltr'>γενέσεως</span> <span class='ocrx_word' id='word_1_108' title='bbox 1681 1498 1852 1549; x_wconf 82' lang='grc' dir='ltr'>πάντα</span> <span class='ocrx_word' id='word_1_109' title='bbox 1886 1513 1972 1565; x_wconf 87' lang='grc' dir='ltr'><strong>μοι</strong></span> 
     </span>
    </p>
   </div>
   <div class='ocr_carea' id='block_1_15' title="bbox 324 1583 1968 1658">
    <p class='ocr_par' dir='ltr' id='par_1_15' title="bbox 324 1583 1968 1658">
     <span class='ocr_line' id='line_1_15' title="bbox 324 1583 1968 1658; baseline 0.004 -25"><span class='ocrx_word' id='word_1_110' title='bbox 324 1583 832 1640; x_wconf 73' lang='grc' dir='ltr'>ἀπο-τελεσθέντα.</span> <span class='ocrx_word' id='word_1_111' title='bbox 873 1587 1064 1655; x_wconf 78' lang='grc' dir='ltr'><strong>Κάγὼ</strong></span> <span class='ocrx_word' id='word_1_112' title='bbox 1095 1587 1494 1658; x_wconf 82' lang='grc' dir='ltr'>ἀπεκρινάμην·</span> <span class='ocrx_word' id='word_1_113' title='bbox 1539 1585 1828 1655; x_wconf 87' lang='grc' dir='ltr'>Συννόησόν</span> <span class='ocrx_word' id='word_1_114' title='bbox 1862 1603 1968 1654; x_wconf 83' lang='grc' dir='ltr'>μοι,</span> 
     </span>
    </p>
   </div>
   <div class='ocr_carea' id='block_1_16' title="bbox 332 1666 1971 1746">
    <p class='ocr_par' dir='ltr' id='par_1_16' title="bbox 332 1666 1971 1746">
     <span class='ocr_line' id='line_1_16' title="bbox 332 1666 1971 1746; baseline 0.001 -22"><span class='ocrx_word' id='word_1_115' title='bbox 332 1666 380 1724; x_wconf 73' lang='grc' dir='ltr'>ὧ</span> <span class='ocrx_word' id='word_1_116' title='bbox 412 1678 613 1745; x_wconf 76' lang='grc' dir='ltr'>πάτερ,</span> <span class='ocrx_word' id='word_1_117' title='bbox 664 1676 811 1728; x_wconf 84' lang='grc' dir='ltr'>οἷαν</span> <span class='ocrx_word' id='word_1_118' title='bbox 873 1677 1046 1744; x_wconf 79' lang='grc' dir='ltr'>φύσιν</span> <span class='ocrx_word' id='word_1_119' title='bbox 1097 1677 1211 1746; x_wconf 75' lang='grc' dir='ltr'>ἔχει</span> <span class='ocrx_word' id='word_1_120' title='bbox 1253 1676 1314 1730; x_wconf 76' lang='grc' dir='ltr'>τὸ</span> <span class='ocrx_word' id='word_1_121' title='bbox 1352 1676 1597 1746; x_wconf 81' lang='grc' dir='ltr'>μάθημα,</span> <span class='ocrx_word' id='word_1_122' title='bbox 1645 1676 1700 1740; x_wconf 78' lang='grc' dir='ltr'>ἐξ</span> <span class='ocrx_word' id='word_1_123' title='bbox 1745 1668 1819 1727; x_wconf 83' lang='grc' dir='ltr'>ὧν</span> <span class='ocrx_word' id='word_1_124' title='bbox 1863 1674 1971 1741; x_wconf 74' lang='grc' dir='ltr'><strong>ἐγὼ</strong></span> 
     </span>
    </p>
   </div>
   <div class='ocr_carea' id='block_1_17' title="bbox 335 1764 1971 1837">
    <p class='ocr_par' dir='ltr' id='par_1_17' title="bbox 335 1764 1971 1837">
     <span class='ocr_line' id='line_1_17' title="bbox 335 1764 1971 1837; baseline 0.002 -24"><span class='ocrx_word' id='word_1_125' title='bbox 335 1764 741 1832; x_wconf 73' lang='grc' dir='ltr'>συμϐουλεύω.</span> <span class='ocrx_word' id='word_1_126' title='bbox 800 1766 1208 1836; x_wconf 81' lang='grc' dir='ltr'>Μαθηματικῷ</span> <span class='ocrx_word' id='word_1_127' title='bbox 1257 1766 1542 1837; x_wconf 78' lang='grc' dir='ltr'>συμϐαλὼν</span> <span class='ocrx_word' id='word_1_128' title='bbox 1594 1766 1713 1817; x_wconf 88' lang='grc' dir='ltr'>είπὲ</span> <span class='ocrx_word' id='word_1_129' title='bbox 1762 1765 1971 1835; x_wconf 84' lang='grc' dir='ltr'>πρῶτον</span> 
     </span>
    </p>
   </div>
   <div class='ocr_carea' id='block_1_18' title="bbox 340 1852 1968 1924">
    <p class='ocr_par' dir='ltr' id='par_1_18' title="bbox 340 1852 1968 1924">
     <span class='ocr_line' id='line_1_18' title="bbox 340 1852 1968 1924; baseline 0.002 -22"><span class='ocrx_word' id='word_1_130' title='bbox 340 1852 526 1923; x_wconf 72' lang='grc' dir='ltr'>αὐτῷ,</span> <span class='ocrx_word' id='word_1_131' title='bbox 549 1854 637 1905; x_wconf 79' lang='grc' dir='ltr'>ὅτι</span> <span class='ocrx_word' id='word_1_132' title='bbox 655 1894 674 1916; x_wconf 91' lang='grc'><strong>,</strong></span> <span class='ocrx_word' id='word_1_133' title='bbox 698 1852 865 1906; x_wconf 81' lang='grc' dir='ltr'>Τάδε</span> <span class='ocrx_word' id='word_1_134' title='bbox 885 1870 984 1923; x_wconf 81' lang='grc' dir='ltr'><strong>μοι</strong></span> <span class='ocrx_word' id='word_1_135' title='bbox 1007 1854 1183 1922; x_wconf 77' lang='grc' dir='ltr'>φαῦλα</span> <span class='ocrx_word' id='word_1_136' title='bbox 1215 1858 1274 1908; x_wconf 82' lang='grc' dir='ltr'>ὲν</span> <span class='ocrx_word' id='word_1_137' title='bbox 1303 1854 1434 1924; x_wconf 85' lang='grc' dir='ltr'>τῷδε</span> <span class='ocrx_word' id='word_1_138' title='bbox 1486 1854 1561 1924; x_wconf 78' lang='grc' dir='ltr'>τῷ</span> <span class='ocrx_word' id='word_1_139' title='bbox 1602 1856 1773 1924; x_wconf 85' lang='grc' dir='ltr'>χρόνῳ</span> <span class='ocrx_word' id='word_1_140' title='bbox 1813 1855 1968 1921; x_wconf 79' lang='grc' dir='ltr'><strong>γὲγο⁹</strong></span> 
     </span>
    </p>
   </div>
   <div class='ocr_carea' id='block_1_19' title="bbox 2153 596 3602 667">
    <p class='ocr_par' dir='ltr' id='par_1_19' title="bbox 2153 596 3602 667">
     <span class='ocr_line' id='line_1_19' title="bbox 2153 596 3602 667; baseline -0.002 -14"><span class='ocrx_word' id='word_1_141' title='bbox 2153 600 2237 653; x_wconf 72' lang='grc' dir='ltr'>Η.</span> <span class='ocrx_word' id='word_1_142' title='bbox 2282 599 2348 652; x_wconf 87' lang='lat' dir='ltr'><strong>Et</strong></span> <span class='ocrx_word' id='word_1_143' title='bbox 2395 597 2643 654; x_wconf 83' lang='lat' dir='ltr'><strong>Clemens</strong></span> <span class='ocrx_word' id='word_1_144' title='bbox 2687 598 2975 658; x_wconf 76' lang='lat' dir='ltr'><strong>Romanus,</strong></span> <span class='ocrx_word' id='word_1_145' title='bbox 3023 596 3163 651; x_wconf 83' lang='lat' dir='ltr'><strong>Petri</strong></span> <span class='ocrx_word' id='word_1_146' title='bbox 3189 598 3408 667; x_wconf 75' lang='lat' dir='ltr'><strong>apostoli</strong></span> <span class='ocrx_word' id='word_1_147' title='bbox 3438 596 3602 651; x_wconf 83' lang='lat' dir='ltr'><strong>disci-</strong></span> 
     </span>
    </p>
   </div>
   <div class='ocr_carea' id='block_1_20' title="bbox 2078 672 3600 756">
    <p class='ocr_par' dir='ltr' id='par_1_20' title="bbox 2078 672 3600 756">
     <span class='ocr_line' id='line_1_20' title="bbox 2078 672 3600 756; baseline -0.004 -15"><span class='ocrx_word' id='word_1_148' title='bbox 2078 688 2249 756; x_wconf 88' lang='lat' dir='ltr'><strong>pulus,</strong></span> <span class='ocrx_word' id='word_1_149' title='bbox 2286 688 2371 741; x_wconf 85' lang='lat' dir='ltr'><strong>his</strong></span> <span class='ocrx_word' id='word_1_150' title='bbox 2401 696 2755 742; x_wconf 79' lang='lat' dir='ltr'><strong>consentanea</strong></span> <span class='ocrx_word' id='word_1_151' title='bbox 2782 684 2865 749; x_wconf 37' lang='lat' dir='ltr'><strong>de,</strong></span> <span class='ocrx_word' id='word_1_152' title='bbox 2888 683 3133 751; x_wconf 70' lang='lat' dir='ltr'><strong>praesenti</strong></span> <span class='ocrx_word' id='word_1_153' title='bbox 3161 685 3454 751; x_wconf 71' lang='lat' dir='ltr'><strong>quaestione</strong></span> <span class='ocrx_word' id='word_1_154' title='bbox 3479 672 3600 738; x_wconf 60' lang='lat' dir='ltr'><strong>c&#39;um</strong></span> 
     </span>
    </p>
   </div>
   <div class='ocr_carea' id='block_1_21' title="bbox 2083 772 3604 846">
    <p class='ocr_par' dir='ltr' id='par_1_21' title="bbox 2083 772 3604 846">
     <span class='ocr_line' id='line_1_21' title="bbox 2083 772 3604 846; baseline -0.003 -15"><span class='ocrx_word' id='word_1_155' title='bbox 2083 790 2256 846; x_wconf 87' lang='lat' dir='ltr'><strong>patre,</strong></span> <span class='ocrx_word' id='word_1_156' title='bbox 2298 778 2608 838; x_wconf 64' lang='lat' dir='ltr'><strong>Laodiceae,</strong></span> <span class='ocrx_word' id='word_1_157' title='bbox 2643 776 2696 841; x_wconf 87' lang='lat' dir='ltr'><strong>in</strong></span> <span class='ocrx_word' id='word_1_158' title='bbox 2723 772 3122 827; x_wconf 76' lang='lat' dir='ltr'><strong>Circuitionibus</strong></span> <span class='ocrx_word' id='word_1_159' title='bbox 3170 772 3395 833; x_wconf 87' lang='lat' dir='ltr'><strong>locutus,</strong></span> <span class='ocrx_word' id='word_1_160' title='bbox 3449 773 3604 838; x_wconf 85' lang='lat' dir='ltr'><strong>quid-</strong></span> 
     </span>
    </p>
   </div>
   <div class='ocr_carea' id='block_1_22' title="bbox 2075 857 3594 925">
    <p class='ocr_par' dir='ltr' id='par_1_22' title="bbox 2075 857 3594 925">
     <span class='ocr_line' id='line_1_22' title="bbox 2075 857 3594 925; baseline -0.005 -7"><span class='ocrx_word' id='word_1_161' title='bbox 2075 867 2196 920; x_wconf 91' lang='lat' dir='ltr'><strong>dam</strong></span> <span class='ocrx_word' id='word_1_162' title='bbox 2243 866 2468 918; x_wconf 79' lang='lat' dir='ltr'><strong>maxime</strong></span> <span class='ocrx_word' id='word_1_163' title='bbox 2516 861 2868 917; x_wconf 86' lang='lat' dir='ltr'><strong>necessarium</strong></span> <span class='ocrx_word' id='word_1_164' title='bbox 2910 859 2962 913; x_wconf 91' lang='lat' dir='ltr'><strong>in</strong></span> <span class='ocrx_word' id='word_1_165' title='bbox 3001 858 3107 911; x_wconf 82' lang='lat' dir='ltr'><strong>line</strong></span> <span class='ocrx_word' id='word_1_166' title='bbox 3141 858 3242 925; x_wconf 77' lang='lat'><strong>21</strong></span> <span class='ocrx_word' id='word_1_167' title='bbox 3292 857 3594 925; x_wconf 85' lang='lat' dir='ltr'><strong>hujusmndi</strong></span> 
     </span>
    </p>
   </div>
   <div class='ocr_carea' id='block_1_23' title="bbox 2074 946 3599 1017">
    <p class='ocr_par' dir='ltr' id='par_1_23' title="bbox 2074 946 3599 1017">
     <span class='ocr_line' id='line_1_23' title="bbox 2074 946 3599 1017; baseline -0.004 -9"><span class='ocrx_word' id='word_1_168' title='bbox 2074 968 2373 1008; x_wconf 85' lang='lat' dir='ltr'><strong>sermonum</strong></span> <span class='ocrx_word' id='word_1_169' title='bbox 2399 950 2568 1015; x_wconf 80' lang='lat' dir='ltr'><strong>alIert,</strong></span> <span class='ocrx_word' id='word_1_170' title='bbox 2590 951 2658 1005; x_wconf 87' lang='lat' dir='ltr'><strong>de</strong></span> <span class='ocrx_word' id='word_1_171' title='bbox 2691 950 2754 1002; x_wconf 86' lang='lat' dir='ltr'><strong>iis</strong></span> <span class='ocrx_word' id='word_1_172' title='bbox 2775 965 2891 1017; x_wconf 69' lang='lat' dir='ltr'><strong>quae</strong></span> <span class='ocrx_word' id='word_1_173' title='bbox 2916 962 3007 1017; x_wconf 91' lang='lat' dir='ltr'><strong>per</strong></span> <span class='ocrx_word' id='word_1_174' title='bbox 3032 946 3329 1016; x_wconf 76' lang='lat' dir='ltr'><strong>genituram</strong></span> <span class='ocrx_word' id='word_1_175' title='bbox 3359 947 3599 1002; x_wconf 66' lang='lat' dir='ltr'><strong>evenisse</strong></span> 
     </span>
    </p>
   </div>
   <div class='ocr_carea' id='block_1_24' title="bbox 2074 1037 3597 1107">
    <p class='ocr_par' dir='ltr' id='par_1_24' title="bbox 2074 1037 3597 1107">
     <span class='ocr_line' id='line_1_24' title="bbox 2074 1037 3597 1107; baseline -0.001 -15"><span class='ocrx_word' id='word_1_176' title='bbox 2074 1044 2333 1105; x_wconf 85' lang='lat' dir='ltr'><strong>videntur,</strong></span> <span class='ocrx_word' id='word_1_177' title='bbox 2360 1041 2602 1095; x_wconf 85' lang='lat' dir='ltr'><strong>oratione</strong></span> <span class='ocrx_word' id='word_1_178' title='bbox 2636 1040 2837 1093; x_wconf 90' lang='lat' dir='ltr'><strong>decima</strong></span> <span class='ocrx_word' id='word_1_179' title='bbox 2894 1048 3081 1105; x_wconf 87' lang='lat' dir='ltr'><strong>quarta</strong></span> <span class='ocrx_word' id='word_1_180' title='bbox 3114 1037 3223 1107; x_wconf 80' lang='lat' dir='ltr'><strong>(l7)</strong></span> <span class='ocrx_word' id='word_1_181' title='bbox 3243 1055 3255 1090; x_wconf 90' lang='lat'><strong>:</strong></span> <span class='ocrx_word' id='word_1_182' title='bbox 3276 1055 3294 1087; x_wconf 80' lang='grc' dir='ltr'><strong>ι</strong></span> <span class='ocrx_word' id='word_1_183' title='bbox 3325 1037 3386 1090; x_wconf 84' lang='grc' dir='ltr'>Ει</span> <span class='ocrx_word' id='word_1_184' title='bbox 3416 1048 3597 1105; x_wconf 86' lang='lat' dir='ltr'><strong>pater:</strong></span> 
     </span>
    </p>
   </div>
   <div class='ocr_carea' id='block_1_25' title="bbox 2071 1126 3597 1201">
    <p class='ocr_par' dir='ltr' id='par_1_25' title="bbox 2071 1126 3597 1201">
     <span class='ocr_line' id='line_1_25' title="bbox 2071 1126 3597 1201; baseline -0.005 -15"><span class='ocrx_word' id='word_1_185' title='bbox 2071 1133 2290 1201; x_wconf 83' lang='lat' dir='ltr'><strong>Ignosce</strong></span> <span class='ocrx_word' id='word_1_186' title='bbox 2312 1132 2465 1197; x_wconf 90' lang='lat' dir='ltr'><strong>mihi,</strong></span> <span class='ocrx_word' id='word_1_187' title='bbox 2492 1132 2561 1183; x_wconf 89' lang='lat' dir='ltr'><strong>lili</strong></span> <span class='ocrx_word' id='word_1_188' title='bbox 2591 1148 2603 1195; x_wconf 89' lang='lat'><strong>;</strong></span> <span class='ocrx_word' id='word_1_189' title='bbox 2633 1130 2863 1184; x_wconf 80' lang='lat' dir='ltr'><strong>hesterni</strong></span> <span class='ocrx_word' id='word_1_190' title='bbox 2888 1130 3026 1183; x_wconf 90' lang='lat' dir='ltr'><strong>enim</strong></span> <span class='ocrx_word' id='word_1_191' title='bbox 3055 1143 3327 1183; x_wconf 81' lang='lat' dir='ltr'><strong>sermones</strong></span> <span class='ocrx_word' id='word_1_192' title='bbox 3352 1126 3449 1189; x_wconf 76' lang='lat' dir='ltr'><strong>tui,</strong></span> <span class='ocrx_word' id='word_1_193' title='bbox 3474 1126 3597 1194; x_wconf 83' lang='lat' dir='ltr'><strong>quia</strong></span> 
     </span>
    </p>
   </div>
   <div class='ocr_carea' id='block_1_26' title="bbox 2074 1216 3595 1289">
    <p class='ocr_par' dir='ltr' id='par_1_26' title="bbox 2074 1216 3595 1289">
     <span class='ocr_line' id='line_1_26' title="bbox 2074 1216 3595 1289; baseline -0.005 -14"><span class='ocrx_word' id='word_1_194' title='bbox 2074 1223 2206 1286; x_wconf 89' lang='lat' dir='ltr'><strong>veri,</strong></span> <span class='ocrx_word' id='word_1_195' title='bbox 2237 1220 2549 1289; x_wconf 83' lang='lat' dir='ltr'><strong>pepulerunt</strong></span> <span class='ocrx_word' id='word_1_196' title='bbox 2595 1232 2679 1272; x_wconf 91' lang='lat' dir='ltr'><strong>me</strong></span> <span class='ocrx_word' id='word_1_197' title='bbox 2731 1228 2786 1271; x_wconf 91' lang='lat' dir='ltr'><strong>ut</strong></span> <span class='ocrx_word' id='word_1_198' title='bbox 2829 1218 2920 1272; x_wconf 86' lang='lat' dir='ltr'><strong>tibi</strong></span> <span class='ocrx_word' id='word_1_199' title='bbox 2970 1218 3257 1272; x_wconf 89' lang='lat' dir='ltr'><strong>assentirer</strong></span> <span class='ocrx_word' id='word_1_200' title='bbox 3293 1232 3306 1266; x_wconf 89' lang='lat'><strong>:</strong></span> <span class='ocrx_word' id='word_1_201' title='bbox 3341 1216 3431 1269; x_wconf 91' lang='lat' dir='ltr'><strong>sed</strong></span> <span class='ocrx_word' id='word_1_202' title='bbox 3480 1230 3595 1269; x_wconf 76' lang='lat' dir='ltr'><strong>mea</strong></span> 
     </span>
    </p>
   </div>
   <div class='ocr_carea' id='block_1_27' title="bbox 2042 1305 3598 1374">
    <p class='ocr_par' dir='ltr' id='par_1_27' title="bbox 2042 1305 3598 1374">
     <span class='ocr_line' id='line_1_27' title="bbox 2042 1305 3598 1374; baseline -0.006 -10"><span class='ocrx_word' id='word_1_203' title='bbox 2042 1308 2420 1372; x_wconf 83' lang='lat' dir='ltr'><strong>conscientia,</strong></span> <span class='ocrx_word' id='word_1_204' title='bbox 2454 1306 2591 1359; x_wconf 84' lang='lat' dir='ltr'><strong>velut</strong></span> <span class='ocrx_word' id='word_1_205' title='bbox 2613 1307 2771 1360; x_wconf 79' lang='lat' dir='ltr'><strong>febris</strong></span> <span class='ocrx_word' id='word_1_206' title='bbox 2805 1305 3058 1374; x_wconf 62' lang='lat' dir='ltr'><strong>reliquiae,</strong></span> <span class='ocrx_word' id='word_1_207' title='bbox 3087 1306 3239 1359; x_wconf 87' lang='lat' dir='ltr'><strong>ﬁdem</strong></span> <span class='ocrx_word' id='word_1_208' title='bbox 3273 1319 3442 1357; x_wconf 91' lang='lat' dir='ltr'><strong>meam</strong></span> <span class='ocrx_word' id='word_1_209' title='bbox 3478 1311 3598 1356; x_wconf 82' lang='lat' dir='ltr'><strong>tan-</strong></span> 
     </span>
    </p>
   </div>
   <div class='ocr_carea' id='block_1_28' title="bbox 2072 1390 3595 1463">
    <p class='ocr_par' dir='ltr' id='par_1_28' title="bbox 2072 1390 3595 1463">
     <span class='ocr_line' id='line_1_28' title="bbox 2072 1390 3595 1463; baseline -0.003 -14"><span class='ocrx_word' id='word_1_210' title='bbox 2072 1397 2234 1463; x_wconf 87' lang='lat' dir='ltr'><strong>tisper</strong></span> <span class='ocrx_word' id='word_1_211' title='bbox 2260 1405 2475 1449; x_wconf 78' lang='lat' dir='ltr'><strong>exercet</strong></span> <span class='ocrx_word' id='word_1_212' title='bbox 2502 1412 2515 1458; x_wconf 90' lang='lat'><strong>;</strong></span> <span class='ocrx_word' id='word_1_213' title='bbox 2544 1395 2655 1448; x_wconf 91' lang='lat' dir='ltr'><strong>scio</strong></span> <span class='ocrx_word' id='word_1_214' title='bbox 2681 1394 2822 1448; x_wconf 91' lang='lat' dir='ltr'><strong>enim</strong></span> <span class='ocrx_word' id='word_1_215' title='bbox 2845 1407 3173 1462; x_wconf 56' lang='lat' dir='ltr'><strong>quacunque</strong></span> <span class='ocrx_word' id='word_1_216' title='bbox 3204 1392 3270 1446; x_wconf 87' lang='lat' dir='ltr'><strong>ad</strong></span> <span class='ocrx_word' id='word_1_217' title='bbox 3299 1390 3595 1460; x_wconf 70' lang='lat' dir='ltr'><strong>genituram</strong></span> 
     </span>
    </p>
   </div>
   <div class='ocr_carea' id='block_1_29' title="bbox 2073 1481 3591 1553">
    <p class='ocr_par' dir='ltr' id='par_1_29' title="bbox 2073 1481 3591 1553">
     <span class='ocr_line' id='line_1_29' title="bbox 2073 1481 3591 1553; baseline -0.003 -15"><span class='ocrx_word' id='word_1_218' title='bbox 2073 1498 2243 1539; x_wconf 86' lang='lat' dir='ltr'><strong>meam</strong></span> <span class='ocrx_word' id='word_1_219' title='bbox 2292 1484 2590 1553; x_wconf 82' lang='lat' dir='ltr'><strong>pertinent,</strong></span> <span class='ocrx_word' id='word_1_220' title='bbox 2657 1484 2787 1538; x_wconf 86' lang='lat' dir='ltr'><strong>mihi</strong></span> <span class='ocrx_word' id='word_1_221' title='bbox 2838 1485 3012 1538; x_wconf 84' lang='lat' dir='ltr'><strong>omnia</strong></span> <span class='ocrx_word' id='word_1_222' title='bbox 3073 1482 3334 1537; x_wconf 85' lang='lat' dir='ltr'><strong>evenisse.</strong></span> <span class='ocrx_word' id='word_1_223' title='bbox 3380 1481 3449 1535; x_wconf 87' lang='lat' dir='ltr'><strong>Et</strong></span> <span class='ocrx_word' id='word_1_224' title='bbox 3495 1496 3591 1548; x_wconf 88' lang='lat' dir='ltr'><strong>ego</strong></span> 
     </span>
    </p>
   </div>
   <div class='ocr_carea' id='block_1_30' title="bbox 2071 1568 3596 1640">
    <p class='ocr_par' dir='ltr' id='par_1_30' title="bbox 2071 1568 3596 1640">
     <span class='ocr_line' id='line_1_30' title="bbox 2071 1568 3596 1640; baseline -0.002 -14"><span class='ocrx_word' id='word_1_225' title='bbox 2071 1572 2314 1639; x_wconf 87' lang='lat' dir='ltr'><strong>respondi</strong></span> <span class='ocrx_word' id='word_1_226' title='bbox 2341 1588 2353 1624; x_wconf 91' lang='lat'><strong>:</strong></span> <span class='ocrx_word' id='word_1_227' title='bbox 2382 1570 2625 1639; x_wconf 87' lang='lat' dir='ltr'><strong>lntellige</strong></span> <span class='ocrx_word' id='word_1_228' title='bbox 2653 1586 2878 1637; x_wconf 91' lang='lat' dir='ltr'><strong>mecum,</strong></span> <span class='ocrx_word' id='word_1_229' title='bbox 2918 1586 2950 1625; x_wconf 95' lang='lat' dir='ltr'><strong>o</strong></span> <span class='ocrx_word' id='word_1_230' title='bbox 2978 1580 3149 1640; x_wconf 90' lang='lat' dir='ltr'><strong>pater,</strong></span> <span class='ocrx_word' id='word_1_231' title='bbox 3185 1584 3305 1639; x_wconf 69' lang='lat' dir='ltr'><strong>quae</strong></span> <span class='ocrx_word' id='word_1_232' title='bbox 3335 1572 3403 1624; x_wconf 91' lang='lat' dir='ltr'><strong>sit</strong></span> <span class='ocrx_word' id='word_1_233' title='bbox 3440 1568 3596 1634; x_wconf 86' lang='lat' dir='ltr'><strong>hujus</strong></span> 
     </span>
    </p>
   </div>
   <div class='ocr_carea' id='block_1_31' title="bbox 2069 1659 3591 1729">
    <p class='ocr_par' dir='ltr' id='par_1_31' title="bbox 2069 1659 3591 1729">
     <span class='ocr_line' id='line_1_31' title="bbox 2069 1659 3591 1729; baseline -0.004 -15"><span class='ocrx_word' id='word_1_234' title='bbox 2069 1662 2359 1729; x_wconf 67' lang='lat' dir='ltr'><strong>disciplina:</strong></span> <span class='ocrx_word' id='word_1_235' title='bbox 2404 1670 2590 1715; x_wconf 92' lang='lat' dir='ltr'><strong>natura</strong></span> <span class='ocrx_word' id='word_1_236' title='bbox 2634 1677 2697 1713; x_wconf 84' lang='lat' dir='ltr'><strong>ex</strong></span> <span class='ocrx_word' id='word_1_237' title='bbox 2742 1662 2825 1714; x_wconf 88' lang='lat' dir='ltr'><strong>his</strong></span> <span class='ocrx_word' id='word_1_238' title='bbox 2874 1676 2990 1728; x_wconf 68' lang='lat' dir='ltr'><strong>quae</strong></span> <span class='ocrx_word' id='word_1_239' title='bbox 3047 1660 3134 1713; x_wconf 86' lang='lat' dir='ltr'><strong>tibi</strong></span> <span class='ocrx_word' id='word_1_240' title='bbox 3179 1659 3415 1714; x_wconf 86' lang='lat' dir='ltr'><strong>consulo.</strong></span> <span class='ocrx_word' id='word_1_241' title='bbox 3460 1659 3591 1713; x_wconf 87' lang='lat' dir='ltr'><strong>Cum</strong></span> 
     </span>
    </p>
   </div>
   <div class='ocr_carea' id='block_1_32' title="bbox 2068 1749 3586 1820">
    <p class='ocr_par' dir='ltr' id='par_1_32' title="bbox 2068 1749 3586 1820">
     <span class='ocr_line' id='line_1_32' title="bbox 2068 1749 3586 1820; baseline -0.001 -17"><span class='ocrx_word' id='word_1_242' title='bbox 2068 1753 2441 1807; x_wconf 88' lang='lat' dir='ltr'><strong>mathematico</strong></span> <span class='ocrx_word' id='word_1_243' title='bbox 2475 1766 2792 1820; x_wconf 88' lang='lat' dir='ltr'><strong>congressus</strong></span> <span class='ocrx_word' id='word_1_244' title='bbox 2838 1752 3065 1820; x_wconf 85' lang='lat' dir='ltr'><strong>primum</strong></span> <span class='ocrx_word' id='word_1_245' title='bbox 3105 1752 3181 1805; x_wconf 89' lang='lat' dir='ltr'><strong>sic</strong></span> <span class='ocrx_word' id='word_1_246' title='bbox 3240 1752 3380 1820; x_wconf 79' lang='lat' dir='ltr'><strong>agito</strong></span> <span class='ocrx_word' id='word_1_247' title='bbox 3414 1767 3427 1803; x_wconf 90' lang='lat'><strong>:</strong></span> <span class='ocrx_word' id='word_1_248' title='bbox 3462 1749 3586 1803; x_wconf 78' lang='lat' dir='ltr'><strong>Haec</strong></span> 
     </span>
    </p>
   </div>
   <div class='ocr_carea' id='block_1_33' title="bbox 2068 1838 3593 1908">
    <p class='ocr_par' dir='ltr' id='par_1_33' title="bbox 2068 1838 3593 1908">
     <span class='ocr_line' id='line_1_33' title="bbox 2068 1838 3593 1908; baseline -0.003 -17"><span class='ocrx_word' id='word_1_249' title='bbox 2068 1841 2196 1892; x_wconf 87' lang='lat' dir='ltr'><strong>mihi</strong></span> <span class='ocrx_word' id='word_1_250' title='bbox 2237 1839 2371 1892; x_wconf 88' lang='lat' dir='ltr'><strong>mala</strong></span> <span class='ocrx_word' id='word_1_251' title='bbox 2414 1841 2513 1894; x_wconf 89' lang='lat' dir='ltr'><strong>hoc</strong></span> <span class='ocrx_word' id='word_1_252' title='bbox 2553 1840 2635 1893; x_wconf 86' lang='lat' dir='ltr'><strong>vel</strong></span> <span class='ocrx_word' id='word_1_253' title='bbox 2681 1838 2770 1892; x_wconf 92' lang='lat' dir='ltr'><strong>illo</strong></span> <span class='ocrx_word' id='word_1_254' title='bbox 2807 1848 3041 1907; x_wconf 90' lang='lat' dir='ltr'><strong>tempore</strong></span> <span class='ocrx_word' id='word_1_255' title='bbox 3074 1838 3412 1908; x_wconf 90' lang='lat' dir='ltr'><strong>contigerunt</strong></span> <span class='ocrx_word' id='word_1_256' title='bbox 3444 1855 3457 1890; x_wconf 92' lang='lat'><strong>:</strong></span> <span class='ocrx_word' id='word_1_257' title='bbox 3488 1853 3593 1905; x_wconf 82' lang='lat' dir='ltr'><strong>quo</strong></span> 
     </span>
    </p>
   </div>
   <div class='ocr_carea' id='block_1_34' title="bbox 342 1926 1940 2012">
    <p class='ocr_par' dir='ltr' id='par_1_34' title="bbox 342 1941 1938 2012">
     <span class='ocr_line' id='line_1_34' title="bbox 342 1941 1938 2012; baseline 0.003 -24"><span class='ocrx_word' id='word_1_258' title='bbox 342 1954 467 1989; x_wconf 81' lang='grc' dir='ltr'>νεν·</span> <span class='ocrx_word' id='word_1_259' title='bbox 503 1945 559 1993; x_wconf 77' lang='grc' dir='ltr'>ὲκ</span> <span class='ocrx_word' id='word_1_260' title='bbox 581 1941 762 2004; x_wconf 81' lang='grc' dir='ltr'>τίνος</span> <span class='ocrx_word' id='word_1_261' title='bbox 813 1943 935 2012; x_wconf 79' lang='grc' dir='ltr'>ἄρα</span> <span class='ocrx_word' id='word_1_262' title='bbox 973 1960 1063 2011; x_wconf 88' lang='grc' dir='ltr'><strong>μοι</strong></span> <span class='ocrx_word' id='word_1_263' title='bbox 1094 1942 1203 1994; x_wconf 82' lang='grc' dir='ltr'>τῶν</span> <span class='ocrx_word' id='word_1_264' title='bbox 1247 1942 1489 2012; x_wconf 83' lang='grc' dir='ltr'>ἀστέρων</span> <span class='ocrx_word' id='word_1_265' title='bbox 1539 1941 1745 2008; x_wconf 80' lang='grc' dir='ltr'>γέγονε,</span> <span class='ocrx_word' id='word_1_266' title='bbox 1782 1941 1938 2009; x_wconf 88' lang='grc' dir='ltr'><strong>μαθεί</strong></span> 
     </span>
    </p>
   </div>
   <div class='ocr_carea' id='block_1_35' title="bbox 2054 1926 3588 2012">
    <p class='ocr_par' dir='ltr' id='par_1_35' title="bbox 2068 1926 3588 1998">
     <span class='ocr_line' id='line_1_35' title="bbox 2068 1926 3588 1998; baseline -0.003 -17"><span class='ocrx_word' id='word_1_267' title='bbox 2068 1929 2224 1998; x_wconf 78' lang='lat' dir='ltr'><strong>igitur</strong></span> <span class='ocrx_word' id='word_1_268' title='bbox 2259 1944 2319 1981; x_wconf 88' lang='lat' dir='ltr'><strong>ex</strong></span> <span class='ocrx_word' id='word_1_269' title='bbox 2362 1928 2676 1982; x_wconf 78' lang='lat' dir='ltr'><strong>astro‘tnihi</strong></span> <span class='ocrx_word' id='word_1_270' title='bbox 2724 1928 3062 1996; x_wconf 83' lang='lat' dir='ltr'><strong>contigerint,</strong></span> <span class='ocrx_word' id='word_1_271' title='bbox 3124 1928 3259 1981; x_wconf 87' lang='lat' dir='ltr'><strong>scire</strong></span> <span class='ocrx_word' id='word_1_272' title='bbox 3314 1926 3588 1996; x_wconf 83' lang='lat' dir='ltr'><strong>pervelim.</strong></span> 
     </span>
    </p>
   </div>
   <div class='ocr_carea' id='block_1_36' title="bbox 350 2026 1965 2100">
    <p class='ocr_par' dir='ltr' id='par_1_36' title="bbox 350 2026 1965 2100">
     <span class='ocr_line' id='line_1_36' title="bbox 350 2026 1965 2100; baseline 0.004 -25"><span class='ocrx_word' id='word_1_273' title='bbox 350 2026 565 2094; x_wconf 57' lang='grc' dir='ltr'>ἤθελον.</span> <span class='ocrx_word' id='word_1_274' title='bbox 596 2031 737 2083; x_wconf 74' lang='grc' dir='ltr'>Καὶ</span> <span class='ocrx_word' id='word_1_275' title='bbox 796 2033 945 2100; x_wconf 83' lang='grc' dir='ltr'>ὲρεῖ,</span> <span class='ocrx_word' id='word_1_276' title='bbox 982 2031 1066 2083; x_wconf 81' lang='grc' dir='ltr'><strong>ὅτι</strong></span> <span class='ocrx_word' id='word_1_277' title='bbox 1094 2032 1219 2092; x_wconf 80' lang='grc' dir='ltr'>τοὺς</span> <span class='ocrx_word' id='word_1_278' title='bbox 1270 2031 1489 2100; x_wconf 85' lang='grc' dir='ltr'>χρόνους</span> <span class='ocrx_word' id='word_1_279' title='bbox 1533 2029 1815 2091; x_wconf 78' lang='grc' dir='ltr'>κακοποιὸς</span> <span class='ocrx_word' id='word_1_280' title='bbox 1860 2030 1965 2081; x_wconf 90' lang='grc' dir='ltr'>διε-</span> 
     </span>
    </p>
   </div>
   <div class='ocr_carea' id='block_1_37' title="bbox 348 2114 1964 2189">
    <p class='ocr_par' dir='ltr' id='par_1_37' title="bbox 348 2114 1964 2189">
     <span class='ocr_line' id='line_1_37' title="bbox 348 2114 1964 2189; baseline 0.002 -22"><span class='ocrx_word' id='word_1_281' title='bbox 348 2114 549 2179; x_wconf 79' lang='grc' dir='ltr'>δέξατο</span> <span class='ocrx_word' id='word_1_282' title='bbox 572 2121 644 2170; x_wconf 82' lang='lat' dir='ltr'><strong>&#39;A</strong></span> <span class='ocrx_word' id='word_1_283' title='bbox 657 2137 777 2189; x_wconf 78' lang='grc' dir='ltr'><strong>ρης</strong></span> <span class='ocrx_word' id='word_1_284' title='bbox 827 2120 865 2189; x_wconf 81' lang='grc' dir='ltr'>ἢ</span> <span class='ocrx_word' id='word_1_285' title='bbox 911 2120 1142 2186; x_wconf 82' lang='grc' dir='ltr'>Κρόνος,</span> <span class='ocrx_word' id='word_1_286' title='bbox 1176 2119 1208 2187; x_wconf 79' lang='grc' dir='ltr'>ἢ</span> <span class='ocrx_word' id='word_1_287' title='bbox 1238 2119 1437 2171; x_wconf 74' lang='grc' dir='ltr'>τούτων</span> <span class='ocrx_word' id='word_1_288' title='bbox 1482 2136 1565 2181; x_wconf 89' lang='grc' dir='ltr'><strong>τις</strong></span> <span class='ocrx_word' id='word_1_289' title='bbox 1595 2120 1964 2171; x_wconf 82' lang='grc' dir='ltr'>ἀποκαταστα-</span> 
     </span>
    </p>
   </div>
   <div class='ocr_carea' id='block_1_38' title="bbox 350 2206 1963 2279">
    <p class='ocr_par' dir='ltr' id='par_1_38' title="bbox 350 2206 1963 2279">
     <span class='ocr_line' id='line_1_38' title="bbox 350 2206 1963 2279; baseline 0.006 -27"><span class='ocrx_word' id='word_1_290' title='bbox 350 2206 525 2269; x_wconf 76' lang='grc' dir='ltr'>τικδς</span> <span class='ocrx_word' id='word_1_291' title='bbox 543 2208 650 2279; x_wconf 79' lang='lat' dir='ltr'><strong>(l6)</strong></span> <span class='ocrx_word' id='word_1_292' title='bbox 687 2209 949 2275; x_wconf 74' lang='grc' dir='ltr'>ἐγένετο,</span> <span class='ocrx_word' id='word_1_293' title='bbox 980 2209 1013 2277; x_wconf 82' lang='grc' dir='ltr'>ἢ</span> <span class='ocrx_word' id='word_1_294' title='bbox 1044 2209 1136 2259; x_wconf 84' lang='grc' dir='ltr'><strong>τὸν</strong></span> <span class='ocrx_word' id='word_1_295' title='bbox 1164 2209 1401 2260; x_wconf 76' lang='grc' dir='ltr'>ἐνιαυτὸν</span> <span class='ocrx_word' id='word_1_296' title='bbox 1424 2207 1603 2260; x_wconf 79' lang='grc' dir='ltr'>τοῦτόν</span> <span class='ocrx_word' id='word_1_297' title='bbox 1628 2225 1711 2271; x_wconf 88' lang='grc' dir='ltr'><strong>τις</strong></span> <span class='ocrx_word' id='word_1_298' title='bbox 1734 2208 1963 2261; x_wconf 83' lang='grc' dir='ltr'>ὲπεθεώ-</span> 
     </span>
    </p>
   </div>
   <div class='ocr_carea' id='block_1_39' title="bbox 358 2296 1961 2368">
    <p class='ocr_par' dir='ltr' id='par_1_39' title="bbox 358 2296 1961 2368">
     <span class='ocr_line' id='line_1_39' title="bbox 358 2296 1961 2368; baseline 0.001 -21"><span class='ocrx_word' id='word_1_299' title='bbox 358 2306 543 2361; x_wconf 77' lang='grc' dir='ltr'>ρησεν</span> <span class='ocrx_word' id='word_1_300' title='bbox 591 2298 671 2350; x_wconf 78' lang='grc' dir='ltr'>ὲκ</span> <span class='ocrx_word' id='word_1_301' title='bbox 734 2297 1113 2368; x_wconf 81' lang='grc' dir='ltr'>τετραγώνου,</span> <span class='ocrx_word' id='word_1_302' title='bbox 1171 2297 1203 2365; x_wconf 81' lang='grc' dir='ltr'>ἢ</span> <span class='ocrx_word' id='word_1_303' title='bbox 1258 2296 1566 2365; x_wconf 80' lang='grc' dir='ltr'>διαμέτρου,</span> <span class='ocrx_word' id='word_1_304' title='bbox 1613 2297 1645 2367; x_wconf 79' lang='grc' dir='ltr'>ἦ</span> <span class='ocrx_word' id='word_1_305' title='bbox 1698 2297 1887 2359; x_wconf 89' lang='grc' dir='ltr'>συνὼν,</span> <span class='ocrx_word' id='word_1_306' title='bbox 1927 2297 1961 2366; x_wconf 79' lang='grc' dir='ltr'>ἢ</span> 
     </span>
    </p>
   </div>
   <div class='ocr_carea' id='block_1_40' title="bbox 354 2385 1963 2456">
    <p class='ocr_par' dir='ltr' id='par_1_40' title="bbox 354 2385 1963 2456">
     <span class='ocr_line' id='line_1_40' title="bbox 354 2385 1963 2456; baseline 0.004 -27"><span class='ocrx_word' id='word_1_307' title='bbox 354 2389 858 2455; x_wconf 76' lang='grc' dir='ltr'>κεκεντρωμένος,</span> <span class='ocrx_word' id='word_1_308' title='bbox 914 2387 947 2456; x_wconf 84' lang='grc' dir='ltr'>ἢ</span> <span class='ocrx_word' id='word_1_309' title='bbox 1004 2385 1152 2456; x_wconf 75' lang='grc' dir='ltr'>παρὰ</span> <span class='ocrx_word' id='word_1_310' title='bbox 1199 2386 1421 2454; x_wconf 76' lang='grc' dir='ltr'>αἵρεσιν.</span> <span class='ocrx_word' id='word_1_311' title='bbox 1471 2385 1655 2454; x_wconf 82' lang='grc' dir='ltr'>Ὅμως</span> <span class='ocrx_word' id='word_1_312' title='bbox 1700 2386 1790 2437; x_wconf 73' lang='grc' dir='ltr'>καὶ</span> <span class='ocrx_word' id='word_1_313' title='bbox 1833 2385 1963 2438; x_wconf 78' lang='grc' dir='ltr'>ἄλλα</span> 
     </span>
    </p>
   </div>
   <div class='ocr_carea' id='block_1_41' title="bbox 365 2472 1961 2544">
    <p class='ocr_par' dir='ltr' id='par_1_41' title="bbox 365 2472 1961 2544">
     <span class='ocr_line' id='line_1_41' title="bbox 365 2472 1961 2544; baseline 0.002 -22"><span class='ocrx_word' id='word_1_314' title='bbox 365 2472 548 2537; x_wconf 77' lang='grc' dir='ltr'>μυρία</span> <span class='ocrx_word' id='word_1_315' title='bbox 583 2478 779 2528; x_wconf 75' lang='grc' dir='ltr'>εἰπεῖν</span> <span class='ocrx_word' id='word_1_316' title='bbox 834 2476 968 2544; x_wconf 80' lang='grc' dir='ltr'>ἔχει·</span> <span class='ocrx_word' id='word_1_317' title='bbox 1020 2475 1153 2543; x_wconf 73' lang='grc' dir='ltr'>πρὸς</span> <span class='ocrx_word' id='word_1_318' title='bbox 1198 2473 1399 2535; x_wconf 75' lang='grc' dir='ltr'>τούτοις</span> <span class='ocrx_word' id='word_1_319' title='bbox 1440 2474 1516 2539; x_wconf 83' lang='grc' dir='ltr'><strong>δὲ,</strong></span> <span class='ocrx_word' id='word_1_320' title='bbox 1580 2474 1961 2543; x_wconf 72' lang='grc' dir='ltr'>ἢάγαθοποιὸς</span> 
     </span>
    </p>
   </div>
   <div class='ocr_carea' id='block_1_42' title="bbox 336 2561 1957 2635">
    <p class='ocr_par' dir='ltr' id='par_1_42' title="bbox 336 2561 1957 2635">
     <span class='ocr_line' id='line_1_42' title="bbox 336 2561 1957 2635; baseline -0.001 -16"><span class='ocrx_word' id='word_1_321' title='bbox 336 2561 525 2632; x_wconf 61' lang='grc' dir='ltr'><em>κακῷ</em></span> <span class='ocrx_word' id='word_1_322' title='bbox 548 2566 870 2628; x_wconf 75' lang='grc' dir='ltr'>ἀσύνθετος</span> <span class='ocrx_word' id='word_1_323' title='bbox 897 2562 987 2635; x_wconf 78' lang='grc' dir='ltr'>ἦν,</span> <span class='ocrx_word' id='word_1_324' title='bbox 1021 2565 1054 2635; x_wconf 79' lang='grc' dir='ltr'><strong>ἢ</strong></span> <span class='ocrx_word' id='word_1_325' title='bbox 1080 2565 1527 2634; x_wconf 78' lang='grc' dir='ltr'>ἀνεπιϐεώρητος,</span> <span class='ocrx_word' id='word_1_326' title='bbox 1554 2564 1585 2633; x_wconf 79' lang='grc' dir='ltr'>ἦ</span> <span class='ocrx_word' id='word_1_327' title='bbox 1620 2565 1677 2615; x_wconf 84' lang='grc' dir='ltr'><strong>ἐν</strong></span> <span class='ocrx_word' id='word_1_328' title='bbox 1711 2567 1957 2634; x_wconf 79' lang='grc' dir='ltr'>σχήματι,</span> 
     </span>
    </p>
   </div>
   <div class='ocr_carea' id='block_1_43' title="bbox 298 2634 1956 2726">
    <p class='ocr_par' dir='ltr' id='par_1_43' title="bbox 298 2634 1956 2726">
     <span class='ocr_line' id='line_1_43' title="bbox 298 2634 1956 2726; baseline 0.015 -43"><span class='ocrx_word' id='word_1_329' title='bbox 298 2634 343 2698; x_wconf 75' lang='grc' dir='ltr'><em>ἤ</em></span> <span class='ocrx_word' id='word_1_330' title='bbox 382 2655 449 2686; x_wconf 66' lang='grc' dir='ltr'><strong>πλ</strong></span> <span class='ocrx_word' id='word_1_331' title='bbox 475 2657 586 2726; x_wconf 55' lang='grc' dir='ltr'><strong>ιρὰ</strong></span> <span class='ocrx_word' id='word_1_332' title='bbox 632 2657 884 2724; x_wconf 72' lang='grc' dir='ltr'>αἵρεσιν,</span> <span class='ocrx_word' id='word_1_333' title='bbox 924 2634 967 2724; x_wconf 16' lang='grc' dir='ltr'>ίῆ</span> <span class='ocrx_word' id='word_1_334' title='bbox 1023 2634 1080 2705; x_wconf 74' lang='grc' dir='ltr'>ἓν</span> <span class='ocrx_word' id='word_1_335' title='bbox 1127 2654 1380 2721; x_wconf 68' lang='grc' dir='ltr'>ἐκλείψει,</span> <span class='ocrx_word' id='word_1_336' title='bbox 1424 2653 1456 2721; x_wconf 79' lang='grc' dir='ltr'>ἢ</span> <span class='ocrx_word' id='word_1_337' title='bbox 1491 2652 1956 2722; x_wconf 71' lang='grc' dir='ltr'>ἀνεπισύναιρος,ἢ</span> 
     </span>
    </p>
   </div>
   <div class='ocr_carea' id='block_1_44' title="bbox 283 2728 1958 2815">
    <p class='ocr_par' dir='ltr' id='par_1_44' title="bbox 283 2728 1958 2815">
     <span class='ocr_line' id='line_1_44' title="bbox 283 2728 1958 2815; baseline -0.003 -16"><span class='ocrx_word' id='word_1_338' title='bbox 283 2728 352 2783; x_wconf 61' lang='grc' dir='ltr'>δν</span> <span class='ocrx_word' id='word_1_339' title='bbox 389 2728 743 2815; x_wconf 51' lang='grc' dir='ltr'>δμαυροῖς</span> <span class='ocrx_word' id='word_1_340' title='bbox 791 2745 1036 2813; x_wconf 73' lang='grc' dir='ltr'>ἄστροις.</span> <span class='ocrx_word' id='word_1_341' title='bbox 1072 2743 1183 2796; x_wconf 78' lang='grc' dir='ltr'><strong>Καὶ</strong></span> <span class='ocrx_word' id='word_1_342' title='bbox 1214 2744 1361 2811; x_wconf 80' lang='grc' dir='ltr'>ὅμως</span> <span class='ocrx_word' id='word_1_343' title='bbox 1411 2741 1615 2793; x_wconf 82' lang='grc' dir='ltr'>πολλῶν</span> <span class='ocrx_word' id='word_1_344' title='bbox 1644 2742 1958 2810; x_wconf 64' lang='grc' dir='ltr'>προφάσεων</span> 
     </span>
    </p>
   </div>
   <div class='ocr_carea' id='block_1_45' title="bbox 281 2825 1951 2905">
    <p class='ocr_par' dir='ltr' id='par_1_45' title="bbox 281 2825 1951 2905">
     <span class='ocr_line' id='line_1_45' title="bbox 281 2825 1951 2905; baseline 0.001 -23"><span class='ocrx_word' id='word_1_345' title='bbox 281 2825 561 2898; x_wconf 62' lang='grc' dir='ltr'>οὖσι-Ἑν,</span> <span class='ocrx_word' id='word_1_346' title='bbox 587 2835 735 2905; x_wconf 77' lang='grc' dir='ltr'>πρὸς</span> <span class='ocrx_word' id='word_1_347' title='bbox 757 2834 795 2886; x_wconf 74' lang='grc' dir='ltr'>ἃ</span> <span class='ocrx_word' id='word_1_348' title='bbox 823 2834 1025 2901; x_wconf 77' lang='grc' dir='ltr'>ἤκουσε</span> <span class='ocrx_word' id='word_1_349' title='bbox 1055 2831 1154 2893; x_wconf 82' lang='grc' dir='ltr'><strong>τάς</strong></span> <span class='ocrx_word' id='word_1_350' title='bbox 1183 2829 1479 2893; x_wconf 80' lang='grc' dir='ltr'>ἀποδείξεις</span> <span class='ocrx_word' id='word_1_351' title='bbox 1504 2834 1793 2900; x_wconf 82' lang='grc' dir='ltr'>παρασχεῖν</span> <span class='ocrx_word' id='word_1_352' title='bbox 1826 2831 1951 2899; x_wconf 77' lang='grc' dir='ltr'>ἔχει.</span> 
     </span>
    </p>
   </div>
   <div class='ocr_carea' id='block_1_46' title="bbox 285 2917 1953 2990">
    <p class='ocr_par' dir='ltr' id='par_1_46' title="bbox 285 2917 1953 2990">
     <span class='ocr_line' id='line_1_46' title="bbox 285 2917 1953 2990; baseline -0.002 -15"><span class='ocrx_word' id='word_1_353' title='bbox 285 2923 527 2977; x_wconf 66' lang='grc' dir='ltr'>Με-τά</span> <span class='ocrx_word' id='word_1_354' title='bbox 556 2922 761 2974; x_wconf 75' lang='grc' dir='ltr'>τοῦτον</span> <span class='ocrx_word' id='word_1_355' title='bbox 788 2917 883 2973; x_wconf 74' lang='grc' dir='ltr'><strong>οὖν</strong></span> <span class='ocrx_word' id='word_1_356' title='bbox 906 2920 998 2971; x_wconf 76' lang='grc' dir='ltr'><strong>τὸν</strong></span> <span class='ocrx_word' id='word_1_357' title='bbox 1035 2918 1413 2989; x_wconf 77' lang='grc' dir='ltr'>μαθηματικὸν</span> <span class='ocrx_word' id='word_1_358' title='bbox 1444 2919 1610 2988; x_wconf 77' lang='grc' dir='ltr'>ἑτέρῳ</span> <span class='ocrx_word' id='word_1_359' title='bbox 1632 2918 1953 2990; x_wconf 80' lang='grc' dir='ltr'>προσελθὼν,</span> 
     </span>
    </p>
   </div>
   <div class='ocr_carea' id='block_1_47' title="bbox 297 3006 1954 3077">
    <p class='ocr_par' dir='ltr' id='par_1_47' title="bbox 297 3006 1954 3077">
     <span class='ocr_line' id='line_1_47' title="bbox 297 3006 1954 3077; baseline -0.002 -14"><span class='ocrx_word' id='word_1_360' title='bbox 297 3013 383 3063; x_wconf 61' lang='grc' dir='ltr'>τὰ</span> <span class='ocrx_word' id='word_1_361' title='bbox 450 3012 694 3066; x_wconf 66' lang='grc' dir='ltr'>ἐναντία</span> <span class='ocrx_word' id='word_1_362' title='bbox 737 3010 879 3062; x_wconf 79' lang='grc' dir='ltr'>είπέο</span> <span class='ocrx_word' id='word_1_363' title='bbox 929 3011 1030 3071; x_wconf 79' lang='grc' dir='ltr'>ὅτι,</span> <span class='ocrx_word' id='word_1_364' title='bbox 1074 3008 1205 3059; x_wconf 85' lang='grc' dir='ltr'>Τόδε</span> <span class='ocrx_word' id='word_1_365' title='bbox 1253 3023 1340 3076; x_wconf 89' lang='grc' dir='ltr'><strong>μοι</strong></span> <span class='ocrx_word' id='word_1_366' title='bbox 1382 3006 1442 3058; x_wconf 74' lang='grc' dir='ltr'>τὸ</span> <span class='ocrx_word' id='word_1_367' title='bbox 1486 3006 1681 3073; x_wconf 79' lang='grc' dir='ltr'>ἀγαθὸν</span> <span class='ocrx_word' id='word_1_368' title='bbox 1739 3009 1795 3058; x_wconf 82' lang='grc' dir='ltr'>ἐν</span> <span class='ocrx_word' id='word_1_369' title='bbox 1825 3008 1954 3077; x_wconf 82' lang='grc' dir='ltr'>τῷδε</span> 
     </span>
    </p>
   </div>
   <div class='ocr_carea' id='block_1_48' title="bbox 308 3096 1948 3171">
    <p class='ocr_par' dir='ltr' id='par_1_48' title="bbox 308 3096 1948 3171">
     <span class='ocr_line' id='line_1_48' title="bbox 308 3096 1948 3171; baseline -0.002 -20"><span class='ocrx_word' id='word_1_370' title='bbox 308 3101 407 3169; x_wconf 76' lang='grc' dir='ltr'>τῷ</span> <span class='ocrx_word' id='word_1_371' title='bbox 490 3102 670 3171; x_wconf 75' lang='grc' dir='ltr'>χρόνῳ</span> <span class='ocrx_word' id='word_1_372' title='bbox 699 3101 915 3166; x_wconf 79' lang='grc' dir='ltr'>γέγονε’</span> <span class='ocrx_word' id='word_1_373' title='bbox 956 3099 1022 3150; x_wconf 80' lang='grc' dir='ltr'><strong>σὺ</strong></span> <span class='ocrx_word' id='word_1_374' title='bbox 1064 3097 1121 3149; x_wconf 81' lang='grc' dir='ltr'>δὲ</span> <span class='ocrx_word' id='word_1_375' title='bbox 1155 3097 1247 3149; x_wconf 82' lang='grc' dir='ltr'><strong>τὸν</strong></span> <span class='ocrx_word' id='word_1_376' title='bbox 1275 3097 1462 3165; x_wconf 85' lang='grc' dir='ltr'>χρόνον</span> <span class='ocrx_word' id='word_1_377' title='bbox 1494 3096 1583 3146; x_wconf 81' lang='grc' dir='ltr'>τὸν</span> <span class='ocrx_word' id='word_1_378' title='bbox 1621 3096 1777 3147; x_wconf 72' lang='grc' dir='ltr'>αὐτὸ-ο</span> <span class='ocrx_word' id='word_1_379' title='bbox 1810 3097 1948 3164; x_wconf 78' lang='grc' dir='ltr'>λέγε⁸</span> 
     </span>
    </p>
   </div>
   <div class='ocr_carea' id='block_1_49' title="bbox 325 3187 1948 3259">
    <p class='ocr_par' dir='ltr' id='par_1_49' title="bbox 325 3187 1948 3259">
     <span class='ocr_line' id='line_1_49' title="bbox 325 3187 1948 3259; baseline 0.001 -19"><span class='ocrx_word' id='word_1_380' title='bbox 325 3192 596 3244; x_wconf 66' lang='grc' dir='ltr'>ἀπαίτει</span> <span class='ocrx_word' id='word_1_381' title='bbox 621 3192 679 3243; x_wconf 82' lang='grc' dir='ltr'>δὲ</span> <span class='ocrx_word' id='word_1_382' title='bbox 714 3192 778 3242; x_wconf 81' lang='grc' dir='ltr'><strong>ὲκ</strong></span> <span class='ocrx_word' id='word_1_383' title='bbox 805 3190 954 3251; x_wconf 84' lang='grc' dir='ltr'>τίνος</span> <span class='ocrx_word' id='word_1_384' title='bbox 987 3190 1096 3259; x_wconf 83' lang='grc' dir='ltr'>ἄρα</span> <span class='ocrx_word' id='word_1_385' title='bbox 1128 3188 1229 3256; x_wconf 77' lang='grc' dir='ltr'>τῆς</span> <span class='ocrx_word' id='word_1_386' title='bbox 1268 3188 1527 3253; x_wconf 86' lang='grc' dir='ltr'>γενέσεως</span> <span class='ocrx_word' id='word_1_387' title='bbox 1558 3187 1711 3240; x_wconf 78' lang='grc' dir='ltr'>τοῦτο</span> <span class='ocrx_word' id='word_1_388' title='bbox 1745 3190 1948 3256; x_wconf 86' lang='grc' dir='ltr'>γέγονε.</span> 
     </span>
    </p>
   </div>
   <div class='ocr_carea' id='block_1_50' title="bbox 2064 2014 3591 2085">
    <p class='ocr_par' dir='ltr' id='par_1_50' title="bbox 2064 2014 3591 2085">
     <span class='ocr_line' id='line_1_50' title="bbox 2064 2014 3591 2085; baseline -0.003 -15"><span class='ocrx_word' id='word_1_389' title='bbox 2064 2016 2419 2085; x_wconf 80' lang='lat' dir='ltr'><strong>Respondebit</strong></span> <span class='ocrx_word' id='word_1_390' title='bbox 2452 2017 2538 2069; x_wconf 90' lang='lat' dir='ltr'><strong>ille</strong></span> <span class='ocrx_word' id='word_1_391' title='bbox 2560 2055 2576 2079; x_wconf 94' lang='lat'><strong>,</strong></span> <span class='ocrx_word' id='word_1_392' title='bbox 2616 2026 2740 2070; x_wconf 84' lang='lat' dir='ltr'><strong>ttmc</strong></span> <span class='ocrx_word' id='word_1_393' title='bbox 2772 2017 3023 2084; x_wconf 84' lang='lat' dir='ltr'><strong>temporis</strong></span> <span class='ocrx_word' id='word_1_394' title='bbox 3051 2016 3347 2069; x_wconf 85' lang='lat' dir='ltr'><strong>maleﬁcum</strong></span> <span class='ocrx_word' id='word_1_395' title='bbox 3378 2025 3467 2069; x_wconf 87' lang='lat' dir='ltr'><strong>aut</strong></span> <span class='ocrx_word' id='word_1_396' title='bbox 3492 2014 3591 2069; x_wconf 86' lang='lat' dir='ltr'><strong>Sa-</strong></span> 
     </span>
    </p>
   </div>
   <div class='ocr_carea' id='block_1_51' title="bbox 2066 2105 3591 2168">
    <p class='ocr_par' dir='ltr' id='par_1_51' title="bbox 2066 2105 3591 2168">
     <span class='ocr_line' id='line_1_51' title="bbox 2066 2105 3591 2168; baseline -0.001 -9"><span class='ocrx_word' id='word_1_397' title='bbox 2066 2116 2277 2159; x_wconf 89' lang='lat' dir='ltr'><strong>turnum</strong></span> <span class='ocrx_word' id='word_1_398' title='bbox 2311 2117 2403 2160; x_wconf 89' lang='lat' dir='ltr'><strong>aut</strong></span> <span class='ocrx_word' id='word_1_399' title='bbox 2435 2106 2658 2160; x_wconf 85' lang='lat' dir='ltr'><strong>Martem</strong></span> <span class='ocrx_word' id='word_1_400' title='bbox 2700 2106 3028 2159; x_wconf 83' lang='lat' dir='ltr'><strong>dominatum</strong></span> <span class='ocrx_word' id='word_1_401' title='bbox 3067 2107 3249 2168; x_wconf 79' lang='lat' dir='ltr'><strong>fuisse,</strong></span> <span class='ocrx_word' id='word_1_402' title='bbox 3301 2106 3382 2160; x_wconf 89' lang='lat' dir='ltr'><strong>vel</strong></span> <span class='ocrx_word' id='word_1_403' title='bbox 3431 2105 3591 2159; x_wconf 78' lang='lat' dir='ltr'><strong>fuisse</strong></span> 
     </span>
    </p>
   </div>
   <div class='ocr_carea' id='block_1_52' title="bbox 2063 2192 3589 2263">
    <p class='ocr_par' dir='ltr' id='par_1_52' title="bbox 2063 2192 3589 2263">
     <span class='ocr_line' id='line_1_52' title="bbox 2063 2192 3589 2263; baseline 0 -17"><span class='ocrx_word' id='word_1_404' title='bbox 2063 2192 2249 2248; x_wconf 89' lang='lat' dir='ltr'><strong>horum</strong></span> <span class='ocrx_word' id='word_1_405' title='bbox 2300 2195 2510 2263; x_wconf 88' lang='lat' dir='ltr'><strong>aliquod</strong></span> <span class='ocrx_word' id='word_1_406' title='bbox 2565 2194 2906 2261; x_wconf 85' lang='lat' dir='ltr'><strong>regrediens,</strong></span> <span class='ocrx_word' id='word_1_407' title='bbox 2957 2194 3034 2246; x_wconf 82' lang='lat' dir='ltr'><strong>vel</strong></span> <span class='ocrx_word' id='word_1_408' title='bbox 3082 2194 3147 2246; x_wconf 88' lang='lat' dir='ltr'><strong>ab</strong></span> <span class='ocrx_word' id='word_1_409' title='bbox 3188 2195 3374 2246; x_wconf 89' lang='lat' dir='ltr'><strong>horum</strong></span> <span class='ocrx_word' id='word_1_410' title='bbox 3413 2194 3589 2261; x_wconf 88' lang='lat' dir='ltr'><strong>aliquo</strong></span> 
     </span>
    </p>
   </div>
   <div class='ocr_carea' id='block_1_53' title="bbox 2063 2283 3584 2351">
    <p class='ocr_par' dir='ltr' id='par_1_53' title="bbox 2063 2283 3584 2351">
     <span class='ocr_line' id='line_1_53' title="bbox 2063 2283 3584 2351; baseline 0 -16"><span class='ocrx_word' id='word_1_411' title='bbox 2063 2297 2258 2336; x_wconf 87' lang='lat' dir='ltr'><strong>annum</strong></span> <span class='ocrx_word' id='word_1_412' title='bbox 2288 2283 2426 2337; x_wconf 88' lang='lat' dir='ltr'><strong>hunc</strong></span> <span class='ocrx_word' id='word_1_413' title='bbox 2468 2298 2530 2335; x_wconf 85' lang='lat' dir='ltr'><strong>ex</strong></span> <span class='ocrx_word' id='word_1_414' title='bbox 2572 2283 2956 2351; x_wconf 84' lang='lat' dir='ltr'><strong>quadrangulo,</strong></span> <span class='ocrx_word' id='word_1_415' title='bbox 2990 2283 3068 2335; x_wconf 86' lang='lat' dir='ltr'><strong>vel</strong></span> <span class='ocrx_word' id='word_1_416' title='bbox 3098 2283 3379 2345; x_wconf 82' lang='lat' dir='ltr'><strong>diametro,</strong></span> <span class='ocrx_word' id='word_1_417' title='bbox 3418 2284 3499 2336; x_wconf 88' lang='lat' dir='ltr'><strong>vel</strong></span> <span class='ocrx_word' id='word_1_418' title='bbox 3535 2285 3584 2335; x_wconf 92' lang='lat' dir='ltr'><strong>in</strong></span> 
     </span>
    </p>
   </div>
   <div class='ocr_carea' id='block_1_54' title="bbox 2060 2370 3585 2438">
    <p class='ocr_par' dir='ltr' id='par_1_54' title="bbox 2060 2370 3585 2438">
     <span class='ocr_line' id='line_1_54' title="bbox 2060 2370 3585 2438; baseline -0.002 -12"><span class='ocrx_word' id='word_1_419' title='bbox 2060 2371 2454 2438; x_wconf 84' lang='lat' dir='ltr'><strong>conjunctione,</strong></span> <span class='ocrx_word' id='word_1_420' title='bbox 2501 2373 2580 2425; x_wconf 94' lang='lat' dir='ltr'><strong>vel</strong></span> <span class='ocrx_word' id='word_1_421' title='bbox 2632 2374 2681 2424; x_wconf 92' lang='lat' dir='ltr'><strong>iu</strong></span> <span class='ocrx_word' id='word_1_422' title='bbox 2746 2381 2949 2435; x_wconf 88' lang='lat' dir='ltr'><strong>centro,</strong></span> <span class='ocrx_word' id='word_1_423' title='bbox 3006 2370 3088 2423; x_wconf 88' lang='lat' dir='ltr'><strong>vel</strong></span> <span class='ocrx_word' id='word_1_424' title='bbox 3130 2382 3283 2424; x_wconf 88' lang='lat' dir='ltr'><strong>extra</strong></span> <span class='ocrx_word' id='word_1_425' title='bbox 3337 2373 3585 2426; x_wconf 63' lang='lat' dir='ltr'><strong>haeresim</strong></span> 
     </span>
    </p>
   </div>
   <div class='ocr_carea' id='block_1_55' title="bbox 2060 2452 3587 2527">
    <p class='ocr_par' dir='ltr' id='par_1_55' title="bbox 2060 2452 3587 2527">
     <span class='ocr_line' id='line_1_55' title="bbox 2060 2452 3587 2527; baseline 0.001 -15"><span class='ocrx_word' id='word_1_426' title='bbox 2060 2452 2328 2527; x_wconf 63' lang='lat' dir='ltr'><strong>aspectum</strong></span> <span class='ocrx_word' id='word_1_427' title='bbox 2368 2459 2561 2524; x_wconf 78' lang='lat' dir='ltr'><strong>fuisse;</strong></span> <span class='ocrx_word' id='word_1_428' title='bbox 2612 2470 2724 2514; x_wconf 91' lang='lat' dir='ltr'><strong>tum</strong></span> <span class='ocrx_word' id='word_1_429' title='bbox 2756 2469 2807 2515; x_wconf 88' lang='lat' dir='ltr'><strong>et</strong></span> <span class='ocrx_word' id='word_1_430' title='bbox 2849 2468 3098 2514; x_wconf 83' lang='lat' dir='ltr'><strong>sexcenta</strong></span> <span class='ocrx_word' id='word_1_431' title='bbox 3153 2459 3411 2525; x_wconf 87' lang='lat' dir='ltr'><strong>ejusmodi</strong></span> <span class='ocrx_word' id='word_1_432' title='bbox 3456 2460 3587 2514; x_wconf 68' lang='grc' dir='ltr'>εσυ.</span> 
     </span>
    </p>
   </div>
   <div class='ocr_carea' id='block_1_56' title="bbox 2061 2550 3589 2617">
    <p class='ocr_par' dir='ltr' id='par_1_56' title="bbox 2061 2550 3589 2617">
     <span class='ocr_line' id='line_1_56' title="bbox 2061 2550 3589 2617; baseline -0.001 -14"><span class='ocrx_word' id='word_1_433' title='bbox 2061 2551 2153 2605; x_wconf 90' lang='lat' dir='ltr'><strong>tiet</strong></span> <span class='ocrx_word' id='word_1_434' title='bbox 2198 2567 2211 2603; x_wconf 91' lang='lat'>:</span> <span class='ocrx_word' id='word_1_435' title='bbox 2250 2561 2526 2617; x_wconf 68' lang='lat' dir='ltr'><strong>praeterea,</strong></span> <span class='ocrx_word' id='word_1_436' title='bbox 2581 2551 2665 2603; x_wconf 86' lang='lat' dir='ltr'><strong>vel</strong></span> <span class='ocrx_word' id='word_1_437' title='bbox 2722 2550 3005 2617; x_wconf 86' lang='lat' dir='ltr'><strong>benignum</strong></span> <span class='ocrx_word' id='word_1_438' title='bbox 3049 2560 3250 2603; x_wconf 87' lang='lat' dir='ltr'><strong>astrmn</strong></span> <span class='ocrx_word' id='word_1_439' title='bbox 3292 2565 3410 2604; x_wconf 91' lang='lat' dir='ltr'><strong>cum</strong></span> <span class='ocrx_word' id='word_1_440' title='bbox 3450 2551 3589 2604; x_wconf 79' lang='lat' dir='ltr'><strong>malo</strong></span> 
     </span>
    </p>
   </div>
   <div class='ocr_carea' id='block_1_57' title="bbox 2059 2637 3589 2706">
    <p class='ocr_par' dir='ltr' id='par_1_57' title="bbox 2059 2637 3589 2706">
     <span class='ocr_line' id='line_1_57' title="bbox 2059 2637 3589 2706; baseline 0.001 -16"><span class='ocrx_word' id='word_1_441' title='bbox 2059 2652 2161 2691; x_wconf 92' lang='lat' dir='ltr'><strong>non</strong></span> <span class='ocrx_word' id='word_1_442' title='bbox 2192 2637 2562 2701; x_wconf 87' lang='lat' dir='ltr'><strong>conveniebat,</strong></span> <span class='ocrx_word' id='word_1_443' title='bbox 2606 2638 2690 2691; x_wconf 85' lang='lat' dir='ltr'><strong>vel</strong></span> <span class='ocrx_word' id='word_1_444' title='bbox 2718 2652 2820 2690; x_wconf 90' lang='lat' dir='ltr'><strong>non</strong></span> <span class='ocrx_word' id='word_1_445' title='bbox 2844 2647 2961 2691; x_wconf 87' lang='lat' dir='ltr'><strong>erat</strong></span> <span class='ocrx_word' id='word_1_446' title='bbox 2987 2637 3324 2706; x_wconf 86' lang='lat' dir='ltr'><strong>aspectabile,</strong></span> <span class='ocrx_word' id='word_1_447' title='bbox 3362 2638 3445 2691; x_wconf 90' lang='lat' dir='ltr'><strong>vel</strong></span> <span class='ocrx_word' id='word_1_448' title='bbox 3473 2649 3589 2692; x_wconf 80' lang='lat' dir='ltr'><strong>erat</strong></span> 
     </span>
    </p>
   </div>
   <div class='ocr_carea' id='block_1_58' title="bbox 2058 2726 3584 2795">
    <p class='ocr_par' dir='ltr' id='par_1_58' title="bbox 2058 2726 3584 2795">
     <span class='ocr_line' id='line_1_58' title="bbox 2058 2726 3584 2795; baseline 0.002 -15"><span class='ocrx_word' id='word_1_449' title='bbox 2058 2728 2109 2781; x_wconf 88' lang='lat' dir='ltr'><strong>in</strong></span> <span class='ocrx_word' id='word_1_450' title='bbox 2140 2728 2448 2791; x_wconf 82' lang='lat' dir='ltr'><strong>schemate,</strong></span> <span class='ocrx_word' id='word_1_451' title='bbox 2494 2726 2573 2783; x_wconf 87' lang='lat' dir='ltr'><strong>vel</strong></span> <span class='ocrx_word' id='word_1_452' title='bbox 2614 2737 2761 2780; x_wconf 87' lang='lat' dir='ltr'><strong>extra</strong></span> <span class='ocrx_word' id='word_1_453' title='bbox 2799 2728 3063 2789; x_wconf 74' lang='lat' dir='ltr'><strong>hzeresim,</strong></span> <span class='ocrx_word' id='word_1_454' title='bbox 3111 2726 3194 2782; x_wconf 90' lang='lat' dir='ltr'><strong>vel</strong></span> <span class='ocrx_word' id='word_1_455' title='bbox 3240 2728 3292 2780; x_wconf 92' lang='lat' dir='ltr'><strong>in</strong></span> <span class='ocrx_word' id='word_1_456' title='bbox 3329 2727 3584 2795; x_wconf 88' lang='lat' dir='ltr'><strong>deliquio,</strong></span> 
     </span>
    </p>
   </div>
   <div class='ocr_carea' id='block_1_59' title="bbox 2055 2815 3581 2876">
    <p class='ocr_par' dir='ltr' id='par_1_59' title="bbox 2055 2815 3581 2876">
     <span class='ocr_line' id='line_1_59' title="bbox 2055 2815 3581 2876; baseline 0.002 -8"><span class='ocrx_word' id='word_1_457' title='bbox 2055 2816 2137 2869; x_wconf 85' lang='lat' dir='ltr'><strong>vel</strong></span> <span class='ocrx_word' id='word_1_458' title='bbox 2192 2830 2293 2869; x_wconf 94' lang='lat' dir='ltr'><strong>non</strong></span> <span class='ocrx_word' id='word_1_459' title='bbox 2341 2816 2659 2876; x_wconf 77' lang='lat' dir='ltr'><strong>cohaerebat,</strong></span> <span class='ocrx_word' id='word_1_460' title='bbox 2718 2815 2794 2868; x_wconf 76' lang='lat' dir='ltr'><strong>vel</strong></span> <span class='ocrx_word' id='word_1_461' title='bbox 2844 2823 2959 2868; x_wconf 82' lang='lat' dir='ltr'><strong>erat</strong></span> <span class='ocrx_word' id='word_1_462' title='bbox 3009 2816 3061 2867; x_wconf 92' lang='lat' dir='ltr'><strong>in</strong></span> <span class='ocrx_word' id='word_1_463' title='bbox 3086 2816 3333 2870; x_wconf 89' lang='lat' dir='ltr'><strong>obscuris</strong></span> <span class='ocrx_word' id='word_1_464' title='bbox 3386 2819 3581 2876; x_wconf 86' lang='lat' dir='ltr'><strong>stellis;</strong></span> 
     </span>
    </p>
   </div>
   <div class='ocr_carea' id='block_1_60' title="bbox 2056 2905 3581 2973">
    <p class='ocr_par' dir='ltr' id='par_1_60' title="bbox 2056 2905 3581 2973">
     <span class='ocr_line' id='line_1_60' title="bbox 2056 2905 3581 2973; baseline 0 -14"><span class='ocrx_word' id='word_1_465' title='bbox 2056 2919 2284 2973; x_wconf 90' lang='lat' dir='ltr'><strong>cumque</strong></span> <span class='ocrx_word' id='word_1_466' title='bbox 2314 2905 2463 2958; x_wconf 89' lang='lat' dir='ltr'><strong>multi</strong></span> <span class='ocrx_word' id='word_1_467' title='bbox 2493 2906 2598 2959; x_wconf 89' lang='lat' dir='ltr'><strong>sint</strong></span> <span class='ocrx_word' id='word_1_468' title='bbox 2633 2905 2881 2958; x_wconf 88' lang='lat' dir='ltr'><strong>obtentus</strong></span> <span class='ocrx_word' id='word_1_469' title='bbox 2911 2912 2964 2957; x_wconf 90' lang='lat' dir='ltr'><strong>et</strong></span> <span class='ocrx_word' id='word_1_470' title='bbox 2999 2919 3189 2967; x_wconf 60' lang='lat' dir='ltr'><strong>causa},</strong></span> <span class='ocrx_word' id='word_1_471' title='bbox 3231 2907 3390 2959; x_wconf 88' lang='lat' dir='ltr'><strong>habet</strong></span> <span class='ocrx_word' id='word_1_472' title='bbox 3417 2908 3481 2959; x_wconf 89' lang='lat' dir='ltr'><strong>ad</strong></span> <span class='ocrx_word' id='word_1_473' title='bbox 3521 2923 3581 2960; x_wconf 82' lang='lat' dir='ltr'><strong>ea</strong></span> 
     </span>
    </p>
   </div>
   <div class='ocr_carea' id='block_1_61' title="bbox 2055 2995 3585 3066">
    <p class='ocr_par' dir='ltr' id='par_1_61' title="bbox 2055 2995 3585 3066">
     <span class='ocr_line' id='line_1_61' title="bbox 2055 2995 3585 3066; baseline 0.001 -19"><span class='ocrx_word' id='word_1_474' title='bbox 2055 3011 2172 3065; x_wconf 83' lang='lat' dir='ltr'><strong>quae</strong></span> <span class='ocrx_word' id='word_1_475' title='bbox 2194 3007 2429 3066; x_wconf 82' lang='lat' dir='ltr'><strong>rogatur,</strong></span> <span class='ocrx_word' id='word_1_476' title='bbox 2452 2997 2590 3062; x_wconf 89' lang='lat' dir='ltr'><strong>quod</strong></span> <span class='ocrx_word' id='word_1_477' title='bbox 2619 2996 2934 3064; x_wconf 85' lang='lat' dir='ltr'><strong>respondeat</strong></span> <span class='ocrx_word' id='word_1_478' title='bbox 2961 3006 3011 3048; x_wconf 90' lang='lat' dir='ltr'><strong>et</strong></span> <span class='ocrx_word' id='word_1_479' title='bbox 3039 2995 3299 3061; x_wconf 77' lang='lat' dir='ltr'><strong>subjiciat.</strong></span> <span class='ocrx_word' id='word_1_480' title='bbox 3325 2996 3453 3049; x_wconf 88' lang='lat' dir='ltr'><strong>Cum</strong></span> <span class='ocrx_word' id='word_1_481' title='bbox 3483 2998 3585 3048; x_wconf 85' lang='lat' dir='ltr'><strong>hoc</strong></span> 
     </span>
    </p>
   </div>
   <div class='ocr_carea' id='block_1_62' title="bbox 2052 3082 3581 3148">
    <p class='ocr_par' dir='ltr' id='par_1_62' title="bbox 2052 3082 3581 3148">
     <span class='ocr_line' id='line_1_62' title="bbox 2052 3082 3581 3148; baseline -0.002 -9"><span class='ocrx_word' id='word_1_482' title='bbox 2052 3086 2363 3148; x_wconf 90' lang='lat' dir='ltr'><strong>collocutus,</strong></span> <span class='ocrx_word' id='word_1_483' title='bbox 2414 3084 2574 3137; x_wconf 88' lang='lat' dir='ltr'><strong>alimn</strong></span> <span class='ocrx_word' id='word_1_484' title='bbox 2616 3084 2807 3137; x_wconf 86' lang='lat' dir='ltr'><strong>deinde</strong></span> <span class='ocrx_word' id='word_1_485' title='bbox 2860 3083 3078 3137; x_wconf 89' lang='lat' dir='ltr'><strong>conveni</strong></span> <span class='ocrx_word' id='word_1_486' title='bbox 3122 3082 3581 3147; x_wconf 88' lang='lat' dir='ltr'><strong>mathematicum,</strong></span> 
     </span>
    </p>
   </div>
   <div class='ocr_carea' id='block_1_63' title="bbox 2050 3172 3583 3240">
    <p class='ocr_par' dir='ltr' id='par_1_63' title="bbox 2050 3172 3583 3240">
     <span class='ocr_line' id='line_1_63' title="bbox 2050 3172 3583 3240; baseline -0.004 -12"><span class='ocrx_word' id='word_1_487' title='bbox 2050 3185 2102 3228; x_wconf 88' lang='lat' dir='ltr'><strong>et</strong></span> <span class='ocrx_word' id='word_1_488' title='bbox 2124 3174 2391 3228; x_wconf 89' lang='lat' dir='ltr'><strong>contraria</strong></span> <span class='ocrx_word' id='word_1_489' title='bbox 2425 3173 2590 3226; x_wconf 88' lang='lat' dir='ltr'><strong>dicito</strong></span> <span class='ocrx_word' id='word_1_490' title='bbox 2619 3191 2631 3225; x_wconf 91' lang='lat'><strong>:</strong></span> <span class='ocrx_word' id='word_1_491' title='bbox 2663 3172 2774 3227; x_wconf 88' lang='lat' dir='ltr'><strong>lloc</strong></span> <span class='ocrx_word' id='word_1_492' title='bbox 2809 3174 2935 3225; x_wconf 89' lang='lat' dir='ltr'><strong>mihi</strong></span> <span class='ocrx_word' id='word_1_493' title='bbox 2973 3174 3167 3227; x_wconf 88' lang='lat' dir='ltr'><strong>bonum</strong></span> <span class='ocrx_word' id='word_1_494' title='bbox 3219 3172 3307 3225; x_wconf 90' lang='lat' dir='ltr'><strong>illo</strong></span> <span class='ocrx_word' id='word_1_495' title='bbox 3347 3182 3583 3240; x_wconf 88' lang='lat' dir='ltr'><strong>tempore</strong></span> 
     </span>
    </p>
   </div>
   <div class='ocr_carea' id='block_1_64' title="bbox 330 3261 1940 3346">
    <p class='ocr_par' dir='ltr' id='par_1_64' title="bbox 330 3271 1940 3346">
     <span class='ocr_line' id='line_1_64' title="bbox 330 3271 1940 3346; baseline 0.002 -21"><span class='ocrx_word' id='word_1_496' title='bbox 330 3271 490 3327; x_wconf 60' lang='lat' dir='ltr'><strong>Kan‘t</strong></span> <span class='ocrx_word' id='word_1_497' title='bbox 519 3277 686 3346; x_wconf 81' lang='grc' dir='ltr'>ὅμως,</span> <span class='ocrx_word' id='word_1_498' title='bbox 722 3278 799 3338; x_wconf 82' lang='grc' dir='ltr'>ὡς</span> <span class='ocrx_word' id='word_1_499' title='bbox 828 3279 1115 3345; x_wconf 81' lang='grc' dir='ltr'>προεῖπον,</span> <span class='ocrx_word' id='word_1_500' title='bbox 1154 3274 1286 3343; x_wconf 76' lang='grc' dir='ltr'>ἔχει,</span> <span class='ocrx_word' id='word_1_501' title='bbox 1328 3274 1419 3327; x_wconf 83' lang='grc' dir='ltr'>σοῦ</span> <span class='ocrx_word' id='word_1_502' title='bbox 1459 3276 1940 3344; x_wconf 73' lang='grc' dir='ltr'>καταψευσαμένου,</span> 
     </span>
    </p>
   </div>
   <div class='ocr_carea' id='block_1_65' title="bbox 2054 3261 3578 3346">
    <p class='ocr_par' dir='ltr' id='par_1_65' title="bbox 2054 3261 3578 3329">
     <span class='ocr_line' id='line_1_65' title="bbox 2054 3261 3578 3329; baseline -0.001 -14"><span class='ocrx_word' id='word_1_503' title='bbox 2054 3262 2255 3325; x_wconf 85' lang='lat' dir='ltr'><strong>evenit;</strong></span> <span class='ocrx_word' id='word_1_504' title='bbox 2286 3262 2424 3315; x_wconf 90' lang='lat' dir='ltr'><strong>idem</strong></span> <span class='ocrx_word' id='word_1_505' title='bbox 2456 3275 2583 3314; x_wconf 91' lang='lat' dir='ltr'><strong>vero</strong></span> <span class='ocrx_word' id='word_1_506' title='bbox 2612 3262 2779 3328; x_wconf 90' lang='lat' dir='ltr'><strong>ipsum</strong></span> <span class='ocrx_word' id='word_1_507' title='bbox 2827 3272 3035 3329; x_wconf 84' lang='lat' dir='ltr'><strong>tempus</strong></span> <span class='ocrx_word' id='word_1_508' title='bbox 3062 3261 3321 3329; x_wconf 89' lang='lat' dir='ltr'><strong>signiﬁca,</strong></span> <span class='ocrx_word' id='word_1_509' title='bbox 3351 3276 3456 3329; x_wconf 92' lang='lat' dir='ltr'><strong>quo</strong></span> <span class='ocrx_word' id='word_1_510' title='bbox 3486 3262 3578 3314; x_wconf 88' lang='lat' dir='ltr'><strong>tibi</strong></span> 
     </span>
    </p>
   </div>
   <div class='ocr_carea' id='block_1_66' title="bbox 340 3362 1952 3435">
    <p class='ocr_par' dir='ltr' id='par_1_66' title="bbox 340 3362 1952 3435">
     <span class='ocr_line' id='line_1_66' title="bbox 340 3362 1952 3435; baseline 0.004 -22"><span class='ocrx_word' id='word_1_511' title='bbox 340 3362 426 3410; x_wconf 67' lang='grc' dir='ltr'>αὖ</span> <span class='ocrx_word' id='word_1_512' title='bbox 442 3367 539 3427; x_wconf 70' lang='grc' dir='ltr'>τὸς</span> <span class='ocrx_word' id='word_1_513' title='bbox 563 3368 624 3418; x_wconf 79' lang='grc' dir='ltr'><strong>ὲκ</strong></span> <span class='ocrx_word' id='word_1_514' title='bbox 657 3366 869 3418; x_wconf 79' lang='grc' dir='ltr'>πολλῶν</span> <span class='ocrx_word' id='word_1_515' title='bbox 904 3367 1203 3435; x_wconf 80' lang='grc' dir='ltr'>σχημάτων</span> <span class='ocrx_word' id='word_1_516' title='bbox 1230 3366 1288 3417; x_wconf 80' lang='grc' dir='ltr'>ἓν</span> <span class='ocrx_word' id='word_1_517' title='bbox 1314 3383 1365 3417; x_wconf 94' lang='grc' dir='ltr'><strong>τι</strong></span> <span class='ocrx_word' id='word_1_518' title='bbox 1407 3366 1585 3435; x_wconf 84' lang='grc' dir='ltr'>εὑρεῖν</span> <span class='ocrx_word' id='word_1_519' title='bbox 1618 3367 1815 3435; x_wconf 82' lang='grc' dir='ltr'>σχῆμα,</span> <span class='ocrx_word' id='word_1_520' title='bbox 1864 3369 1952 3419; x_wconf 68' lang='grc' dir='ltr'><strong>καὶ</strong></span> 
     </span>
    </p>
   </div>
   <div class='ocr_carea' id='block_1_67' title="bbox 344 3445 1950 3531">
    <p class='ocr_par' dir='ltr' id='par_1_67' title="bbox 344 3445 1950 3531">
     <span class='ocr_line' id='line_1_67' title="bbox 344 3445 1950 3531; baseline 0.002 -27"><span class='ocrx_word' id='word_1_521' title='bbox 344 3445 643 3531; x_wconf 66' lang='grc' dir='ltr'>δεύτερον,</span> <span class='ocrx_word' id='word_1_522' title='bbox 675 3456 769 3508; x_wconf 58' lang='grc' dir='ltr'><strong>καὶ⁵</strong></span> <span class='ocrx_word' id='word_1_523' title='bbox 803 3455 1012 3526; x_wconf 80' lang='grc' dir='ltr'>τρίτον,</span> <span class='ocrx_word' id='word_1_524' title='bbox 1062 3456 1160 3507; x_wconf 69' lang='grc' dir='ltr'>καὶ</span> <span class='ocrx_word' id='word_1_525' title='bbox 1195 3455 1430 3517; x_wconf 80' lang='grc' dir='ltr'>πλείονα,</span> <span class='ocrx_word' id='word_1_526' title='bbox 1461 3453 1535 3515; x_wconf 83' lang='grc' dir='ltr'>ὡς</span> <span class='ocrx_word' id='word_1_527' title='bbox 1576 3454 1701 3506; x_wconf 76' lang='grc' dir='ltr'>αὐτὸ</span> <span class='ocrx_word' id='word_1_528' title='bbox 1732 3456 1950 3526; x_wconf 79' lang='grc' dir='ltr'>ἐνεργῆ-</span> 
     </span>
    </p>
   </div>
   <div class='ocr_carea' id='block_1_68' title="bbox 342 3543 1949 3617">
    <p class='ocr_par' dir='ltr' id='par_1_68' title="bbox 342 3543 1949 3617">
     <span class='ocr_line' id='line_1_68' title="bbox 342 3543 1949 3617; baseline 0.005 -27"><span class='ocrx_word' id='word_1_529' title='bbox 342 3548 477 3590; x_wconf 64' lang='grc' dir='ltr'><strong>σκν</strong></span> <span class='ocrx_word' id='word_1_530' title='bbox 504 3544 621 3597; x_wconf 77' lang='grc' dir='ltr'>ὅθεν</span> <span class='ocrx_word' id='word_1_531' title='bbox 647 3544 713 3597; x_wconf 83' lang='grc' dir='ltr'><strong>τά</strong></span> <span class='ocrx_word' id='word_1_532' title='bbox 743 3545 929 3612; x_wconf 76' lang='grc' dir='ltr'>ἀγαθά</span> <span class='ocrx_word' id='word_1_533' title='bbox 963 3546 1084 3613; x_wconf 75' lang='grc' dir='ltr'>ἐρεῖ</span> <span class='ocrx_word' id='word_1_534' title='bbox 1113 3543 1453 3613; x_wconf 75' lang='grc' dir='ltr'>γεγενῆσθαι·</span> <span class='ocrx_word' id='word_1_535' title='bbox 1484 3544 1736 3597; x_wconf 81' lang='grc' dir='ltr'>ἀδύνατον</span> <span class='ocrx_word' id='word_1_536' title='bbox 1758 3546 1863 3617; x_wconf 79' lang='grc' dir='ltr'>γὰρ</span> <span class='ocrx_word' id='word_1_537' title='bbox 1895 3549 1949 3598; x_wconf 81' lang='grc' dir='ltr'>ὲν</span> 
     </span>
    </p>
   </div>
   <div class='ocr_carea' id='block_1_69' title="bbox 337 3624 1948 3706">
    <p class='ocr_par' dir='ltr' id='par_1_69' title="bbox 337 3624 1948 3706">
     <span class='ocr_line' id='line_1_69' title="bbox 337 3624 1948 3706; baseline 0.003 -23"><span class='ocrx_word' id='word_1_538' title='bbox 337 3624 522 3701; x_wconf 66' lang='grc' dir='ltr'>πάσῃ</span> <span class='ocrx_word' id='word_1_539' title='bbox 572 3634 777 3700; x_wconf 80' lang='grc' dir='ltr'>γενέσει</span> <span class='ocrx_word' id='word_1_540' title='bbox 832 3633 1171 3703; x_wconf 80' lang='grc' dir='ltr'>ἀνθρώπων,</span> <span class='ocrx_word' id='word_1_541' title='bbox 1228 3634 1300 3703; x_wconf 84' lang='grc' dir='ltr'>μὴ</span> <span class='ocrx_word' id='word_1_542' title='bbox 1349 3635 1404 3686; x_wconf 83' lang='grc' dir='ltr'><strong>ὲν</strong></span> <span class='ocrx_word' id='word_1_543' title='bbox 1452 3635 1597 3706; x_wconf 85' lang='grc' dir='ltr'>πάσῃ</span> <span class='ocrx_word' id='word_1_544' title='bbox 1663 3635 1796 3705; x_wconf 80' lang='grc' dir='ltr'>ὥρᾳ,</span> <span class='ocrx_word' id='word_1_545' title='bbox 1844 3636 1948 3689; x_wconf 83' lang='grc' dir='ltr'><strong>τῶν</strong></span> 
     </span>
    </p>
   </div>
   <div class='ocr_carea' id='block_1_70' title="bbox 342 3709 1943 3792">
    <p class='ocr_par' dir='ltr' id='par_1_70' title="bbox 342 3709 1943 3792">
     <span class='ocr_line' id='line_1_70' title="bbox 342 3709 1943 3792; baseline 0.003 -20"><span class='ocrx_word' id='word_1_546' title='bbox 342 3709 618 3792; x_wconf 66' lang='grc' dir='ltr'>ἀπτέρων</span> <span class='ocrx_word' id='word_1_547' title='bbox 660 3725 784 3785; x_wconf 74' lang='grc' dir='ltr'>τοὺς</span> <span class='ocrx_word' id='word_1_548' title='bbox 834 3723 938 3791; x_wconf 80' lang='grc' dir='ltr'>μὲν</span> <span class='ocrx_word' id='word_1_549' title='bbox 982 3722 1174 3785; x_wconf 83' lang='grc' dir='ltr'>καλῶς</span> <span class='ocrx_word' id='word_1_550' title='bbox 1221 3723 1449 3785; x_wconf 85' lang='grc' dir='ltr'>κεῖσθαι,</span> <span class='ocrx_word' id='word_1_551' title='bbox 1495 3726 1620 3786; x_wconf 76' lang='grc' dir='ltr'>τοὺς</span> <span class='ocrx_word' id='word_1_552' title='bbox 1651 3724 1705 3775; x_wconf 83' lang='grc' dir='ltr'>δὲ</span> <span class='ocrx_word' id='word_1_553' title='bbox 1748 3725 1943 3788; x_wconf 83' lang='grc' dir='ltr'>κακῶς·</span> 
     </span>
    </p>
   </div>
   <div class='ocr_carea' id='block_1_71' title="bbox 348 3806 1966 3883">
    <p class='ocr_par' dir='ltr' id='par_1_71' title="bbox 348 3806 1966 3883">
     <span class='ocr_line' id='line_1_71' title="bbox 348 3806 1966 3883; baseline 0.005 -25"><span class='ocrx_word' id='word_1_554' title='bbox 348 3807 568 3874; x_wconf 68' lang='grc' dir='ltr'>κᾶκλος</span> <span class='ocrx_word' id='word_1_555' title='bbox 598 3812 704 3882; x_wconf 87' lang='grc' dir='ltr'><strong>γάρ</strong></span> <span class='ocrx_word' id='word_1_556' title='bbox 741 3815 892 3864; x_wconf 73' lang='grc' dir='ltr'>ἐστιν</span> <span class='ocrx_word' id='word_1_557' title='bbox 926 3811 1213 3881; x_wconf 80' lang='grc' dir='ltr'>ίσομερὴς,</span> <span class='ocrx_word' id='word_1_558' title='bbox 1250 3806 1503 3874; x_wconf 80' lang='grc' dir='ltr'>ποικίλος,</span> <span class='ocrx_word' id='word_1_559' title='bbox 1533 3814 1785 3882; x_wconf 87' lang='grc' dir='ltr'>ἀπείρους</span> <span class='ocrx_word' id='word_1_560' title='bbox 1814 3814 1966 3883; x_wconf 71' lang='grc' dir='ltr'>ἐχωνυ</span> 
     </span>
    </p>
   </div>
   <div class='ocr_carea' id='block_1_72' title="bbox 351 3893 1941 3970">
    <p class='ocr_par' dir='ltr' id='par_1_72' title="bbox 351 3893 1941 3970">
     <span class='ocr_line' id='line_1_72' title="bbox 351 3893 1941 3970; baseline 0.006 -26"><span class='ocrx_word' id='word_1_561' title='bbox 351 3893 477 3959; x_wconf 63' lang='grc' dir='ltr'><strong>τὰς</strong></span> <span class='ocrx_word' id='word_1_562' title='bbox 502 3901 818 3967; x_wconf 70' lang='grc' dir='ltr'>προφάσεις·</span> <span class='ocrx_word' id='word_1_563' title='bbox 856 3901 1001 3970; x_wconf 85' lang='grc' dir='ltr'>πρὸς</span> <span class='ocrx_word' id='word_1_564' title='bbox 1036 3900 1104 3961; x_wconf 80' lang='grc' dir='ltr'>ἃς</span> <span class='ocrx_word' id='word_1_565' title='bbox 1134 3898 1363 3962; x_wconf 76' lang='grc' dir='ltr'>ἕκαστος</span> <span class='ocrx_word' id='word_1_566' title='bbox 1388 3902 1556 3952; x_wconf 82' lang='grc' dir='ltr'>εἰπεῖν</span> <span class='ocrx_word' id='word_1_567' title='bbox 1591 3900 1699 3969; x_wconf 80' lang='grc' dir='ltr'>ἔχει</span> <span class='ocrx_word' id='word_1_568' title='bbox 1729 3901 1756 3952; x_wconf 82' lang='grc' dir='ltr'><strong>ὃ</strong></span> <span class='ocrx_word' id='word_1_569' title='bbox 1786 3901 1941 3953; x_wconf 70' lang='grc' dir='ltr'>θέλειο</span> 
     </span>
    </p>
   </div>
   <div class='ocr_carea' id='block_1_73' title="bbox 355 3979 1946 4059">
    <p class='ocr_par' dir='ltr' id='par_1_73' title="bbox 355 3979 1946 4059">
     <span class='ocr_line' id='line_1_73' title="bbox 355 3979 1946 4059; baseline 0.003 -21"><span class='ocrx_word' id='word_1_570' title='bbox 355 3979 430 4028; x_wconf 63' lang='grc' dir='ltr'>ὃν</span> <span class='ocrx_word' id='word_1_571' title='bbox 468 3988 569 4057; x_wconf 73' lang='grc' dir='ltr'>γὰρ</span> <span class='ocrx_word' id='word_1_572' title='bbox 614 3991 812 4057; x_wconf 84' lang='grc' dir='ltr'>τρόπον</span> <span class='ocrx_word' id='word_1_573' title='bbox 865 3991 961 4040; x_wconf 75' lang='grc' dir='ltr'><strong>ἐπὶ</strong></span> <span class='ocrx_word' id='word_1_574' title='bbox 994 3989 1105 4040; x_wconf 80' lang='grc' dir='ltr'><strong>τῶν</strong></span> <span class='ocrx_word' id='word_1_575' title='bbox 1134 3987 1299 4053; x_wconf 79' lang='grc' dir='ltr'>λοξῶν</span> <span class='ocrx_word' id='word_1_576' title='bbox 1343 3989 1560 4059; x_wconf 84' lang='grc' dir='ltr'>ὀνείρων</span> <span class='ocrx_word' id='word_1_577' title='bbox 1601 3990 1763 4041; x_wconf 77' lang='grc' dir='ltr'>ἐνίοτε</span> <span class='ocrx_word' id='word_1_578' title='bbox 1800 3990 1946 4043; x_wconf 77' lang='grc' dir='ltr'>οὐδὲν</span> 
     </span>
    </p>
   </div>
   <div class='ocr_carea' id='block_1_74' title="bbox 361 4076 1943 4149">
    <p class='ocr_par' dir='ltr' id='par_1_74' title="bbox 361 4076 1943 4149">
     <span class='ocr_line' id='line_1_74' title="bbox 361 4076 1943 4149; baseline 0.004 -24"><span class='ocrx_word' id='word_1_579' title='bbox 361 4076 614 4145; x_wconf 64' lang='grc' dir='ltr'>νοοῦμεν,</span> <span class='ocrx_word' id='word_1_580' title='bbox 646 4078 974 4131; x_wconf 80' lang='grc' dir='ltr'>ἀποϐάντων</span> <span class='ocrx_word' id='word_1_581' title='bbox 992 4079 1050 4129; x_wconf 81' lang='grc' dir='ltr'><strong>δὲ</strong></span> <span class='ocrx_word' id='word_1_582' title='bbox 1072 4079 1403 4148; x_wconf 79' lang='grc' dir='ltr'>οἰκειοτάτην</span> <span class='ocrx_word' id='word_1_583' title='bbox 1426 4079 1795 4149; x_wconf 76' lang='grc' dir='ltr'>προσφέρομεν</span> <span class='ocrx_word' id='word_1_584' title='bbox 1824 4081 1943 4133; x_wconf 79' lang='grc' dir='ltr'>ἐπί-</span> 
     </span>
    </p>
   </div>
   <div class='ocr_carea' id='block_1_75' title="bbox 358 4149 1942 4238">
    <p class='ocr_par' dir='ltr' id='par_1_75' title="bbox 358 4149 1942 4238">
     <span class='ocr_line' id='line_1_75' title="bbox 358 4149 1942 4238; baseline 0.003 -21"><span class='ocrx_word' id='word_1_585' title='bbox 358 4149 539 4217; x_wconf 75' lang='grc' dir='ltr'>λυσιν·</span> <span class='ocrx_word' id='word_1_586' title='bbox 563 4167 733 4229; x_wconf 74' lang='grc' dir='ltr'>οὕτως</span> <span class='ocrx_word' id='word_1_587' title='bbox 758 4167 852 4219; x_wconf 81' lang='grc' dir='ltr'><strong>καὶ</strong></span> <span class='ocrx_word' id='word_1_588' title='bbox 884 4168 949 4218; x_wconf 84' lang='grc' dir='ltr'><strong>τὸ</strong></span> <span class='ocrx_word' id='word_1_589' title='bbox 983 4167 1231 4235; x_wconf 81' lang='grc' dir='ltr'>μάθημα,</span> <span class='ocrx_word' id='word_1_590' title='bbox 1258 4168 1361 4235; x_wconf 79' lang='grc' dir='ltr'>πρὸ</span> <span class='ocrx_word' id='word_1_591' title='bbox 1386 4167 1477 4218; x_wconf 82' lang='grc' dir='ltr'>τοῦ</span> <span class='ocrx_word' id='word_1_592' title='bbox 1510 4185 1561 4219; x_wconf 89' lang='grc' dir='ltr'><strong>τι</strong></span> <span class='ocrx_word' id='word_1_593' title='bbox 1590 4168 1942 4238; x_wconf 81' lang='grc' dir='ltr'>ἀποτελεσθῆ-</span> 
     </span>
    </p>
   </div>
   <div class='ocr_carea' id='block_1_76' title="bbox 358 4248 1941 4325">
    <p class='ocr_par' dir='ltr' id='par_1_76' title="bbox 358 4248 1941 4325">
     <span class='ocr_line' id='line_1_76' title="bbox 358 4248 1941 4325; baseline 0.004 -24"><span class='ocrx_word' id='word_1_594' title='bbox 358 4252 482 4311; x_wconf 60' lang='lat' dir='ltr'><strong>Vit,</strong></span> <span class='ocrx_word' id='word_1_595' title='bbox 514 4252 659 4304; x_wconf 68' lang='grc' dir='ltr'>οὐδὲν</span> <span class='ocrx_word' id='word_1_596' title='bbox 690 4253 863 4319; x_wconf 69' lang='grc' dir='ltr'>σαφὲς</span> <span class='ocrx_word' id='word_1_597' title='bbox 897 4255 1035 4321; x_wconf 82' lang='grc' dir='ltr'>ἡμῖν</span> <span class='ocrx_word' id='word_1_598' title='bbox 1078 4250 1312 4321; x_wconf 75' lang='grc' dir='ltr'>μηνῦσαι</span> <span class='ocrx_word' id='word_1_599' title='bbox 1334 4252 1570 4305; x_wconf 81' lang='grc' dir='ltr'>δύναται·</span> <span class='ocrx_word' id='word_1_600' title='bbox 1606 4255 1740 4323; x_wconf 87' lang='grc' dir='ltr'><strong>μετά</strong></span> <span class='ocrx_word' id='word_1_601' title='bbox 1766 4256 1819 4307; x_wconf 88' lang='grc' dir='ltr'><strong>δὲ</strong></span> <span class='ocrx_word' id='word_1_602' title='bbox 1848 4248 1941 4325; x_wconf 74' lang='grc' dir='ltr'>τῆν</span> 
     </span>
    </p>
   </div>
   <div class='ocr_carea' id='block_1_77' title="bbox 359 4336 1943 4412">
    <p class='ocr_par' dir='ltr' id='par_1_77' title="bbox 359 4336 1943 4412">
     <span class='ocr_line' id='line_1_77' title="bbox 359 4336 1943 4412; baseline 0.006 -24"><span class='ocrx_word' id='word_1_603' title='bbox 359 4336 467 4389; x_wconf 70' lang='grc' dir='ltr'><strong>τοῦ</strong></span> <span class='ocrx_word' id='word_1_604' title='bbox 496 4343 780 4409; x_wconf 81' lang='grc' dir='ltr'>γενομένου</span> <span class='ocrx_word' id='word_1_605' title='bbox 814 4341 1067 4409; x_wconf 82' lang='grc' dir='ltr'>ἱστορίαν</span> <span class='ocrx_word' id='word_1_606' title='bbox 1110 4342 1228 4392; x_wconf 88' lang='grc' dir='ltr'>τότε</span> <span class='ocrx_word' id='word_1_607' title='bbox 1273 4342 1530 4412; x_wconf 83' lang='grc' dir='ltr'>πρόδηλος</span> <span class='ocrx_word' id='word_1_608' title='bbox 1570 4344 1600 4411; x_wconf 89' lang='grc' dir='ltr'><strong>ἡ</strong></span> <span class='ocrx_word' id='word_1_609' title='bbox 1644 4343 1740 4412; x_wconf 83' lang='grc' dir='ltr'>τῆς</span> <span class='ocrx_word' id='word_1_610' title='bbox 1784 4343 1943 4397; x_wconf 79' lang='grc' dir='ltr'>ἐκϐά-</span> 
     </span>
    </p>
   </div>
   <div class='ocr_carea' id='block_1_78' title="bbox 362 4426 1940 4501">
    <p class='ocr_par' dir='ltr' id='par_1_78' title="bbox 362 4426 1940 4501">
     <span class='ocr_line' id='line_1_78' title="bbox 362 4426 1940 4501; baseline 0.007 -27"><span class='ocrx_word' id='word_1_611' title='bbox 362 4431 509 4488; x_wconf 70' lang='grc' dir='ltr'>σεως</span> <span class='ocrx_word' id='word_1_612' title='bbox 533 4430 674 4480; x_wconf 81' lang='grc' dir='ltr'>αἰτία</span> <span class='ocrx_word' id='word_1_613' title='bbox 706 4430 984 4497; x_wconf 81' lang='grc' dir='ltr'>φαίνεται·</span> <span class='ocrx_word' id='word_1_614' title='bbox 1012 4428 1268 4491; x_wconf 80' lang='grc' dir='ltr'>πολλάκις</span> <span class='ocrx_word' id='word_1_615' title='bbox 1290 4430 1387 4497; x_wconf 83' lang='grc' dir='ltr'><strong>μὲν</strong></span> <span class='ocrx_word' id='word_1_616' title='bbox 1413 4426 1502 4482; x_wconf 82' lang='grc' dir='ltr'><strong>οὖν</strong></span> <span class='ocrx_word' id='word_1_617' title='bbox 1522 4431 1571 4481; x_wconf 90' lang='grc' dir='ltr'><strong>οί</strong></span> <span class='ocrx_word' id='word_1_618' title='bbox 1600 4432 1940 4501; x_wconf 80' lang='grc' dir='ltr'>προλέγοντες</span> 
     </span>
    </p>
   </div>
   <div class='ocr_carea' id='block_1_79' title="bbox 364 4517 1934 4591">
    <p class='ocr_par' dir='ltr' id='par_1_79' title="bbox 364 4517 1934 4591">
     <span class='ocr_line' id='line_1_79' title="bbox 364 4517 1934 4591; baseline 0.006 -25"><span class='ocrx_word' id='word_1_619' title='bbox 364 4517 635 4582; x_wconf 65' lang='grc' dir='ltr'>πταίουσι,</span> <span class='ocrx_word' id='word_1_620' title='bbox 672 4520 768 4571; x_wconf 74' lang='grc' dir='ltr'><strong>καὶ</strong></span> <span class='ocrx_word' id='word_1_621' title='bbox 804 4518 952 4588; x_wconf 86' lang='grc' dir='ltr'><strong>μετά</strong></span> <span class='ocrx_word' id='word_1_622' title='bbox 983 4518 1084 4587; x_wconf 80' lang='grc' dir='ltr'><strong>τὴν</strong></span> <span class='ocrx_word' id='word_1_623' title='bbox 1113 4517 1335 4570; x_wconf 78' lang='grc' dir='ltr'>ἔκϐασιν</span> <span class='ocrx_word' id='word_1_624' title='bbox 1364 4520 1581 4581; x_wconf 78' lang='grc' dir='ltr'>ἑαυτοὺς</span> <span class='ocrx_word' id='word_1_625' title='bbox 1621 4522 1934 4591; x_wconf 78' lang='grc' dir='ltr'>μέμφονται,</span> 
     </span>
    </p>
   </div>
   <div class='ocr_carea' id='block_1_80' title="bbox 362 4591 1945 4679">
    <p class='ocr_par' dir='ltr' id='par_1_80' title="bbox 362 4591 1945 4679">
     <span class='ocr_line' id='line_1_80' title="bbox 362 4591 1945 4679; baseline 0.008 -27"><span class='ocrx_word' id='word_1_626' title='bbox 362 4591 612 4672; x_wconf 71' lang='grc' dir='ltr'>λέγοντες</span> <span class='ocrx_word' id='word_1_627' title='bbox 643 4610 755 4672; x_wconf 82' lang='grc' dir='ltr'>ὅτι,</span> <span class='ocrx_word' id='word_1_628' title='bbox 778 4605 917 4658; x_wconf 81' lang='grc' dir='ltr'>Τόδε</span> <span class='ocrx_word' id='word_1_629' title='bbox 933 4602 1002 4674; x_wconf 80' lang='grc' dir='ltr'>ἦν</span> <span class='ocrx_word' id='word_1_630' title='bbox 1035 4606 1098 4658; x_wconf 84' lang='grc' dir='ltr'><strong>τὸ</strong></span> <span class='ocrx_word' id='word_1_631' title='bbox 1144 4607 1392 4675; x_wconf 87' lang='grc' dir='ltr'>ποιῆσαν,</span> <span class='ocrx_word' id='word_1_632' title='bbox 1429 4608 1519 4659; x_wconf 75' lang='grc' dir='ltr'><strong>καὶ</strong></span> <span class='ocrx_word' id='word_1_633' title='bbox 1564 4608 1661 4661; x_wconf 79' lang='grc' dir='ltr'><strong>οὐκ</strong></span> <span class='ocrx_word' id='word_1_634' title='bbox 1707 4604 1945 4679; x_wconf 70' lang='grc' dir='ltr'><strong>εἴδομεν.⁷</strong></span> 
     </span>
    </p>
   </div>
   <div class='ocr_carea' id='block_1_81' title="bbox 361 4682 1937 4766">
    <p class='ocr_par' dir='ltr' id='par_1_81' title="bbox 361 4682 1937 4766">
     <span class='ocr_line' id='line_1_81' title="bbox 361 4682 1937 4766; baseline 0.006 -24"><span class='ocrx_word' id='word_1_635' title='bbox 361 4682 444 4742; x_wconf 67' lang='grc' dir='ltr'><strong>Τὸ</strong></span> <span class='ocrx_word' id='word_1_636' title='bbox 482 4695 578 4763; x_wconf 83' lang='grc' dir='ltr'>μὲν</span> <span class='ocrx_word' id='word_1_637' title='bbox 624 4692 714 4747; x_wconf 72' lang='grc' dir='ltr'>οὖν</span> <span class='ocrx_word' id='word_1_638' title='bbox 755 4697 854 4747; x_wconf 77' lang='grc' dir='ltr'>καὶ</span> <span class='ocrx_word' id='word_1_639' title='bbox 893 4696 1026 4755; x_wconf 82' lang='grc' dir='ltr'>τοὺς</span> <span class='ocrx_word' id='word_1_640' title='bbox 1061 4694 1201 4745; x_wconf 83' lang='grc' dir='ltr'>πάνυ</span> <span class='ocrx_word' id='word_1_641' title='bbox 1235 4696 1597 4763; x_wconf 75' lang='grc' dir='ltr'>ἐπιστήμονας</span> <span class='ocrx_word' id='word_1_642' title='bbox 1626 4699 1829 4749; x_wconf 82' lang='grc' dir='ltr'>πταίειν</span> <span class='ocrx_word' id='word_1_643' title='bbox 1858 4701 1937 4766; x_wconf 85' lang='grc' dir='ltr'>γί-</span> 
     </span>
    </p>
   </div>
   <div class='ocr_carea' id='block_1_82' title="bbox 363 4782 1937 4854">
    <p class='ocr_par' dir='ltr' id='par_1_82' title="bbox 363 4782 1937 4854">
     <span class='ocr_line' id='line_1_82' title="bbox 363 4782 1937 4854; baseline 0.018 -31"><span class='ocrx_word' id='word_1_644' title='bbox 363 4787 512 4835; x_wconf 71' lang='grc' dir='ltr'>νεται</span> <span class='ocrx_word' id='word_1_645' title='bbox 545 4783 631 4835; x_wconf 74' lang='grc' dir='ltr'>διὰ</span> <span class='ocrx_word' id='word_1_646' title='bbox 655 4784 715 4836; x_wconf 79' lang='grc' dir='ltr'>τὸ</span> <span class='ocrx_word' id='word_1_647' title='bbox 760 4784 837 4854; x_wconf 78' lang='grc' dir='ltr'>μὴ</span> <span class='ocrx_word' id='word_1_648' title='bbox 871 4783 1094 4842; x_wconf 77' lang='grc' dir='ltr'>εἰδέναι,</span> <span class='ocrx_word' id='word_1_649' title='bbox 1138 4783 1213 4844; x_wconf 81' lang='grc' dir='ltr'>ὡς</span> <span class='ocrx_word' id='word_1_650' title='bbox 1242 4782 1367 4851; x_wconf 73' lang='grc' dir='ltr'><strong>χθὲς</strong></span> <span class='ocrx_word' id='word_1_651' title='bbox 1397 4784 1546 4851; x_wconf 75' lang='grc' dir='ltr'>ἔφην,</span> <span class='ocrx_word' id='word_1_652' title='bbox 1582 4788 1704 4838; x_wconf 77' lang='grc' dir='ltr'>ποῖα</span> <span class='ocrx_word' id='word_1_653' title='bbox 1730 4788 1937 4852; x_wconf 79' lang='grc' dir='ltr'>πάντως</span> 
     </span>
    </p>
   </div>
   <div class='ocr_carea' id='block_1_83' title="bbox 359 4865 1935 4940">
    <p class='ocr_par' dir='ltr' id='par_1_83' title="bbox 359 4865 1935 4940">
     <span class='ocr_line' id='line_1_83' title="bbox 359 4865 1935 4940; baseline 0.003 -15"><span class='ocrx_word' id='word_1_654' title='bbox 359 4865 465 4938; x_wconf 59' lang='grc' dir='ltr'><strong>τῆς</strong></span> <span class='ocrx_word' id='word_1_655' title='bbox 492 4874 756 4939; x_wconf 79' lang='grc' dir='ltr'>γενέσεως</span> <span class='ocrx_word' id='word_1_656' title='bbox 799 4873 957 4925; x_wconf 78' lang='grc' dir='ltr'>αἴτια</span> <span class='ocrx_word' id='word_1_657' title='bbox 989 4873 1217 4938; x_wconf 81' lang='grc' dir='ltr'>γίνεται,</span> <span class='ocrx_word' id='word_1_658' title='bbox 1254 4875 1382 4922; x_wconf 82' lang='grc' dir='ltr'>ποῖα</span> <span class='ocrx_word' id='word_1_659' title='bbox 1412 4872 1466 4922; x_wconf 76' lang='grc' dir='ltr'>δὲ</span> <span class='ocrx_word' id='word_1_660' title='bbox 1493 4874 1550 4923; x_wconf 80' lang='grc' dir='ltr'><strong>οὐ</strong></span> <span class='ocrx_word' id='word_1_661' title='bbox 1591 4874 1817 4940; x_wconf 82' lang='grc' dir='ltr'>πάντως,</span> <span class='ocrx_word' id='word_1_662' title='bbox 1847 4878 1935 4929; x_wconf 77' lang='grc' dir='ltr'><strong>καὶ</strong></span> 
     </span>
    </p>
   </div>
   <div class='ocr_carea' id='block_1_84' title="bbox 360 4958 1933 5030">
    <p class='ocr_par' dir='ltr' id='par_1_84' title="bbox 360 4958 1933 5030">
     <span class='ocr_line' id='line_1_84' title="bbox 360 4958 1933 5030; baseline 0.004 -20"><span class='ocrx_word' id='word_1_663' title='bbox 360 4964 488 5011; x_wconf 66' lang='grc' dir='ltr'>ποῖα</span> <span class='ocrx_word' id='word_1_664' title='bbox 535 4964 753 5024; x_wconf 87' lang='grc' dir='ltr'>πάντως</span> <span class='ocrx_word' id='word_1_665' title='bbox 799 4962 1035 5030; x_wconf 83' lang='grc' dir='ltr'>ποιῆσαι</span> <span class='ocrx_word' id='word_1_666' title='bbox 1088 4958 1481 5027; x_wconf 77' lang='grc' dir='ltr'>ἐπιθυμοῦμεν,</span> <span class='ocrx_word' id='word_1_667' title='bbox 1524 4960 1583 5010; x_wconf 81' lang='grc' dir='ltr'><strong>οὑ</strong></span> <span class='ocrx_word' id='word_1_668' title='bbox 1637 4963 1842 5025; x_wconf 86' lang='grc' dir='ltr'>πάντως</span> <span class='ocrx_word' id='word_1_669' title='bbox 1880 4966 1933 5016; x_wconf 83' lang='grc' dir='ltr'>δὲ</span> 
     </span>
    </p>
   </div>
   <div class='ocr_carea' id='block_1_85' title="bbox 360 5049 1932 5120">
    <p class='ocr_par' dir='ltr' id='par_1_85' title="bbox 360 5049 1932 5120">
     <span class='ocr_line' id='line_1_85' title="bbox 360 5049 1932 5120; baseline 0.003 -20"><span class='ocrx_word' id='word_1_670' title='bbox 360 5051 634 5120; x_wconf 64' lang='grc' dir='ltr'>ποιοῦμεν.</span> <span class='ocrx_word' id='word_1_671' title='bbox 666 5052 804 5103; x_wconf 82' lang='grc' dir='ltr'>’Ἡδε</span> <span class='ocrx_word' id='word_1_672' title='bbox 839 5051 899 5102; x_wconf 80' lang='grc' dir='ltr'>δὲ</span> <span class='ocrx_word' id='word_1_673' title='bbox 934 5051 969 5118; x_wconf 89' lang='grc' dir='ltr'>ἡ</span> <span class='ocrx_word' id='word_1_674' title='bbox 1013 5049 1163 5099; x_wconf 88' lang='grc' dir='ltr'>αίτία</span> <span class='ocrx_word' id='word_1_675' title='bbox 1195 5050 1348 5115; x_wconf 76' lang='grc' dir='ltr'>ἡμῖν,</span> <span class='ocrx_word' id='word_1_676' title='bbox 1384 5050 1491 5109; x_wconf 86' lang='grc' dir='ltr'>τοῖς</span> <span class='ocrx_word' id='word_1_677' title='bbox 1525 5051 1807 5120; x_wconf 88' lang='grc' dir='ltr'>μυστήριον</span> <span class='ocrx_word' id='word_1_678' title='bbox 1839 5069 1932 5120; x_wconf 87' lang='grc' dir='ltr'>με-</span> 
     </span>
    </p>
   </div>
   <div class='ocr_carea' id='block_1_86' title="bbox 359 5134 1931 5207">
    <p class='ocr_par' dir='ltr' id='par_1_86' title="bbox 359 5134 1931 5207">
     <span class='ocr_line' id='line_1_86' title="bbox 359 5134 1931 5207; baseline -0.001 -15"><span class='ocrx_word' id='word_1_679' title='bbox 359 5137 649 5207; x_wconf 68' lang='grc' dir='ltr'>μαθηκόσι,</span> <span class='ocrx_word' id='word_1_680' title='bbox 682 5140 871 5207; x_wconf 74' lang='grc' dir='ltr'>σαφής</span> <span class='ocrx_word' id='word_1_681' title='bbox 899 5139 1074 5198; x_wconf 77' lang='grc' dir='ltr'>ἐστιν,</span> <span class='ocrx_word' id='word_1_682' title='bbox 1110 5136 1194 5184; x_wconf 80' lang='grc' dir='ltr'>ὅτι</span> <span class='ocrx_word' id='word_1_683' title='bbox 1223 5134 1497 5203; x_wconf 80' lang='grc' dir='ltr'>ἐλεύθερον</span> <span class='ocrx_word' id='word_1_684' title='bbox 1526 5135 1728 5203; x_wconf 79' lang='grc' dir='ltr'>ἔχοντες</span> <span class='ocrx_word' id='word_1_685' title='bbox 1759 5139 1931 5205; x_wconf 85' lang='grc' dir='ltr'>λογισ-</span> 
     </span>
    </p>
   </div>
   <div class='ocr_carea' id='block_1_87' title="bbox 371 5220 1933 5297">
    <p class='ocr_par' dir='ltr' id='par_1_87' title="bbox 371 5220 1933 5297">
     <span class='ocr_line' id='line_1_87' title="bbox 371 5220 1933 5297; baseline 0.002 -20"><span class='ocrx_word' id='word_1_686' title='bbox 371 5226 479 5295; x_wconf 77' lang='grc' dir='ltr'>μὸν,</span> <span class='ocrx_word' id='word_1_687' title='bbox 507 5229 679 5280; x_wconf 79' lang='grc' dir='ltr'>ἐνίοτε</span> <span class='ocrx_word' id='word_1_688' title='bbox 704 5227 936 5294; x_wconf 77' lang='grc' dir='ltr'>ἐπέχειν</span> <span class='ocrx_word' id='word_1_689' title='bbox 965 5223 1174 5290; x_wconf 80' lang='grc' dir='ltr'>ταύτην</span> <span class='ocrx_word' id='word_1_690' title='bbox 1210 5220 1636 5291; x_wconf 81' lang='grc' dir='ltr'>βουλευσάμενοι,</span> <span class='ocrx_word' id='word_1_691' title='bbox 1658 5230 1933 5297; x_wconf 71' lang='grc' dir='ltr'>νενικήκα-</span> 
     </span>
    </p>
   </div>
   <div class='ocr_carea' id='block_1_88' title="bbox 368 5308 1932 5382">
    <p class='ocr_par' dir='ltr' id='par_1_88' title="bbox 368 5308 1932 5382">
     <span class='ocr_line' id='line_1_88' title="bbox 368 5308 1932 5382; baseline -0.006 -17"><span class='ocrx_word' id='word_1_692' title='bbox 368 5330 476 5381; x_wconf 84' lang='grc' dir='ltr'>μεν.</span> <span class='ocrx_word' id='word_1_693' title='bbox 508 5317 570 5368; x_wconf 78' lang='lat' dir='ltr'><strong>Oi</strong></span> <span class='ocrx_word' id='word_1_694' title='bbox 603 5317 663 5368; x_wconf 83' lang='grc' dir='ltr'>δὲ</span> <span class='ocrx_word' id='word_1_695' title='bbox 698 5312 1050 5382; x_wconf 84' lang='grc' dir='ltr'>ἀστρολόγοι,</span> <span class='ocrx_word' id='word_1_696' title='bbox 1086 5309 1248 5359; x_wconf 82' lang='grc' dir='ltr'>τοῦτο</span> <span class='ocrx_word' id='word_1_697' title='bbox 1282 5308 1410 5358; x_wconf 83' lang='grc' dir='ltr'>αὐτὸ</span> <span class='ocrx_word' id='word_1_698' title='bbox 1438 5310 1496 5360; x_wconf 81' lang='grc' dir='ltr'>τὸ</span> <span class='ocrx_word' id='word_1_699' title='bbox 1527 5313 1806 5381; x_wconf 75' lang='grc' dir='ltr'>μυστήριον</span> <span class='ocrx_word' id='word_1_700' title='bbox 1836 5316 1932 5367; x_wconf 61' lang='grc' dir='ltr'><strong>οὐκ</strong></span> 
     </span>
    </p>
   </div>
   <div class='ocr_carea' id='block_1_89' title="bbox 361 5394 1932 5472">
    <p class='ocr_par' dir='ltr' id='par_1_89' title="bbox 361 5394 1932 5472">
     <span class='ocr_line' id='line_1_89' title="bbox 361 5394 1932 5472; baseline 0.006 -28"><span class='ocrx_word' id='word_1_701' title='bbox 361 5400 569 5464; x_wconf 67' lang='grc' dir='ltr'><strong>εἰδότες,</strong></span> <span class='ocrx_word' id='word_1_702' title='bbox 620 5403 757 5472; x_wconf 65' lang='grc' dir='ltr'>περὶ</span> <span class='ocrx_word' id='word_1_703' title='bbox 803 5400 996 5465; x_wconf 82' lang='grc' dir='ltr'>πάσης</span> <span class='ocrx_word' id='word_1_704' title='bbox 1040 5394 1416 5463; x_wconf 82' lang='grc' dir='ltr'>προαιρέσεως</span> <span class='ocrx_word' id='word_1_705' title='bbox 1458 5398 1843 5467; x_wconf 73' lang='grc' dir='ltr'>ἀποφηνάμενοι</span> <span class='ocrx_word' id='word_1_706' title='bbox 1874 5405 1932 5469; x_wconf 80' lang='grc' dir='ltr'>ἐξ</span> 
     </span>
    </p>
   </div>
   <div class='ocr_carea' id='block_1_90' title="bbox 422 5544 1804 5616">
    <p class='ocr_par' dir='ltr' id='par_1_90' title="bbox 422 5544 1804 5616">
     <span class='ocr_line' id='line_1_90' title="bbox 422 5544 1804 5616; baseline 0.001 -9"><span class='ocrx_word' id='word_1_707' title='bbox 422 5554 534 5614; x_wconf 72' lang='lat' dir='ltr'><strong>(IS)</strong></span> <span class='ocrx_word' id='word_1_708' title='bbox 580 5552 895 5606; x_wconf 79' lang='lat' dir='ltr'><strong>I&#39;hilocnlia</strong></span> <span class='ocrx_word' id='word_1_709' title='bbox 930 5550 1222 5610; x_wconf 76' lang='lat' dir='ltr'><strong>impressa,</strong></span> <span class='ocrx_word' id='word_1_710' title='bbox 1252 5544 1624 5616; x_wconf 49' lang='lat' dir='ltr'><strong>ﬁpﬁcénxévat,</strong></span> <span class='ocrx_word' id='word_1_711' title='bbox 1652 5554 1804 5608; x_wconf 84' lang='lat' dir='ltr'><strong>male.</strong></span> 
     </span>
    </p>
   </div>
   <div class='ocr_carea' id='block_1_91' title="bbox 419 5612 1491 5691">
    <p class='ocr_par' dir='ltr' id='par_1_91' title="bbox 419 5612 1491 5691">
     <span class='ocr_line' id='line_1_91' title="bbox 419 5612 1491 5691; baseline -0.009 -16"><span class='ocrx_word' id='word_1_712' title='bbox 419 5612 534 5691; x_wconf 76' lang='grc'><strong>(16)</strong></span> <span class='ocrx_word' id='word_1_713' title='bbox 576 5623 808 5681; x_wconf 79' lang='lat' dir='ltr'><strong>Eadem,</strong></span> <span class='ocrx_word' id='word_1_714' title='bbox 841 5612 1321 5675; x_wconf 77' lang='grc' dir='ltr'>ἀποκαταστικός,</span> <span class='ocrx_word' id='word_1_715' title='bbox 1346 5612 1491 5667; x_wconf 83' lang='lat' dir='ltr'><strong>male.</strong></span> 
     </span>
    </p>
   </div>
   <div class='ocr_carea' id='block_1_92' title="bbox 2051 3350 3577 3420">
    <p class='ocr_par' dir='ltr' id='par_1_92' title="bbox 2051 3350 3577 3420">
     <span class='ocr_line' id='line_1_92' title="bbox 2051 3350 3577 3420; baseline -0.001 -17"><span class='ocrx_word' id='word_1_716' title='bbox 2051 3350 2186 3403; x_wconf 91' lang='lat' dir='ltr'><strong>mala</strong></span> <span class='ocrx_word' id='word_1_717' title='bbox 2212 3352 2454 3404; x_wconf 84' lang='lat' dir='ltr'><strong>evenisse</strong></span> <span class='ocrx_word' id='word_1_718' title='bbox 2480 3352 2725 3415; x_wconf 83' lang='lat' dir='ltr'><strong>dixeras;</strong></span> <span class='ocrx_word' id='word_1_719' title='bbox 2769 3352 2957 3404; x_wconf 89' lang='lat' dir='ltr'><strong>deinde</strong></span> <span class='ocrx_word' id='word_1_720' title='bbox 2982 3353 3273 3420; x_wconf 81' lang='lat' dir='ltr'><strong>interroga,</strong></span> <span class='ocrx_word' id='word_1_721' title='bbox 3300 3366 3402 3419; x_wconf 85' lang='lat' dir='ltr'><strong>qua</strong></span> <span class='ocrx_word' id='word_1_722' title='bbox 3434 3352 3484 3405; x_wconf 87' lang='lat' dir='ltr'><strong>id</strong></span> <span class='ocrx_word' id='word_1_723' title='bbox 3513 3366 3577 3402; x_wconf 82' lang='lat' dir='ltr'><strong>ex</strong></span> 
     </span>
    </p>
   </div>
   <div class='ocr_carea' id='block_1_93' title="bbox 2048 3439 3577 3504">
    <p class='ocr_par' dir='ltr' id='par_1_93' title="bbox 2048 3439 3577 3504">
     <span class='ocr_line' id='line_1_93' title="bbox 2048 3439 3577 3504; baseline -0.001 -13"><span class='ocrx_word' id='word_1_724' title='bbox 2048 3439 2225 3503; x_wconf 88' lang='lat' dir='ltr'><strong>genesi</strong></span> <span class='ocrx_word' id='word_1_725' title='bbox 2269 3439 2359 3492; x_wconf 86' lang='lat' dir='ltr'><strong>tibi</strong></span> <span class='ocrx_word' id='word_1_726' title='bbox 2396 3439 2658 3493; x_wconf 89' lang='lat' dir='ltr'><strong>evenerit.</strong></span> <span class='ocrx_word' id='word_1_727' title='bbox 2693 3439 2785 3492; x_wconf 90' lang='lat' dir='ltr'><strong>llle</strong></span> <span class='ocrx_word' id='word_1_728' title='bbox 2835 3440 3200 3504; x_wconf 84' lang='lat' dir='ltr'><strong>nihilominus,</strong></span> <span class='ocrx_word' id='word_1_729' title='bbox 3231 3449 3287 3492; x_wconf 93' lang='lat' dir='ltr'><strong>ut</strong></span> <span class='ocrx_word' id='word_1_730' title='bbox 3315 3439 3577 3498; x_wconf 87' lang='lat' dir='ltr'><strong>dicebam,</strong></span> 
     </span>
    </p>
   </div>
   <div class='ocr_carea' id='block_1_94' title="bbox 2047 3526 3579 3594">
    <p class='ocr_par' dir='ltr' id='par_1_94' title="bbox 2047 3526 3579 3594">
     <span class='ocr_line' id='line_1_94' title="bbox 2047 3526 3579 3594; baseline 0.005 -19"><span class='ocrx_word' id='word_1_731' title='bbox 2047 3526 2364 3580; x_wconf 87' lang='lat' dir='ltr'><strong>ementiente</strong></span> <span class='ocrx_word' id='word_1_732' title='bbox 2415 3536 2498 3590; x_wconf 85' lang='lat' dir='ltr'><strong>te,</strong></span> <span class='ocrx_word' id='word_1_733' title='bbox 2560 3542 2626 3580; x_wconf 82' lang='lat' dir='ltr'><strong>ex</strong></span> <span class='ocrx_word' id='word_1_734' title='bbox 2674 3527 2854 3580; x_wconf 86' lang='lat' dir='ltr'><strong>multis</strong></span> <span class='ocrx_word' id='word_1_735' title='bbox 2903 3528 3081 3594; x_wconf 74' lang='lat' dir='ltr'><strong>ﬁguris</strong></span> <span class='ocrx_word' id='word_1_736' title='bbox 3125 3538 3177 3580; x_wconf 87' lang='lat' dir='ltr'><strong>et</strong></span> <span class='ocrx_word' id='word_1_737' title='bbox 3226 3528 3579 3594; x_wconf 72' lang='lat' dir='ltr'><strong>positionibus</strong></span> 
     </span>
    </p>
   </div>
   <div class='ocr_carea' id='block_1_95' title="bbox 2048 3615 3579 3681">
    <p class='ocr_par' dir='ltr' id='par_1_95' title="bbox 2048 3615 3579 3681">
     <span class='ocr_line' id='line_1_95' title="bbox 2048 3615 3579 3681; baseline 0.001 -17"><span class='ocrx_word' id='word_1_738' title='bbox 2048 3628 2204 3665; x_wconf 89' lang='lat' dir='ltr'><strong>unam</strong></span> <span class='ocrx_word' id='word_1_739' title='bbox 2248 3615 2499 3681; x_wconf 70' lang='lat' dir='ltr'><strong>reperiet,</strong></span> <span class='ocrx_word' id='word_1_740' title='bbox 2531 3623 2583 3667; x_wconf 92' lang='lat' dir='ltr'><strong>et</strong></span> <span class='ocrx_word' id='word_1_741' title='bbox 2620 3615 2927 3677; x_wconf 78' lang='lat' dir='ltr'><strong>secundum,</strong></span> <span class='ocrx_word' id='word_1_742' title='bbox 2973 3624 3026 3666; x_wconf 89' lang='lat' dir='ltr'><strong>et</strong></span> <span class='ocrx_word' id='word_1_743' title='bbox 3064 3616 3297 3681; x_wconf 81' lang='lat' dir='ltr'><strong>tertiam,</strong></span> <span class='ocrx_word' id='word_1_744' title='bbox 3347 3625 3399 3667; x_wconf 88' lang='lat' dir='ltr'><strong>et</strong></span> <span class='ocrx_word' id='word_1_745' title='bbox 3448 3615 3579 3667; x_wconf 81' lang='lat' dir='ltr'><strong>alias</strong></span> 
     </span>
    </p>
   </div>
   <div class='ocr_carea' id='block_1_96' title="bbox 2045 3683 3572 3769">
    <p class='ocr_par' dir='ltr' id='par_1_96' title="bbox 2045 3683 3572 3769">
     <span class='ocr_line' id='line_1_96' title="bbox 2045 3683 3572 3769; baseline 0.002 -18"><span class='ocrx_word' id='word_1_746' title='bbox 2045 3703 2247 3769; x_wconf 86' lang='lat' dir='ltr'><strong>plures,</strong></span> <span class='ocrx_word' id='word_1_747' title='bbox 2301 3704 2450 3769; x_wconf 89' lang='lat' dir='ltr'><strong>quasi</strong></span> <span class='ocrx_word' id='word_1_748' title='bbox 2497 3683 2863 3763; x_wconf 41' lang='lat' dir='ltr'><strong>ea&#39;eﬁ‘ecerit,</strong></span> <span class='ocrx_word' id='word_1_749' title='bbox 2892 3703 3053 3757; x_wconf 89' lang='lat' dir='ltr'><strong>unde</strong></span> <span class='ocrx_word' id='word_1_750' title='bbox 3100 3702 3234 3754; x_wconf 89' lang='lat' dir='ltr'><strong>bona</strong></span> <span class='ocrx_word' id='word_1_751' title='bbox 3296 3703 3387 3755; x_wconf 89' lang='lat' dir='ltr'><strong>tibi</strong></span> <span class='ocrx_word' id='word_1_752' title='bbox 3435 3703 3572 3756; x_wconf 91' lang='lat' dir='ltr'><strong>dicet</strong></span> 
     </span>
    </p>
   </div>
   <div class='ocr_carea' id='block_1_97' title="bbox 2044 3788 3572 3856">
    <p class='ocr_par' dir='ltr' id='par_1_97' title="bbox 2044 3788 3572 3856">
     <span class='ocr_line' id='line_1_97' title="bbox 2044 3788 3572 3856; baseline 0.002 -17"><span class='ocrx_word' id='word_1_753' title='bbox 2044 3789 2305 3842; x_wconf 75' lang='lat' dir='ltr'><strong>evenisse.</strong></span> <span class='ocrx_word' id='word_1_754' title='bbox 2336 3788 2475 3841; x_wconf 83' lang='lat' dir='ltr'><strong>Fieri</strong></span> <span class='ocrx_word' id='word_1_755' title='bbox 2513 3790 2709 3856; x_wconf 86' lang='lat' dir='ltr'><strong>quippe</strong></span> <span class='ocrx_word' id='word_1_756' title='bbox 2736 3803 2837 3841; x_wconf 92' lang='lat' dir='ltr'><strong>non</strong></span> <span class='ocrx_word' id='word_1_757' title='bbox 2873 3798 3066 3855; x_wconf 87' lang='lat' dir='ltr'><strong>potest,</strong></span> <span class='ocrx_word' id='word_1_758' title='bbox 3106 3800 3162 3841; x_wconf 91' lang='lat' dir='ltr'><strong>ut</strong></span> <span class='ocrx_word' id='word_1_759' title='bbox 3206 3791 3259 3843; x_wconf 90' lang='lat' dir='ltr'><strong>in</strong></span> <span class='ocrx_word' id='word_1_760' title='bbox 3283 3792 3425 3845; x_wconf 77' lang='lat' dir='ltr'><strong>ottini</strong></span> <span class='ocrx_word' id='word_1_761' title='bbox 3454 3801 3572 3844; x_wconf 90' lang='lat' dir='ltr'><strong>ortu</strong></span> 
     </span>
    </p>
   </div>
   <div class='ocr_carea' id='block_1_98' title="bbox 2046 3877 3571 3943">
    <p class='ocr_par' dir='ltr' id='par_1_98' title="bbox 2046 3877 3571 3943">
     <span class='ocr_line' id='line_1_98' title="bbox 2046 3877 3571 3943; baseline 0 -12"><span class='ocrx_word' id='word_1_762' title='bbox 2046 3880 2338 3941; x_wconf 89' lang='lat' dir='ltr'><strong>hominum,</strong></span> <span class='ocrx_word' id='word_1_763' title='bbox 2369 3893 2473 3931; x_wconf 92' lang='lat' dir='ltr'><strong>non</strong></span> <span class='ocrx_word' id='word_1_764' title='bbox 2511 3879 2561 3929; x_wconf 92' lang='lat' dir='ltr'><strong>in</strong></span> <span class='ocrx_word' id='word_1_765' title='bbox 2588 3877 2730 3930; x_wconf 90' lang='lat' dir='ltr'><strong>omni</strong></span> <span class='ocrx_word' id='word_1_766' title='bbox 2762 3877 2913 3941; x_wconf 87' lang='lat' dir='ltr'><strong>hora,</strong></span> <span class='ocrx_word' id='word_1_767' title='bbox 2952 3879 3222 3932; x_wconf 83' lang='lat' dir='ltr'><strong>stellarum</strong></span> <span class='ocrx_word' id='word_1_768' title='bbox 3254 3881 3334 3933; x_wconf 73' lang='lat' dir='ltr'><strong>im</strong></span> <span class='ocrx_word' id='word_1_769' title='bbox 3356 3882 3571 3943; x_wconf 88' lang='lat' dir='ltr'><strong>bonam,</strong></span> 
     </span>
    </p>
   </div>
   <div class='ocr_carea' id='block_1_99' title="bbox 2043 3967 3574 4035">
    <p class='ocr_par' dir='ltr' id='par_1_99' title="bbox 2043 3967 3574 4035">
     <span class='ocr_line' id='line_1_99' title="bbox 2043 3967 3574 4035; baseline 0.002 -16"><span class='ocrx_word' id='word_1_770' title='bbox 2043 3968 2143 4019; x_wconf 65' lang='lat' dir='ltr'><strong>illa:</strong></span> <span class='ocrx_word' id='word_1_771' title='bbox 2180 3967 2370 4020; x_wconf 88' lang='lat' dir='ltr'><strong>malam</strong></span> <span class='ocrx_word' id='word_1_772' title='bbox 2404 3967 2634 4020; x_wconf 84' lang='lat' dir='ltr'><strong>habeant</strong></span> <span class='ocrx_word' id='word_1_773' title='bbox 2663 3967 2983 4035; x_wconf 85' lang='lat' dir='ltr'><strong>positionem</strong></span> <span class='ocrx_word' id='word_1_774' title='bbox 3012 3987 3023 4020; x_wconf 92' lang='lat'>:</span> <span class='ocrx_word' id='word_1_775' title='bbox 3059 3967 3290 4021; x_wconf 89' lang='lat' dir='ltr'><strong>circulus</strong></span> <span class='ocrx_word' id='word_1_776' title='bbox 3317 3969 3458 4021; x_wconf 89' lang='lat' dir='ltr'><strong>enim</strong></span> <span class='ocrx_word' id='word_1_777' title='bbox 3488 3970 3574 4023; x_wconf 87' lang='lat' dir='ltr'><strong>ille</strong></span> 
     </span>
    </p>
   </div>
   <div class='ocr_carea' id='block_1_100' title="bbox 2041 4056 3574 4126">
    <p class='ocr_par' dir='ltr' id='par_1_100' title="bbox 2041 4056 3574 4126">
     <span class='ocr_line' id='line_1_100' title="bbox 2041 4056 3574 4126; baseline 0.003 -17"><span class='ocrx_word' id='word_1_778' title='bbox 2041 4059 2281 4126; x_wconf 87' lang='lat' dir='ltr'><strong>partibus</strong></span> <span class='ocrx_word' id='word_1_779' title='bbox 2318 4056 2537 4124; x_wconf 75' lang='lat' dir='ltr'><strong>:equalis</strong></span> <span class='ocrx_word' id='word_1_780' title='bbox 2587 4064 2639 4110; x_wconf 91' lang='lat' dir='ltr'><strong>et</strong></span> <span class='ocrx_word' id='word_1_781' title='bbox 2696 4056 2872 4109; x_wconf 80' lang='lat' dir='ltr'><strong>varius</strong></span> <span class='ocrx_word' id='word_1_782' title='bbox 2906 4066 3007 4117; x_wconf 88' lang='lat' dir='ltr'><strong>est,</strong></span> <span class='ocrx_word' id='word_1_783' title='bbox 3048 4064 3101 4110; x_wconf 87' lang='lat' dir='ltr'><strong>et</strong></span> <span class='ocrx_word' id='word_1_784' title='bbox 3144 4057 3378 4110; x_wconf 89' lang='lat' dir='ltr'><strong>inﬁnitas</strong></span> <span class='ocrx_word' id='word_1_785' title='bbox 3417 4059 3574 4113; x_wconf 90' lang='lat' dir='ltr'><strong>habet</strong></span> 
     </span>
    </p>
   </div>
   <div class='ocr_carea' id='block_1_101' title="bbox 2042 4144 3570 4216">
    <p class='ocr_par' dir='ltr' id='par_1_101' title="bbox 2042 4144 3570 4216">
     <span class='ocr_line' id='line_1_101' title="bbox 2042 4144 3570 4216; baseline 0.002 -14"><span class='ocrx_word' id='word_1_786' title='bbox 2042 4148 2280 4216; x_wconf 90' lang='lat' dir='ltr'><strong>species;</strong></span> <span class='ocrx_word' id='word_1_787' title='bbox 2318 4148 2455 4201; x_wconf 90' lang='lat' dir='ltr'><strong>unde</strong></span> <span class='ocrx_word' id='word_1_788' title='bbox 2475 4144 2937 4214; x_wconf 71' lang='lat' dir='ltr'><strong>quidlibet&#39;dicere</strong></span> <span class='ocrx_word' id='word_1_789' title='bbox 2959 4149 3131 4214; x_wconf 78' lang='lat' dir='ltr'><strong>quivis</strong></span> <span class='ocrx_word' id='word_1_790' title='bbox 3158 4150 3343 4215; x_wconf 88' lang='lat' dir='ltr'><strong>possit.</strong></span> <span class='ocrx_word' id='word_1_791' title='bbox 3375 4150 3570 4215; x_wconf 86' lang='lat' dir='ltr'><strong>Quem-</strong></span> 
     </span>
    </p>
   </div>
   <div class='ocr_carea' id='block_1_102' title="bbox 2042 4237 3574 4304">
    <p class='ocr_par' dir='ltr' id='par_1_102' title="bbox 2042 4237 3574 4304">
     <span class='ocr_line' id='line_1_102' title="bbox 2042 4237 3574 4304; baseline 0.003 -14"><span class='ocrx_word' id='word_1_792' title='bbox 2042 4237 2323 4291; x_wconf 88' lang='lat' dir='ltr'><strong>admodum</strong></span> <span class='ocrx_word' id='word_1_793' title='bbox 2378 4237 2517 4289; x_wconf 89' lang='lat' dir='ltr'><strong>enim</strong></span> <span class='ocrx_word' id='word_1_794' title='bbox 2583 4238 2649 4289; x_wconf 91' lang='lat' dir='ltr'><strong>de</strong></span> <span class='ocrx_word' id='word_1_795' title='bbox 2702 4238 2969 4304; x_wconf 76' lang='lat' dir='ltr'><strong>perplexis</strong></span> <span class='ocrx_word' id='word_1_796' title='bbox 3017 4249 3069 4291; x_wconf 87' lang='lat' dir='ltr'><strong>ct</strong></span> <span class='ocrx_word' id='word_1_797' title='bbox 3125 4239 3295 4292; x_wconf 86' lang='lat' dir='ltr'><strong>dubiis</strong></span> <span class='ocrx_word' id='word_1_798' title='bbox 3353 4243 3574 4295; x_wconf 90' lang='lat' dir='ltr'><strong>somniis</strong></span> 
     </span>
    </p>
   </div>
   <div class='ocr_carea' id='block_1_103' title="bbox 2040 4312 3570 4399">
    <p class='ocr_par' dir='ltr' id='par_1_103' title="bbox 2040 4312 3570 4399">
     <span class='ocr_line' id='line_1_103' title="bbox 2040 4312 3570 4399; baseline 0.003 -20"><span class='ocrx_word' id='word_1_799' title='bbox 2040 4312 2167 4379; x_wconf 84' lang='lat' dir='ltr'><strong>nihil</strong></span> <span class='ocrx_word' id='word_1_800' title='bbox 2216 4325 2593 4394; x_wconf 84' lang='lat' dir='ltr'><strong>intelligimus;</strong></span> <span class='ocrx_word' id='word_1_801' title='bbox 2646 4336 2718 4390; x_wconf 93' lang='lat' dir='ltr'><strong>at,</strong></span> <span class='ocrx_word' id='word_1_802' title='bbox 2771 4328 2857 4380; x_wconf 81' lang='lat' dir='ltr'><strong>ubi</strong></span> <span class='ocrx_word' id='word_1_803' title='bbox 2883 4330 3195 4393; x_wconf 81' lang='lat' dir='ltr'><strong>evenerint,</strong></span> <span class='ocrx_word' id='word_1_804' title='bbox 3239 4331 3570 4399; x_wconf 85' lang='lat' dir='ltr'><strong>aptissimam</strong></span> 
     </span>
    </p>
   </div>
   <div class='ocr_carea' id='block_1_104' title="bbox 2038 4414 3570 4481">
    <p class='ocr_par' dir='ltr' id='par_1_104' title="bbox 2038 4414 3570 4481">
     <span class='ocr_line' id='line_1_104' title="bbox 2038 4414 3570 4481; baseline 0.003 -12"><span class='ocrx_word' id='word_1_805' title='bbox 2038 4414 2419 4481; x_wconf 80' lang='lat' dir='ltr'><strong>expositionem</strong></span> <span class='ocrx_word' id='word_1_806' title='bbox 2448 4415 2640 4468; x_wconf 82' lang='lat' dir='ltr'><strong>alIcrre</strong></span> <span class='ocrx_word' id='word_1_807' title='bbox 2671 4416 2937 4481; x_wconf 83' lang='lat' dir='ltr'><strong>solemus;</strong></span> <span class='ocrx_word' id='word_1_808' title='bbox 2973 4419 3044 4471; x_wconf 90' lang='lat' dir='ltr'><strong>ita</strong></span> <span class='ocrx_word' id='word_1_809' title='bbox 3067 4420 3570 4475; x_wconf 87' lang='lat' dir='ltr'><strong>mathematicorum</strong></span> 
     </span>
    </p>
   </div>
   <div class='ocr_carea' id='block_1_105' title="bbox 2039 4506 3571 4577">
    <p class='ocr_par' dir='ltr' id='par_1_105' title="bbox 2039 4506 3571 4577">
     <span class='ocr_line' id='line_1_105' title="bbox 2039 4506 3571 4577; baseline 0.004 -20"><span class='ocrx_word' id='word_1_810' title='bbox 2039 4506 2341 4573; x_wconf 88' lang='lat' dir='ltr'><strong>disciplina,</strong></span> <span class='ocrx_word' id='word_1_811' title='bbox 2389 4515 2671 4573; x_wconf 76' lang='lat' dir='ltr'><strong>antequam</strong></span> <span class='ocrx_word' id='word_1_812' title='bbox 2716 4506 2842 4572; x_wconf 86' lang='lat' dir='ltr'><strong>quid</strong></span> <span class='ocrx_word' id='word_1_813' title='bbox 2895 4509 3167 4572; x_wconf 85' lang='lat' dir='ltr'><strong>evenerit,</strong></span> <span class='ocrx_word' id='word_1_814' title='bbox 3217 4508 3348 4560; x_wconf 91' lang='lat' dir='ltr'><strong>nihil</strong></span> <span class='ocrx_word' id='word_1_815' title='bbox 3390 4519 3571 4577; x_wconf 89' lang='lat' dir='ltr'><strong>aperte</strong></span> 
     </span>
    </p>
   </div>
   <div class='ocr_carea' id='block_1_106' title="bbox 2040 4594 3565 4664">
    <p class='ocr_par' dir='ltr' id='par_1_106' title="bbox 2040 4594 3565 4664">
     <span class='ocr_line' id='line_1_106' title="bbox 2040 4594 3565 4664; baseline 0.003 -17"><span class='ocrx_word' id='word_1_816' title='bbox 2040 4594 2188 4647; x_wconf 89' lang='lat' dir='ltr'><strong>nobis</strong></span> <span class='ocrx_word' id='word_1_817' title='bbox 2234 4594 2512 4647; x_wconf 90' lang='lat' dir='ltr'><strong>declarare</strong></span> <span class='ocrx_word' id='word_1_818' title='bbox 2556 4603 2766 4661; x_wconf 88' lang='lat' dir='ltr'><strong>potest:</strong></span> <span class='ocrx_word' id='word_1_819' title='bbox 2804 4609 2986 4647; x_wconf 90' lang='lat' dir='ltr'><strong>verum</strong></span> <span class='ocrx_word' id='word_1_820' title='bbox 3032 4597 3119 4649; x_wconf 88' lang='lat' dir='ltr'><strong>ubi</strong></span> <span class='ocrx_word' id='word_1_821' title='bbox 3173 4611 3257 4650; x_wconf 85' lang='lat' dir='ltr'><strong>res</strong></span> <span class='ocrx_word' id='word_1_822' title='bbox 3307 4600 3565 4664; x_wconf 87' lang='lat' dir='ltr'><strong>evenerit,</strong></span> 
     </span>
    </p>
   </div>
   <div class='ocr_carea' id='block_1_107' title="bbox 2038 4685 3569 4757">
    <p class='ocr_par' dir='ltr' id='par_1_107' title="bbox 2038 4685 3569 4757">
     <span class='ocr_line' id='line_1_107' title="bbox 2038 4685 3569 4757; baseline 0.005 -21"><span class='ocrx_word' id='word_1_823' title='bbox 2038 4692 2163 4736; x_wconf 73' lang='lat' dir='ltr'><strong>time</strong></span> <span class='ocrx_word' id='word_1_824' title='bbox 2221 4699 2381 4737; x_wconf 89' lang='lat' dir='ltr'><strong>causa</strong></span> <span class='ocrx_word' id='word_1_825' title='bbox 2449 4696 2672 4737; x_wconf 88' lang='lat' dir='ltr'><strong>eventus</strong></span> <span class='ocrx_word' id='word_1_826' title='bbox 2732 4685 3018 4737; x_wconf 82' lang='lat' dir='ltr'><strong>manifesta</strong></span> <span class='ocrx_word' id='word_1_827' title='bbox 3076 4695 3323 4754; x_wconf 88' lang='lat' dir='ltr'><strong>apparet;</strong></span> <span class='ocrx_word' id='word_1_828' title='bbox 3390 4689 3569 4757; x_wconf 85' lang='lat' dir='ltr'><strong>itaque</strong></span> 
     </span>
    </p>
   </div>
   <div class='ocr_carea' id='block_1_108' title="bbox 2040 4773 3571 4846">
    <p class='ocr_par' dir='ltr' id='par_1_108' title="bbox 2040 4773 3571 4846">
     <span class='ocr_line' id='line_1_108' title="bbox 2040 4773 3571 4846; baseline 0.004 -20"><span class='ocrx_word' id='word_1_829' title='bbox 2040 4788 2441 4839; x_wconf 68' lang='lat' dir='ltr'><strong>saepenumero,</strong></span> <span class='ocrx_word' id='word_1_830' title='bbox 2498 4774 2588 4841; x_wconf 89' lang='lat' dir='ltr'><strong>qui</strong></span> <span class='ocrx_word' id='word_1_831' title='bbox 2646 4776 2973 4841; x_wconf 75' lang='lat' dir='ltr'><strong>praedicunt,</strong></span> <span class='ocrx_word' id='word_1_832' title='bbox 3026 4773 3295 4839; x_wconf 81' lang='lat' dir='ltr'><strong>falluntur,</strong></span> <span class='ocrx_word' id='word_1_833' title='bbox 3354 4787 3407 4829; x_wconf 91' lang='lat' dir='ltr'><strong>ct</strong></span> <span class='ocrx_word' id='word_1_834' title='bbox 3452 4790 3571 4846; x_wconf 64' lang='lat' dir='ltr'><strong>post</strong></span> 
     </span>
    </p>
   </div>
   <div class='ocr_carea' id='block_1_109' title="bbox 2040 4864 3568 4932">
    <p class='ocr_par' dir='ltr' id='par_1_109' title="bbox 2040 4864 3568 4932">
     <span class='ocr_line' id='line_1_109' title="bbox 2040 4864 3568 4932; baseline 0.002 -17"><span class='ocrx_word' id='word_1_835' title='bbox 2040 4872 2284 4915; x_wconf 86' lang='lat' dir='ltr'><strong>eventum</strong></span> <span class='ocrx_word' id='word_1_836' title='bbox 2315 4864 2411 4931; x_wconf 89' lang='lat' dir='ltr'><strong>ipsi</strong></span> <span class='ocrx_word' id='word_1_837' title='bbox 2441 4878 2498 4916; x_wconf 90' lang='lat' dir='ltr'><strong>se</strong></span> <span class='ocrx_word' id='word_1_838' title='bbox 2543 4866 2964 4932; x_wconf 89' lang='lat' dir='ltr'><strong>reprehendunt,</strong></span> <span class='ocrx_word' id='word_1_839' title='bbox 3013 4865 3298 4930; x_wconf 90' lang='lat' dir='ltr'><strong>dicuntque</strong></span> <span class='ocrx_word' id='word_1_840' title='bbox 3318 4906 3331 4927; x_wconf 88' lang='lat'><strong>,</strong></span> <span class='ocrx_word' id='word_1_841' title='bbox 3377 4864 3432 4919; x_wconf 85' lang='lat' dir='ltr'><strong>Id</strong></span> <span class='ocrx_word' id='word_1_842' title='bbox 3460 4883 3568 4921; x_wconf 88' lang='lat' dir='ltr'><strong>rem</strong></span> 
     </span>
    </p>
   </div>
   <div class='ocr_carea' id='block_1_110' title="bbox 2039 4952 3565 5021">
    <p class='ocr_par' dir='ltr' id='par_1_110' title="bbox 2039 4952 3565 5021">
     <span class='ocr_line' id='line_1_110' title="bbox 2039 4952 3565 5021; baseline 0.001 -14"><span class='ocrx_word' id='word_1_843' title='bbox 2039 4952 2305 5018; x_wconf 77' lang='lat' dir='ltr'><strong>ell‘ecerat,</strong></span> <span class='ocrx_word' id='word_1_844' title='bbox 2332 4964 2384 5006; x_wconf 91' lang='lat' dir='ltr'><strong>et</strong></span> <span class='ocrx_word' id='word_1_845' title='bbox 2407 4956 2793 5008; x_wconf 80' lang='lat' dir='ltr'><strong>nesciebamUs.</strong></span> <span class='ocrx_word' id='word_1_846' title='bbox 2819 4955 3024 5021; x_wconf 87' lang='lat' dir='ltr'><strong>Lapsus</strong></span> <span class='ocrx_word' id='word_1_847' title='bbox 3048 4955 3205 5021; x_wconf 84' lang='lat' dir='ltr'><strong>igitur</strong></span> <span class='ocrx_word' id='word_1_848' title='bbox 3229 4955 3313 5006; x_wconf 91' lang='lat' dir='ltr'><strong>ille</strong></span> <span class='ocrx_word' id='word_1_849' title='bbox 3336 4970 3398 5008; x_wconf 89' lang='lat' dir='ltr'><strong>ac</strong></span> <span class='ocrx_word' id='word_1_850' title='bbox 3421 4972 3565 5011; x_wconf 79' lang='lat' dir='ltr'><strong>error</strong></span> 
     </span>
    </p>
   </div>
   <div class='ocr_carea' id='block_1_111' title="bbox 2040 5028 3568 5112">
    <p class='ocr_par' dir='ltr' id='par_1_111' title="bbox 2040 5028 3568 5112">
     <span class='ocr_line' id='line_1_111' title="bbox 2040 5028 3568 5112; baseline 0.003 -18"><span class='ocrx_word' id='word_1_851' title='bbox 2040 5044 2117 5096; x_wconf 88' lang='lat' dir='ltr'><strong>vel</strong></span> <span class='ocrx_word' id='word_1_852' title='bbox 2150 5044 2591 5111; x_wconf 82' lang='lat' dir='ltr'><strong>peritissimorum</strong></span> <span class='ocrx_word' id='word_1_853' title='bbox 2615 5045 2734 5099; x_wconf 90' lang='lat' dir='ltr'><strong>inde</strong></span> <span class='ocrx_word' id='word_1_854' title='bbox 2761 5056 2861 5106; x_wconf 90' lang='lat' dir='ltr'><strong>est,</strong></span> <span class='ocrx_word' id='word_1_855' title='bbox 2887 5046 3027 5112; x_wconf 85' lang='lat' dir='ltr'><strong>quod</strong></span> <span class='ocrx_word' id='word_1_856' title='bbox 3060 5028 3326 5110; x_wconf 74' lang='lat' dir='ltr'><strong>ignorent,</strong></span> <span class='ocrx_word' id='word_1_857' title='bbox 3362 5055 3423 5097; x_wconf 90' lang='lat' dir='ltr'><strong>ut</strong></span> <span class='ocrx_word' id='word_1_858' title='bbox 3451 5049 3568 5099; x_wconf 84' lang='lat' dir='ltr'><strong>heri</strong></span> 
     </span>
    </p>
   </div>
   <div class='ocr_carea' id='block_1_112' title="bbox 2039 5134 3572 5202">
    <p class='ocr_par' dir='ltr' id='par_1_112' title="bbox 2039 5134 3572 5202">
     <span class='ocr_line' id='line_1_112' title="bbox 2039 5134 3572 5202; baseline 0.001 -17"><span class='ocrx_word' id='word_1_859' title='bbox 2039 5134 2299 5198; x_wconf 89' lang='lat' dir='ltr'><strong>dicebam,</strong></span> <span class='ocrx_word' id='word_1_860' title='bbox 2330 5150 2572 5202; x_wconf 60' lang='lat' dir='ltr'><strong>quaenam</strong></span> <span class='ocrx_word' id='word_1_861' title='bbox 2596 5138 2814 5189; x_wconf 91' lang='lat' dir='ltr'><strong>omnino</strong></span> <span class='ocrx_word' id='word_1_862' title='bbox 2848 5137 3121 5189; x_wconf 88' lang='lat' dir='ltr'><strong>sintortns</strong></span> <span class='ocrx_word' id='word_1_863' title='bbox 3145 5146 3339 5195; x_wconf 68' lang='lat' dir='ltr'><strong>causae,</strong></span> <span class='ocrx_word' id='word_1_864' title='bbox 3372 5144 3427 5185; x_wconf 87' lang='lat' dir='ltr'><strong>et</strong></span> <span class='ocrx_word' id='word_1_865' title='bbox 3454 5152 3572 5201; x_wconf 71' lang='lat' dir='ltr'><strong>qua:</strong></span> 
     </span>
    </p>
   </div>
   <div class='ocr_carea' id='block_1_113' title="bbox 2039 5221 3573 5292">
    <p class='ocr_par' dir='ltr' id='par_1_113' title="bbox 2039 5221 3573 5292">
     <span class='ocr_line' id='line_1_113' title="bbox 2039 5221 3573 5292; baseline -0.004 -17"><span class='ocrx_word' id='word_1_866' title='bbox 2039 5237 2140 5276; x_wconf 92' lang='lat' dir='ltr'><strong>non</strong></span> <span class='ocrx_word' id='word_1_867' title='bbox 2171 5224 2425 5288; x_wconf 91' lang='lat' dir='ltr'><strong>omnino;</strong></span> <span class='ocrx_word' id='word_1_868' title='bbox 2451 5235 2505 5278; x_wconf 92' lang='lat' dir='ltr'><strong>et</strong></span> <span class='ocrx_word' id='word_1_869' title='bbox 2533 5240 2650 5292; x_wconf 70' lang='lat' dir='ltr'><strong>qum</strong></span> <span class='ocrx_word' id='word_1_870' title='bbox 2677 5227 2895 5277; x_wconf 89' lang='lat' dir='ltr'><strong>omnino</strong></span> <span class='ocrx_word' id='word_1_871' title='bbox 2935 5224 3111 5275; x_wconf 83' lang='lat' dir='ltr'><strong>facere</strong></span> <span class='ocrx_word' id='word_1_872' title='bbox 3152 5221 3431 5284; x_wconf 77' lang='lat' dir='ltr'><strong>cupiamus</strong></span> <span class='ocrx_word' id='word_1_873' title='bbox 3453 5258 3468 5280; x_wconf 92' lang='lat'><strong>,</strong></span> <span class='ocrx_word' id='word_1_874' title='bbox 3518 5231 3573 5270; x_wconf 88' lang='lat' dir='ltr'><strong>at</strong></span> 
     </span>
    </p>
   </div>
   <div class='ocr_carea' id='block_1_114' title="bbox 2037 5310 3569 5375">
    <p class='ocr_par' dir='ltr' id='par_1_114' title="bbox 2037 5310 3569 5375">
     <span class='ocr_line' id='line_1_114' title="bbox 2037 5310 3569 5375; baseline -0.005 -4"><span class='ocrx_word' id='word_1_875' title='bbox 2037 5333 2139 5371; x_wconf 92' lang='lat' dir='ltr'><strong>non</strong></span> <span class='ocrx_word' id='word_1_876' title='bbox 2175 5319 2391 5372; x_wconf 89' lang='lat' dir='ltr'><strong>omnino</strong></span> <span class='ocrx_word' id='word_1_877' title='bbox 2418 5318 2662 5373; x_wconf 76' lang='lat' dir='ltr'><strong>facimus.</strong></span> <span class='ocrx_word' id='word_1_878' title='bbox 2706 5320 2826 5375; x_wconf 71' lang='lat' dir='ltr'><strong>llaec</strong></span> <span class='ocrx_word' id='word_1_879' title='bbox 2870 5329 3045 5373; x_wconf 88' lang='lat' dir='ltr'><strong>autem</strong></span> <span class='ocrx_word' id='word_1_880' title='bbox 3090 5316 3245 5367; x_wconf 62' lang='lat' dir='ltr'><strong>cau’sa</strong></span> <span class='ocrx_word' id='word_1_881' title='bbox 3287 5310 3441 5361; x_wconf 85' lang='lat' dir='ltr'><strong>nobis</strong></span> <span class='ocrx_word' id='word_1_882' title='bbox 3479 5316 3569 5375; x_wconf 81' lang='lat' dir='ltr'><strong>qui</strong></span> 
     </span>
    </p>
   </div>
   <div class='ocr_carea' id='block_1_115' title="bbox 2038 5396 3575 5478">
    <p class='ocr_par' dir='ltr' id='par_1_115' title="bbox 2038 5396 3575 5478">
     <span class='ocr_line' id='line_1_115' title="bbox 2038 5396 3575 5478; baseline -0.004 -17"><span class='ocrx_word' id='word_1_883' title='bbox 2038 5410 2348 5478; x_wconf 84' lang='lat' dir='ltr'><strong>mysterium</strong></span> <span class='ocrx_word' id='word_1_884' title='bbox 2370 5409 2671 5471; x_wconf 88' lang='lat' dir='ltr'><strong>didicimus,</strong></span> <span class='ocrx_word' id='word_1_885' title='bbox 2695 5411 2970 5477; x_wconf 88' lang='lat' dir='ltr'><strong>perspicua</strong></span> <span class='ocrx_word' id='word_1_886' title='bbox 3003 5416 3105 5464; x_wconf 87' lang='lat' dir='ltr'><strong>est,</strong></span> <span class='ocrx_word' id='word_1_887' title='bbox 3133 5400 3254 5464; x_wconf 76' lang='lat' dir='ltr'><strong>quia</strong></span> <span class='ocrx_word' id='word_1_888' title='bbox 3285 5409 3406 5446; x_wconf 74' lang='lat' dir='ltr'><strong>cum</strong></span> <span class='ocrx_word' id='word_1_889' title='bbox 3441 5396 3575 5449; x_wconf 68' lang='lat' dir='ltr'><strong>libu-</strong></span> 
     </span>
    </p>
   </div>
   <div class='ocr_carea' id='block_1_116' title="bbox 2090 5556 3581 5632">
    <p class='ocr_par' dir='ltr' id='par_1_116' title="bbox 2090 5556 3581 5632">
     <span class='ocr_line' id='line_1_116' title="bbox 2090 5556 3581 5632; baseline -0.011 -13"><span class='ocrx_word' id='word_1_890' title='bbox 2090 5562 2199 5632; x_wconf 86' lang='lat' dir='ltr'><strong>(l7)</strong></span> <span class='ocrx_word' id='word_1_891' title='bbox 2241 5564 2370 5619; x_wconf 75' lang='lat' dir='ltr'><strong>Vide</strong></span> <span class='ocrx_word' id='word_1_892' title='bbox 2404 5564 2496 5617; x_wconf 91' lang='lat' dir='ltr'><strong>lib.</strong></span> <span class='ocrx_word' id='word_1_893' title='bbox 2536 5578 2569 5615; x_wconf 75' lang='grc' dir='ltr'><strong>ι</strong></span> <span class='ocrx_word' id='word_1_894' title='bbox 2602 5562 2812 5629; x_wconf 83' lang='lat' dir='ltr'><strong>Recog.,</strong></span> <span class='ocrx_word' id='word_1_895' title='bbox 2845 5574 2899 5611; x_wconf 80' lang='grc' dir='ltr'><strong>η.</strong></span> <span class='ocrx_word' id='word_1_896' title='bbox 2932 5556 2995 5607; x_wconf 81' lang='lat' dir='ltr'><strong>lo</strong></span> <span class='ocrx_word' id='word_1_897' title='bbox 3039 5559 3090 5602; x_wconf 92' lang='lat' dir='ltr'><strong>ct</strong></span> <span class='ocrx_word' id='word_1_898' title='bbox 3144 5558 3281 5612; x_wconf 73' lang='lat' dir='ltr'><strong>seq.,</strong></span> <span class='ocrx_word' id='word_1_899' title='bbox 3309 5556 3362 5596; x_wconf 86' lang='lat' dir='ltr'><strong>et</strong></span> <span class='ocrx_word' id='word_1_900' title='bbox 3413 5558 3581 5602; x_wconf 68' lang='lat' dir='ltr'><strong>uetas</strong></span> 
     </span>
    </p>
   </div>
   <div class='ocr_carea' id='block_1_117' title="bbox 2039 5629 2305 5686">
    <p class='ocr_par' dir='ltr' id='par_1_117' title="bbox 2039 5629 2305 5686">
     <span class='ocr_line' id='line_1_117' title="bbox 2039 5629 2305 5686; baseline 0.004 -3"><span class='ocrx_word' id='word_1_901' title='bbox 2039 5629 2305 5686; x_wconf 49' lang='lat' dir='ltr'><strong>Gotcl&#39;erii.</strong></span> 
     </span>
    </p>
   </div>
  </div>
