3878 6178
517 302 591 357 95
1956 272 2291 341 omoENEs
3637 254 3693 309 96

522 409 836 471 scabellum,
875 405 1142 460 invenitur
1177 405 1517 458 deambulare
1563 405 1614 457 in
1651 406 1762 458 solo
1783 405 2050 471 paradiso,

2155 399 2328 451 πόδιον
2359 394 2463 446 τῶν
2495 389 2686 453 ποδῶν.
2713 388 2770 438 ὲν
2799 385 2944 454 μόνῳ
2965 380 3046 450 τῷ
3070 373 3386 447 παραδείσῳ
3411 369 3691 471 appianae}

522 511 612 552 aut
638 507 855 566 apparet
885 496 1012 549 Mosi
1042 499 1093 546 in
1127 494 1324 548 vertice
1375 497 1572 547 montis
1605 493 1773 546 Sina?
1824 495 1886 546 Et
1923 510 2054 562 quo-

523 588 678 640 modo
707 585 917 652 ille,qui
959 584 1082 637 talia
1118 585 1182 638 de
1223 583 1330 638 Deo
1355 583 1760 645 existimaverit,
1788 597 1887 635 non
1927 583 2055 634 stul-

521 687 612 733 tus
638 676 878 730 dicetur?

523 787 634 856 26
662 785 858 840 Deinde
877 793 988 858 post
1018 783 1199 858 inuita,
1219 783 1590 858 attinuisset-it
1626 782 1712 858 _ad
1752 784 2055 836 eversionem

871 852 1121 920 ejusmodi
1147 852 1420 917 opinionis,
1454 852 1679 911 subiicit.

595 943 697 1009 Qui
729 955 854 997 vero
885 948 1088 996 asseret
1121 938 1270 1002 illud,
1300 940 1366 991 ad
1394 940 1688 1006 imaginem,
1720 953 1821 991 non
1857 937 1908 990 in
1939 951 2057 989 cor-

519 1047 651 1102 pore
670 1030 992 1092 consistere,
1015 1028 1105 1082 sed
1132 1029 1184 1080 in
1207 1028 1382 1081 anima
1426 1027 1691 1088 rationali,
1722 1027 1912 1092 dogma
1948 1037 2058 1078 sta-

524 1130 637 1174 tuet
660 1135 763 1175 non
792 1120 1256 1182 contemnendum,
1277 1115 1727 1184 comprehendens
1754 1129 1871 1182 qua>
1887 1113 2054 1169 facul-

520 1219 660 1263 tates
689 1209 796 1264 sint
842 1208 1026 1275 ipsius.
1057 1206 1187 1260 Nam
1217 1221 1336 1274 quite
1383 1205 1436 1258 in
1473 1204 1685 1257 nomine
1723 1213 1798 1256 est
1836 1203 2056 1257 facultas

519 1297 1213 1368 cognoscendi,judicandi,
1235 1297 1371 1349 bene
1395 1295 1653 1357 merendi,
1686 1294 1912 1346 faciendi
1941 1308 2056 1360 qua:

516 1387 663 1452 iusta
702 1396 844 1449 sunt,
897 1385 1242 1448 fortitudinis,
1271 1393 1344 1446 et,
1373 1393 1430 1435 ut
1463 1381 1623 1435 semel
1655 1382 1846 1445 dicam,
1885 1383 2056 1435 omnis

524 1476 646 1528 boni
682 1475 943 1539 effectrix,
978 1489 1007 1527 a
1043 1473 1149 1525 Deo
1181 1472 1276 1540 ipsi
1315 1480 1492 1525 creata
1541 1479 1622 1524 est
1649 1471 1713 1523 ad
1755 1472 2055 1538 imaginem.

519 1563 676 1627 Quod
707 1570 884 1614 autem
914 1576 1016 1614 non
1052 1561 1222 1612 forma
1250 1560 1513 1626 corporis,
1560 1561 1650 1612 sed
1679 1558 1916 1612 actiones
1969 1572 2055 1611 re-

2159 480 2484 555 περιπατῶν,
2517 479 2550 549 ἦ
2581 479 2637 529 ἐν
2681 479 2746 545 τῇ
2793 474 3005 545 κορυφῇ
3045 468 3142 522 τοῦ
3189 467 3322 519 Σινᾶ
3359 464 3594 555 φαίνεται
3630 461 3692 555 τῷ

2155 550 2356 642 Μωσῆς
2384 571 2489 622 Kal.
2523 567 2636 629 πῶς
2683 563 2855 618 ταῦτά
2903 579 2988 624 τις
3039 560 3171 630 περὶ
3216 555 3354 610 Θεοῦ
3407 550 3627 617 δοξάζων
3645 554 3690 607 οὺ

2160 660 2337 730 μωρὸς
2364 657 2676 725 λεχθήσεται
2698 669 2712 716 ;

2149 764 2291 818 Εἶτα
2317 764 2507 818 πολλὰ
2533 762 2679 829 πρὸς
2704 755 3053 829 ἀνατροπὴν
3093 753 3281 806 εἰπὼν
3311 749 3420 819 τῆς
3452 750 3690 815 τοιαύτης

2702 823 2886 891 δόεηίς
2921 823 3153 890 ἐπάγει.

2237 923 2292 974 '0
2321 922 2376 974 δέ
2411 919 2627 988 φάσκων
2659 916 2718 969 τὸ
2759 913 2881 968 κατ’
2925 913 3138 965 εἰκόνα
3166 909 3277 979 (32)
3308 908 3384 978 μὴ
3423 909 3478 960 ἐν
3514 906 3689 975 σώματι

2156 1009 2311 1074 εἶναι,
2343 1013 2398 1062 ἐν
2418 1010 2472 1062 δὲ
2495 1011 2556 1078 τῇ
2589 1007 2773 1074 λογικῇ
2799 1004 2968 1072 ψυχῇ,
3003 999 3351 1070 παραστήσει
3375 997 3474 1047 οὐκ
3494 995 3691 1046 εὐκατα-

2156 1103 2411 1172 φρόνητον
2454 1099 2643 1168 δόγμα,
2694 1090 3015 1147 καταλαϐὼν
3073 1090 3219 1151 τίνες
3277 1086 3529 1154 δυνάμεις
3579 1083 3690 1135 είσὶν

2156 1191 2340 1259 αὐτῆς.
2379 1190 2441 1241 Ἦ
2467 1188 2572 1257 γὰρ
2609 1183 2876 1254 γνωστικὴ
2918 1179 3154 1249 δύναμις
3181 1181 3215 1247 ή
3245 1179 3303 1229 ἐν
3331 1174 3409 1244 τῷ
3433 1173 3688 1243 ἀνθρώπῳ,

2156 1280 2368 1349 κριτική
2403 1294 2462 1329 τε
2515 1276 2605 1328 καὶ
2656 1269 2992 1341 εὐποιητικὴ,
3047 1265 3505 1336 δικαιοπρακτική
3536 1281 3590 1315 τε
3617 1263 3689 1314 καὶ

2157 1368 2431 1438 ἐρρωμένη
2467 1365 2595 1434 (55),
2637 1364 2728 1416 καὶ
2767 1357 3108 1425 ἁπαξαπλῶς
3154 1356 3358 1417 παντὸς
3400 1351 3559 1406 καλοῦ
3597 1355 3689 1404 ἐπι-

2155 1458 2448 1525 τελεστικὴ,
2478 1457 2596 1507 κατ’
2622 1453 2800 1504 εἰκόνα
2832 1449 2936 1502 ὑπὸ
2959 1448 3054 1502 τοῦ
3080 1445 3217 1499 Θεοῦ
3247 1444 3531 1512 γεγόνασιν
3550 1439 3687 1509 αὐτῷ.

2158 1549 2274 1599 Ὅτι
2313 1546 2366 1597 δὲ
2407 1545 2465 1596 τὸ
2510 1545 2626 1595 κατ’
2656 1541 2835 1592 εἰκόνα
2869 1540 2926 1590 αἰ
2966 1536 3193 1607 πράξεις
3238 1531 3686 1603 χαρακτηρίζουσι,

523 1658 842 1717 prmsentent
877 1650 1028 1700 nobis
1075 1647 1357 1714 imaginem
1392 1645 1504 1707 Dei,
1550 1655 1731 1714 aperte
1777 1645 2051 1714 Apostolus

2156 1636 2248 1688 καὶ
2293 1634 2409 1701 οὐχ).
2442 1634 2474 1702 ή
2511 1631 2600 1684 τοῦ
2649 1629 2892 1698 σώματος
2927 1625 3133 1697 μορφὴ,
3171 1622 3362 1689 σαφῶς
3404 1623 3432 1672 6
3470 1619 3688 1717 Ἀπόιστο-

523 1706 576 1788 in
595 1737 830 1803 Epistola
861 1736 923 1788 ad
950 1706 1259 1788 Corinthios
1280 1733 1440 1786 dicit:
1462 1706 1905 1796 Quemadmodum
1938 1751 2051 1802 por-

2154 1725 2241 1786 λος
2269 1725 2324 1774 ὲν
2354 1724 2416 1791 τῇ
2459 1720 2592 1789 πρὸς
2634 1718 2948 1787 Κορινθίους
2996 1714 3164 1784 φησί’
3195 1713 3400 1778 Καθὼς
3438 1707 3684 1779 ἐφορέσα⁴

526 1835 745 1884 lavimus
797 1833 1074 1894 imaginem
1119 1833 1325 1894 terreni,
1352 1831 1423 1883 ita
1439 1837 1697 1898 portemus
1722 1826 2057 1894 etimaginem

525 1922 735 1973 ccclestis
753 1920 816 1972 "’.
839 1919 902 1972 Et
928 1920 1211 1984 imaginem
1240 1927 1507 1971 terrenam
1527 1923 1724 1985 portat,
1750 1914 1839 1982 qui
1867 1927 2060 1966 secun-

524 2009 646 2060 dum
678 2022 889 2061 carnem
927 2007 1076 2066 vivit,
1100 2014 1153 2059 et
1190 2006 1397 2074 perficit
1422 2019 1583 2072 Opera
1627 2003 1845 2056 carnis:
1875 2001 2060 2068 imagi-

524 2109 644 2148 nem
672 2110 799 2150 vero
833 2094 1090 2154 ccclesiis,
1118 2094 1206 2160 qui
1258 2093 1444 2158 spiritu
1483 2102 1636 2145 actus
1664 2092 1842 2144 carnis
1871 2088 2055 2142 morti-

523 2185 669 2237 ficat.
697 2184 761 2238 Et
789 2185 840 2236 in
867 2183 972 2236 alia
1001 2182 1222 2248 epistola
1252 2182 1373 2234 vita:
1389 2189 1646 2247 praecepta
1665 2178 1896 2240 tradens,
1922 2177 2059 2229 inter

522 2274 626 2328 alia
660 2272 931 2339 praecipit:
969 2269 1032 2323 Ut
1060 2271 1172 2323 sitis
1218 2269 1497 2322 secundum
1535 2267 1806 2334 imaginem
1832 2265 1944 2332 ejus
1973 2267 2058 2335 qui

520 2364 710 2416 creavit
742 2362 807 2414 ⁸⁸.
830 2360 965 2414 Deus
985 2357 1305 2427 longanimis
1326 2364 1444 2408 est:
1467 2355 1536 2407 ita
1566 2355 1724 2407 homo
1742 2354 2059 2421 longanimis

521 2451 682 2504 habet
732 2449 783 2501 id
826 2447 966 2516 quod
996 2455 1077 2499 est
1157 2445 1222 2496 ad
1280 2442 1563 2511 imaginem
1626 2442 1739 2495 Dei.
1785 2440 1966 2494 Justus
2006 2450 2060 2495 et

518 2547 740 2591 sanctus
760 2547 842 2590 est
871 2535 1148 2595 Dominus,
1171 2531 1461 2585 miseratur
1480 2540 1534 2582 et
1554 2528 1878 2582 misericors.
1895 2528 2059 2598 lg’itur

521 2625 611 2690 qui
641 2631 787 2676 amat
807 2621 1067 2688 justitiam
1115 2628 1168 2672 et
1204 2617 1566 2677 sanctitatem,
1592 2624 1644 2666 et
1671 2616 1875 2683 peragit
1900 2625 2058 2682 atque

522 2713 773 2765 observat
818 2717 1136 2777 praeceptum
1173 2708 1310 2759 istud
1355 2703 1650 2757 Salvatoris
1680 2719 1696 2756 :
1728 2703 1907 2757 Estote
1957 2706 2056 2755 mi-

521 2799 827 2863 sericordes,
865 2798 1292 2866 quemadmodum
1349 2794 1504 2847 Pater
1554 2803 1718 2846 vester
1767 2795 2056 2848 misericors

528 2901 601 2943 est
635 2891 710 2950 "';
737 2899 789 2942 et
824 2906 837 2940 :
871 2887 1045 2940 Estote
1073 2887 1306 2954 perfecti,
1330 2885 1459 2937 sicut
1483 2881 1639 2935 Pater
1664 2895 1826 2938 vester
1844 2886 2057 2941 caelestis

451 3041 460 3050 ε
521 2979 777 3047 perfectus
797 2977 952 3044 est",
983 2978 1041 3029 tit
1067 2977 1241 3046 imago
1276 2978 1364 3030 Dei
1396 2993 1489 3045 per
1510 2976 1709 3031 omnia.

593 3149 658 3202 Et
687 3149 1027 3203 dominamini
1058 3149 1285 3217 piscibus
1316 3149 1498 3211 maris,
1521 3158 1569 3201 et
1591 3146 1884 3201 volatilibus
1917 3148 2050 3211 caeli,

516 3253 566 3294 et
593 3243 826 3294 omnibus
868 3243 1149 3309 pecoribus,
1185 3250 1235 3293 et
1275 3242 1525 3294 universa:
1561 3248 1731 3303 teme,
1785 3251 1834 3294 et
1859 3243 2052 3296 cunctis

520 3331 786 3400 reptitibus
805 3346 919 3397 qua:
947 3341 1144 3398 reptant
1175 3347 1327 3397 super
1345 3341 1535 3384 terram
1553 3330 1617 3382 ⁷⁸.
1655 3331 2053 3385 Observandum

517 3430 606 3474 est
659 3420 983 3472 recenseuda
1038 3419 1389 3472 animantium
1441 3420 1736 3483 creatione,
1787 3419 1887 3472 alia
1936 3435 2054 3475 esse

516 3517 655 3574 cete,
687 3518 848 3576 atque
874 3508 977 3561 alia
1016 3507 1219 3572 reptilia
1262 3507 1591 3570 animarum;
1637 3509 1758 3562 item
1790 3511 2054 3577 quomodo

517 3594 606 3649 hic
629 3595 839 3647 dicatur
863 3596 1020 3648 homo
1051 3603 1362 3662 potestatem
1391 3595 1585 3648 habere
1616 3596 1836 3664 piscium
1857 3599 2048 3663 maris;

515 3695 860 3750 suppressum
890 3691 1068 3736 autem
1091 3684 1161 3737 sit
1182 3694 1421 3736 cetorum
1457 3699 1622 3750 genus
1648 3699 1710 3738 ac
1742 3686 2047 3740 bestiarum.

517 3767 632 3822 Non
671 3772 811 3824 enim
846 3773 1136 3839 putandum
1170 3781 1370 3827 temere
1414 3787 1518 3826 non
1549 3788 1668 3828 esse
1707 3775 1819 3828 haec
1850 3777 2046 3840 addita,

517 3876 636 3912 cum
661 3861 815 3913 facile
842 3861 1104 3916 conscribi
1133 3871 1308 3930 posset
1326 3879 1339 3916 :
1358 3861 1421 3914 Et
1439 3862 1778 3915 dominentur
1801 3866 2046 3930 piscium,

517 3965 578 4002 ac
605 3959 844 4002 ceterum
873 3951 1054 4010 maris,
1080 3958 1130 4002 et
1161 3950 1450 4002 bestiarum
1478 3959 1651 4017 terrae,
1681 3961 1736 4005 et
1757 3953 2047 4005 volatilium

515 4039 658 4102 εαξη,
686 4048 844 4103 atque
866 4053 1138 4104 pecorum.
1161 4041 1236 4090 Ac
1258 4039 1646 4105 rogo,anlmum
1679 4041 1900 4094 adverte
1924 4056 2046 4092 num

518 4127 640 4178 inde
665 4125 999 4189 conﬁciatur,
1028 4126 1168 4192 quod
1199 4127 1312 4179 haec
1332 4126 1546 4181 silentio
1569 4143 1750 4196 pressa
1781 4130 1907 4194 sint,
1940 4145 2045 4183 non

515 4215 678 4266 fuisse
720 4223 906 4265 cuncta
937 4215 1182 4267 animalia
1229 4216 1280 4266 in
1312 4215 1542 4270 hominis
1573 4219 1794 4286 gratiam
1839 4228 2041 4278 creata.

2151 1831 2262 1884 μεν
2309 1812 2422 1877 τὴν
2457 1811 2660 1863 εἰκόνα
2702 1807 2807 1860 τοῦ
2854 1805 3091 1874 χοϊκοῦ,
3137 1804 3326 1866 οὕτως
3381 1799 3686 1869 φορέσωμεν

2156 1903 2253 1956 καὶ
2283 1902 2395 1967 τὴν
2437 1900 2637 1952 εἰκόνα
2671 1897 2776 1950 τοῦ
2807 1895 3192 1962 ἐπουρανίου.
3237 1891 3432 1944 Είκόνα
3468 1889 3560 1958 μὲν
3599 1887 3681 1955 γὰρ

2156 1992 2306 2059 φορεῖ
2337 1987 2519 2057 χοῖκὴν
2545 1988 2572 2038 6
2605 1985 2745 2038 κατὰ
2773 1985 2949 2053 σάρκα
2984 1982 3115 2046 ζῶν,
3147 1983 3243 2033 καὶ
3278 1978 3442 2032 ποιῶν
3471 1979 3535 2030 τὰ
3575 1977 3681 2044 ἔργα

2156 2079 2250 2146 τῆς
2279 2075 2505 2144 σαρκόςο
2533 2073 2710 2125 εἰκόνα
2740 2072 2794 2124 δὲ
2820 2070 2914 2123 τοῦ
2948 2067 3271 2140 ἐπουρανίου
3301 2068 3330 2120 6
3354 2065 3429 2135 τῷ
3451 2063 3679 2132 πνεύματι

2155 2166 2251 2228 τάς
2283 2164 2506 2234 πράξεις
2533 2163 2627 2232 τῆς
2661 2160 2859 2230 σαρκὸς
2895 2159 3162 2212 θανατῶν.
3207 2157 3319 2210 Kal.
3362 2158 3417 2208 ἐν
3457 2155 3605 2223 ἑτέρᾳ
3639 2150 3680 2201 δὲ

2156 2257 2404 2324 ἐπιστολῇ
2432 2254 2690 2306 διδάσκων
2724 2253 2797 2313 ὠς
2822 2252 2903 2302 δεῖ
2936 2251 3106 2320 βιοῦν,
3141 2247 3388 2318 ἐπιφέρει
3416 2248 3527 2308 ταῖς
3561 2245 3678 2295 ἐντο-

2155 2342 2272 2405 λαῖς
2297 2342 2378 2406 τὸ,
2402 2343 2532 2396 Ἵνα
2553 2340 2805 2408 γένησθε
2840 2339 2967 2390 κατ’
3000 2338 3207 2389 εἰκόνα
3244 2333 3350 2387 τοῦ
3378 2333 3675 2394 κτίσαντος.

2156 2435 2353 2504 Κύριος
2405 2431 2765 2501 μακρόθυμος,
2803 2429 2902 2480 καλ⁸
2953 2430 2982 2481 6
3038 2427 3386 2498 μακρόθυμος
3433 2422 3677 2492 ἄνθρωπος

2156 2523 2265 2592 ἔχει
2292 2522 2352 2574 τὸ
2378 2520 2494 2573 κατ’
2517 2518 2696 2571 εἰκόνα
2715 2516 2868 2568 Θεοῦ.
2914 2516 3130 2577 Δίκαιος
3155 2514 3248 2567 καὶ
3273 2515 3411 2573 ὅσιος
3433 2514 3460 2564 6
3489 2509 3674 2579 Κύριος,

2155 2613 2248 2664 καὶ
2273 2610 2564 2678 οἰκτίρμων
2601 2608 2693 2659 καὶ
2727 2606 2974 2674 ἐλεήμων
2997 2606 3026 2656 6
3057 2605 3276 2674 Κύριος.
3306 2598 3502 2654 Οὐκοῦν
3529 2601 3554 2651 ό
3574 2599 3675 2664 άγα·

2156 2703 2271 2753 πῶν
2296 2698 2634 2768 δικαιοσύνην
2660 2696 2753 2749 καὶ
2777 2696 3055 2763 ὁσιότητα,
3085 2695 3180 2746 καὶ
3209 2693 3454 2762 πράττων
3496 2687 3583 2741 καὶ
3607 2702 3677 2753 τηο

2157 2791 2264 2863 ρῶν
2301 2790 2395 2861 τὴν
2420 2788 2632 2858 ἐντολὴν
2658 2787 2750 2838 τοῦ
2788 2786 3049 2856 Σωτῆρος
3079 2783 3202 2852 τὴν,
3229 2783 3470 2834 Γίνεσθε
3499 2776 3677 2842 οἰκτίρ-

2152 2898 2352 2950 μονες,
2381 2880 2460 2944 ὡς
2485 2878 2581 2930 καὶ
2606 2880 2638 2930 ό
2665 2874 2864 2941 Πατὴρ
2891 2873 3070 2943 ὑμῶν
3098 2872 3402 2938 οἰκτίρμων
3423 2867 3564 2929 ἐστὶ,
3587 2863 3676 2925 καὶ,

2083 3002 2126 3060 C
2158 2973 2406 3025 Γίνεσθε
2436 2968 2666 3029 τέλειοι,
2715 2966 2795 3029 ὡς
2839 2967 2873 3017 ό
2917 2963 3133 3030 Πατὴρ
3372 2961 3405 3012 ὁ
3443 2955 3678 3060 οὐράνιος

2155 3060 2380 3124 τέλειός
2400 3059 2585 3119 ἐστιν,
2617 3053 2776 3107 εἰκὼν
2805 3052 3026 3120 γίνεται
3069 3050 3208 3104 κατὰ
3247 3048 3418 3102 πάντα
3439 3046 3526 3098 τοῦ
3549 3041 3674 3096 Θεοῦ.

2223 3148 2331 3200 Καὶ
2364 3146 2574 3213 ἄρχετε
2594 3142 2710 3195 τῶν
2731 3142 2964 3208 ἰχθύων
2988 3139 3096 3204 τῆς
3123 3137 3449 3202 θαλάσσης,
3478 3130 3678 3186 καὶτῶν

2154 3233 2432 3288 πετεινῶν
2446 3230 2550 3283 τοῦ
2565 3227 2837 3296 οὐρανοῦ,
2857 3229 2967 3280 καὶ
2980 3228 3217 3280 πάντων
3229 3225 3342 3279 τῶν
3352 3221 3589 3290 κτηνῶν,
3603 3217 3677 3271 καὶ

2152 3323 2349 3389 πάσης
2359 3321 2466 3387 τῆς
2478 3318 2609 3388 γῆς,
2623 3318 2716 3370 καὶ
2731 3315 2983 3369 πάντων
2995 3315 3109 3368 τῶν
3120 3312 3374 3381 ἑρπετῶν
3385 3311 3496 3364 τῶν
3509 3307 3680 3374 ἑρπόν-

2151 3432 2266 3467 των
2280 3413 2376 3466 ἐπὶ
2396 3411 2503 3478 τῆς
2517 3409 2645 3478 τῆς.
2667 3409 2745 3476 Τη
2752 3407 2954 3477 ρητέον
2967 3407 3075 3476 (54)
3090 3407 3166 3470 δὲ,
3177 3407 3256 3458 ὃτι
3277 3407 3332 3457 ἐν
3347 3402 3421 3472 τῷ
3437 3397 3678 3463 καταλόγῳ

2150 3503 2246 3569 τῆς
2269 3500 2374 3552 τῶν
2399 3498 2548 3562 ξὼων
2575 3495 2925 3565 δημιουργίας
2945 3534 2960 3559 ,
2994 3495 3127 3547 ἄλλα
3162 3494 3228 3546 τὰ
3271 3494 3423 3562 κήτη,
3461 3489 3549 3542 καὶ
3573 3485 3679 3539 ἄλλα

2151 3597 2350 3669 ἑρπετά
2386 3593 2596 3665 ψυχῶν·
2633 3593 2724 3645 καὶ
2759 3591 2834 3652 ὡς
2869 3589 3071 3661 ἄρχειν
3105 3587 3200 3641 νῦν
3239 3586 3344 3639 τῶν
3386 3582 3569 3654 ἰχθύων
3601 3578 3678 3669 τῆς

2151 3667 2422 3754 θαλάσσης
2445 3686 2472 3736 6
2497 3682 2774 3752 ἄνθρωπος
2797 3679 3046 3746 λέγεται,
3074 3676 3403 3744 σεσιώπηται
3427 3673 3481 3725 δὲ
3504 3671 3561 3723 τὸ
3591 3667 3679 3719 τῶν

2150 3775 2324 3846 κητῶν
2345 3773 2495 3840 γένος
2519 3771 2610 3822 καὶ
2635 3769 2693 3820 τὸ
2716 3767 2822 3819 τῶν
2842 3767 3079 3836 θηρίων.
3103 3765 3176 3818 Οὐ
3201 3763 3306 3833 γὰρ
3337 3763 3504 3832 μάτην
3526 3760 3597 3810 δεῖ
3614 3772 3680 3808 νο-

2153 3865 2322 3936 μίζειν
2353 3861 2426 3930 μὴ
2449 3856 2820 3928 προστίθεσθαι
2850 3856 2956 3908 καὶ
2983 3853 3174 3915 ταῦτα,
3204 3851 3490 3923 δυναμένου
3511 3851 3678 3914 ἀναγε-

2147 3951 2409 4023 γράφθαιο
2443 3947 2550 4000 Καὶ
2577 3947 2886 4016 ἀρχέτωσαν
2925 3948 3050 4000 ’τῶν
3096 3948 3312 4018 ἰχθύων,
3335 3945 3428 3998 καὶ
3470 3939 3569 3994 τῶν
3603 3952 3681 4002 nr;

2146 4041 2252 4094 τῶν
2282 4041 2379 4108 τῆς
2434 4035 2722 4104 θαλάσσης,
2769 4035 2860 4085 καὶ
2900 4035 3018 4087 τῶν
3057 4036 3258 4104 θηρίων
3305 4034 3402 4102 τῆς
3446 4030 3561 4097 γῆς,
3607 4023 3680 4075 καὶ

2146 4129 2250 4182 τῶν
2296 4124 2553 4179 πετεινῶν
2603 4123 2694 4176 τοῦ
2737 4123 2994 4192 οὐρανοῦ,
3042 4126 3135 4177 καὶ
3177 4124 3284 4177 τῶν
3329 4119 3552 4190 κτηνῶν.
3593 4112 3680 4166 Kal

2145 4219 2460 4286 ἐπίστησον,
2525 4215 2572 4265 εἰ
2628 4211 2844 4264 δυνατὸν
2893 4212 2990 4266 διὰ
3043 4214 3103 4266 τὸ
3163 4210 3566 4280 σεσιωπῆσθαι,
3615 4201 3675 4271 μὴ

512 4305 607 4356 sed
662 4304 773 4355 haec
822 4318 1044 4371 quorum
1077 4303 1337 4357 dominari
1372 4302 1590 4370 dicitur,
1639 4320 1827 4373 nempe
1876 4307 2044 4374 pisces

2151 4309 2319 4362 πάντα
2365 4307 2430 4358 τὰ
2485 4304 2595 4368 ζῶα
2630 4302 2716 4353 διὰ
2751 4301 2839 4353 τὸν
2881 4301 3170 4372 ἄνθρωπον
3223 4301 3518 4372 γεγονέναι,
3564 4290 3675 4346 ἀλλὰ

516 4393 699 4455 maris,
735 4391 976 4445 volucres
1002 4393 1145 4455 coeli,
1201 4407 1264 4446 ac
1292 4402 1446 4446 terra:
1479 4408 1693 4462 pecora,
1735 4395 1872 4449 forte
1918 4411 2043 4448 vero

512 4492 566 4536 et
597 4493 750 4535 terra:
781 4483 986 4549 reptilia
1012 4485 1080 4537 ob
1104 4481 1334 4536 remedia
1367 4497 1573 4538 summe
1605 4486 1905 4540 necessaria
1927 4500 2045 4554 qum

510 4589 575 4626 ex
610 4574 713 4627 illis
744 4573 794 4626 in
820 4575 1108 4629 humanum
1141 4592 1292 4631 usum
1323 4579 1680 4644 proveniunt;
1741 4593 1843 4631 non
1872 4586 2043 4630 tamen

511 4662 741 4715 hominis
762 4678 921 4716 causa
945 4673 1096 4718 cetos
1118 4681 1332 4730 magnos
1354 4684 1415 4722 ac
1438 4681 1593 4720 terrm
1621 4668 1819 4720 bestias
1838 4676 2044 4719 creatas

508 4762 644 4802 esse.
680 4747 810 4803 Nam
849 4750 1042 4819 alioqui
1072 4753 1120 4806 in
1151 4763 1413 4822 potestate
1465 4755 1662 4808 homini
1703 4756 1825 4806 data
1856 4736 2040 4807 eorum

505 4849 656 4893 esset
704 4843 1057 4895 nomenclatio
1091 4845 1292 4900 addita.
1345 4847 1460 4899 Non
1509 4847 1808 4898 invenimus
1865 4855 2039 4898 autem

509 4931 560 4983 in
614 4929 886 4996 Scriptura
933 4945 1238 5000 serpentum
1278 4950 1442 5001 genus
1480 4936 1582 5003 27
1609 4936 1881 5002 reptilibus
1913 4949 2043 4987 con-

506 5021 797 5080 numerari,
833 5020 922 5073 sed
975 5022 1177 5076 bestiis.
1233 5023 1453 5092 Serpens
1508 5025 1666 5088 enim,
1705 5025 1896 5093 inquit,
1930 5034 2040 5077 erat

500 5108 930 5174 prudentissimus
964 5111 1187 5162 minium
1205 5111 1477 5165 bestiarum
1495 5104 1558 5166 θ’.
1586 5112 1876 5166 IuActibus
1903 5126 2038 5179 quo-

575 5242 617 5272 "
652 5241 811 5297 lCor.
851 5260 939 5309 xv,
968 5244 1054 5300 49.
1131 5246 1175 5277 ε’
1202 5247 1401 5302 Coloss.
1431 5263 1510 5306 ιιι.
1542 5246 1628 5300 10.
1707 5249 1749 5279 ⁸⁸
1777 5249 1905 5304 Luc.
1924 5263 1998 5312 vr,
2028 5248 2114 5300 36.

579 5376 687 5448 (32)
707 5379 772 5431 Τὸ
803 5379 927 5431 κατ’
949 5380 1167 5443 εἰκόνα,
1185 5389 1282 5433 etc.
1336 5379 1616 5448 Imaginem
1640 5381 1725 5434 Dei
1747 5381 1797 5432 in
1827 5396 1926 5448 qua
1947 5381 2042 5433 lio-

509 5446 665 5496 miuis
685 5462 745 5511 pa
755 5458 832 5500 rte
865 5449 1174 5516 impressam
1192 5463 1309 5502 esse
1324 5446 1552 5502 senserit
1569 5446 2040 5516 Origenes,_tlispu-

512 5519 590 5565 tat
612 5511 830 5567 Huctius
851 5517 1278 5568 Oriaenianornm
1302 5518 1394 5568 lib.
1419 5533 1475 5568 ιι.
1501 5529 1686 5568 (tuaest.
1716 5519 1800 5568 12.
1821 5533 1963 5568 nunt.
1982 5520 2030 5568 9.

579 5518 830 5567 LHuetius
851 5518 1278 5583 Origeuianornm
1302 5518 1394 5569 lib.
1419 5533 1475 5579 ιι,
1501 5529 1686 5585 quiest.
1716 5519 1800 5578 12,
1821 5533 1963 5570 nmn.
1982 5520 2030 5569 9.

579 5578 688 5646 (55)
731 5581 1062 5653 Ὲῤῥωμένη.
1119 5587 1438 5642 Combcltsio
1487 5587 1759 5655 legendum
1830 5587 2034 5640 \‘idclut‘

2143 4399 2312 4452 ταῦτα
2340 4437 2355 4463 ,
2383 4391 2457 4450 ὧν
2479 4396 2661 4464 ἄρχειν
2684 4391 2914 4459 λέγεται,
2942 4394 3130 4462 ἰχθύας
3157 4394 3450 4461 θαλάσσης,
3479 4387 3567 4440 καὶ
3587 4397 3677 4434 Ατεο

2144 4487 2291 4540 τεινὰ
2323 4484 2568 4555 οὐρανοῦ,
2598 4482 2689 4534 καὶ
2725 4481 2895 4549 κτήνη
2939 4482 3038 4549 τῆς
3079 4482 3203 4550 γῆς,
3236 4483 3377 4549 τάχα
3409 4480 3468 4531 δὲ
3511 4473 3597 4529 καὶ
3621 4469 3676 4520 τὰ

2145 4577 2347 4648 ἑρπετά
2373 4576 2467 4643 τῆς
2491 4573 2610 4641 γῆςι
2639 4571 2724 4622 διὰ
2755 4569 2852 4629 τὰς
2885 4572 3317 4636 ἀναγκαιοτάτας
3338 4569 3446 4621 τῶν
3484 4559 3675 4648 φαρμάέ

2146 4683 2254 4716 κων
2293 4663 2474 4732 χρείας
2523 4662 2613 4714 ἀπ’
2659 4657 2834 4711 αὐτῶν
2883 4657 3246 4726 τελουμένας·
3281 4659 3341 4710 ού
3390 4660 3564 4728 μέντοι
3606 4647 3678 4701 διὰ

2144 4754 2233 4805 τὸν
2263 4752 2537 4822 ἄνθρωπον
2581 4753 2748 4804 ταῦτα
2797 4747 3031 4814 ἐγεγόνει
3080 4747 3150 4799 τὰ
3199 4748 3338 4818 κήτη
3381 4748 3450 4800 τὰ
3492 4740 3675 4815 μεγάλα

2145 4845 2234 4896 καὶ
2270 4842 2336 4894 τά
2366 4841 2526 4912 θηρία
2561 4840 2658 4908 τῆς
2687 4837 2807 4906 γῆς.
2834 4831 2908 4906 ⁷ῌ
2950 4837 3058 4906 γὰρ
3094 4836 3160 4889 ἂν
3191 4837 3490 4907 προσετέθη
3519 4836 3579 4902 τῇ
3607 4830 3676 4881 δε·

2143 4933 2334 5002 δομένῃ
2361 4933 2572 5001 ἐξουσίᾳ
2597 4930 2702 4983 τῶν
2740 4928 3038 4998 ἀνθρώπων
3077 4931 3169 4981 καὶ
3199 4931 3233 4999 ή
3271 4929 3472 4983 τούτων
3501 4928 3676 4992 ὀνομα-

2143 5023 2250 5075 σία.
2293 5023 2401 5091 Ούχ
2448 5021 2762 5091 εὑρίσκομεν
2782 5018 2836 5070 δὲ
2867 5020 2922 5070 ἐν
2965 5023 3034 5089 τῇ
3075 5020 3266 5088 Γραφῇ
3292 5019 3352 5071 τὸ
3382 5019 3487 5070 τῶν
3519 5015 3675 5080 ὄφεων

2142 5111 2294 5177 γένος
2339 5113 2396 5164 ἐν
2441 5113 2684 5180 ἑρπετοῖς
2721 5109 3065 5178 τεταγμένον,
3110 5111 3223 5162 ἀλλ’
3269 5111 3328 5162 ἐν
3380 5107 3596 5178 θηρίοις.
3627 5100 3672 5148 ’0

2769 5249 2810 5281 ’³
2848 5249 2981 5304 Gen.
3006 5264 3046 5312 ι,
3079 5249 3170 5303 28.
3279 5250 3324 5280 ⁷³
3355 5248 3488 5302 Gen.
3509 5258 3590 5307 ιιι,
3620 5240 3667 5292 2.

2209 5252 2251 5280 ⁷⁰
2288 5250 2472 5303 Matth.
2510 5266 2560 5312 ν,
2591 5249 2679 5302 48.

2145 5384 2410 5454 ἐρωμένη,
2445 5385 2583 5454 quod
2617 5399 2725 5454 non
2752 5385 2961 5454 videtur
2991 5383 3376 5454 necessarium.

2214 5449 2322 5522 (3'4)
2358 5449 2645 5522 Τηρητέον
2664 5452 2750 5518 δέ,
2775 5464 2876 5509 etc.
2906 5451 3168 5507 Exliibent
3201 5455 3299 5505 hoc
3328 5449 3666 5514 fragmentum

2143 5521 2350 5575 scliedtc
2381 5521 2617 5576 Combef.
