3878 6234
207 324 315 409 κύ

1752 323 1819 377 lN
1858 320 2169 407 uenusta.

3443 313 3538 368 tu
3589 278 3601 286 ’

236 401 736 519 flmﬁﬁ
775 417 870 519 μὴ
922 426 1129 519 Ατοῦτο
1188 428 1285 504 ἦν,
1331 436 1498 505 πόσην
1533 435 1675 498 εἰκὸς
1711 431 1779 506 ἧν
1827 437 1916 488 αὐ-

2020 432 2231 489 carneis
2266 426 2606 494 conspexisse
2634 432 2831 479 terram
2854 423 2879 475 ἲ
2914 430 3006 476 aut
3033 435 3308 491 usqueqno
3337 434 3543 491 poterat

274 497 354 586 XN
389 497 495 571 ﬁ'
526 497 773 575 θεωρεῖν
813 511 1137 585 αἶτθητοῖς
1189 497 1487 593 ὀνφθαλμοίξ
1519 541 1535 588 ;
1575 524 1609 591 ἢ
1777 525 1916 587 τίνος

2020 533 2216 577 attente
2275 519 2513 583 intueri,
2568 518 2939 586 circumagens
3001 528 3055 571 et
3119 516 3541 571 circumvolvens

301 596 535 668 ἀτενίσαι
558 595 805 666 ὴδύνατο
833 603 1043 677 κύκλῳ
1084 612 1366 681 περιθέων
1392 615 1484 665 καὶ
1512 613 1784 683 περιάγων
1823 614 1919 685 τὴν

323 702 441 753 διν,
454 703 474 753 ἰ

361 728 393 768 Ϋ
415 781 651 837 Ἕλαϐον
687 781 757 837 δὲ
804 784 929 854 τὴν
979 787 1187 842 ἵππον
1224 791 1337 862 (72)
1380 794 1578 848 πᾶσαν
1605 795 1716 863 τὴν
1741 794 1917 848 Σοδό-

343 891 487 944 μων.
525 874 715 928 Ἵππον
758 876 1057 946 Σοδομῖται
1103 877 1203 930 νῦν
1263 881 1475 950 πρῶτον
1533 882 1918 952 ὠνομασμένην

343 964 426 1028 ὡς
447 964 640 1034 φαῦλοι
661 964 805 1035 ἔχειν
831 964 1121 1034 λέγονται.

414 1058 902 1124 Παραγενόμενος
929 1056 1001 1109 δὲ
1030 1058 1157 1111 τῶν
1177 1060 1599 1114 ἀνασωθέντων
1616 1078 1724 1126 τις,
1742 1060 1921 1130 ἀπήτ-
1961 1114 1966 1118 .

337 1143 548 1208 ream
608 1141 821 1209 Ἀϐρὰμ
871 1143 955 1207 τῷ
1004 1145 1252 1212 περάτῃ.
1297 1147 1539 1215 Περάτης
1593 1147 1833 1201 καλεῖται
1892 1150 1919 1200 ὁ

346 1227 643 1297 Ἀϐραὰμ,
699 1230 888 1300 ἐπειδὴ
952 1232 1065 1285 ἀπὸ
1106 1232 1205 1300 τῆς
1250 1233 1526 1289 Χαλδαίων
1582 1235 1759 1306 χώρας
1809 1236 1921 1289 δια-

331 1324 597 1387 περάσας
649 1318 750 1388 τὴν
796 1321 1224 1391 Μεσοποταμίαν
1287 1321 1446 1394 ἦλθεν
1515 1327 1594 1387 είς
1658 1324 1727 1377 τᾶ
1779 1327 1918 1396 μέρη

319 1408 452 1460 τῶν
472 1410 821 1464 Χαναναίων.
855 1412 1249 1483 Ἐρμηνεύεται
1275 1415 1331 1468 δὲ
1358 1416 1580 1479 καὶτοῖς
1611 1420 1735 1487 περὶ
1767 1419 1921 1471 Ἀκύ-

321 1494 442 1548 λαν
474 1495 767 1563 Ἐϐραῖος.

408 1583 523 1638 Καὶ
551 1580 731 1637 εἶπεν
757 1583 918 1654 αὐτῷ
936 1602 950 1615 ·
998 1585 1361 1656 Ἀνάϐλεψον
1396 1592 1482 1654 εις
1525 1590 1632 1643 τὸν
1661 1593 1918 1658 οὐρανὸν

316 1671 439 1724 καὶ
471 1673 823 1740 ἁρίθμησον
871 1674 1018 1740 τοὺς
1085 1676 1342 1743 ἀστέρας
1362 1719 1376 1743 ,
1403 1682 1456 1731 et
1503 1679 1738 1748 δυνήσῃ
1785 1680 1918 1745 ἐξα.

312 1762 626 1829 οιθμῆσαι
672 1765 900 1829 αὐτούς
916 1781 930 1794 -
967 1765 1160 1831 οὕτως
1204 1767 1373 1821 ἔσται
1410 1768 1474 1821 τὸ
1513 1769 1745 1837 σπέρμα
1779 1785 1910 1825 σου.

312 1853 420 1905 Τὰ
444 1855 555 1923 γὰρ
580 1854 908 1923 γεννήματα
939 1855 1056 1923 (75)
1093 1872 1223 1924 φησι
1254 1857 1353 1925 τῆς
1395 1857 1570 1926 ψυχῆς
1613 1857 1705 1911 τοῦ
1739 1859 1912 1927 ἁγίου,

315 1942 431 1991 καὶ.
455 1940 657 2009 πλήθει
688 1944 786 1993 καὶ
814 1940 1184 2011 λαμπρότητι,
1202 1943 1297 1996 ἅτε
1316 1943 1449 1996 Θεοῦ
1476 1948 1913 2017 συνεργήσαντος,

316 2027 575 2081 τοσαῦτα
612 2031 711 2082 καὶ
754 2029 985 2083 τοιαῦτα
1016 2031 1288 2099 γενέσθαι.
1330 2032 1475 2086 Δὺτὰ
1503 2036 1793 2105 παρίστησι
1820 2036 1916 2105 τὴν

316 2110 488 2164 θείαν
510 2113 794 2181 εὐλογίαν.

400 2198 552 2254 Ehe
592 2201 663 2254 δέ
684 2219 700 2233 ·
736 2204 1016 2257 Δέσποτα
1050 2207 1227 2273 Κύριε
1247 2245 1263 2271 ,
1302 2209 1450 2263 κατὰ
1498 2211 1557 2263 τι
1602 2210 1914 2279 γνώσομαι,

316 2288 425 2341 ὅτι
479 2291 936 2359 κληρονομήσω
996 2294 1248 2361 ain-air;
1308 2300 1400 2351 καὶ
1466 2299 1535 2351 τὰ
1594 2300 1737 2370 ἑξῆς.
1807 2301 1917 2354 Οὐκ

319 2371 405 2445 ἦν
429 2377 548 2447 (74)
603 2378 752 2431 κατὰ
794 2379 886 2431 τὸν
918 2382 1283 2436 πιστεύσαντα
1320 2387 1499 2439 πίστιν
1543 2386 1917 2458 λελογισμένην

323 2468 490 2537 αὐτῷ
523 2471 611 2531 είς
645 2470 1000 2540 δικαιοσύνην
1024 2473 1304 2540 ἀπιστεῖν,
1343 2476 1417 2539 ὡς
1458 2478 1523 2531 ἄν
1563 2494 1647 2540 τις
1690 2478 1914 2548 οἰηθείη.

339 2556 512 2610 Ἀλλὰ
606 2560 827 2628 μήποτε
910 2562 1205 2627 πιστεύσας
1287 2565 1546 2635 πρότερον
1567 2605 1582 2631 ,
1651 2566 1745 2618 νῦν
1824 2567 1915 2619 καὶ

324 2646 542 2713 γνῶσιν
606 2650 758 2700 αίτεῖ
818 2650 919 2719 τὴν
975 2655 1104 2721 περὶ
1164 2653 1271 2706 τῶν
1326 2655 1783 2723 πεπιστευμένων.
1841 2657 1914 2709 Οὐ

326 2735 623 2805 νομοθετεί
691 2739 750 2791 δὲ
812 2740 893 2808 τῷ
958 2741 1208 2810 Ἀϐραὰμ
1269 2742 1413 2796 θύειν
1483 2745 1512 2796 ὁ
1582 2744 1753 2807 Θεὸς,
1803 2745 1914 2797 ἀλλ’

326 2821 525 2893 ἐπειδὴ
548 2827 600 2877 οἱ
622 2825 979 2879 παλαιότατοι
1003 2828 1100 2890 τὰς
1117 2829 1458 2898 ὁρκωμοσίας
1472 2831 1559 2884 διὰ
1578 2831 1777 2885 τούτων
1800 2832 1917 2886 e62-

329 2910 554 2964 δαίουν.

407 2999 677 3067 Τετάρτῃ
700 3001 771 3054 δὲ
797 3002 976 3072 γενεᾷ
999 2990 1566 3073 ἀποστραφήσονωι
1588 3001 1700 3060 ὦδε
1720 3025 1732 3037 ·
1755 3010 1914 3062 οὔπω

323 3087 443 3153 Tim
463 3088 1023 3156 ἀναπεπλήρωνται
1051 3093 1110 3143 at
1135 3091 1405 3157 ἁμαρτίαι
1425 3091 1542 3145 τῶν
1573 3095 1916 3162 Ἀμορῤαίων

324 3175 442 3241 εως
473 3177 591 3230 τοῦ
617 3177 758 3231 νῦν.
808 3178 979 3231 Ἐτῶν
1008 3179 1054 3231 υ¹
1086 3179 1198 3251 (75)
1222 3179 1384 3244 δόσις,
1417 3184 1495 3244 εις
1532 3182 1592 3234 τὸ
1624 3183 1916 3254 πληθυνθῆ-

326 3279 420 3315 ναι
447 3265 560 3333 μὲν
585 3265 682 3316 τοῦ
723 3261 978 3338 Ἀϐραὰμ
999 3268 1061 3320 τὸ
1086 3269 1309 3339 σπέρμα
1331 3309 1346 3333 ,
1378 3270 1623 3339 γενέσθαι
1651 3272 1707 3324 δὲ
1736 3273 1803 3325 τὰ
1826 3289 1916 3341 γε·

328 3352 542 3420 νόμενα
573 3356 799 3423 σημεῖα.
825 3355 955 3419 Πῶς
988 3352 1084 3408 οὖν
1111 3357 1193 3421 τὸ,
1213 3359 1387 3411 Οὔπω
1408 3359 1917 3427 ἀνεπληρώθησαν

326 3442 390 3493 αι
414 3441 703 3509 ἁμαρτίαι
732 3442 856 3496 τῶν
898 3445 1301 3515 Ἀμορῤαιων;
1329 3446 1417 3499 ἴνα
1451 3447 1629 3518 δείξῃ,
1660 3448 1740 3499 ὅτι
1771 3448 1916 3501 εὐλό-

327 3546 445 3597 γως
478 3530 841 3585 ὲκὸἀλλονται
873 3532 943 3584 δι’
974 3534 1264 3604 ἁμαρτίας.
1299 3535 1407 3587 Καὶ
1454 3535 1559 3604 γὰρ
1596 3535 1723 3588 ὅταν
1749 3535 1912 3602 λέγει,

323 3617 791 3686 Μετεμελήθην,
815 3619 878 3671 οὐ
909 3618 1068 3671 τοῦτο
1106 3619 1249 3687 λέγει
1279 3620 1308 3673 ὅ
1346 3623 1572 3690 πάσχει,
1606 3622 1726 3674 οὔτε
1764 3623 1916 3676 τοῦτο

327 3707 541 3775 πάσχει
566 3707 597 3758 ὃ
622 3706 794 3773 λέγει,
824 3706 965 3759 ἀλλὰ
982 3706 1081 3776 τὴν
1104 3707 1198 3760 τοῦ
1215 3710 1503 3778 γενομένου
1538 3710 1761 3765 ἀτοπίαν
1785 3726 1915 3782 παρ-

330 3796 574 3865 ίστησιν.
618 3796 733 3849 Καὶ
770 3796 903 3864 μετ’
953 3795 1167 3863 ὀλιγαο
1197 3798 1424 3849 Ἔπειτα
1472 3793 1608 3867 ἦσαν
1651 3798 1815 3851 πάλαι
1858 3802 1915 3851 ὲν

328 3885 432 3954 μὲν
492 3884 838 3954 Παλαιστίνῃ
885 3884 1107 3950 δίκαιοι,
1161 3887 1190 3937 ὁ
1247 3886 1573 3955 Μελχισεδὲκ
1625 3889 1717 3940 καὶ
1768 3888 1915 3941 ἄλλοι

323 3975 546 4028 πολλοί.
577 3975 655 4026 Οὐ
682 3975 795 4045 γὰρ
822 3971 895 4045 ἦν
925 3974 1115 4037 ἁπλῶς
1161 3975 1335 4045 ἱερεὺς
1365 3977 1441 4046 μὴ
1465 3976 1631 4030 ὄντων
1662 3977 1767 4035 τῶν
1795 3995 1914 4030 πει-

322 4060 586 4131 θομένων
656 4060 837 4113 Οὔπω
882 4057 978 4114 οὖν
1033 4062 1569 4130 ἀναπεπλήρωνται
1614 4066 1733 4119 ἀντὶ
1785 4066 1877 4119 τοῦ
1896 4104 1911 4131 ,

318 4153 497 4206 οὔπω
544 4148 869 4201 ἐκλέλοιπεν
927 4149 1075 4213 ὅσιος
1125 4150 1186 4216 ἐξ
1245 4151 1461 4204 αὐτῶν*
1509 4153 1656 4207 οὔπω
1702 4154 1915 4226 πεπλή-

321 4254 539 4307 ρωνται
565 4278 582 4302 ,
616 4238 716 4290 καὶ
761 4237 1167 4308 τετελειωμένοι
1221 4243 1355 4293 εἰσὶν
1413 4242 1716 4313 ἁμαρτίαις.
1772 4245 1913 4298 Δέκα

2014 612 2236 669 oeulos?

2083 785 2336 854 Ceperant
2366 795 2532 837 autent
2560 798 2754 836 omnem
2786 781 3068 850 equitatum
3096 779 3438 834 Sodomorum
3471 784 3535 833 ".

2017 877 2322 946 Equitatum
2352 875 2451 928 hoc
2477 874 2593 928 loco
2633 874 2860 942 primum
2890 871 3221 924 nominatum
3256 869 3541 925 Sodomita:

2018 975 2074 1020 ut
2098 965 2219 1019 mali
2248 963 2442 1017 habere
2472 964 2745 1017 dicuntur.

2082 1054 2362 1107 Adveniens
2389 1064 2556 1105 autem
2590 1053 2702 1119 quis
2752 1065 2926 1103 eorum
2963 1051 3052 1118 qui
3086 1059 3369 1114 evaserant,
3404 1066 3539 1103 mm-

2015 1144 2158 1195 tiavit
2193 1142 2384 1194 Abram
2420 1144 2686 1194 transituri
2723 1142 2786 1194 ³³.
2827 1140 3106 1194 Transitor
3130 1149 3348 1190 vocatur
3373 1140 3542 1192 Abra-

2015 1231 2155 1296 ham,
2176 1232 2294 1299 quia
2323 1247 2389 1284 ex
2411 1229 2773 1285 Chaldtuorum
2806 1229 3023 1299 regione
3054 1227 3272 1296 trajecm
3300 1227 3543 1295 Μεδομο-

2017 1319 2175 1372 tamia
2204 1319 2344 1372 venit
2373 1320 2425 1373 in
2469 1328 2644 1386 partes
2671 1320 3122 1373 Chananteorum.
3154 1316 3544 1385 Interpretatur

2014 1419 2188 1462 autem
2216 1408 2426 1477 Aquila,
2453 1407 2722 1464 Hebrw‘us.

2081 1576 2149 1631 Et
2178 1577 2306 1630 dixit
2336 1579 2424 1630 ei:
2456 1576 2664 1642 Respice
2690 1576 2743 1628 in
2775 1574 2988 1637 cwlum,
3021 1583 3066 1626 et
3097 1586 3308 1625 numera
3342 1570 3539 1633 stellas,

2016 1667 2059 1719 si
2085 1667 2271 1734 poteris
2299 1679 2566 1718 numerare
2592 1679 2676 1716 eas
2700 1678 2717 1716 :
2739 1663 2813 1714 sic
2842 1663 2934 1715 erit
2964 1676 3131 1714 semen
3158 1671 3308 1728 tuum
3328 1657 3393 1711 ³⁸.
3417 1658 3543 1710 Pro.

1949 1749 1988 1802 Β
2015 1756 2218 1825 geniem
2244 1754 2385 1808 enim
2417 1754 2606 1806 animae
2626 1752 2755 1820 justi
2776 1792 2792 1817 ,
2827 1760 2881 1805 et
2911 1748 3245 1803 multitudine
3293 1759 3343 1802 et
3379 1742 3540 1802 clari-

2017 1854 2155 1908 tate,
2203 1844 2311 1896 Deo
2370 1842 2613 1896 videlicet
2667 1849 3018 1909 cooperante,
3072 1847 3272 1890 tantam
3339 1846 3391 1889 cl
3455 1847 3539 1890 ta-

2013 1936 2114 1987 lem
2165 1946 2284 1987 esse
2331 1931 2425 1985 ait.
2466 1932 2579 2000 Ipsa
2636 1932 2965 1985 demonstrat
3018 1928 3253 1982 divinam
3310 1924 3540 1980 benedi-

2013 2023 2262 2076 ctionem.

2084 2201 2224 2254 Dixit
2251 2208 2461 2254 autem:
2482 2199 2792 2252 Dominatar
2808 2196 3049 2262 Domine,
3074 2197 3208 2249 unde
3227 2196 3386 2249 sciam
3401 2198 3540 2263 quod

2012 2290 2308 2344 Iuereditate
2336 2289 2536 2355 capiam
2569 2288 2712 2340 iltam
2737 2287 2780 2318 ³⁸
2804 2287 2827 2339 ?
2856 2295 2910 2340 et
2940 2295 3153 2339 caetera.
3182 2284 3281 2350 Qui
3313 2284 3542 2341 credidit

2010 2395 2075 2434 ea
2102 2379 2201 2432 [ide
2229 2392 2346 2446 quae
2381 2386 2616 2444 reputata
2643 2384 2724 2429 est
2748 2375 2797 2429 ei
2834 2376 2901 2428 ad
2945 2374 3204 2442 iustitiam
3223 2413 3238 2437 ,
3266 2374 3406 2427 hunc
3434 2387 3539 2426 non

2013 2465 2300 2520 verisimile
2323 2472 2404 2517 est
2442 2462 2669 2516 diuisum
2699 2476 2840 2523 esse,
2883 2471 2939 2513 ut
2971 2460 3234 2528 quispiam
3269 2459 3541 2519 existima-

2012 2556 2165 2609 verit.
2214 2554 2319 2608 Sed
2356 2552 2496 2607 forte
2545 2552 2634 2620 qui
2677 2555 2825 2619 prius
2866 2550 3129 2615 credidit,
3186 2563 3332 2603 nunc
3377 2548 3538 2602 etiam

2013 2645 2202 2713 quaerit
2239 2643 2375 2696 unde
2400 2650 2683 2712 cognoscat
2717 2655 2832 2708 qua:
2859 2655 2916 2694 se
2956 2639 3257 2693 habiturum
3287 2636 3535 2690 credidit.

2010 2732 2126 2787 Non
2179 2731 2419 2801 praecipit
2463 2740 2642 2784 autem
2691 2731 2997 2784 Abrahamo
3060 2730 3196 2781 Deus
3248 2734 3305 2778 ut
3359 2726 3538 2778 sacri-

2012 2825 2172 2889 ﬁcet,
2226 2823 2319 2876 sed
2366 2820 2489 2890 quia
2526 2829 2734 2874 veteres
2785 2833 2878 2873 sua
2941 2816 3141 2872 t'cedera
3204 2815 3286 2869 his
3342 2813 3540 2867 ﬁrma-

2010 2911 2161 2965 bant.
2474 2924 2477 2931 '

2080 2998 2186 3067 36
2225 2997 2422 3062 Quarta
2462 3007 2631 3049 autem
2678 2996 3004 3066 generatione
3059 3001 3369 3046 revertentur
3417 2992 3536 3047 Imc.

2013 3087 2261 3142 Nondum
2299 3087 2434 3140 enim
2478 3085 2683 3153 impleta
2724 3095 2841 3138 sunt
2882 3095 3089 3152 peccata
3117 3082 3534 3135 Amorrltatorum

2013 3194 2169 3246 usque
2210 3193 2343 3231 nunc
2363 3177 2427 3230 ³⁸.
2455 3175 2976 3244 Quadringentorum
3005 3189 3264 3228 annorum
3299 3175 3535 3243 spatium

2012 3269 2193 3321 datum
2240 3277 2360 3330 est,
2392 3277 2449 3320 ut
2485 3265 2927 3333 multiplicaretnr
2956 3265 3183 3319 Abrahae
3218 3279 3398 3319 semen
3423 3304 3439 3325 ,
3487 3273 3540 3316 ct

2012 3355 2200 3409 tierent
2227 3354 2373 3424 signa
2403 3367 2524 3422 qua:
2549 3351 2907 3420 contigerunt.
2940 3351 3073 3416 Quid
3106 3366 3233 3420 ergo
3263 3352 3386 3415 hoc,
3406 3351 3539 3404 Non-

2012 3446 2133 3497 dum
2162 3443 2366 3512 impleta
2403 3453 2519 3496 sunt
2546 3452 2752 3509 peccata
2783 3440 3201 3494 Amorrhtvorum
3225 3442 3250 3494 ?
3275 3450 3332 3494 ut
3359 3450 3541 3495 osten-

2013 3536 2159 3588 deret
2183 3548 2275 3587 eos
2307 3532 2638 3599 jnre'expelli
2671 3540 2886 3597 propter
2913 3540 3150 3597 peccata.
3180 3528 3389 3583 Etenim
3419 3545 3539 3582 cum

2012 3622 2124 3673 ait:
2151 3620 2370 3673 Paenitet
2397 3636 2494 3683 me,
2528 3634 2632 3672 non
2663 3619 2762 3672 hoc
2789 3617 2915 3671 dicit
2940 3618 3078 3687 quod
3111 3619 3330 3686 patitur,
3365 3634 3540 3687 neque

2014 3709 2111 3762 hoc
2142 3710 2339 3774 patitur
2362 3710 2500 3775 quod
2526 3707 2678 3769 dicit,
2703 3708 2793 3759 sed
2821 3705 2948 3758 facti
2970 3695 3332 3774 indignitatem
3360 3718 3543 3759 osten-

2012 3799 2107 3854 dit.
2141 3798 2204 3850 Et
2231 3800 2408 3867 paucis
2431 3797 2752 3863 interjectis:
2791 3797 2989 3848 Deinde
3014 3806 3166 3848 erant
3191 3797 3317 3848 olim
3349 3796 3400 3847 in
3434 3794 3538 3846 P’a-

2011 3890 2211 3945 laestina
2258 3889 2418 3953 iusti,
2454 3886 2840 3941 Melchisedech
2883 3894 2936 3938 et
2977 3885 3061 3937 alii
3093 3885 3325 3952 plurimi.
3358 3883 3541 3953 Neque

2011 3981 2151 4035 enim
2182 3977 2325 4032 solus
2352 3984 2468 4030 erat
2503 3976 2757 4029 sacerdos
2787 3974 2987 4041 absque
3015 3973 3164 4041 plebe
3196 3971 3357 4026 ﬁdeli.
3388 3970 3539 4025 Non-

2011 4069 2134 4122 dum
2163 4081 2288 4134 ergo
2319 4066 2527 4133 impleta
2569 4072 2691 4118 sunt
2715 4103 2730 4129 ,
2777 4065 2970 4119 dictum
3013 4072 3095 4116 est
3140 4076 3238 4131 pro
3271 4076 3373 4116 eo:
3405 4062 3543 4117 Non-

2011 4157 2136 4211 dum
2184 4170 2249 4208 ex
2305 4154 2435 4222 ipsis
2488 4152 2687 4207 deiecit
2734 4163 2989 4216 sanctus,
3040 4151 3270 4206 nondum
3322 4149 3541 4219 perfecti

2010 4259 2067 4303 et
2118 4247 2467 4303 consummati
2523 4256 2649 4299 sunt
2703 4245 2757 4299 in
2821 4247 3076 4314 peccatis.
3143 4245 3337 4299 Decem
3397 4245 3541 4302 enim

319 4326 431 4399 γὰρ
479 4325 696 4379 δίκαιοι
750 4326 975 4398 ῥύονται
1018 4327 1118 4397 τὴν
1158 4330 1341 4382 πόλιν·
1374 4330 1494 4383 τότε
1531 4332 1584 4385 δὲ
1617 4333 1714 4386 οὐκ
1749 4334 1913 4403 ὀλίγοι

2020 4338 2139 4406 iusti
2211 4337 2439 4391 liberant
2513 4334 2737 4399 urbem,
2798 4344 2922 4389 tune
2989 4344 3168 4389 autem
3223 4349 3328 4389 non
3386 4335 3541 4405 pauci

318 4411 489 4486 ἦσαν.

386 4502 914 4558 Ταπεινώσουσιν
956 4506 1179 4571 αὐτοὺς
1221 4509 1567 4574 τετρακόσια
1594 4510 1713 4577 ἐτη.
1740 4510 1836 4564 Διὰ
1861 4512 1913 4563 τί

314 4592 365 4645 δὲ
411 4591 548 4663 (76)
588 4592 835 4661 περισσὰ
880 4592 975 4663 ἐτη
1020 4594 1165 4661 λέγει
1212 4596 1240 4646 ὁ
1278 4595 1593 4659 Ἀπόστολος
1626 4598 1668 4649 λ’
1694 4635 1710 4660 ,
1748 4599 1817 4651 τά
1854 4617 1913 4652 τε

313 4682 409 4752 τῆς
462 4679 802 4749 Διαθήκης,
852 4682 919 4751 ἢν
971 4682 1264 4752 ἐποιήσατο
1308 4682 1585 4751 μετὰ’τοῦ
1640 4685 1909 4757 Ἀϐραὰμ,

314 4772 405 4825 καὶ
456 4769 579 4837 τῆς
629 4765 693 4830 ἐξ
736 4768 1017 4834 Αἰγύπτου
1058 4769 1277 4838 πορείας
1332 4771 1389 4820 ὲν
1431 4772 1495 4838 τῇ
1545 4772 1766 4840 ἐρήμῳ,
1820 4774 1910 4826 καὶ

311 4860 417 4927 τῆς
447 4855 554 4908 τοῦ
587 4855 762 4923 νόμου
791 4856 1032 4919 δόσεως;
1067 4857 1143 4908 Ού
1173 4857 1403 4925 μάχεται
1444 4856 1511 4907 τὰ
1547 4859 1770 4912 ἐνταῦθα
1804 4864 1911 4924 τοῖς

315 4948 381 4999 ιν
429 4949 503 5016 τῇ
570 4943 799 5008 Ἐξόδῳ
834 4945 1264 5013 γεγραμμένοις.
1326 4944 1469 4994 Ἐκεῖ
1514 4944 1618 5015 γὰρ
1669 4948 1910 5019 εἴρηται,

318 5034 483 5090 Μετὰ
532 5033 619 5085 υλ¹
680 5034 778 5102 ἐτη
823 5031 1050 5102 ἐξῆλθεν
1114 5034 1149 5101 ἡ
1200 5031 1427 5099 δύναμις
1470 5033 1665 5102 Κυρίου
1713 5038 1776 5089 ἐκ
1819 5038 1915 5107 τῆς

318 5122 651 5189 Δίγύπτοιν
696 5119 939 5172 ἐνταῦθα
1001 5119 1061 5171 δὲ
1112 5120 1250 5187 μετὰ
1301 5120 1348 5169 υ¹
1410 5120 1587 5187 φησίν.
1628 5123 1748 5174 Αλλ’
1796 5128 1913 5178 ἐπι-

320 5210 527 5280 στῆσαι
579 5209 707 5273 δεῖ,
739 5209 824 5260 ὅτι
868 5208 973 5259 ούκ
1004 5206 1208 5275 secter,
1235 5245 1251 5271 ,
1286 5207 1361 5267 ὡς
1405 5206 1780 5276 πληρωθέντων
1813 5214 1915 5269 τῶν

2015 4433 2186 4481 erant.

2084 4512 2446 4566 Humiliabunt
2475 4527 2559 4565 eos
2588 4511 2977 4579 quadringentis
3003 4513 3153 4566 annis
3183 4513 3248 4568 ³⁷.
3279 4511 3387 4566 Cur
3413 4527 3543 4581 pra-

2016 4610 2156 4657 terea
2185 4601 2332 4656 addit
2359 4600 2644 4667 Apostolus
2672 4601 2889 4668 triginta
2920 4614 3111 4665 annos,
3139 4610 3194 4654 et
3237 4616 3357 4669 quae
3384 4600 3543 4669 perti-

2016 4701 2143 4744 nent
2181 4703 2299 4743 cum
2337 4689 2401 4742 ad
2442 4686 2613 4742 foedus
2664 4689 2802 4753 quod
2848 4688 3046 4757 pepigit
3089 4675 3209 4743 cum
3253 4689 3539 4755 Abraham,

2015 4787 2124 4831 tum
2157 4779 2221 4830 ad
2250 4775 2629 4845 profectionem
2663 4790 2725 4830 ex
2759 4774 2989 4844 IEgypto
3034 4778 3085 4829 in
3128 4791 3345 4839 eremo,
3381 4788 3434 4829 et
3475 4778 3541 4828 ad

2015 4868 2180 4933 legem
2212 4861 2434 4915 datam?
2459 4860 2569 4914 Non
2602 4872 2969 4929 pugnantqum
2995 4863 3097 4916 huc
3124 4863 3239 4916 loco
3273 4862 3541 4930 leguntur,

2016 4966 2134 5004 cum
2165 4950 2228 5002 iis
2253 4963 2369 5017 quae
2393 4949 2446 5000 in
2473 4949 2654 5001 Exodo
2674 4948 2871 5015 scripta
2895 4960 3041 5004 sunt.
3066 4949 3140 5003 lbi
3173 4950 3312 5003 enim
3346 4952 3541 5007 dictum

2017 5049 2096 5093 est
2136 5046 2257 5107 post
2304 5038 2711 5105 quadringentos
2747 5047 2800 5089 et
2853 5037 3068 5103 triginta
3131 5052 3299 5090 annos
3347 5038 3545 5090 exiisse

2019 5128 2310 5180 exercitum
2339 5125 2543 5178 Domini
2568 5124 2635 5177 de
2662 5125 2911 5194 Egypto,
2939 5130 3026 5183 hic
3050 5137 3228 5182 autem
3258 5134 3380 5194 post
3413 5139 3544 5192 qua-

2021 5216 2365 5283 dringentos:
2395 5212 2487 5267 sed
2520 5212 3046 5271 animadvertendum
3090 5223 3171 5267 est
3203 5225 3306 5263 non
3339 5210 3543 5263 dictum

395 5343 444 5373 ³³
476 5342 630 5396 Gen.
658 5354 773 5405 stv,
801 5340 891 5392 Il.
971 5337 1019 5421 ξ’
1048 5336 1207 5399 ιδιά..
1247 5336 1333 5388 15.
1407 5335 1454 5367 ³⁸
1483 5338 1608 5394 Gen.
1642 5358 1727 5409 xv,
1761 5347 1816 5401 5,
1891 5350 1916 5381 δ.

2020 5351 2108 5417 Ξι1.,
2139 5352 2192 5407 8.
2268 5352 2311 5383 ⁸⁵
2333 5352 2482 5417 ibid.,
2508 5352 2593 5406 16.
2668 5350 2711 5383 ³⁷
2734 5352 2886 5417 ibid.,
2914 5355 2999 5407 15.

411 5447 506 5522 ἸΞ)
539 5457 789 5515 Ἵππον,
822 5461 937 5505 etc.
978 5449 1063 5501 Ex
1097 5448 1274 5500 tribus
1308 5450 1508 5504 catenis
1537 5453 1726 5522 Regiis.

385 5459 506 5595 (75)
538 5524 632 5595 Τὰ(
791 5516 1173 5595 γεννήῌατφς.
1200 5522 1317 5595 eis.”
1340 5514 1412 5565 EX
1431 5527 1602 5595 catena
1633 5524 1726 5576 ltut

410 5514 506 5590 75)
538 5524 625 5576 Τὰ
656 5514 1173 5590 γερνετ-νήματα,
1200 5522 1306 5590 eis.
1340 5514 1412 5565 Ex
1431 5514 1909 5590 catcna'ltumana.

385 5579 512 5667 (74)
553 5579 683 5645 οὐαὶ
862 5579 1057 5646 κατὰ,
1096 5589 1206 5634 etc.
1248 5579 1323 5635 Ex
1355 5583 1526 5637 eadem
1561 5600 1749 5644 eatena
1815 5579 1924 5653 lto:

2016 5481 2195 5602 In???)
2247 5533 2417 5585 Ἐτών
2443 5540 2494 5602 ιιῖ
2517 5533 2710 5602 ,δόσιςς
2730 5539 2859 5602 E‘cz-
2878 5527 2953 5602 δ’
2988 5524 3546 5602 ⁶⁰¹¹⁸ρί³ηϐοωὺθα⁸ϋ⁸

2093 5593 2202 5671 Uti)
2237 5604 2334 5655 Διά
2375 5603 2430 5654 τί
2468 5599 2551 5663 δὲ,
2586 5593 2692 5652 etc.
2727 5597 2800 5648 Ex
2830 5595 3012 5647 iisdem
3047 5593 3274 5648 schedis.
