3878 6248
587 578 596 587 ’
691 589 800 643 Nec
837 591 1040 656 uspiam
1066 591 1266 658 justum
1298 589 1478 643 videre
1509 597 1594 643 est
1633 588 1722 656 qui
1757 588 2051 667 natalitium
2088 588 2227 641 diem

645 1016 650 1025 ’
691 1028 907 1083 caducis
943 1030 1258 1095 conﬁdebat,
1287 1032 1504 1100 putabat
1547 1045 1602 1083 se
1636 1038 1775 1083 stare
1801 1044 1960 1095 super
1989 1026 2226 1090 ﬂuvium,

696 298 784 351 151
1945 301 1948 304 ’
2160 288 2227 343 Oi

1945 301 1948 304 ’
2160 286 2498 343 ORIGENES

2329 408 2386 460 δὲ
2419 403 2733 476 βεϐαιοῦμεν
2762 405 2859 475 τὴν
2887 404 3116 474 διήγησιν,
3137 398 3278 454 καὶέπὶ
3303 393 3367 448 τοῦ
3414 396 3526 467 Ἥρὼὶ

2330 495 2707 567 παραπλήσιον
2750 494 3015 564 εὑρόντες,
3052 495 3116 548 ὅτε
3152 489 3216 543 καὶ
3247 490 3272 557 ὴ
3306 484 3505 556 θυγάτηρ

2324 586 2500 646 διάδος
2543 584 2841 653 ὠρχήσατο,
2896 582 2989 634 καὶ
3027 577 3280 649 άπετμήθηή
3309 571 3517 627 ἰωὴννου

2325 673 2410 745 λή·
2456 675 2548 727 καὶ
2590 671 2821 742 οὐδαμοῦ
2882 671 3070 732 δίκαιος
3098 668 3272 737 φαίνεται
3304 661 3535 731 γενέθλιον

2324 763 2557 833 ἡμέραν.

2412 851 2667 920 Ἐγένετο
2693 848 2761 900 δὲ
2773 847 2921 916 μετὰ
2949 846 3049 899 δύο
3067 845 3141 911 ἔτη
3162 841 3351 912 ἡμερῶν,
3372 844 3540 916 Φηρα.

2323 942 2622 995 ἐνύπνιον.
2665 940 2827 1007 ’ῼετο
2844 936 3073 990 ἑστάναι
3097 935 3168 987 ἐπὶ
3187 932 3266 985 τοῦ
3286 943 3540 1005 ποτάμιος,τ

2325 1033 2466 1101 ἑξῆς.
2515 1031 2570 1081 Ὀ
2622 1029 2712 1080 ἐπὶ
2751 1030 2867 1087 τοῖς
2899 1028 3113 1096 ρευστοῖς
3149 1023 3232 1092 (50)
3255 1022 3330 1074 καὶ
3367 1021 3540 1080 (libum

2326 1119 2524 1181 ποιθὼς
2550 1117 2684 1187 ᾤετο
2714 1115 2928 1168 ἑστάναι
2949 1115 3037 1166 ἐπὶ
3056 1112 3128 1165 τοῦ
3152 1110 3363 1179 ποταμοῦ,
3396 1111 3475 1178 ἀφ’
3497 1111 3528 1162 θ’

2326 1210 2521 1262 κοῦντα
2554 1204 2901 1274 εὐδαιμονικὰ
2931 1200 3056 1257 εἶναι
3092 1200 3328 1261 ἀναϐαίνει,
3353 1200 3426 1251 ὅτε
3457 1203 3496 1251 οἱ

2325 1297 2416 1351 τοῦ
2436 1300 2623 1365 παχεῖς
2648 1297 2799 1347 εἰσιν·
2829 1294 2960 1347 ἀλλὰ
2981 1293 3160 1353 πάντως
3176 1289 3456 1343 κατεσθίεται
3478 1306 3522 1341 το

2323 1386 2431 1439 τῶν
2484 1386 2755 1455 χειρόνων.
2803 1383 2945 1453 Πρὸς
2997 1381 3048 1433 δὲ
3085 1380 3151 1441 τὸ,
3196 1379 3333 1442 ᾤετο,
3379 1395 3524 1448 συγκρ

2325 1476 2489 1544 ᾤμην
2514 1472 2667 1541 ὑμᾶς
2695 1471 3007 1539 δεσμεύειν
3037 1468 3301 1536 δράγματα.
3333 1468 3440 1521 Ἐπὶ
3462 1468 3510 1519 δὲ

2326 1564 2593 1624 ἐνυπνίου,
2636 1561 2881 1626 Ὥσπερ,
2926 1558 3096 1627 φησὶν.
3125 1560 3150 1610 ό
3176 1556 3341 1622 ἣλιος,
3365 1556 3449 1609 καὶ
3481 1558 3514 1623 ἡ

694 412 867 468 sitniie
896 412 1144 481 quiddam
1185 412 1652 481 deprehendimus,
1677 411 1893 481 quando
1932 410 2039 463 lilia
2066 409 2233 464 Hero-

693 502 866 555 diadis
909 501 1127 555 saltavit
1179 509 1232 553 et
1280 508 1611 568 amputatum
1655 510 1737 553 est
1786 507 1945 567 caput
1982 498 2224 554 Joannis.

692 680 945 734 celebret.

760 850 884 905 Post
925 856 1049 907 duos
1088 871 1250 908 annos
1289 856 1486 907 dierum
1523 854 1648 906 vidit
1685 851 1893 906 Pharao
1930 851 2182 903 somnium
2211 867 2230 904 :

690 942 905 1011 putabat
933 960 987 996 se
1011 952 1148 996 stare
1170 960 1323 1011 super
1347 945 1559 1011 ﬂuvium
1585 942 1623 1005 ³,
1653 951 1757 994 ειε.
1788 940 1885 1005 Qui
1916 941 1968 992 in
1994 939 2147 992 fluxis
2177 948 2233 993 et

690 1118 833 1172 unde
870 1135 987 1187 quae
1025 1120 1272 1173 videntur
1301 1135 1419 1173 esse
1464 1119 1633 1173 felicia
1660 1118 1987 1177 ascendunt,
2019 1113 2232 1182 quando

689 1206 805 1275 ejus
829 1209 991 1263 boves
1011 1209 1232 1279 pingues
1253 1217 1377 1263 sunt
1395 1227 1406 1261 :
1424 1210 1517 1263 sed
1538 1210 1754 1262 omnino
1775 1209 2098 1262 devorantur
2117 1206 2232 1258 hate

688 1310 720 1349 a
758 1297 1128 1351 deterioribus.
1160 1298 1274 1352 Hoc
1306 1307 1479 1351 autem
1500 1337 1516 1361 ,
1551 1299 1785 1367 putabat,
1824 1296 2067 1351 conteres
2103 1308 2228 1348 cum

687 1382 797 1447 illo,
820 1387 1077 1441 Putabam
1099 1405 1183 1441 vos
1204 1389 1445 1459 colligare
1466 1390 1752 1458 manipulos
1771 1389 1811 1443 ‘.
1835 1390 1901 1443 Et
1919 1388 1969 1441 in
1991 1386 2226 1441 secundo

687 1474 893 1527 somnio
922 1493 933 1527 :
959 1474 1417 1540 Quemadmodum.
1446 1478 1636 1545 inquit,
1665 1477 1740 1530 sol
1768 1486 1817 1530 et
1849 1477 1971 1529 luna
1997 1486 2044 1528 et
2073 1483 2219 1527 astra

685 1563 972 1616 adorabunt
994 1583 1072 1618 me
1091 1568 1130 1618 ⁵.
1154 1567 1220 1619 Et.
1239 1582 1421 1621 rursus
1437 1583 1675 1620 summus
1687 1566 2029 1635 .pincernaJn
2045 1578 2221 1616 somno

685 1668 815 1717 meo,
854 1654 1044 1723 inquit,
1077 1666 1188 1708 erat
1220 1657 1365 1710 vinea
1391 1659 1431 1717 ⁸,
1458 1665 1559 1710 etc.
1586 1656 1759 1709 Pistor
1781 1670 1935 1714 vero,
1960 1653 2216 1705 Putabam

1994 1654 2221 1705 'utabam
2326 1654 2423 1707 καὶ
2480 1655 2533 1706 οἱ
2561 1650 2811 1717 ἀστέρες
2837 1647 3216 1719 προσεκύνουν
3247 1663 3354 1713 μοι.
3381 1646 3525 1698 Πάλιν

682 1758 764 1796 me
784 1744 883 1795 tria
903 1746 1125 1798 canistra
1147 1748 1338 1813 farina:
1356 1749 1488 1813 ferre
1509 1762 1660 1813 super
1685 1753 1838 1813 caput
1860 1760 2027 1796 meum
2044 1743 2084 1805 ⁷,
2111 1753 2213 1797 etc.

1996 1743 2084 1805 η’,
2111 1753 2215 1797 etc.
2260 1763 2298 1815 Β
2331 1743 2428 1811 μὲν
2464 1738 2845 1811 ἀρχιοινοχόος·
2915 1737 3010 1787 Ἐν
3061 1733 3129 1798 τῷ
3170 1734 3316 1796 ὕπνῳ
3349 1753 3471 1803 μου,
3524 1757 3527 1779 ε

684 1829 964 1897 ἄμπελος,
1015 1832 1106 1883 καὶ
1150 1831 1218 1884 τὰ
1277 1831 1418 1900 ἑξῆς·
1453 1833 1480 1883 ὁ
1509 1831 1564 1883 δὲ
1595 1832 2004 1900 ἁρχισιτοποιὸςο
2032 1834 2216 1903 ’ῼμην
2252 1834 2383 1899 τρία
2412 1828 2562 1882 κανᾶ
2606 1824 2924 1896 χονδριτῶν
2953 1823 3126 1891 αἴρειν
3163 1822 3250 1875 ἐπὶ
3273 1823 3374 1891 τῆς
3411 1841 3528 1892 uasat

684 1919 777 1970 xui.
803 1919 869 1970 τὰ
898 1919 1039 1989 ἑξῆς.
2658 1926 2663 1930 ’

737 2009 1003 2078 Ejusdem.
1022 2011 1267 2065 Narratio
1280 2013 1767 2080 Scriptumhabet:
1794 2013 2015 2068 Putabat
2029 2026 2230 2070 sestare

1993 2025 2015 2068 ‘t
2029 2033 2081 2069 se
2091 2026 2230 2070 stare
2402 2010 2510 2065 Τοῦ
2523 2008 2725 2064 αὐτοῦ.
2751 2009 2825 2060 Τὸ
2843 2008 2938 2078 μὲν
2957 2006 3313 2077 διηγηματικὸν
3332 2008 3425 2080 τῆς
3448 2006 3519 2078 Γρ

682 2115 837 2167 super
856 2102 1092 2168 ﬂuvium,
1112 2117 1213 2154 non
1233 2116 1393 2169 super
1422 2103 1582 2170 ripam
1604 2102 1708 2173 45
1727 2103 1955 2158 ﬂuminis
1976 2123 1990 2165 ;
2016 2105 2213 2159 Pbarat

2016 2105 2228 2159 Pharao
2328 2101 2473 2155 ωπόν
2505 2115 2682 2169 φησιν’
2723 2100 2890 2167 ’ῼετο
2919 2097 3151 2150 ἑστάναι
3190 2097 3279 2150 ἐπὶ
3322 2098 3424 2152 τοῦ
3452 2114 3522 2152 πο

686 2201 863 2243 autem
885 2192 959 2243 ait
980 2211 990 2244 :
1011 2190 1267 2243 Putabam
1304 2208 1382 2245 me
1412 2203 1545 2245 stare
1576 2209 1727 2259 super
1745 2179 1915 2260 ripam
1936 2195 2166 2262 ﬂuminis
2183 2195 2217 2260 ⁸,

1994 2195 2166 2248 lminis
2183 2195 2225 2260 ⁸,
2326 2187 2475 2258 παρὰ
2517 2186 2577 2240 τὸ
2622 2186 2793 2255 χεῖλος
2839 2184 2932 2237 τοῦ
2986 2184 3229 2253 ποταμοῦ
3271 2187 3299 2237 ὁ
3335 2185 3390 2239 δὲ
3428 2188 3525 2257 diu;

684 2298 787 2337 non
812 2293 974 2357 super
999 2281 1239 2334 ﬂuvium.
1274 2280 1535 2335 Caeterum
1563 2281 1840 2335 smcularia
1871 2282 2089 2352 Egypti
2138 2298 2215 2337 ne

1996 2284 2089 2349 η)ιί
2138 2298 2229 2337 ne-
2298 2276 2299 2279 ’
2330 2279 2519 2347 ᾬμην
2544 2276 2787 2329 ἑστάναι
2812 2275 2970 2341 παρὰ
2996 2275 3060 2327 τὸ
3086 2275 3270 2343 χεῖλος
3292 2276 3395 2328 τοῦ
3438 2293 3527 2329 ποι

682 2372 844 2440 gotia,
879 2386 908 2424 a
961 2370 1274 2424 melioribus
1330 2371 1621 2437 incipiunt,
1656 2387 1881 2441 quorum
1928 2382 2083 2442 typus
2137 2384 2213 2428 est

1994 2389 2083 2440 pus
2137 2384 2221 2428 est,
2326 2367 2418 2418 ἐπὶ
2444 2364 2535 2418 τοῦ
2565 2362 2828 2433 ποταμοῦ.
2856 2363 2936 2415 Τά
2964 2363 3196 2433 μέντοιγε
3222 2364 3277 2415 ὲν
3309 2364 3525 2431 Αιγύπτσ

683 2458 1030 2523 abundantia,
1066 2464 1156 2514 sed
1195 2460 1245 2511 in
1270 2474 1451 2511 amara
1482 2460 1725 2512 desinunt
1782 2475 2010 2528 quorum
2062 2464 2214 2515 aliun-

1994 2479 2010 2514 ι
2062 2464 2230 2515 ahnn-
2324 2455 2392 2507 τὰ
2417 2458 2474 2507 ὲν
2500 2456 2609 2516 τοῖς
2641 2455 2941 2522 κοσμικοῖς,
2964 2452 3070 2506 ἀπὸ
3084 2455 3450 2523 χρηστοτέρων
3476 2456 3525 2524 an

681 2548 863 2603 dantia
902 2558 957 2603 et
1002 2547 1171 2602 fames
1215 2548 1397 2617 ﬁgura:
1437 2556 1580 2601 sunt.
1630 2547 1819 2602 Simile
1866 2551 2140 2617 quidpiam
2174 2552 2212 2602 ir

2000 2551 2140 2616 piam
2174 2552 2225 2604 in
2328 2542 2587 2612 σύμϐολον
2621 2543 2653 2613 ἡ
2696 2542 2937 2612 εὐθηνξα,
2984 2545 3060 2605 εις
3098 2545 3409 2614 πικρότερον
3462 2563 3525 2599 κα

683 2636 904 2690 historia
928 2637 1108 2689 divitis
1155 2636 1333 2688 videre
1367 2644 1471 2689 est.
1501 2636 1671 2688 Veluti
1699 2636 1841 2689 enim
1868 2646 2071 2704 septem
2103 2654 2214 2692 ann

1977 2648 2071 2689 Lem
2103 2641 2226 2694 anni
2325 2632 2358 2700 ἡ
2390 2630 2608 2700 εὐθηνία
2639 2630 2732 2683 καὶ
2761 2632 2791 2683 ό
2819 2630 2974 2700 λιμὸς
3023 2631 3206 2694 τύπος.
3254 2632 3508 2686 Τοιοῦτον

682 2724 1020 2778 abundantia:
1069 2734 1223 2778 erant
1272 2726 1359 2789 ei,
1403 2728 1596 2795 quippe
1643 2728 1733 2796 qui
1785 2740 2059 2797 receperat
2090 2730 2213 2781 bona

1996 2740 2059 2783 ἰιι
2090 2730 2226 2782 bona
2325 2722 2415 2773 ἐπὶ
2445 2721 2535 2774 τοῦ
2578 2720 2720 2775 κατὰ
2760 2720 2851 2773 τὸν
2902 2721 3154 2777 πλούσιον
3183 2721 3341 2791 λόγου
3390 2723 3527 2796 (iam;

682 2827 782 2866 sua
820 2814 872 2865 in
913 2814 1022 2866 vita
1047 2828 1167 2874 sua,
1205 2814 1330 2868 dum
1355 2816 1663 2870 indueretur
1696 2831 1926 2889 purpura
1959 2827 2011 2871 et
2048 2819 2213 2889 bysso,

1996 2827 2011 2870 ι
2048 2819 2225 2889 bysso,
2325 2811 2432 2881 γὰρ
2454 2810 2523 2863 τὰ
2549 2810 2686 2863 ἑπτὰ
2717 2809 2812 2879 ἔτη
2853 2810 2952 2879 τῆς
2994 2810 3248 2881 εὐθηνίας
3284 2807 3355 2882 ἦν
3381 2814 3527 2883 αὐτίξ

680 2910 737 2954 et
776 2901 1053 2955 laetaretur
1082 2903 1321 2969 quotidie
1356 2904 1630 2970 splendide
1657 2905 1699 2956 ’.
1732 2886 1836 2957 Sed
1879 2906 1990 2958 haec
2024 2886 2211 2958 abeunt

2024 2886 2225 2958 abeunt
2325 2919 2466 2956 νοντι
2498 2901 2566 2953 τὰ
2592 2900 2771 2969 ἀγαθὰ
2801 2899 2965 2953 αὐτοῦ
3011 2903 3071 2954 ὲν
3096 2903 3164 2970 τῇ
3199 2900 3314 2971 ζωῇ
3347 2903 3531 2955 αὐτοῦ

680 2988 730 3042 ei
778 2989 831 3042 in
860 2991 1153 3057 contraria,
1198 2992 1478 3059 recipienti
1509 2991 1643 3045 mala
1673 3002 1792 3060 post
1824 3005 2070 3048 mortem.
2130 2993 2218 3047 Si-

683 3077 830 3130 milia
882 3078 1064 3132 videre
1118 3088 1200 3132 est
1262 3080 1312 3132 in
1378 3080 1445 3133 iis
1484 3083 1573 3149 qui
1616 3081 1774 3134 latam
1831 3092 1885 3134 et
1939 3082 2214 3149 spatiosam

2008 3082 2225 3135 atiosam
2327 3097 2426 3151 ραν
2453 3079 2739 3150 λαμπρῶς
2776 3080 2932 3149 λήγει
2981 3081 3040 3133 δὲ
3072 3080 3225 3150 αὐτῷ
3256 3081 3339 3143 εἰς
3369 3082 3444 3135 τὰ
3481 3084 3539 3135 ὲε

678 3160 1050 3233 ingrediuntur
1095 3168 1232 3221 viam
1284 3183 1508 3237 quorum
1565 3169 1683 3222 linis
1736 3168 1962 3237 perditio
2013 3179 2097 3223 est
2149 3170 2191 3201 ¹⁶

2013 3179 2097 3223 est
2149 3170 2226 3235 “,
2325 3170 2647 3240 λαμϐάνοντι
2677 3170 2747 3223 τὰ
2789 3169 2935 3224 κακὰ
2988 3169 3130 3240 μετὰ
3156 3171 3260 3237 τὴν
3291 3169 3539 3226 ὲντεῦῦε

679 3251 806 3306 dum
870 3252 934 3306 iis
999 3254 1188 3322 quibus
1258 3256 1465 3309 initium
1526 3266 1608 3311 est
1677 3264 1827 3310 arcta
1900 3267 1953 3310 et
2015 3266 2210 3326 august:

2015 3266 2235 3326 angusta
2261 3251 2303 3310 C
2335 3259 2565 3313 Τοιαῦτα
2594 3260 2637 3311 δ’
2653 3259 2718 3312 ἂν
2750 3259 2880 3322 ἴδοις
2903 3261 2996 3313 καὶ
3018 3260 3115 3311 ἐπὶ
3141 3258 3258 3311 τῶν
3284 3258 3391 3327 τὴν
3420 3262 3539 3314 πλε

681 3343 789 3405 via,
821 3343 941 3397 linis
969 3354 1052 3398 est
1086 3345 1215 3399 vita.
1264 3345 1618 3410 Quamobrem
1673 3361 1749 3401 va:
1799 3349 1994 3401 saturis
2018 3386 2034 3411 ,
2094 3364 2212 3417 quor

2018 3386 2034 3411 ,
2094 3364 2229 3417 qtto-
2333 3347 2571 3420 ρύχωρον
2600 3348 2909 3410 ὁδευόντων,
2939 3343 3014 3401 ὧν
3062 3346 3126 3400 τὸ
3153 3346 3317 3408 τέλος
3350 3346 3539 3400 umis)

2326 2991 2628 3063 πορφύραν,
2665 2993 2759 3044 καὶ
2798 2989 3012 3059 βύσσον,
3044 2992 3142 3044 καὶ
3175 2992 3538 3063 εὐφραινομέ

683 3430 825 3483 niam
885 3431 1140 3493 esuricnt,
1195 3441 1250 3485 et
1320 3433 1648 3496 ridentibus.
1697 3435 1944 3502 quoniam
1999 3435 2214 3506 ﬂebunt.

2002 3435 2222 3506 ﬂebunt.
2330 3439 2398 3508 χὴ
2428 3437 2490 3489 τὸ
2516 3438 2697 3489 στενὸν
2735 3438 2826 3491 καὶ
2854 3438 2913 3490 τὸ
2950 3436 3351 3506 τεθλιμμὲνον,
3377 3435 3446 3487 τὸ
3484 3456 3533 3491 τ

681 3516 825 3570 Beati
857 3518 945 3587 qui
975 3519 1152 3588 lugent
1174 3529 1227 3575 et
1252 3519 1399 3587 ﬂent,
1437 3521 1689 3590 quoniam
1725 3523 1828 3593 ipsi
1868 3523 2212 3579 consolabun-

2008 3523 2227 3579 Dlabun-
2331 3526 2452 3579 οὐαὶ
2476 3528 2587 3588 τοῖς
2626 3526 3128 3596 ὲμπεπλησμένοις,
3179 3526 3273 3577 ὅτι
3306 3529 3539 3583 πεινὰς

683 3608 855 3668 ιιιι·¹¹.
2329 3615 2578 3682 γελῶσιν,
2602 3616 2683 3668 ὅτι
2718 3616 3029 3669 κλαύσουσι.
3058 3616 3377 3686 Μακάριοι
3416 3617 3479 3669 οἱ
3536 3642 3540 3654 ·

2312 3704 2604 3768 κλαίοντες,
2638 3706 2720 3758 ὃτι
2753 3706 2907 3759 αὐτοὶ
2938 3705 3536 3775 παρακληθήσονται

748 3789 819 3841 Et
836 3804 949 3841 ecce
975 3795 1218 3857 tanquam
1253 3806 1279 3843 e
1308 3790 1468 3860 ﬂuvio
1515 3792 1857 3848 ascendebant
1906 3804 2098 3862 septem
2127 3795 2219 3850 bo-

2004 3804 2098 3849 lem
2127 3795 2219 3850 ba-
2394 3793 2504 3847 Kal
2533 3793 2661 3847 ἰδοὺ
2678 3793 2879 3860 ὥσπερ
2899 3794 2966 3847 ἐκ
2981 3793 3092 3846 τοῦ
3129 3794 3449 3861 ποταμοῦ
3480 3797 3535 3848 d

679 3894 764 3932 ves
799 3877 866 3942 “,
895 3889 999 3931 etc.
1025 3878 1318 3931 Pharaonis
1346 3881 1551 3933 somnia
1583 3881 1747 3935 boves
1772 3892 1924 3935 erant
1957 3892 2010 3937 et
2033 3884 2210 3953 spicaz.

2000 3884 2211 3953 lspicaz.
2318 3885 2483 3949 βόες,
2524 3883 2619 3936 καὶ
2660 3883 2728 3937 τὰ
2754 3882 2897 3952 ἑξῆς.
2932 3880 3035 3933 Τοῦ
3073 3880 3316 3951 Φαραὼ
3336 3881 3471 3951 (δι)
3524 3906 3531 3917 ι

680 3967 780 4022 Per
803 3983 863 4021 ea
885 3968 1026 4019 enim
1049 3969 1240 4034 quibus
1267 3978 1406 4021 terra
1429 3970 1645 4030 colitur,
1662 3980 1714 4023 et
1734 3986 1827 4037 per
1860 3971 2065 4025 fructus
2082 3973 2211 4041 ejus,

1985 3984 2065 4025 tus
2082 3973 2216 4041 ejus,
2322 3970 2461 4044 ἦσαν
2485 3973 2578 4026 καὶ
2614 3973 2857 4041 στάχυες.
2892 3973 2968 4023 Δι’
2993 3965 3074 4024 ὧν
3104 3972 3242 4043 γὰρ
3280 3988 3516 4042 γεωργ

682 4057 979 4125 praenuntia
1042 4056 1165 4108 data
1217 4064 1342 4108 sunt
1397 4058 1506 4123 regi
1565 4059 1715 4126 signa
1775 4061 2114 4123 abundantia:
2164 4071 2213 4115 et

1989 4062 2114 4115 mia:
2164 4071 2220 4115 et
2325 4061 2469 4131 ἅπερ
2500 4061 2674 4133 φέρει,
2721 4059 3163 4131 προσημαντικὰ
3193 4059 3515 4131 εὐθηνίας

680 4144 863 4197 famis.

2324 4151 2539 4218 ἐγένετο
2568 4151 2644 4221 τῷ
2670 4150 2894 4220 βασιλεῖ.

752 4231 1155 4300 Expergefactus
1195 4243 1365 4286 autem
1416 4230 1646 4302 Pharao,
1677 4252 1885 4289 rursum
1913 4237 2213 4303 somniavit,

1980 4237 2213 4303 mniavit,
2403 4241 2637 4310 Ἠγέρθη
2690 4239 2757 4292 δὲ
2787 4238 3013 4306 Φαραὼ,
3050 4238 3179 4292 καὶ
3210 4239 3511 4293 ἐνυπνιι

675 4335 723 4378 et
747 4341 859 4378 ecce
886 4335 1071 4392 septem
1093 4327 1246 4390 spica:
1266 4326 1603 4379 ascendebant
1626 4329 1679 4379 in
1710 4327 1877 4380 culmo
1912 4343 2012 4380 uno
2037 4328 2206 4383 electw

1980 4343 2012 4380 κο
2037 4328 2211 4383 electae
2309 4347 2440 4399 ρον’
2476 4333 2572 4385 καὶ
2608 4330 2733 4384 ἰδοὺ
2764 4330 2912 4383 ἑπτὰ
2942 4329 3267 4398 στάχυες
3299 4329 3448 4383 ἀνέ
3464 4334 3511 4379 θ’.

677 4423 723 4465 et
745 4412 970 4479 pulchra:
998 4413 1060 4464 ¹³.
1098 4411 1295 4479 ,Ιοκεριι
1352 4429 1455 4465 non
1516 4414 1713 4481 spicas.
1766 4415 1858 4468 sed
1916 4416 2208 4483 manipulos

1978 4416 2212 4483 anipulos
2315 4418 2483 4471 νιὲνὶ
2514 4416 2778 4471 ἐκλεκτοὶ
2821 4416 2919 4469 καὶ
2949 4418 3182 4473 καλοί.
3245 4418 3330 4470 '0
3398 4418 3509 4487 μὲη

680 4502 846 4562 vidit;
878 4499 1161 4569 Egyptins
1215 4515 1343 4555 vero
1404 4516 1506 4554 non
1546 4502 1861 4570 manipulos,
1904 4503 1994 4557 sed
2015 4506 2211 4572 spicas.

1941 4503 1994 4557 ad
2015 4506 2211 4572 spicas.
2320 4507 2576 4576 στάχυας,
2632 4505 2765 4559 ἀλλὰ
2799 4507 3105 4579 δράγματα
3159 4503 3382 4559 εἶδεν
3431 4508 3472 4559 ὁ

679 4591 743 4644 Et
772 4606 954 4644 rursus
1008 4593 1260 4658 pincerna
1321 4598 1432 4644 tres
1486 4595 1807 4659 propagines
1851 4593 1993 4646 videt
2020 4594 2210 4661 quibus

1975 4594 2214 4661 tquibus
2318 4595 2622 4665 δράγματα,
2658 4594 2794 4647 ἀλλὰ
2822 4595 3092 4665 στάχυας.
3149 4597 3309 4650 Καὶ.
3351 4596 3503 4648 πάλ

682 4687 789 4731 tres
836 4678 949 4731 dies
996 4678 1393 4746 signiﬁcantur;
1429 4693 1521 4732 rex
1568 4687 1747 4730 autem
1783 4678 1835 4731 in
1883 4694 1988 4731 uno
2036 4680 2210 4733 culmo

1970 4694 1988 4731 )
2036 4680 2210 4733 culmo
2243 4669 2290 4726 D
2315 4685 2442 4755 χόος
2471 4686 2595 4748 τοὺς
2618 4687 2765 4757 τρεῖς
2784 4685 3073 4756 πυθμένας
3102 4687 3395 4757 ’βλέπει
3440 4690 3501 4741 εἰ

679 4778 882 4837 septem
925 4770 1116 4838 spicas,
1155 4770 1348 4837 quibus
1399 4777 1603 4835 septem
1640 4767 1764 4820 anni
1807 4758 2032 4821 connexi
2063 4780 2209 4834 sunt,

1966 4758 2032 4821 :xi
2063 4780 2209 4834 sunt,
2313 4772 2369 4825 δὲ
2394 4771 2638 4839 βασιλεὺς
2654 4774 2785 4836 τοὺς
2822 4775 2878 4826 ὲν
2920 4776 3209 4846 πυθμένι
3253 4779 3373 4832 ἑνὶ
3422 4779 3497 4832 ὲτ

680 4859 863 4925 sicque
888 4859 1041 4912 unius
1065 4861 1293 4913 nominis
1312 4856 1581 4926 πυθμένος
1607 4856 1815 4910 diversa
1837 4865 1919 4909 est
1953 4857 2211 4925 interpre.

1964 4860 2213 4925 interpre.
2316 4862 2650 4931 συνημμένον
2676 4861 2783 4915 τῶν
2827 4863 2968 4917 ἑπτὰ
3004 4867 3412 4924 ἐνιαυτῶν·
3453 4890 3495 4928 ut

681 4948 833 4999 tatio.
870 4947 925 5000 Si
958 4949 1167 5015 quando
1188 4964 1314 5016 ergo
1348 4948 1611 5016 quispiam
1642 4946 1798 4998 aliter
1834 4944 2212 5013 interpretetur

1960 4955 2212 5037 'pt'etetur
2312 4948 2569 5037 ὀνόματος
2592 4949 2684 5002 τοῦ
2714 4952 2989 5022 πυθμένος
3014 4956 3384 5034 διάφορος
3444 4965 3491 5037 ἡ

680 5036 1031 5107 Scripturam,
1081 5053 1149 5091 ne
1199 5048 1353 5106 putes
1402 5040 1550 5092 illum
1582 5038 1687 5089 vim
1731 5035 1780 5088 ei
1815 5033 2029 5090 aﬂ'erre.
2075 5034 2211 5089 Illud

1958 5051 2029 5090 re.
2075 5034 2211 5089 Illud
2312 5036 2620 5131 οῦνιᾶλλως
2672 5059 2763 5131 ut;
2788 5044 3068 5116 διηγεῖται
3154 5033 3309 5128 τὴν
3382 5033 3489 5131 Γέ

677 5126 840 5180 etiam
873 5126 1260 5180 observandum
1294 5123 1618 5195 praenuntias
1637 5122 1979 5176 abundantia:
2006 5134 2208 5192 septem

1958 5136 1979 5176 ε
2006 5134 2210 5192 septem
2317 5126 2595 5195 βιάζεσθαι
2634 5116 2825 5199 αὐτήν.
2861 5136 2978 5191 Καὶ
3013 5139 3119 5197 ἔτι
3151 5116 3489 5224 πήρη-τέ(

748 5267 770 5299 ³
799 5264 929 5319 Gen.
950 5279 1061 5323 xu.
1090 5262 1147 5335 ι,
1207 5261 1400 5335 _‘_Gen._
1427 5273 1637 5335 xxxv",
1669 5259 1759 5335 7A.“
1793 5257 1992 5335 '_ibid..,
2027 5258 2081 5312 9.
2108 5261 2338 5335 λθεινἑ
2383 5276 2471 5322 χι,
2518 5264 2571 5315 9.
2611 5263 2667 5335 μ’
2696 5264 2858 5335 ibid.,
2915 5274 3011 5335 16,

681 5334 724 5366 ¹⁶
753 5335 936 5387 Matth.
965 5346 1059 5395 vn,
1087 5330 1171 5397 l6,
1205 5330 1288 5387 Η.
1364 5331 1404 5361 ⁸⁸
1436 5328 1565 5381 Luc.
1591 5342 1662 5390 v1,
1692 5325 1783 5390 25;
1810 5325 1997 5379 Matth.
2026 5343 2080 5391 v,
2105 5328 2162 5383 5.

1591 5342 1662 5390 νι,
1692 5325 1783 5390 25;
1810 5325 1997 5379 Matth.
2026 5343 2080 5391 v,
2105 5328 2162 5383 5.
2240 5330 2430 5384 "Gen.
2472 5345 2581 5391 xu,
2606 5330 2662 5384 2.
2738 5334 2784 5366 ³³
2814 5325 3098 5416 ibid.;'5.

681 5512 715 5564 ﬁ
891 5445 945 5498 '0
973 5444 1070 5498 ἐπὶ
1091 5442 1212 5507 τοῖς
1233 5439 1529 5510 ῥευστοῖς,
1550 5447 1652 5492 etc.
1689 5438 1733 5492 E
1765 5437 1977 5493 schedis
1995 5439 2212 5497 Combe-

720 5526 805 5562 8H.

720 5503 851 5582 sis-1
969 5579 992 5582 _
1427 5574 1463 5582 _
1562 5576 1573 5582 .
1650 5574 1678 5582 ..
1747 5576 1776 5582 ._
2316 5503 3335 5582 eumohgenii‘a‘i.;:?::._etc.
3415 5503 3485 5567 ιι

751 5533 859 5647 l(ibi)
887 5579 995 5630 Τοῦ
1028 5577 1250 5646 Φαραώ,
1286 5586 1391 5631 etc.
1420 5574 1465 5629 Ε
1501 5574 1710 5631 schedis
1741 5573 2062 5630 Cotubclisii.

1605 5574 1710 5631 edis
1741 5573 2062 5630 Cotubcl‘tsii.
2316 5533 3136 5647 ’I‘I’é‘ﬁl‘$;\:.lsl(§tigzttrtbuilur

3108 5286 3142 5321 ⁸
3178 5289 3397 5358 Gen.
3437 5318 3490 5361 ι
