3878 6210
551 278 651 331 159
948 288 951 291 ‘
1990 273 2077 328 ΟΒ

948 288 951 291 ‘
1990 273 2303 330 ORIGENIS

549 395 710 453 nium,
742 391 813 441 ita
837 399 888 441 ut
918 391 1140 458 quinque
1160 388 1393 457 partibus
1426 391 1684 443 excederet
1714 388 1919 443 illorum
1951 406 2071 456 paro

2106 392 2151 447 Α
2168 392 2341 457 plane
2371 391 2606 444 πάντων
2643 394 3098 458 πενταπλασίως
3149 393 3298 459 πρὸς
3326 392 3431 457 τὰς
3467 393 3627 446 ἐκείνη

546 490 620 534 tes
647 480 711 530 ⁸⁸.
752 478 919 547 Major
954 479 1093 533 facta
1128 489 1227 542 est,
1259 481 1340 533 vel
1386 488 1603 548 propter
1634 477 1949 541 Jerusalem,
1996 479 2074 531 vel

2065 479 2074 529 Ι
2191 479 2547 549 Ἐμεγαλύνθη
2573 481 2604 550 ἢ
2632 480 2716 532 διὰ
2739 480 2834 550 τὴν
2880 470 3245 549 Ἱερουσαλῆμ,
3275 480 3307 549 ἢ
3336 481 3410 542 ὡς
3441 480 3596 543 τύπος

545 578 802 635 tanquam
837 577 990 638 typus
1024 569 1246 637 apostoli
1267 568 1432 621 Pauli.
1460 568 1698 623 EtJosue
1722 568 1953 635 quidem,
1984 569 2075 636 qui

2177 568 2465 619 ἀποστόλου
2524 569 2751 622 Παύλου.
2790 570 2898 620 Καὶ
2952 570 3154 638 Ἰησοῦς
3209 570 3266 620 δὲ
3306 570 3405 637 τῆς
3446 570 3609 638 φυλῆς

544 673 575 712 e
606 660 744 711 tribu
773 667 887 711 erat
915 659 1187 729 prraim,
1219 659 1403 712 divisit
1429 660 1546 713 aliis
1585 660 1824 712 tribubus
1854 666 2072 713 terram.

2025 675 2072 713 n.
2189 654 2421 724 Ἐφραῒμ
2443 654 2713 723 διεμέρισε
2741 657 2858 715 ταῖς
2885 654 3067 717 ἄλλαις
3095 653 3288 721 φυλαῖς
3314 657 3410 723 τὴν
3439 656 3556 723 γῆν.

613 746 754 798 Misit
780 748 912 799 enim
940 761 1018 798 me
1041 746 1175 799 Deus
1201 757 1318 800 ante
1357 764 1462 810 vos,
1507 756 1561 799 ut
1594 757 1758 801 essent
1785 749 1923 799 vobis
1950 747 2075 799 reli-

2258 741 2591 794 Ἀπέστειλε
2606 743 2713 809 γάρ
2731 759 2806 810 με
2822 745 2854 794 ό
2877 742 3017 806 Θεὸς
3036 743 3372 809 ἔμπροσθεν
3389 741 3567 809 ὑμῶν,
3589 746 3622 794 ὑ

543 834 679 901 quia:
702 835 766 887 ".
823 833 1258 902 Quandoquidem
1312 834 1447 887 Deus
1491 836 1558 887 ob
1597 835 1881 890 multorum
1912 836 2074 888 vitam

2174 830 2475 883 λείπεσθαι
2496 830 2635 898 ὑμῖν
2665 829 3041 898 κατάλειμμα.
3094 830 3354 899 Ἐπείπερ
3386 832 3414 882 ὁ
3444 830 3570 892 Θεὸς
3594 834 3624 883 ἀ

542 918 829 989 Josephum
858 930 979 975 ante
1005 921 1201 975 fratres
1222 937 1344 975 suos
1371 923 1512 976 misit
1541 924 1591 991 in
1621 923 1928 993 Aigyptum,
1956 939 2073 992 pro-

2177 922 2343 973 στειλε
2369 921 2453 974 διὰ
2484 922 2579 992 τὴν
2610 923 2716 975 τῶν
2749 924 2954 976 πολλῶν
2979 923 3121 993 ζωὴν
3149 924 3238 976 τὸν
3281 923 3471 993 Ἰωσὴφ
3528 924 3627 993 έμπ

434 1032 437 1039 ν
547 1009 686 1065 fecto
718 1012 784 1065 ad
835 1011 1147 1066 mittendum
1193 1013 1302 1083 49
1355 1014 1497 1066 illum
1550 1014 1601 1066 in
1630 1013 1961 1083 [Egyptumt

2174 1008 2296 1062 σθεν
2344 1011 2465 1065 τῶν,
2502 1011 2740 1079 ἀδελφῶν
2777 1012 2937 1065 αὐτοῦ
2977 1014 3055 1074 ei;
3090 1012 3362 1079 Αἴγυπτον
3387 1052 3401 1076 ,
3447 1013 3627 1082 δηλονό

543 1107 626 1151 est
655 1099 847 1151 invidia
877 1108 930 1151 et
959 1101 1227 1166 proposito
1248 1101 1467 1154 l'ra'ruin
1506 1100 1643 1168 ejus,
1671 1111 1726 1153 ut
1754 1101 1857 1155 illic
1888 1102 2074 1157 multo-

2173 1098 2302 1161 Θεὸς
2337 1099 2670 1152 ἀποστέλλων
2713 1100 2869 1152 αὐτὸν
2908 1103 2987 1161 εἰς
3018 1102 3308 1168 Αἴγυπτον,
3370 1117 3627 1170 συγκατεχ

545 1203 662 1240 rum
694 1187 849 1241 saluti
884 1188 1209 1241 consuleret.
1270 1188 1359 1241 Sic
1388 1176 1515 1257 ergo
1556 1189 1816 1243 interdum
1849 1191 2071 1243 aliorum

2175 1201 2301 1237 σατο
2321 1184 2398 1253 τῷ
2426 1185 2568 1255 ζήλῳ
2597 1187 2703 1238 καὶ
2716 1189 2778 1257 τῇ
2834 1187 3145 1257 προαιρέσει
3174 1188 3280 1239 τῶν
3311 1188 3547 1255 ἀδελφῶν
3570 1192 3627 1240 αὖ

545 1277 780 1341 peceatis
806 1277 973 1331 utitur
1005 1277 1143 1331 Deus
1174 1287 1231 1331 ut
1260 1278 1485 1331 aliorqu
1518 1277 1674 1332 saluti
1709 1278 1975 1333 consulat.

2173 1276 2251 1337 εἰς
2276 1273 2372 1345 τὴν
2400 1276 2526 1345 περὶ
2550 1274 2643 1328 τοῦ
2693 1277 2887 1345 Ἰωσὴφ
2914 1277 3004 1328 ἐπὶ
3028 1275 3139 1345 ζωῇ
3176 1275 3383 1327 πολλῶν
3412 1277 3627 1344 οἰκονομί

1722 1350 1733 1359 ’
2173 1363 2377 1416 Οὐκοῦν
2426 1363 2537 1415 ἔσθ’
2578 1365 2665 1417 ὅτε
2715 1364 3096 1435 συγχρώμενος
3148 1365 3347 1434 ἑτέρων
3389 1366 3628 1436 ἁμαρτίαι

2124 1460 2131 1465 “
2172 1451 2320 1513 Θεὸς,
2356 1454 2525 1504 οἰκεῖα
2549 1453 2853 1521 βουλεύεται
2881 1455 2971 1505 ἐπὶ
2996 1454 3172 1506 ἄλλων
3196 1455 3455 1524 σωτηρίᾳ.

619 1538 773 1594 Nune
814 1557 932 1609 ergo
960 1556 1060 1592 von
1097 1557 1180 1594 vos
1213 1556 1289 1593 me
1316 1541 1415 1593 Imc
1446 1541 1675 1603 misistis,
1714 1542 1803 1593 sed
1840 1541 1991 1603 Deus,
2024 1551 2071 1595 et

2243 1540 2367 1592 Νῦν
2390 1536 2501 1593 οὖν
2531 1543 2640 1609 οὐχ
2669 1541 2834 1608 ὑμεῖς
2855 1559 2931 1610 με
2961 1541 3381 1613 ἀπεστάλκατε
3411 1538 3524 1596 ὦδε
3544 1582 3558 1606 ,
3594 1544 3627 1596 ἀ

543 1628 662 1696 fecit
688 1646 766 1681 me
793 1639 1038 1697 tanquam
1066 1638 1261 1696 patrem
1298 1627 1587 1682 Pharaonis
1614 1638 1659 1681 et
1698 1629 1960 1683 dominum
1991 1641 2074 1684 to~

2051 1657 2074 1670 κ
2105 1688 2141 1697 _
2174 1630 2205 1679 ό
2238 1626 2396 1691 Θεὸς,
2435 1626 2532 1679 καὶ
2562 1628 2807 1694 ἐποίησέ
2845 1646 2921 1697 με
2963 1630 3043 1695 ὡς
3087 1630 3315 1696 πατέρα
3363 1630 3582 1697 Φαραὼ,

542 1719 645 1770 tius
691 1718 872 1770 domus
894 1688 1018 1786 'ejus
1066 1728 1111 1771 et
1142 1718 1422 1784 principem
1452 1720 1700 1771 universa:
1729 1730 1878 1771 terra:
1901 1719 2072 1789 Αἰθυ-

2105 1688 2144 1740 B
2173 1716 2375 1781 κύριον
2401 1716 2626 1781 παντὸς
2652 1717 2758 1769 τοῦ
2779 1718 2945 1771 οἴκου
2967 1718 3176 1783 αὐτοῦ,
3214 1718 3312 1771 καὶ
3339 1720 3589 1787 ἄρχοντα
3624 1744 3627 1769 ς

543 1808 619 1873 ριὶ
641 1806 705 1860 ³⁸.
747 1806 846 1870 Qui
877 1817 1067 1873 praeest
1112 1807 1270 1860 rebus
1298 1806 1571 1873 corporeis
1594 1816 1647 1858 et
1681 1806 1782 1860 illis
1808 1817 1889 1860 est
1915 1823 2074 1874 supe-

2171 1820 2287 1871 σης
2308 1808 2417 1877 γῆς
2437 1808 2752 1875 Αἰγύπτου.
2800 1806 2857 1859 '0
2887 1809 3068 1877 ἄρχων
3106 1809 3215 1860 τῶν
3250 1809 3568 1877 σωματικῶν
3595 1827 3627 1860 π

545 1896 675 1958 rior,
723 1896 898 1949 dicere
934 1895 1129 1963 poterit
1164 1914 1176 1948 :
1213 1894 1364 1949 Fecit
1394 1909 1480 1948 me
1512 1896 1649 1948 Deus
1681 1895 1942 1950 universa:
1977 1907 2076 1950 ter-

2071 1927 2077 1938 »
2170 1895 2410 1961 γμάτων,
2444 1896 2535 1947 καὶ
2569 1894 2828 1964 μηδαμῶς
2866 1895 3050 1957 αὐτοῖς
3083 1896 3268 1957 εἴκων,
3314 1896 3502 1962 λέγοιτ’
3539 1896 3602 1948 ἂν

543 2000 616 2039 τω
644 1984 861 2056 ,λΕςγρὶἰ
890 1986 1183 2039 dominum.
1805 1988 1817 1998 ‘
2185 1982 2433 2051 Ἐποίησέ
2481 1998 2547 2051 με
2579 1983 2607 2034 ὁ
2638 1981 2768 2044 Θεὸς
2809 1981 2989 2052 πάσης
3035 1984 3137 2053 τῆς
3186 1983 3289 2053 γῆς
3329 1983 3593 2051 Αἰγύπτου

2212 2088 2287 2122 ιον
2294 2109 2307 2122 .
2592 2110 2597 2121 .

612 2160 680 2215 Et
709 2179 770 2216 ne
793 2162 1062 2215 dimittatis
1083 2164 1362 2231 quidquam
1402 2164 1464 2215 de
1485 2163 1621 2215 vasis
1648 2162 1825 2214 vestris
1887 2161 2074 2214 Omnia

2212 2088 2307 2122 tov.
2592 2110 2597 2121 .

2176 2087 2205 2139 ρ
2240 2159 2348 2211 Καὶ
2373 2159 2457 2227 μὴ
2486 2161 2776 2227 φείσησθε
2821 2160 2943 2225 τοῖς
2980 2160 3311 2228 ὀφθαλμοῖς
3354 2159 3470 2211 τῶν
3506 2175 3627 2213 anet

343 2259 477 2283 “‘M
530 2253 672 2317 ezLim
696 2253 827 2306 bona
858 2251 1077 2320 Egypti
1120 2262 1285 2305 vestra
1306 2252 1512 2306 sunt".
1574 2250 1630 2304 Si
1678 2251 1873 2317 quidqu

2170 2248 2351 2316 ὑμῶν.
2382 2250 2457 2302 Τὰ
2481 2250 2588 2318 γὰρ
2609 2250 2800 2303 πάντα
2824 2250 3015 2318 ἀγαθὰ
3042 2252 3345 2319 Αἰγύπτου
3369 2248 3533 2317 ὑμῶν
3548 2250 3627 2301 ἔστ

542 2342 595 2394 in
626 2340 852 2409 spiritali
868 2340 1128 2408 .‘Egypto,
1158 2354 1262 2392 non
1286 2339 1350 2392 ad
1373 2338 1668 2407 Egyptios,
1699 2340 1789 2392 sed
1811 2339 1877 2390 ad
1902 2338 2070 2390 Israe-

2173 2336 2239 2389 Εἴ
2272 2355 2322 2388 τι
2358 2338 2585 2407 ὑπάρχει
2615 2341 2670 2392 ὲν
2700 2342 2764 2409 τῇ
2804 2340 3078 2409 τροπικῶς
3114 2340 3420 2410 καλουμένῃ
3465 2337 3627 2403 Αἰγύπ

541 2432 642 2484 lem
669 2431 917 2498 pertinet.
959 2430 1088 2482 Eam
1117 2429 1185 2483 ob
1218 2443 1329 2481 rem
1360 2428 1413 2481 in
1450 2429 1622 2482 exodo
1649 2442 1773 2481 vasa
1799 2426 2072 2495 Egyptia-

2172 2427 2268 2478 οὐκ
2290 2428 2594 2492 Αἰγυπτίων
2631 2428 2805 2490 ἐστὶν,
2833 2427 2969 2479 ἀλλὰ
3012 2428 3110 2480 τοῦ
3165 2426 3402 2497 Ἰσραήλ.
3442 2427 3537 2478 Διά
3584 2441 3627 2476 τι

542 2535 658 2572 rum
691 2520 902 2587 rapiunt
936 2518 1162 2604 llel‘raei,
1208 2526 1261 2571 et
1290 2518 1508 2585 capiunt
1537 2532 1662 2570 vasa
1715 2531 1876 2570 aurea
1911 2526 1964 2569 et
1990 2531 2073 2569 ar-

2056 2544 2076 2556 -
2175 2516 2265 2566 καὶ
2294 2517 2349 2566 ὲν
2391 2518 2454 2585 τῇ
2491 2516 2649 2584 ἐξόδῳ
2708 2516 3125 2579 συσκευάζουσιν
3172 2518 3406 2587 Ἑϐραῖοι
3465 2515 3587 2575 τοὺς

541 2618 754 2678 gentea,
783 2618 835 2663 et
866 2592 1120 2677 quidquid
1152 2609 1348 2661 bonum
1380 2616 1464 2660 est
1494 2607 1546 2660 in
1579 2605 1830 2675 Egypto.

2171 2603 2447 2668 γυπτίους,
2476 2603 2568 2655 καὶ
2594 2603 2923 2672 λαμϐάνουσι
2974 2605 3144 2673 σκεύη
3174 2605 3349 2674 χρυσᾶ
3387 2592 3478 2655 καίι
3505 2603 3627 2673 ἁργι

726 2706 735 2711 ·
1678 2698 1681 2701 ’
2174 2692 2265 2744 καὶ
2298 2692 2351 2743 εἴ
2377 2710 2429 2744 τι
2456 2692 2650 2759 ἀγαθὸν
2678 2694 2733 2743 ὲν
2757 2694 3016 2763 Αἰγύπτῳ
3046 2689 3138 2764 ἦν.

612 2786 682 2840 Et
712 2801 801 2854 ego
831 2785 1071 2837 reducam
1113 2784 1237 2836 tein
1270 2784 1424 2849 ﬁnem
1444 2784 1510 2836 ⁸⁸³.
1553 2782 1773 2853 Ι)ἐιιιηῐι
1803 2782 1909 2836 Deo
1951 2798 2075 2851 pro-

2240 2780 2345 2833 Kal
2377 2779 2489 2847 ἐγὼ
2553 2778 2884 2832 ἀναϐιϐάσω
2934 2794 3008 2833 σε
3057 2784 3149 2847 εὶς
3196 2780 3390 2844 τέλος.
3454 2776 3627 2847 Πρέπο

541 2874 782 2935 missum,
837 2872 953 2926 fore
983 2881 1039 2925 ut
1076 2886 1178 2925 non
1208 2872 1379 2925 solum
1413 2873 1648 2933 reducat,
1681 2872 1774 2926 sed
1806 2883 2072 2925 reverten-

2172 2866 2465 2933 ἐπαγγελία
2496 2866 2572 2935 τῷ
2615 2865 2751 2935 Θεῷ,
2783 2867 2843 2918 οὐ
2880 2867 3039 2935 μόνον
3071 2867 3437 2929 ἀναϐιϐάζειν,
3483 2866 3611 2918 ἀλλά

542 2974 650 3017 tem
682 2962 747 3015 ad
783 2960 940 3015 ﬁnem
968 2961 1144 3013 ducat.

2102 2975 2144 3031 ο
2177 2955 2266 3007 ἐπὶ
2298 2954 2444 3017 τέλος
2469 2956 2652 3024 φέρειν
2676 2955 2764 3007 τὸν
2797 2956 3276 3027 ἀναϐιϐαζόμενον.

614 3050 884 3120 Ejusdem.
941 3048 1018 3101 Ad
1063 3062 1158 3102 eos
1190 3048 1276 3115 qui
1328 3048 1379 3099 in
1431 3047 1790 3101 Peutateucho
1831 3056 2075 3116 quarrunt

2250 3042 2358 3095 Τοῦ
2400 3044 2601 3097 αὑτοῦ.
2630 3044 2771 3113 Πρὸς
2809 3046 2933 3107 τοὺς
2965 3046 3075 3098 άπὸ
3105 3048 3204 3116 τῆς
3247 3044 3609 3113 Πεντατεύχου

541 3154 658 3192 eam
709 3152 826 3205 qua:
861 3137 1000 3190 hanc
1029 3135 1249 3204 excipit,
1282 3136 1467 3199 vitam,
1498 3137 1735 3189 dicemus
1780 3152 1795 3191 :
1827 3136 2072 3201 Quando-

2171 3133 2388 3196 τοῦντας
2429 3134 2525 3202 τὴν
2574 3133 2707 3202 μετὰ
2754 3134 2926 3188 ταῦτα
2963 3135 3108 3204 ζωὴν
3153 3137 3437 3205 φήσομενο
3487 3135 3627 3186 Ἐπεί

538 3227 753 3296 quidem
785 3225 951 3279 falsus
974 3240 1081 3278 non
1113 3233 1196 3279 est
1226 3225 1317 3292 qui
1341 3226 1475 3278 dixit
1504 3242 1517 3277 :
1555 3223 1809 3277 Reducunt
1839 3236 1904 3289 te,
1932 3236 2069 3279 certe

2172 3222 2405 3291 ἀψευδής
2446 3224 2590 3274 ἐστιν
2615 3223 2643 3274 ὁ
2669 3222 2837 3275 εἰπὼν
2848 3262 2864 3287 ,
2913 3224 3275 3278 Ἀναϐιϐάσω
3303 3239 3397 3288 σε,
3433 3225 3627 3277 ἅνεϐίϐι

542 3315 754 3369 reduxit
776 3296 927 3367 illum
955 3315 1005 3366 in
1041 3314 1140 3373 hac
1172 3313 1277 3365 vita
1311 3321 1515 3380 postea,
1542 3321 1596 3365 et
1625 3323 1741 3381 post
1769 3315 1965 3367 exitum
1999 3330 2073 3366 re-

2173 3313 2230 3363 ὲν
2261 3315 2324 3380 τῇ
2352 3310 2461 3381 ζωῇ
2488 3314 2658 3383 ταύτῃ
2683 3312 2925 3383 ὕστερον,
2951 3298 3213 3383 καὶ’μετά
3242 3315 3341 3382 τὴν
3372 3312 3546 3376 ἔξοδον
3572 3316 3627 3365 ἁκ.

542 3404 697 3456 duxit
749 3404 915 3469 illtuu,
947 3402 1158 3469 quando
1188 3409 1368 3468 postea
1395 3400 1588 3469 Joseph
1620 3402 1837 3455 immisit
1887 3417 2073 3467 manus

2067 3419 2073 3453 ι
2173 3400 2334 3452 ϐασεν
2364 3400 2543 3462 αὑτὸν,
2589 3401 2676 3453 ὅτε
2739 3402 2875 3471 μετὰ
2915 3401 3071 3454 τοῦτο
3127 3402 3324 3472 Ἰωσὴφ
3369 3402 3598 3454 ἐπέϐαλε

544 3494 595 3546 in
621 3492 804 3546 oculos
833 3492 1069 3560 corporis
1094 3489 1279 3544 Jacob.
1318 3490 1549 3544 Reduxit
1577 3501 1750 3544 autem
1786 3492 1942 3556 Deus,
1970 3496 2075 3548 eri-

2172 3488 2362 3541 ἑαυτοῦ
2399 3491 2584 3557 χεῖρας
2620 3492 2732 3552 τοῖς
2785 3489 3075 3559 ὀφθαλμοῖς
3105 3491 3202 3543 τοῦ
3238 3489 3489 3560 σώματος
3527 3492 3627 3543 Ἰακ

541 3596 672 3648 gens
701 3590 818 3649 post
843 3582 964 3635 vitae
987 3581 1144 3634 tinem
1174 3579 1420 3634 lsraclem
1449 3580 1512 3632 ad
1543 3594 1663 3636 eum
1701 3581 1876 3649 qui-in
1909 3595 1968 3636 se
1993 3591 2072 3636 est

2070 3621 2075 3633 .
2187 3577 2522 3632 Ἀνεϐίϐασεν
2540 3578 2597 3630 δὲ
2625 3581 2654 3631 ὁ
2669 3579 2819 3643 Θεὸς,
2844 3580 3056 3647 ἀνάγων
3092 3582 3231 3649 μετὰ
3250 3581 3311 3633 τὸ
3329 3581 3481 3644 τέλος
3508 3580 3601 3633 τοῦ

541 3672 724 3726 ﬁnem.
910 3671 916 3677 “
2175 3667 2263 3719 ἐπὶ
2281 3666 2339 3718 τὸ
2366 3668 2494 3737 παρ’
2532 3666 2706 3736 ἑαυτῷ
2726 3667 2876 3730 τέλος
2898 3668 2988 3719 τὸν
3031 3668 3275 3739 Ἰσραήλ.

610 3761 850 3816 Surrexit
875 3769 1044 3813 autem
1068 3757 1231 3814 Iacob
1256 3776 1287 3813 a
1311 3768 1463 3829 puteo
1475 3758 1783 3826 juramenti,
1807 3768 1856 3812 et
1876 3776 2077 3813 assum-

2255 3755 2499 3821 Ἀνέστη
2524 3754 2592 3807 δὲ
2632 3755 2836 3809 Ἰακὼϐ
2858 3756 2974 3810 ἀπὸ
2996 3755 3100 3807 τοῦ
3118 3756 3375 3822 φρέατος
3403 3755 3511 3810 τοῦ
3545 3757 3627 3824 δρε

541 3858 755 3919 pserunt
790 3848 890 3918 ﬁlii
912 3848 1079 3902 Israel
1111 3849 1272 3905 Jacob
1297 3859 1493 3917 patrem
1516 3865 1664 3902 suum
1691 3848 1757 3905 δι.
1797 3848 1897 3914 Qui
1930 3850 2072 3903 venit

2175 3847 2270 3901 καὶ
2313 3844 2604 3900 ἀνέλαϐον
2654 3847 2770 3898 υἱοὶ
2836 3844 3076 3912 Ἰσραὴλ
3139 3846 3352 3899 Ἰακὼϐ
3386 3847 3498 3899 τὸν
3526 3864 3627 3899 παπ

544 3940 612 3993 ad
639 3947 853 4006 puteum
873 3938 1181 4005 jurameuti,
1214 3936 1372 3990 Israel
1397 3946 1498 3999 est,
1542 3938 1717 3991 ferens
1746 3953 1865 3991 cum
1901 3939 2075 3990 Omni-

2173 3936 2383 3990 αὐτῶν.
2411 3934 2466 3987 '0
2498 3935 2594 4003 μὲν
2608 3934 2777 3987 ἐλθὼν
2806 3936 2896 3988 ἐπὶ
2918 3936 2977 3988 τὸ
2997 3934 3169 4005 φρέαρ
3199 3935 3296 3987 τοῦ
3327 3937 3496 4007 ὅρκου
3534 3939 3627 4006 Ἰσε

542 4026 644 4081 bus
670 4028 824 4080 bonis
855 4026 987 4088 suis,
1032 4026 1262 4091 opinor,.
1292 4024 1580 4087 Jacobum;
1628 4026 1717 4093 qui
1751 4037 1925 4078 autem
1955 4040 2073 4078 sur-

2174 4029 2307 4086 ἐστι,
2338 4024 2515 4094 φέρων
2550 4025 2685 4094 μετά
2714 4025 2928 4078 πάντων
2964 4024 3069 4077 τῶν
3089 4024 3278 4093 αὑτοῦ,
3313 4023 3494 4096 οἶμαι,
3532 4029 3627 4079 ‘la:

543 4116 620 4181 git
644 4130 683 4177 ιι-
705 4122 862 4181 puteo
886 4112 1200 4181 juramenti.
1229 4111 1393 4165 Jacoh
1418 4121 1518 4166 est.
1560 4113 1703 4180 Opus
1735 4113 1877 4166 enim
1908 4115 2074 4168 habe—

2173 4116 2201 4166 ὁ
2230 4113 2285 4166 δὲ
2308 4112 2656 4182 ἀνιστάμενος
2679 4113 2786 4166 ἀπὸ
2817 4112 2910 4166 τοῦ
2937 4113 3163 4183 φρέατος
3190 4114 3285 4166 τοῦ
3328 4116 3520 4185 ὅρκου,
3554 4117 3627 4168 ἰα

543 4206 638 4258 bat
673 4200 1066 4254 resurrectione
1096 4213 1201 4254 nou
1256 4198 1437 4266 lsrael,
1496 4200 1587 4253 sed
1634 4199 1818 4254 Jacob.
1878 4202 2074 4256 Deinde

2107 4271 2135 4275 _
2176 4204 2317 4255 ἐστιν
2337 4217 2350 4231 ³
2379 4201 2544 4254 ἐδεῖτο
2569 4202 2678 4273 γάρ
2706 4202 3046 4264 ἀναστάσεως
3084 4202 3180 4271 οὐχ
3210 4204 3240 4255 ὁ
3281 4205 3527 4275 Ἰσραὴλ,
3580 4207 3627 4258 ἀ]

544 4300 750 4360 postea,
803 4288 892 4356 qui
938 4302 1071 4352 opus
1120 4288 1352 4342 habebat
1410 4288 1772 4356 assumptione
1817 4286 2072 4344 Jacobqu

2107 4271 2148 4325 ι)
2172 4290 2382 4344 Ἰακώϐ.
2422 4287 2549 4344 Εἶτα
2596 4271 2731 4362 μετά
2774 4294 2947 4355 τοῦτο,
2980 4292 3228 4361 δεόμενον
3277 4271 3604 4363 ἀναλήψεως

544 4390 752 4451 patrem
789 4387 1063 4432 assumunt
1093 4377 1186 4432 lilii
1222 4393 1326 4432 non
1360 4374 1547 4441 Iacob,
1572 4376 1665 4431 sed
1693 4375 1875 4432 Israel.

2175 4381 2286 4436 ιὼϐ
2335 4381 2540 4452 πατέρα
2582 4383 2927 4451 ἀνειλήφασιν
2982 4382 3086 4434 υἱοὶ
3144 4382 3269 4451 ούχὶ
3337 4383 3540 4437 Ἰακὼϐ
3569 4423 3584 4447 ,

2185 4469 2413 4539 Ἰσραήλ.

618 4555 890 4625 Ejusdem.
930 4552 1071 4607 Misit
1112 4553 1319 4607 Pharao
1353 4569 1544 4607 currus
1576 4554 1665 4621 qui
1694 4554 1939 4607 tollerent
1974 4570 2076 4607 nou

2248 4557 2356 4611 Τοῦ
2393 4557 2595 4612 αὐτοῦ.
2654 4558 2960 4635 Ἀπέστειλε
3005 4556 3202 4629 Φαραὼ
3249 4561 3476 4630 ἁμάξας
3533 4560 3627 4634 ἆρα

547 4644 730 4707 Israel,
779 4643 870 4696 sed
902 4639 1086 4694 Jacob.
1125 4640 1347 4695 lutravit
1399 4643 1448 4694 iu
1486 4640 1799 4710 Egyptum,
1851 4658 1954 4694 nou
1987 4644 2078 4696 de-

2171 4644 2262 4697 τὸν
2310 4645 2539 4715 Ἰσραὴλ,
2567 4644 2699 4698 ἀλλά
2725 4645 2814 4697 τὸν
2829 4644 3041 4699 Ἰακώϐ.
3066 4647 3330 4716 Εἰσῆλθεν
3353 4652 3437 4712 εἰς
3459 4651 3627 4718 Αἴγυτ

546 4731 756 4787 scendit
801 4728 983 4784 Jacob.
1023 4729 1204 4784 lsraeli
1238 4730 1376 4783 enim
1414 4730 1612 4783 dictum
1663 4739 1745 4782 est
1783 4747 1797 4782 :
1846 4728 1971 4784 Noli
2004 4732 2072 4782 ti-

2171 4734 2232 4786 ού
2264 4733 2461 4804 κατέϐη
2501 4734 2711 4787 Ἰακώϐ.
2738 4734 2827 4803 Τῷ
2858 4734 2964 4803 γάρ
3002 4731 3217 4806 ⁹ἰςῖραηλ
3249 4737 3498 4807 εἴρηται,
3528 4744 3622 4811 Μὴ

548 4836 684 4874 mere
709 4821 1011 4872 descendere
1030 4820 1085 4872 in
1111 4819 1398 4887 Egyptnm
1421 4820 1487 4871 ⁸³.

2176 4823 2280 4877 ϐοῦ
2304 4822 2622 4890 καταϐῆναι
2644 4826 2730 4887 εις
2760 4823 3076 4891 Αιγυπτον.

618 4908 841 4960 Intravit
887 4908 941 4959 in
980 4906 1268 4976 ngyptum
1292 4906 1478 4971 Iacob,
1508 4915 1558 4959 et
1584 4921 1732 4959 omne
1759 4923 1928 4960 semen
1964 4909 2077 4977 ejus

2246 4912 2543 4980 Εἰσῆλθεν
2586 4915 2672 4977 εὶς
2724 4913 3025 4980 Αἴγυπτον
3060 4912 3268 4966 Ἰακὼϐ
3290 4953 3305 4973 ,
3362 4917 3471 4969 καὶ
3529 4917 3627 4971 mi:

550 5015 665 5051 cum
706 5014 766 5052 eo
787 4996 853 5049 ”.
895 4996 1044 5049 Nunc
1077 4997 1285 5065 quidem
1336 5011 1515 5050 semen
1545 4994 1707 5050 Jacob
1734 4996 1932 5049 dictmn
1976 5007 2077 5061 est,

2179 5000 2410 5068 σπέρμα
2433 4998 2615 5053 αὐτοῦ
2647 4999 2771 5067 μετ’
2796 5000 3001 5052 αὑτοῦ.
3027 5000 3251 5069 Σπέρμα
3283 5003 3389 5070 μὲν
3408 5005 3510 5057 νῦν
3540 5007 3627 5058 τοί

552 5103 707 5154 supra
737 5102 863 5140 vero
894 5087 985 5140 lilii
1012 5085 1197 5140 Israel.
1238 5086 1393 5153 Atqui
1442 5087 1486 5139 si
1522 5085 1683 5139 Jacob
1723 5094 1776 5139 et
1806 5100 1962 5138 omne
1989 5102 2079 5140 se-

2184 5089 2296 5141 κὼϐ
2322 5090 2561 5141 λέλεκται
2585 5106 2598 5118 ο
2631 5087 2877 5158 ἀνωτέρω
2900 5088 2955 5140 δὲ
2988 5090 3090 5140 υἱοὶ
3132 5091 3375 5160 Ἰσραήλ.
3410 5094 3568 5166 Πλὴν
3612 5113 3627 5149 ε

554 5193 671 5229 men
697 5174 813 5242 ejus
842 5175 1061 5228 intravit
1092 5175 1142 5226 in
1172 5172 1482 5242 Egyptum,
1514 5189 1616 5229 nou
1650 5175 1865 5227 intravit
1904 5185 2078 5229 autem

2195 5177 2404 5240 Ἰακὼϐ,
2429 5178 2520 5228 καὶ
2549 5178 2655 5229 πᾶν
2679 5177 2740 5228 τὸ
2779 5176 2995 5246 σπέρμα
3027 5178 3185 5230 αὑτοῦ
3236 5183 3501 5250 εἰσῆλθεν
3546 5189 3627 5248 εἰς

552 5267 660 5320 Her
684 5278 739 5320 et
765 5267 976 5327 Aunan,
1008 5279 1111 5318 uou
1139 5274 1289 5317 erant
1319 5277 1498 5316 semen
1532 5262 1712 5319 .Izurob.

2186 5283 2403 5333 γυπτον,
2427 5266 2525 5317 οὐκ
2545 5265 2786 5333 εἰσῆλθεν
2812 5267 2869 5318 δὲ
2899 5268 3026 5336 Ἦρ,
3072 5267 3167 5318 καὶ
3207 5270 3421 5335 Αύνὰν,
3470 5275 3579 5328 οὐκ

2189 5355 2400 5423 σπέρμα
2429 5354 2520 5406 τοῦ
2556 5353 2764 5429 Ἰακώϐ.

658 5480 702 5510 ⁸⁸
726 5479 856 5533 Gen.
888 5495 1038 5542 xuu,
1065 5482 1150 5533 54.
1259 5478 1301 5509 ³⁷
1336 5477 1467 5532 Gen.
1497 5493 1643 5542 xuv,
1674 5478 1723 5530 7.
1833 5475 1876 5507 ³⁸
1910 5474 2033 5528 ibid.
2053 5512 2068 5539 ,
2100 5475 2151 5529 8.

2100 5475 2151 5529 8.
2261 5476 2304 5508 ³⁹
2332 5476 2463 5530 Gen.
2495 5491 2621 5535 XLV,
2652 5478 2741 5530 20.
2853 5478 2897 5509 ⁴⁰
2926 5479 3059 5533 Gen.
3097 5493 3236 5544 XLVI,
3262 5479 3315 5532 4.
3437 5481 3483 5513 δ’
3524 5481 3622 5536 ibit

557 5547 599 5576 “
625 5545 772 5607 ibid..
806 5551 856 5601 5.
963 5549 1007 5579 ⁸³
1036 5549 1183 5610 ibid,
1219 5548 1268 5599 li.
