3878 6188
343 269 440 324 ιιι

1755 271 1820 325 ΙΝ
1854 266 2161 327 GENESiM.

3438 287 3540 341 142

415 373 725 447 Θυγατέρες
745 369 842 423 καὶ
872 375 1215 445 θυγατέρες
1233 378 1345 431 τῶν
1360 383 1694 450 θυγατέρων
1708 384 1890 437 αὑτοῦ

2084 384 2237 437 Filia:
2266 395 2313 437 et
2343 386 2464 452 ﬁliae
2488 387 2716 453 ﬁliarum
2744 404 2956 443 suarum
2990 390 3055 450 “.
3096 392 3260 448 Filias
3291 396 3536 451 sidelicet

358 470 598 542 δηλονότι
618 467 705 529 τὰς
731 464 1055 538 θυγατέρας
1083 471 1223 540 ἔχων
1265 471 1380 540 μεθ’
1437 474 1649 537 ἑαυτοῦ,
1676 475 1767 527 καὶ
1797 477 1918 537 τοὺς

367 561 626 631 γαμϐροὺς
656 555 1014 621 συνεπάγετο.
1039 559 1115 609 Οὐ
1139 558 1244 628 γὰρ
1258 560 1498 629 ἠνείχετο
1516 562 1619 627 ἔξω
1630 563 1726 632 τῆς
1743 563 1917 625 οίκίας

356 648 529 700 αὐτοῦ
558 642 889 699 ἀποστέλλειν
921 646 1028 708 τὰς
1069 646 1390 717 θυγατέρας,
1429 651 1621 720 μήπως
1665 654 1915 721 τραπεῖεν

354 737 436 797 εἰς
464 733 910 803 εἰδωλολατρείαν.

429 822 547 875 Τοῦ
567 821 760 875 αὑτοῦ.
788 822 854 873 Ei.
900 822 978 891 μὴ
1008 822 1125 891 ἔχει
1155 823 1453 896 θυγατέρας
1484 828 1512 878 ὁ
1547 827 1754 892 Ἰακὼϐ,
1801 828 1915 891 πῶς

353 914 410 964 ai
443 912 735 983 Θυγατέρες
765 910 937 963 αὐτοῦ
968 913 1383 967 καταϐαίνουσιν
1409 917 1487 977 είς
1511 916 1912 987 ΑἴγυπτονςΜὴ

347 999 532 1053 τοίνυν
566 1000 966 1070 ἀλληγορεῖται.
1020 1003 1177 1071 Ἑξῆς
1208 1003 1263 1055 δὲ
1285 1003 1426 1069 λέγει
1460 1006 1523 1071 ἐκ
1558 1004 1717 1068 Λείας
1756 1003 1908 1069 εἶναι,

350 1089 443 1139 καὶ
469 1090 772 1158 θυγατέρας
794 1089 880 1156 λγ¹
905 1090 1069 1153 Δίνας
1097 1091 1498 1161 ὀνομασθείσης.

422 1266 621 1319 Ταῦτα
657 1266 726 1317 δὲ
763 1266 838 1319 τὰ
874 1268 1136 1334 ὀνόματα
1163 1267 1280 1320 τῶν
1318 1269 1460 1322 υἱῶν
1497 1269 1756 1336 Ἰσραὴλ,
1794 1269 1909 1323 τῶν

340 1354 745 1405 εἰσελθόντων
765 1354 855 1417 είς
872 1353 1196 1419 Αἴγυπτον.
1228 1354 1388 1417 Υίῶν,
1423 1356 1520 1408 οὐκ
1562 1356 1768 1419 Ἰακὼϐ,
1798 1357 1907 1408 ἀλλ’

353 1440 598 1510 Ἰσραὴλ,
649 1441 1002 1494 εἰσελθόντων
1022 1481 1036 1505 ,
1065 1441 1123 1493 οὐ
1155 1443 1495 1496 καταϐάντων
1523 1447 1599 1507 εἰς
1624 1436 1905 1512 Ᾱίγυπτον,

340 1527 409 1579 τὰ
438 1528 684 1597 ὀνόματα
709 1528 885 1582 ταῦτά
915 1531 1084 1581 ἐστιν.

406 1618 788 1680 Πρωτότοκος
849 1617 1078 1677 Ἰακὼϐ,
1145 1616 1427 1686 Ῥουόἲυι,
1497 1621 1588 1673 καὶ
1641 1620 1705 1672 τὰ
1762 1621 1901 1689 ἑξῆς.

2016 485 2193 524 secum
2230 472 2446 537 habens,
2495 475 2649 526 simul
2696 491 2903 544 quoque
2952 494 3178 547 generos
3221 484 3535 539 adducebat.

2015 559 2193 628 Neque
2240 562 2381 615 enim
2430 564 2769 617 sustinuisset
2797 578 2943 619 etlra
2990 567 3093 635 50
3126 570 3336 623 domum
3386 588 3535 626 suam

2012 648 2149 702 ﬁlias
2182 650 2464 715 abducere,
2499 666 2567 704 ne
2615 652 2694 704 ad-
2734 653 2990 707 idolorum
3039 657 3235 711 cultum
3264 672 3537 717 converte-

2013 747 2163 797 rentu
2175 752 2218 789 r.
3021 726 3024 729 ’

2080 819 2346 889 Ejusdem.
2408 822 2463 876 Si
2496 822 2656 878 Iacob
2714 826 2849 879 ﬁlias
2899 841 3000 881 non
3047 831 3226 895 habet,
3273 838 3535 899 quomodo

2012 911 2131 964 ﬁliae
2170 911 2284 976 ejus
2314 913 2639 965 descendunt
2689 914 2739 966 iu
2770 915 3099 986 Egyptum?
3134 918 3262 971 Vide
3310 933 3434 987 ergo
3468 936 3533 974 ne

2009 1015 2104 1067 per
2134 1000 2439 1068 allegoriam
2489 1002 2599 1056 hate
2627 1003 2888 1057 dicantur.
2928 1003 2982 1056 In
3036 1007 3378 1072 sequentibus
3408 1010 3535 1063 dicit

2008 1099 2071 1138 ex
2100 1085 2191 1139 Lia
2219 1102 2360 1151 esse,
2401 1098 2455 1144 et
2483 1090 2621 1145 tilias
2666 1092 2879 1161 triginta
2913 1100 3020 1146 tres
3069 1093 3210 1146 illius
3256 1109 3373 1161 qua:
3401 1096 3533 1150 Dina

2006 1175 2314 1228 varahatur.

2081 1260 2207 1315 lla'c
2230 1272 2349 1315 sunt
2378 1265 2584 1317 nomina
2611 1265 2837 1333 filiorum
2869 1266 3037 1320 Israel
3059 1268 3149 1335 qui
3174 1268 3389 1337 ingressi
3414 1283 3531 1327 sunt

2006 1349 2059 1400 in
2091 1348 2375 1418 Egyptian
2398 1351 2462 1405 “.
2506 1352 2626 1405 llaec
2658 1364 2779 1406 sum
2809 1350 3019 1407 no'mina
3045 1356 3270 1412 ﬁliorum
3306 1375 3407 1412 non
3439 1359 3531 1413 Ia-

2006 1439 2126 1500 coh,
2163 1440 2254 1489 sed
2296 1439 2478 1503 Israel,
2528 1440 2615 1508 qui
2667 1441 2892 1511 ingressi
2924 1453 3067 1508 sunt,
3103 1460 3205 1498 non
3243 1446 3531 1503 descende-

2006 1537 2129 1577 runt
2162 1526 2211 1577 in
2243 1525 2547 1596 Egyptum.

2076 1609 2455 1691 Primogenilus
2504 1615 2687 1678 Iacob,
2723 1617 2894 1671 Ruben
2917 1618 2983 1684 “,
3027 1630 3132 1675 etc.
3190 1622 3318 1676 Cum
3366 1639 3527 1693 supra

351 1700 635 1769 Ἀνωτέρω
686 1702 857 1753 εἰπὼν
906 1702 975 1754 τὰ
1016 1704 1252 1771 ὀνόματα
1300 1704 1405 1755 τῶν
1466 1706 1593 1758 υἱῶν
1634 1703 1767 1760 εἶναι
1813 1707 1895 1759 τοῦ

2005 1689 2200 1754 dixerit
2222 1717 2342 1756 esse
2374 1706 2588 1758 nomina
2616 1706 2841 1759 ﬁliorum
2875 1709 3052 1775 Israel,
3080 1726 3221 1767 nunc
3248 1714 3321 1768 ait
3344 1689 3525 1770 Jacobi

351 1790 588 1857 Ἰσραὴλ,
622 1790 719 1844 νῦν
743 1791 840 1843 τοῦ
898 1790 1093 1843 Ἰακὼϐ
1117 1788 1251 1844 εἶναι
1277 1795 1607 1862 πρωτότοκόν
1643 1813 1771 1866 φησι
1816 1799 1905 1851 τὸν

351 1882 544 1950 Ῥουϐή
555 1900 617 1951 μ.

414 1970 523 2023 Τοῦ
546 1971 761 2025 αὑτοῦ.
798 1974 1161 2043 Σημειωτέον,
1202 1974 1281 2027 ὅτι
1330 1976 1423 2030 σὺν
1461 1978 1570 2040 τοῖς
1605 1979 1902 2048 γενομένοις

338 2060 395 2110 ὲν
420 2063 489 2129 γῇ
525 2062 751 2113 Χαναὰν
787 2064 926 2126 υίοῖς
970 2062 1161 2116 Ἰακὼϐ
1191 2064 1407 2134 ἀριθμεῖ
1439 2067 1629 2130 αὐτοὺς
1668 2071 1759 2121 καὶ
1779 2071 1901 2132 τοὺς

339 2148 396 2199 ὲν
418 2148 679 2218 Αἰγύπτῳ
731 2149 897 2213 ὄντας
940 2154 1087 2214 υἱοὺς
1140 2154 1352 2222 Ἰωσήφ.
1401 2154 1763 2223 Συμϐάλλεται
1796 2156 1900 2226 γὰρ

337 2238 489 2289 τοῦτο
514 2240 594 2300 είς
619 2239 679 2291 τὸ
703 2240 835 2309 ἑξῆς
870 2240 1034 2309 ῥητὸν
1084 2243 1209 2311 περὶ
1234 2242 1301 2294 τὰ
1328 2242 1452 2311 τέλη
1472 2281 1487 2306 ,
1533 2242 1660 2296 ἔνθα
1702 2246 1859 2312 φησίν
1883 2263 1896 2275 ·

351 2324 508 2390 Ἐμοί
555 2330 719 2379 εἰσιν
774 2328 1022 2396 Ἑφραῒμ
1049 2329 1145 2385 καὶ
1170 2328 1485 2398 Μανασσῆ,
1528 2331 1607 2395 ὡς
1651 2332 1899 2401 Ῥουϐὴμ

343 2413 438 2465 καὶ
454 2414 717 2481 Συμεών.

407 2503 511 2554 Καὶ
558 2500 731 2555 εἶπεν
773 2503 1021 2570 Ἰσραὴλ
1064 2504 1212 2571 πρὸς
1252 2505 1470 2573 Ἰωσήφ
1495 2521 1511 2537 ⁸
1554 2507 1897 2561 Ἀποθανοῦο

336 2607 433 2657 μαι
461 2592 579 2645 ἀπὸ
606 2593 714 2645 τοῦ
743 2592 886 2657 νῦν,
922 2594 1049 2646 ἐπεὶ
1085 2593 1308 2660 ἑώρακα
1334 2595 1398 2647 τὸ
1422 2597 1737 2660 πρόσωπόν
1758 2611 1893 2649 σου.

345 2678 461 2731 Ἔτι
485 2680 595 2747 γὰρ
626 2681 710 2733 σὺ
737 2681 872 2747 ζῇς.
900 2682 1214 2751 Θαυμαστόν
1248 2684 1359 2733 ἐστι
1391 2682 1481 2735 τὸν
1513 2683 1792 2752 γενόμενον
1838 2686 1896 2737 ἐν

339 2766 584 2837 Αἰγύπτῳ
619 2769 696 2839 μὴ
724 2770 991 2838 βλαϐῆναι
1034 2770 1140 2822 ἀπὸ
1165 2770 1271 2821 τῶν
1301 2770 1624 2837 Αἰγυπτίων,
1652 2772 1744 2823 καὶ
1784 2774 1895 2841 μεῖ-

339 2872 418 2907 ναι
470 2859 527 2909 ὲν
588 2861 654 2927 τῇ
722 2859 870 2911 κατὰ
936 2858 1067 2911 Θεὸν
1127 2859 1260 2927 ζωῇ.
1301 2848 1494 2929 Διόπερ
1542 2859 1824 2928 θαυμάζων
1863 2861 1892 2912 ὁ

352 2943 553 3008 Ἰακὼϐ,
583 2943 706 2998 εἶπε
732 2946 815 3015 τῷ
860 2946 1055 3017 Ἰωσὴφ
1080 2946 1158 3009 τὸ,
1189 2948 1308 2998 Ἔτι
1331 2947 1439 3014 γὰρ
1461 2947 1540 2999 σὺ
1567 2946 1686 3012 ζῇς.

404 3034 680 3101 Ποιμένες
728 3034 1039 3101 προϐάτων
1079 3038 1132 3087 οἱ
1169 3034 1373 3099 παῖδές
1421 3022 1535 3088 σοὺ
1570 3035 1638 3088 ἐκ
1683 3034 1888 3100 παιδὸς

335 3120 437 3185 ἕως
458 3121 559 3173 τοῦ
580 3122 717 3174 νῦν.
740 3161 753 3173 .
779 3161 794 3174 .
816 3161 832 3175 .
856 3123 1049 3174 Εῑπαν
1068 3120 1136 3172 δὲ
1160 3120 1363 3188 Φαραώ
1413 3122 1798 3187 Παροικεῖνέν
1816 3120 1889 3189 τῇ

336 3206 408 3273 τῇ
431 3207 675 3275 ἥκαμεν.
710 3207 1183 3279 Παρρησιάζονται
1210 3209 1270 3260 τὸ
1298 3208 1549 3277 ποιμένες
1588 3204 1722 3260 εἶναι
1756 3210 1887 3278 πρὸς

336 3294 420 3345 τὸν
443 3296 656 3365 Φαραώ.
699 3293 872 3360 Εἶτα,
911 3298 998 3350 ἴνα
1035 3297 1108 3366 μὴ
1148 3296 1389 3366 ταραχθῇ
1430 3296 1655 3366 Φαραὼ,
1687 3297 1845 3366 φασίν
1868 3314 1882 3327 ο

336 3385 637 3448 Παροικεῦθ
653 3386 728 3437 ἐν
750 3384 829 3451 τῇ
851 3384 931 3452 τῇ
953 3385 1201 3453 ἥκαμεν.

392 3466 533 3524 εἷπε
550 3471 618 3524 δὲ
645 3471 861 3538 Φαραὼ
883 3472 965 3536 τῷ
1004 3470 1242 3539 Ἰωσὴφ,
1269 3471 1459 3540 λέγων
1477 3488 1492 3503 ο
1519 3471 1886 3526 Κατοικείτω-

333 3574 448 3611 σαν
470 3561 540 3612 ἐν
558 3562 636 3628 γῆ
660 3561 886 3629 Γεσέμ.
933 3562 1146 3631 Ἐπειδὴ
1168 3563 1225 3613 ὲν
1245 3565 1352 3624 τοῖς
1372 3560 1722 3628 Τετραπλοῖς
1752 3559 1882 3628 (49),

332 3648 386 3712 ἐξ
405 3643 478 3703 ὧν
500 3651 679 3701 καὶτὸ
709 3650 1045 3721 ἀντίγραφον
1080 3648 1379 3718 μετελήφθη
1412 3647 1545 3717 πρὸς
1576 3648 1665 3698 τὸν
1700 3647 1885 3715 εἱρμὸν

329 3736 412 3787 τὸν
438 3739 494 3789 ὲν
524 3738 601 3807 τῷ
638 3737 915 3808 Ἐϐραῖκῷ
945 3738 1037 3789 xa'l.
1075 3740 1193 3799 ταῖς
1236 3736 1415 3798 ἄλλαις
1461 3736 1697 3788 ὲκδόσεσι
1716 3773 1731 3797 ,
1776 3736 1883 3787 δείι

330 3841 508 3879 κνυται
531 3828 623 3879 καὶ⁵
648 3829 682 3897 ἡ
708 3828 821 3879 τῶν
835 3826 1234 3896 Ἐϐδομήκοντα
1257 3826 1311 3879 ἐν
1327 3842 1433 3877 τισι
1450 3826 1632 3887 τόποις
1659 3841 1880 3894 μετατε-

329 3911 492 3975 θείσα,
522 3915 596 3976 ὡς
626 3915 698 3967 τὰ
731 3915 926 3983 πρῶτα
959 3913 1180 3982 ὕστερα,
1233 3914 1322 3967 καὶ
1347 3912 1415 3965 τὰ
1462 3913 1658 3983 1ἔδστερα
1693 3913 1882 3983 πρῶτα

2001 1792 2408 1861 primogenitum
2440 1809 2554 1849 esse
2582 1795 2789 1850 Ruben.

1980 1970 1986 1978 '
2068 1967 2337 2036 Ejusdem.
2379 1969 2776 2039 Observandum
2826 1983 2906 2028 est
2955 1978 3093 2031 natis
3128 1977 3179 2030 in
3212 1987 3351 2034 terra
3384 1981 3518 2035 Cha-

1999 2072 2135 2110 naan
2171 2060 2293 2113 ﬁliis
2317 2058 2499 2124 Iacob,
2528 2065 2864 2117 annumerari
2911 2067 3068 2120 etiam
3101 2070 3236 2135 ipsos
3264 2071 3316 2123 in
3350 2070 3518 2140 AEgy-

2000 2157 2087 2213 pto
2134 2156 2290 2200 natos
2336 2148 2469 2201 ﬁlios
2499 2148 2714 2216 Ioseph.
2775 2152 3198 2209 Consentaneum
3248 2159 3389 2211 enim
3420 2160 3520 2212 hoc

1997 2241 2077 2284 est
2117 2233 2181 2285 iis
2207 2248 2323 2299 qum
2369 2234 2503 2286 infra
2532 2237 2675 2289 circa
2719 2237 2875 2292 ﬁnem
2912 2241 3052 2293 dicta
3082 2252 3205 2295 sunt
3234 2265 3245 2297 :
3275 2243 3379 2297 Mei
3401 2256 3520 2299 sunt

1997 2318 2249 2387 Ephraim
2273 2332 2318 2373 et
2346 2321 2636 2387 Manasses,
2658 2324 2788 2377 sicut
2816 2325 2989 2381 Ruben
3011 2339 3058 2382 et
3078 2329 3300 2385 Simeon-
3313 2332 3377 2385 ‘7'.

2067 2496 2129 2549 Et
2155 2499 2285 2551 dixit
2315 2498 2481 2552 Israel
2528 2501 2594 2551 ad
2624 2501 2818 2570 Ioseph
2858 2519 2875 2555 :
2914 2503 3111 2559 Moriar
3135 2509 3341 2571 amodo,
3389 2527 3518 2579 quo-

1996 2586 2137 2637 niam
2169 2588 2275 2639 uidi
2296 2588 2481 2654 faciem
2509 2599 2672 2642 tuam.
2710 2590 2890 2644 Adlmc
2922 2593 3053 2645 enim
3079 2595 3197 2647 viris
3220 2596 3283 2648 “.
3321 2596 3518 2652 Μίνωι·

1994 2674 2118 2728 dum
2147 2675 2270 2729 illud
2295 2685 2393 2737 est.
2425 2692 2543 2731 eum
2566 2679 2652 2745 qui
2674 2678 2834 2732 fuerit
2860 2680 2906 2733 in
2926 2679 3173 2751 Egypto,
3202 2684 3383 2740 lmsum
3410 2702 3514 2743 non
3572 2692 3587 2697 '

1992 2761 2154 2818 fuisse
2174 2764 2239 2817 ab
2255 2763 2543 2832 Egyptiis,
2571 2777 2622 2820 et
2649 2769 2905 2823 mansisse
2927 2770 2976 2822 in
3000 2785 3059 2823 ea
3085 2786 3201 2839 quae
3226 2774 3512 2829 secundum

1991 2848 2156 2903 Deum
2194 2862 2277 2905 est
2322 2854 2450 2906 vita.
2504 2855 2861 2918 Quamobrem
2906 2858 3128 2913 miratus
3170 2859 3332 2918 Iacob
3383 2867 3515 2921 dixit

1989 2939 2217 3009 Iosepho
2250 2959 2264 2995 :
2297 2943 2477 2996 Adhuc
2502 2945 2633 2996 enim
2656 2946 2797 2999 vivis.

2057 3027 2299 3084 Pastores
2326 3033 2493 3084 ovium
2519 3032 2649 3086 servi
2675 3034 2751 3085 tui
2770 3034 2831 3086 ab
2857 3035 3083 3101 infantia
3101 3054 3256 3107 usque
3276 3056 3507 3095 nunc....

1986 3117 2243 3171 Dixerunt
2283 3129 2454 3172 autem
2496 3117 2762 3173 Pharaoni
2799 3134 2818 3171 :
2864 3123 2943 3175 Ad
2982 3126 3408 3193 peregrinandum
3454 3130 3510 3180 in

1986 3214 2124 3258 terra
2158 3208 2382 3259 venimus
2406 3207 2471 3259 “.
2514 3206 2701 3261 Libere
2736 3209 3051 3275 proﬁtentur
3076 3228 3251 3266 coram
3275 3213 3509 3268 Pharao-

1986 3307 2054 3345 ne
2085 3307 2143 3345 se
2186 3308 2302 3348 esse
2348 3304 2605 3361 pastores.
2648 3295 2847 3349 Deinde
2895 3313 2960 3351 ne
3010 3300 3251 3352 turbetur
3282 3301 3505 3364 Pharao,

1986 3382 2134 3434 aiunt
2171 3399 2186 3435 :
2217 3383 2296 3433 Ad
2328 3385 2758 3450 peregrinandum
2785 3386 2836 3437 in
2868 3395 3004 3438 terra
3030 3389 3276 3441 venimus.

2052 3470 2198 3523 Dixit
2244 3468 2450 3523 Pharao
2481 3474 2547 3525 ad
2577 3472 2766 3540 Ioseph
2807 3488 2826 3525 :
2862 3473 3102 3527 Habitent
3140 3477 3193 3529 in
3229 3486 3364 3529 terra
3408 3478 3507 3531 Ge-

1983 3574 2087 3610 sern
2108 3559 2173 3611 '°.
2218 3559 2651 3634 Quandoquidem
2687 3562 2735 3612 iu
2766 3559 3035 3627 Tetraplis,
3074 3564 3209 3615 unde
3237 3566 3506 3630 exrm,dar

1984 3648 2272 3700 secundum
2324 3648 2513 3700 seriem
2548 3647 2794 3701 Hebraici
2845 3649 3175 3716 aliarumque
3213 3653 3501 3704 estOnum

1985 3742 2396 3801 transsumplum
2418 3742 2521 3795 est,
2543 3734 2855 3796 ostenditur,
2885 3733 3220 3803 Septuaginta
3246 3736 3505 3806 Interpre-

1983 3832 2091 3873 tum
2123 3820 2409 3874 editionem
2440 3821 2638 3887 aliquot
2673 3821 2724 3874 in
2754 3821 2882 3875 locis
2916 3824 3285 3891 transpositam
3316 3825 3497 3892 fuisse,

1981 3910 2050 3961 ita
2081 3918 2137 3962 ut
2165 3924 2280 3978 quae
2311 3910 2487 3978 priora
2513 3918 2688 3973 erant,
2717 3912 3013 3977 posterius;
3045 3926 3159 3979 quae
3184 3916 3499 3981 posteriora,

326 4001 565 4067 γενέσθαι
588 4019 603 4032 ’
639 4004 783 4072 ὅπερ
814 4001 909 4053 καὶ
930 4000 1161 4054 ἐνταῦθα
1185 4002 1376 4070 εὑρέθη
1412 4002 1667 4055 παθοῦσασ
1696 4001 1878 4073 τούτου

1998 3998 2124 4051 irius
2175 3999 2483 4051 locarentur
2518 4016 2532 4050 :
2564 3999 2702 4065 quod
2735 4000 2831 4052 hoc
2863 4000 3022 4052 etiam
3070 4000 3189 4054 loc‘o
3221 4002 3319 4069 ipsi
3364 4004 3501 4056 acci-

324 4091 473 4158 χὰριν
500 4092 903 4161 παρεθήκαμεν
948 4089 1283 4142 ἀκολουθίαν.
1311 4091 1463 4142 Ἐστι
1490 4090 1546 4142 δὲ
1578 4089 1715 4158 αὕτη
1736 4104 1751 4119 ⁸
1782 4089 1876 4159 τῷ,

1978 4088 2119 4141 disse
2149 4087 2564 4155 deprehenditur
2605 4110 2615 4141 ;
2646 4088 2761 4140 ideo
2792 4104 2972 4142 veram
3005 4090 3196 4144 seriem
3224 4092 3307 4145 hic
3336 4106 3500 4160 appo-

323 4179 764 4248 ιωτοικήσομεν
801 4181 856 4230 οὶ
883 4177 1092 4242 παῖδές
1129 4190 1242 4228 σου
1275 4178 1343 4230 ἐν
1384 4176 1460 4253 γῆ
1504 4176 1718 4245 Γεσὲμ,
1757 4194 1879 4230 συν-

1998 4177 2201 4238 uimus,
2237 4190 2354 4243 quae
2395 4175 2471 4230 sic
2500 4178 2677 4230 habet.
2722 4177 2812 4231 llis
2850 4179 3025 4231 verbis
3079 4195 3092 4230 :
3140 4178 3498 4233 Habitabimus

323 4265 539 4319 ἅπτεται
569 4268 649 4329 τὸ,
687 4263 844 4319 Eine
869 4265 938 4316 δὲ
954 4263 1164 4330 Φαραὼ
1190 4262 1264 4327 τῷ
1286 4264 1502 4332 Ἰωσήφ
1526 4281 1540 4295 ο
1580 4266 1870 4318 Κατοικεί-

1998 4267 2114 4318 ’καὶ
2139 4267 2211 4318 tui
2235 4267 2287 4318 in
2310 4275 2445 4318 terra
2471 4263 2667 4327 Gesem,
2696 4268 3193 4335 subjungiturillud,
3222 4268 3367 4321 Dixit
3400 4286 3499 4321 au-

320 4370 512 4409 τωσαν
535 4358 607 4409 ὲν
631 4356 711 4425 τῇ
734 4359 969 4422 Pco-ep:
1005 4356 1076 4407 Ei
1100 4353 1167 4406 δὲ
1220 4354 1451 4421 ἐπίστῃ,
1491 4355 1580 4407 ὅτι
1623 4352 1778 4407 εἰσιν
1805 4354 1875 4408 ἐν

1998 4370 2073 4406 em
2095 4353 2299 4405 Pharao
2326 4353 2515 4420 Ioseph
2540 4371 2558 4406 :
2586 4353 2830 4407 Habitent
2858 4357 2910 4409 in
2940 4365 3074 4409 terra
3098 4357 3296 4412 Cesem.
3330 4358 3386 4412 Si
3410 4358 3499 4410 au-

319 4446 510 4510 αὐτοῖς
529 4464 542 4476 ·
574 4446 671 4500 καὶ
702 4446 777 4498 τὰ
815 4445 961 4514 ἑξῆς.

377 4534 442 4585 Et
461 4533 529 4585 δὲ
548 4534 776 4599 ἐπίστῃ
802 4531 890 4583 ὅτι
913 4530 1077 4582 εἰσὶν
1101 4528 1174 4579 ἐν
1201 4528 1396 4594 αὐτοῖς
1418 4529 1677 4592 δυνατοί,
1704 4526 1874 4581 κατά·
1910 4534 1915 4535 ⁷

1976 4450 2075 4494 tem
2102 4443 2296 4495 noveris
2331 4444 2466 4510 quod
2495 4443 2596 4495 sint
2629 4445 2681 4495 in
2704 4445 2797 4504 ais.
2827 4455 2932 4498 etc.

2046 4528 2105 4582 Si
2132 4541 2300 4583 autem
2328 4533 2520 4584 noveris
2560 4534 2698 4598 quod
2725 4534 2823 4586 sint
2862 4534 2914 4586 in
2941 4534 3011 4586 eis
3045 4535 3224 4603 fortes,
3249 4538 3497 4590 constitue

320 4634 543 4687 στησον
573 4620 806 4684 αὐτοὺς
828 4618 1132 4686 ἄρχοντας
1155 4614 1272 4668 τῶν
1292 4616 1440 4685 ἐμῶν
1463 4616 1714 4685 κτηνῶν.
1738 4617 1873 4679 Τοὺς

1998 4620 2090 4671 llas
2112 4622 2363 4688 principes
2391 4636 2625 4687 pecorum
2643 4638 2865 4675 meorum
2884 4623 2948 4677 ".
2993 4623 3176 4678 Fortes
3203 4625 3361 4679 Israel
3389 4626 3498 4679 vult

318 4708 404 4761 τοῦ
445 4711 658 4781 Ἰσραὴλ
674 4708 942 4768 δυνατοὺς
954 4702 1162 4774 Φαραὼ
1182 4702 1416 4771 βούλεται
1444 4707 1701 4776 ἄρχοντας
1720 4722 1874 4757 κατα-

323 4799 504 4868 στῆσαι
518 4799 834 4867 Αἰγυπτίων
872 4793 1115 4863 κτηνῶν.
1138 4791 1207 4841 Εἴ
1220 4807 1297 4852 τις
1320 4791 1373 4842 δέ
1405 4794 1515 4845 ὲστι
1540 4792 1631 4844 τοῦ
1663 4792 1873 4862 Ἰσραὴλ

320 4886 545 4951 δυνατὸς,
582 4888 835 4956 φευγέτω
850 4886 912 4938 τὸ
927 4882 1026 4935 ἐπὶ
1059 4877 1270 4939 τούτοις
1302 4878 1556 4949 βούλημα.

384 4979 483 5031 Καὶ
512 4975 856 5045 εὐλογήσας
898 4967 1120 5025 Ἰακὼϐ
1142 4963 1245 5016 τὸν
1263 4968 1478 5032 Φαραὼ,
1503 4967 1752 5035 ἐξῆλθεν
1770 4969 1870 5021 ἀπ’

1975 4705 2181 4759 Pharao
2230 4708 2494 4775 principes
2546 4710 2796 4763 constitui
2830 4711 3189 4780 Egyptiorum
3222 4726 3490 4779 pecorum.

1976 4792 2030 4845 Si
2068 4794 2188 4861 quis
2216 4804 2389 4848 autem
2441 4796 2492 4848 in
2544 4794 2702 4849 Israel
2755 4796 2906 4851 fortis
2956 4807 3057 4861 est,
3093 4797 3259 4867 fugiat
3306 4798 3492 4851 horum

1973 4883 2273 4935 consilium.

2044 4970 2108 5023 Et
2154 4988 2266 5024 cum
2314 4970 2645 5024 benedixisset
2695 4970 2857 5025 Iacob
2900 4972 3186 5037 Pharaoni,
3238 4972 3389 5025 exivit
3418 4970 3492 5023 ἀὑ

322 5065 509 5118 αὑτοῦ.
569 5067 687 5123 υύκ
745 5063 845 5125 ἄν,
907 5058 1128 5110 δίκαιον
1186 5051 1507 5124 εὐλογήσας,
1567 5057 1658 5110 ἀπ’
1715 5058 1872 5109 αὐτοῦ

1999 5062 2114 5115 o".
2158 5061 2213 5114 Si
2247 5060 2600 5115 benedixisset
2643 5059 2802 5127 justo.
2859 5076 2962 5115 non
3011 5062 3260 5114 exivisset
3290 5060 3359 5112 ab
3403 5073 3489 5111 eo.

329 5154 516 5224 ιῇλθε.
574 5153 841 5223 Ζητητέον
886 5148 947 5199 δὲ
1000 5141 1195 5194 εἴποτε
1246 5140 1392 5207 ἅγιόν
1458 5164 1536 5209 τις
1582 5146 1872 5216 εὐλογήσας

1998 5152 2315 5215 haerendum
2338 5163 2464 5203 vero
2485 5164 2549 5202 an
2567 5150 2847 5219 quispiam,
2868 5151 3143 5205 benedicta
3152 5149 3318 5216 justo,
3346 5147 3494 5198 exie-

362 5256 543 5315 “Gen.
562 5274 707 5320 τινι,
725 5258 777 5311 7.
828 5253 1042 5320 “690:
1071 5249 1303 5320 _’f':‘f'--8°
1380 5254 1429 5283 ⁵⁶
1473 5256 1601 5309 Ihm-

330 5313 614 5393 "lbid.,4.
685 5313 900 5379 "Ibid.
985 5313 1308 5367 "Initum.

1706 5256 1747 5287 "
1794 5255 2116 5327 Genuum,
2147 5260 2200 5314 5.

2308 5260 2353 5291 ⁸⁸
2379 5260 2513 5315 Gen.
2544 5274 2692 5321 sur,
2726 5258 2812 5311 50.
2888 5258 2933 5289 “
2969 5259 3102 5313 Gen.
3132 5270 3263 5313 xm.
3294 5254 3326 5305 5
3351 5260 3403 5303 ιιι
3431 5251 3486 5305 4.

380 5424 479 5489 (se)
510 5417 834 5489 metens.-
879 5408 1019 5471 τοῖς
1054 5408 1430 5475 Τετραπλοῖς.
1483 5425 1584 5470 etc.
1617 5416 1789 5470 Edidit
1833 5416 1895 5472 ho

1998 5423 2316 5486 ‘agmentum
2351 5411 2788 5468 Montefalconius
2832 5415 3012 5461 noster
3067 5419 3193 5461 tom.
3240 5407 3259 5460 1
3308 5406 3486 5459 Ηεαα-
3518 5406 3531 5412 ’

336 5487 524 5554 plorans,
549 5505 662 5557 pag.
694 5487 778 5539 52.
