3878 6182
542 266 637 319 ΗἹ
724 316 727 317 ,

1951 256 2265 313 οηιοΕΝςε

3581 251 3668 303 NR

537 381 681 433 dium
705 378 839 431 lucis
870 377 1378 438 ettencbrarum,et
1403 376 1669 430 vocaverit
1699 375 1868 429 lucem
1900 376 2066 440 diem,
2096 380 2141 433 Α
2169 376 2286 428 dus.
2349 375 2571 430 Studeat
2611 388 2739 441 ergo
2789 368 3167 439 unusquisque
3216 377 3454 423 nostrum
3500 369 3677 424 divisor

535 478 589 522 et
620 467 860 522 tenebras
901 454 1130 529 noctem,
1162 474 1217 520 et
1257 466 1451 519 dixerit
1479 466 1599 533 quia
1644 467 1841 520 factum
1881 474 1962 520 est
1987 480 2069 519 ve-

526 545 713 625 'Spere,
735 567 787 609 et
817 559 1013 611 factum
1049 564 1131 609 est
1178 570 1335 608 mane
1364 573 1379 610 :
1419 572 1520 610 non
1558 556 1710 619 dixit,
1738 555 1851 609 dies
1877 556 2063 620 prima.

536 644 631 697 sed
653 645 804 707 dixit,
837 644 949 698 dies
975 658 1100 696 una.
1126 643 1261 708 Quia
1281 653 1489 711 tempus
1521 644 1749 696 nondum
1777 652 1892 695 erat
1920 651 2070 695 ante-

538 746 696 799 quam
748 742 887 807 esset
924 733 1165 784 mundus.
1212 730 1442 800 Tempus
1481 740 1655 784 autem
1691 745 1807 783 csse
1854 731 2069 795 incmpit

538 835 604 874 ex
650 821 1105 887 consequentibus
1154 821 1359 874 diebus.
1392 820 1634 873 Secunda
1665 834 1889 885 namque
1934 819 2067 884 dies,

539 918 594 963 et
649 911 806 967 tertia
841 911 974 973 dies,
1003 920 1056 963 et
1081 919 1292 977 quarta,
1320 918 1372 962 et
1402 909 1618 977 reliquae
1655 921 1840 961 omnes
1863 916 2070 975 tempus

538 996 807 1065 incipiunt
846 1000 1139 1066 designare.

607 1084 661 1137 2.
721 1083 786 1137 Et
842 1084 987 1136 Dixit
1024 1083 1159 1137 Deus
1210 1098 1229 1135 :
1288 1083 1414 1135 Fiat
1434 1083 1806 1149 firmamentum
1830 1084 1883 1134 in
1905 1083 2070 1135 medio

540 1190 689 1241 aqua:
709 1212 723 1236 ,
750 1184 795 1226 et
826 1174 890 1225 sit
920 1174 1152 1225 dividens
1187 1174 1322 1224 inter
1368 1164 1593 1223 medium
1625 1186 1772 1240 aqua:
1812 1179 1861 1223 et
1899 1187 2066 1241 aquae.

543 1260 607 1313 Et
635 1261 827 1329 factum
862 1262 1057 1314 estsic.
1106 1261 1171 1313 Et
1220 1260 1336 1327 fecit
1393 1260 1527 1313 Deus
1569 1261 1951 1326 ﬁrmamentum
1991 1260 2061 1311 ".

537 1350 668 1403 Cum
690 1350 801 1418 jam
827 1360 981 1403 antea
1034 1350 1169 1403 Deus
1216 1348 1435 1402 fecisset
1466 1349 1683 1412 caelum,
1719 1362 1859 1400 nunc
1891 1346 2070 1399 ﬁrma-

539 1445 776 1489 mentum
819 1436 963 1490 l‘acit.
1012 1436 1161 1490 Fecit
1206 1438 1351 1489 enim
1407 1436 1600 1490 caelum
1627 1436 1793 1502 prius,
1844 1436 1909 1487 de
1966 1448 2069 1500 quo

538 1525 673 1578 dicit
699 1526 745 1555 ⁷³
782 1524 1011 1578 εϐωἰιιηι
1045 1525 1169 1576 mihi
1208 1527 1350 1578 sedes
1388 1536 1484 1581 est.
1534 1525 1654 1577 Post
1707 1524 1833 1576 illud
1886 1533 2065 1575 autem

539 1613 931 1667 ﬁrmamentum
993 1611 1152 1676 facit,
1205 1614 1258 1667 id
1309 1625 1429 1679 est,
1486 1628 1799 1681 corporeum
1852 1613 2067 1667 ctelum.

2170 480 2326 534 aqua:
2361 464 2494 518 efﬁci
2521 464 2636 530 ejus
2661 477 2778 530 qua:
2810 470 2893 515 est
2929 475 3111 528 supra,
3139 467 3190 512 ct
3212 473 3329 526 qua:
3354 467 3434 512 est
3459 458 3634 512 subtus
3659 476 3673 511 :

2173 570 2278 625 quo
2306 555 2508 608 scilicet
2541 552 2795 620 spiritalis
2828 566 2980 618 aqua:
3008 548 3351 611 intellectum,
3393 556 3446 600 et
3474 547 3678 613 partici-

2174 645 2316 711 pium
2366 644 2582 709 capiens
2626 642 2738 706 eius
2781 656 2899 709 qua:
2943 647 3026 692 est
3070 653 3230 705 supra
3287 637 3680 700 ﬁrmamentum,

2172 732 2386 798 ﬂumina
2418 732 2481 782 de
2505 738 2676 782 rentre
2700 743 2796 781 suo
2826 730 3019 781 educat
3051 744 3200 792 aqua:
3226 727 3351 779 viva:
3386 727 3609 779 salientis
3635 727 3683 777 in

2174 820 2325 871 vitam
2366 828 2606 870 wternam
2634 817 2701 881 ⁷⁸,
2740 827 3051 884 segregatus
3098 816 3217 868 sine
3254 814 3415 867 dubio
3451 824 3503 868 et
3555 830 3686 882 sepa-

2174 916 2321 959 ratus
2357 906 2422 958 ab
2461 920 2522 958 ea
2567 921 2698 972 aqua
2759 920 2879 974 quae
2925 906 3113 957 subtus
3151 916 3254 968 e5t,
3334 902 3386 956 id
3415 912 3515 966 est,
3569 918 3686 970 aqua

2174 996 2371 1063 abyssi,
2401 995 2451 1047 in
2476 1009 2577 1061 qua
2605 994 2842 1047 tenebra:
2867 1008 2989 1045 esse
3019 992 3294 1054 dicuntur,
3329 992 3380 1044 in
3423 1005 3525 1059 qua
3562 992 3686 1058 prin-

2174 1101 2299 1155 ceps
2335 1087 2489 1154 hujus
2534 1085 2737 1147 mundi,
2770 1094 2826 1139 et
2856 1083 3197 1136 adversarius
3227 1082 3409 1146 draco,
3448 1090 3500 1136 et
3537 1082 3686 1149 angeli

2172 1174 2287 1241 ejus
2323 1174 2594 1233 habitant,
2637 1172 2775 1223 sicut
2813 1171 3064 1237 superius
3105 1170 3401 1223 indicatum
3437 1178 3537 1223 est.
3565 1168 3686 1222 "lilii

2172 1276 2298 1330 ergo
2325 1276 2475 1329 aquae
2517 1274 2763 1327 superna:
2808 1258 3133 1326 participio,
3182 1272 3301 1325 quae
3342 1271 3500 1325 supra
3547 1258 3686 1310 coelo:

2172 1365 2289 1403 esse
2307 1349 2519 1411 dicitur,
2546 1348 2907 1414 unusquisque
2930 1347 3171 1400 ﬁdelium
3205 1347 3445 1400 cmlestis
3472 1345 3686 1399 edicitur

2176 1439 2224 1492 id
2256 1446 2360 1499 est,
2392 1452 2514 1490 cum
2549 1451 2767 1490 sensum
2800 1452 2955 1490 suum
2988 1436 3156 1489 habet
3190 1436 3245 1488 in
3273 1436 3457 1488 arduis
3480 1443 3531 1487 et
3552 1434 3686 1488 excel

2172 1528 2268 1589 sis,
2304 1526 2430 1580 nihil
2476 1528 2540 1580 de
2575 1536 2743 1590 terra,
2772 1526 2865 1579 sed
2898 1532 3071 1579 totum
3109 1526 3179 1578 de
3218 1524 3535 1577 cmlestibus
3569 1524 3680 1590 cogi

2177 1626 2315 1678 tans,
2348 1631 2462 1682 qua’
2493 1631 2696 1667 sursum
2740 1624 2858 1666 sunt
2889 1627 3164 1680 qumrens,
3197 1612 3287 1664 ubi
3313 1611 3544 1663 Christus
3572 1622 3641 1663 est
3665 1612 3685 1662 i:

538 1704 708 1758 Omne
731 1705 869 1757 enim
902 1719 1095 1771 corpus
1126 1704 1337 1757 ﬁrmum
1367 1716 1449 1757 est
1482 1705 1598 1757 sine
1638 1704 1819 1767 dubio,
1855 1712 1911 1756 et
1943 1702 2071 1755 soli-
2100 1688 2142 1742 Β
2169 1704 2384 1754 dextera
2424 1700 2517 1754 Dei
2547 1699 2725 1753 Patris
2747 1701 2813 1753 ".
2851 1699 3004 1752 Tunc
3050 1699 3197 1751 enim
3228 1706 3287 1750 et
3313 1697 3428 1763 ipse
3465 1711 3528 1750 ea
3568 1696 3684 1747 laud

540 1792 701 1855 dum;
727 1802 779 1846 et
813 1794 910 1846 hoc
941 1803 1022 1847 cst
1054 1792 1193 1857 quod
1228 1791 1413 1844 dividit
1446 1793 1583 1844 inter
1613 1807 1804 1859 aquam
1844 1806 1963 1859 qua:
1990 1798 2072 1844 est

539 1895 703 1949 super
740 1882 969 1946 malum,
1011 1892 1065 1936 et
1106 1897 1296 1951 aquam
1338 1898 1453 1950 qure
1482 1893 1562 1937 est
1598 1883 1695 1935 sub
1724 1882 1880 1934 cmlo.
1936 1882 2069 1934 Cum

539 1969 685 2021 enim
736 1985 797 2023 ea
833 1987 949 2038 qua:
1000 1970 1242 2025 facturus
1286 1981 1402 2024 erat
1431 1970 1589 2033 Deus,
1619 1984 1685 2022 ex
1718 1970 1903 2036 spiritu
1945 1985 2072 2021 con-

538 2064 747 2109 starent
783 2068 836 2111 et
866 2074 1113 2124 corpore,
1145 2060 1246 2112 ista
1290 2061 1355 2112 de
1389 2073 1549 2112 causa
1595 2058 1644 2110 in
1693 2057 1976 2125 principio,
2017 2069 2071 2111 et

538 2156 662 2199 ante
691 2148 865 2200 omnia
903 2150 1096 2201 cmlum
1145 2150 1340 2202 dicitur
1387 2147 1621 2210 factum,
1662 2148 1714 2199 id
1753 2155 1854 2207 est,
1898 2145 2070 2199 omnis

538 2236 796 2301 spiritalis
839 2236 1136 2290 substantia
1182 2236 1347 2305 (56),
1395 2252 1554 2303 super
1612 2250 1771 2303 quam
1819 2233 1964 2287 velut
2017 2232 2069 2284 in

536 2326 733 2379 throno
796 2327 1025 2392 quodam
1076 2333 1130 2377 et
1182 2327 1307 2378 sede
1368 2326 1506 2377 Deus
1553 2323 1858 2391 requiescit.
1925 2321 2069 2375 Istud

454 2469 463 2473 ,
538 2420 713 2463 autem
756 2412 972 2473 caelum,
1022 2411 1071 2464 id
1121 2420 1222 2471 est.
1274 2411 1701 2474 ﬁrmamentum,
1751 2424 2067 2477 corporeum

535 2508 638 2551 est.
691 2499 756 2551 Et
793 2499 912 2553 ideo
960 2499 1087 2553 illud
1137 2500 1348 2567 quidem
1394 2500 1619 2567 primum
1667 2497 1886 2558 caelum,
1929 2498 2067 2565 quod

541 2583 784 2650 spiritale
826 2584 1077 2646 diximus,
1130 2599 1282 2639 mens
1314 2596 1495 2638 nostra
1535 2594 1640 2649 est,
1693 2601 1810 2654 qua:
1854 2596 1907 2639 et
1956 2586 2067 2653 ipsa

535 2670 758 2735 spiritus
786 2680 885 2734 est,
927 2673 976 2724 id
1002 2682 1103 2737 eSt,
1144 2673 1401 2740 spiritalis
1428 2675 1586 2727 homo
1612 2683 1795 2728 noster
1844 2676 2066 2729 interior

535 2766 619 2810 cst
646 2757 802 2826 (57),
834 2759 921 2822 qui
950 2761 1091 2814 videt
1119 2776 1182 2814 ac
1214 2763 1469 2830 perspicit
1501 2764 1683 2816 Deum.
1715 2764 1855 2818 Istud
1887 2773 2065 2817 autem

536 2846 823 2912 corporale
850 2848 1044 2901 malum
1080 2849 1219 2915 quod
1247 2850 1637 2903 ﬁrmamentum
1671 2850 1884 2912 dicitur,
1921 2860 2069 2904 exte-

2170 1789 2364 1856 dignus
2394 1788 2674 1840 habebitur
2695 1803 2722 1839 a
2750 1786 2876 1848 Deo,
2902 1801 3023 1854 quae
3046 1787 3136 1840 hic
3161 1785 3423 1838 scribitur
3447 1798 3567 1837 cum
3594 1784 3686 1836 dici

2172 1884 2258 1929 tur
2281 1875 2424 1947 (58):
2460 1876 2524 1927 Et
2550 1877 2678 1928 uidit
2716 1874 2850 1928 Deus
2879 1875 3007 1944 quia
3049 1875 3242 1927 bonum
3274 1883 3348 1927 est
3381 1874 3453 1926 "'.
3489 1874 3686 1941 Deniqu

2170 1974 2226 2018 et
2252 1979 2315 2017 ea
2345 1979 2463 2032 qua:
2497 1964 2562 2017 de
2605 1964 2759 2017 tertia
2801 1964 2886 2016 die
2933 1964 2987 2016 in
3035 1961 3499 2030 consequentibus
3527 1962 3686 2031 deseri

2170 2052 2388 2117 buntur,
2436 2054 2487 2106 in
2530 2054 2668 2107 hunc
2704 2053 2951 2105 eumdem
2998 2053 3344 2105 conveniunt
3373 2052 3685 2105 intellecturi

2168 2140 2256 2192 Ait
2285 2140 2425 2193 enim
2450 2140 2494 2169 ⁷⁹
2526 2156 2540 2192 ;
2568 2136 2632 2190 Et
2661 2139 2788 2190 dixit
2823 2137 2965 2189 Deus
2998 2153 3016 2190 :
3049 2137 3417 2205 Cougregetur
3446 2153 3581 2204 aqua
3617 2152 3679 2205 qu

2169 2238 2243 2280 est
2292 2228 2385 2280 sub
2422 2227 2544 2280 caelo
2577 2227 2629 2278 iu
2655 2227 3114 2294 congregationem
3156 2242 3345 2285 uuam,
3390 2235 3443 2279 et
3488 2240 3686 2293 apparet

2169 2316 2340 2369 arida.
2366 2314 2430 2366 Et
2460 2314 2655 2381 factum
2680 2324 2753 2367 est
2783 2316 2874 2365 ita.
2898 2313 3011 2367 Nos
3032 2329 3167 2382 ergo
3192 2315 3504 2367 laboremus
3524 2327 3685 2379 congr

2168 2417 2296 2470 gare
2326 2417 2518 2470 aquam
2555 2418 2670 2470 qua:
2713 2411 2797 2454 cst
2837 2402 2944 2455 sub
2983 2401 3149 2465 caelo,
3183 2410 3241 2455 et
3264 2401 3513 2467 abjicerc
3550 2415 3665 2454 eam

2170 2489 2324 2543 nobis
2348 2528 2362 2552 .
2392 2495 2467 2552 ut,
2513 2503 2630 2541 cum
2671 2488 2774 2540 hoc
2802 2486 3010 2541 factum
3042 2487 3235 2550 fuerit,
3274 2498 3539 2556 appareat
3572 2487 3682 2538 arid

2170 2594 2287 2645 quae
2317 2587 2441 2631 sunt
2469 2578 2522 2630 in
2549 2592 2712 2629 carne
2739 2586 2890 2646 gesta
2928 2591 3099 2645 opera
3138 2587 3353 2642 nostra,
3394 2592 3504 2647 quo
3539 2578 3685 2630 scilic

2167 2668 2395 2720 uidentes
2447 2668 2679 2720 homines
2739 2682 2893 2732 opera
2968 2677 3161 2721 nostra
3229 2669 3411 2734 bona,
3462 2669 3686 2737 glori/tce

2170 2754 2382 2806 Patrem
2423 2763 2657 2807 nostrum
2685 2758 2771 2823 qui
2812 2756 2863 2806 in
2913 2755 3065 2809 cretis
3097 2766 3175 2810 est
3206 2757 3277 2812 ⁸⁸.
3306 2757 3365 2810 Si
3395 2758 3543 2811 enim
3571 2772 3686 2825 aqu:

2170 2845 2300 2898 istas
2346 2858 2463 2911 qure
2516 2852 2639 2896 sunt
2684 2845 2781 2897 sub
2830 2845 2984 2899 caelo
3038 2860 3148 2898 non
3201 2849 3647 2914 separaverimus

536 2933 652 2986 rior
707 2935 865 2987 homo
903 2942 1085 2988 noster
1126 2944 1234 2998 est,
1283 2938 1374 3003 qui
1410 2937 1761 3004 corporaliter
1812 2939 2063 2991 intuetur.
2093 2970 2134 3025 Ο
2170 2934 2346 2994 nobis,
2373 2931 2422 2984 id
2452 2940 2553 2992 est,
2579 2938 2799 2998 peccata
2830 2939 2883 2984 et
2926 2933 3064 2986 vitia
3096 2934 3354 3001 corporis
3385 2934 3579 2992 nostri,
3605 2935 3680 2986 ari

540 3020 696 3075 Sicut
746 3036 873 3089 ergo
917 3022 1303 3076 ﬁrmamentum
1348 3024 1539 3078 omium
1584 3024 1905 3092 appellatum
1960 3033 2062 3086 est,

536 3122 602 3160 ex
628 3121 694 3161 eo
716 3108 856 3176 quod
885 3108 1088 3161 dividat
1118 3110 1257 3163 inter
1281 3125 1373 3163 eas
1405 3124 1573 3177 aquas
1617 3126 1733 3177 quae
1760 3122 1884 3165 sunt
1906 3125 2067 3179 super

535 3194 737 3263 ipsum,
763 3203 815 3247 et
851 3209 945 3249 eas
973 3210 1088 3262 quae
1119 3198 1218 3250 sub
1258 3197 1372 3265 ipso
1402 3208 1526 3251 sunt
1562 3217 1575 3251 :
1603 3199 1674 3251 ita
1700 3208 1751 3267 et
1779 3200 1939 3252 homo
1971 3201 2063 3268 qni

535 3284 590 3336 in
634 3296 857 3349 corpore
902 3282 1106 3348 positus
1157 3294 1260 3346 est,
1311 3286 1355 3336 si
1410 3285 1648 3338 dividere
1704 3287 1958 3352 potuerit,
2015 3296 2068 3340 et

534 3370 842 3424 discernere
901 3386 1015 3437 quae
1060 3372 1165 3424 sint
1215 3385 1364 3439 aqua:
1413 3387 1529 3439 quae
1590 3382 1716 3426 sunt
1766 3376 2067 3443 superiores

536 3471 699 3524 super
732 3456 1144 3521 ﬁrmamentum,
1190 3469 1243 3511 et
1271 3475 1389 3528 qua:
1425 3464 1523 3512 sub
1549 3460 1887 3515 ﬁrmamento
1923 3469 2064 3526 sunt,

531 3546 698 3600 etiam
730 3546 843 3613 ipse
881 3547 1092 3610 oculum,
1132 3548 1181 3601 id
1215 3557 1316 3613 est,
1342 3549 1581 3603 ctelestis
1614 3552 1794 3615 homo,
1833 3549 2066 3618 appella-

534 3634 699 3696 bitur,
742 3636 1029 3688 secundum
1060 3639 1283 3702 apostoli
1328 3637 1473 3691 Pauli
1517 3642 1832 3692 sententiam
1881 3640 2065 3692 dicen-

533 3723 607 3775 tis
632 3722 678 3754 "
710 3739 724 3776 :
756 3720 953 3776 Nostra
993 3733 1167 3777 autem
1214 3728 1537 3779 conversatio
1575 3729 1629 3779 in
1671 3728 1809 3780 caelis
1847 3738 1940 3781 est.
1988 3726 2061 3779 Ita

531 3824 662 3879 ergo
686 3813 1025 3865 continentur
1052 3812 1221 3865 verba
1254 3813 1364 3879 ipsa
1396 3813 1689 3882 Scriptura:
1720 3815 1765 3846 "
1791 3833 1805 3868 :
1842 3815 1905 3866 Et
1942 3814 2064 3880 fecit

528 3899 668 3952 Deus
706 3900 1107 3966 ﬁrmamentum,
1154 3909 1203 3951 et
1254 3901 1429 3954 diuisit
1467 3902 1598 3953 inter
1650 3903 1869 3953 medium
1914 3917 2064 3969 aqua:

528 4003 646 4057 qua:
673 3997 746 4040 est
772 4002 924 4051 super
946 3988 1349 4053 ﬁrmamentum,
1397 3997 1447 4040 et
1482 3989 1614 4041 inter
1649 3990 1873 4040 medium
1913 4005 2062 4056 aqua:

528 4091 647 4143 qua
667 4085 738 4127 est
768 4075 941 4127 subter
968 4075 1370 4140 ﬁrmamentum.
1405 4074 1469 4126 Et
1495 4077 1692 4127 vocavit
1716 4074 1852 4127 Deus
1882 4076 2063 4141 ﬁrma-

529 4174 753 4214 mentum
805 4162 1009 4213 cmlum.
1050 4159 1115 4212 Et
1154 4161 1277 4213 vidit
1322 4162 1459 4213 Deus
1484 4163 1607 4229 quia
1649 4163 1835 4215 bonum
1873 4176 1971 4228 est,
2012 4176 2060 4219 et

2168 3028 2349 3074 nostra
2388 3033 2491 3072 non
2522 3020 2720 3086 p0terit
2759 3033 3067 3086 apparere.
3108 3037 3215 3077 nec
3253 3022 3463 3078 habere
3503 3024 3686 3078 ﬁducia

2165 3109 2489 3177 procedendi
2522 3109 2588 3160 ad
2633 3108 2830 3161 lucem.
2881 3108 3085 3163 Omnis
3135 3113 3281 3165 enim
3329 3114 3422 3182 qui
3455 3115 3595 3166 ritate
3620 3130 3684 3181 ag

2165 3199 2275 3250 odit
2325 3198 2511 3258 lucem,
2561 3208 2610 3251 et
2648 3214 2750 3252 non
2799 3202 2941 3254 venit
2983 3202 3057 3253 ad
3085 3201 3299 3268 lucem,
3342 3216 3398 3259 ut
3432 3224 3538 3261 non
3578 3223 3684 3259 mm

2165 3285 2417 3351 festentur
2450 3283 2587 3354 (59)
2628 3302 2780 3351 opera
2830 3289 2976 3354 ejus,
3028 3302 3079 3344 et
3127 3294 3417 3346 videantur
3454 3295 3503 3346 si
3550 3294 3605 3345 in
3653 3293 3684 3344 ι

2164 3384 2280 3427 sunt
2306 3384 2445 3442 gesta
2484 3375 2550 3426 εί.
2591 3375 2720 3439 Qum
2747 3377 2939 3444 utique
2974 3379 3181 3434 ﬁducia
3222 3398 3337 3437 non
3382 3383 3553 3438 aliter
3598 3385 3682 3437 tlal

2166 3471 2272 3526 tur,
2297 3463 2397 3515 nisi
2426 3461 2565 3515 velut
2586 3476 2752 3529 aquas
2774 3458 3108 3527 abiiciamus
3135 3483 3167 3521 a
3214 3470 3383 3524 nobis
3419 3479 3477 3523 et
3503 3486 3682 3539 segreg

2168 3565 2285 3603 mus
2313 3550 2439 3601 vitia
2470 3550 2734 3618 corporis,
2766 3565 2892 3617 qua:
2928 3564 3068 3610 sunt
3098 3558 3358 3613 materiae
3385 3570 3682 3627 peccaturo

2164 3640 2279 3704 Quo
2326 3638 2467 3693 facto
2509 3639 2620 3707 jam
2651 3640 2799 3694 arida
2831 3654 3039 3698 nostra
3064 3662 3175 3701 non
3210 3650 3573 3715 permanebit
3592 3652 3681 3703 ari

2163 3727 2301 3782 sicut
2332 3742 2398 3781 ex
2435 3727 2892 3795 consequentibus
2923 3734 3273 3789 ostenditur.
3321 3736 3422 3791 Ait
3479 3738 3634 3792 enim
3678 3746 3679 3751 ‘

2164 3816 2233 3868 Et
2263 3825 2571 3885 congregata
2598 3826 2671 3869 est
2700 3834 2838 3885 aqua
2885 3837 3013 3888 qua:
3038 3833 3121 3875 est
3154 3825 3256 3876 sub
3304 3827 3439 3879 calo
3462 3829 3522 3884 in
3556 3845 3680 3898 cong

2162 3906 2393 3971 gationes
2434 3919 2578 3969 suas,
2615 3914 2663 3958 et
2717 3910 2972 3973 apparuit
3020 3913 3210 3966 arida.
3260 3912 3334 3971 Et
3376 3921 3592 3973 vocavit
3638 3919 3680 3973 ι)

2162 3992 2364 4044 aridam
2396 4001 2620 4059 terram,
2675 4003 2721 4047 et
2756 4002 3220 4066 cougregationes
3262 4020 3538 4072 aquarum
3581 4025 3674 4062 voc

2160 4081 2348 4132 maria.
2374 4078 2553 4168 ‘Sicut
2591 4095 2719 4151 ergo
2745 4083 2902 4138 arida
2939 4088 3089 4153 haec,
3121 4103 3431 4162 segregata
3463 4110 3497 4150 a
3523 4111 3593 4151 se
3620 4114 3678 4168 aq

2161 4166 2609 4234 quemadmodum
2642 4171 2900 4237 superius
2932 4174 3210 4245 diximus,
3246 4184 3400 4237 ultra
3437 4201 3553 4241 non
3585 4204 3674 4241 ma

532 4248 725 4317 factum
766 4260 839 4303 est
875 4265 1093 4316 vespere,
1116 4250 1391 4315 et-factum
1428 4259 1499 4303 est
1532 4267 1699 4315 mane,
1729 4253 1837 4304 dies
1875 4269 2058 4308 secun-
2088 4274 2132 4327 ι)
2160 4257 2333 4320 arida,
2377 4258 2470 4312 sed
2504 4257 2615 4326 jam
2659 4267 2801 4313 terra
2843 4266 3189 4324 nominatur
3218 4288 3234 4325 :
3269 4278 3379 4329 hoc
3408 4279 3581 4333 modo
3620 4290 3674 4334 et

599 4340 935 4428 "’Gen.t,6.
1014 4360 1059 4393 ”
1096 4359 1215 4414 lsai.
1265 4378 1407 4425 vat,
1448 4365 1498 4416 1.

532 4428 817 4550 z'UColoss.
860 4444 938 4493 Ill,
979 4430 1027 4482 ι.
1100 4430 1146 4461 ⁷⁸
1181 4430 1315 4484 Gen.
1351 4446 1392 4495 t,
1441 4432 1525 4486 10.

528 4587 698 4661 adipata
733 4584 1087 4661 fragmentum
1131 4584 1269 4661 istud
1304 4602 1317 4638 :
1350 4586 1513 4661 Et
1557 4587 1617 4638 τὸ
1664 4586 1847 4661 audeo;
1895 4591 1991 4659 οὐχ
2022 4593 2058 4661 ὴ

527 4652 636 4733 σξῶῦ
660 4652 920 4733 σευμᾴειιξν
949 4652 1081 4733 Enna.
1119 4654 1344 4733 εῑρητβξ,
1393 4654 1523 4733 ἀλλὰ
1556 4655 1740 4733 νοητόν
1776 4671 1850 4733 τι,
1909 4652 2061 4733 τῷτζ

527 4721 709 4804 ἐςτξκίὸ
725 4718 998 4804 ξιάᾔολθςὶ·
1033 4718 1399 4804 τὲςένηθῄτιε
1419 4720 1550 4804 (pqae,
1582 4718 1695 4804 τξῶς
1715 4723 1887 4804 vorato
1906 4739 1931 4804 ;‘
1954 4723 2061 4804 ἄρα

526 4760 1021 4867 ξζὲιᾶᾖόἐξδῖςῖἷᾳν
1044 4760 1187 4867 ’ἧςΞᾷ
1200 4760 1321 4867 ζ¹ξὶ⁸
1335 4760 1550 4867 ξένᾝῖ
1570 4760 1944 4867 έέἔῇςῖᾘιέῖέι
1954 4760 2061 4845 ’ῗῑίδ

527 4855 769 4943 οξρανδῖ,
803 4855 1026 4943 mimi]:
1045 4856 1174 4943 ἔξω
1212 4857 1302 4943 κα)ἔ
1328 4855 1703 4943 Ἧνὶᾶσγςσον,
1736 4857 2061 4943 ’ξςὶὶτδννοιῃ-

525 4923 616 4977 si»)
654 4923 837 4984 σκότος
867 4923 956 4975 τὸν
985 4923 1242 4985 διάϐολον,
1281 4925 1309 4974 ὁ
1352 4923 1480 4983 Θεὸς
1509 4923 1716 4989 Λόγος;
1756 4925 1860 4975 Καὶ
1889 4927 1971 4989 τίς
1996 4923 2061 4982 ἄν

525 4992 682 5068 coice
708 4993 1087 5068 συγχωρήσειε,
1116 4990 1218 5052 ἓως
1250 4990 1314 5043 ἂν
1346 4991 1435 5043 τὸν
1470 4990 1591 5043 νοῦν
1629 4990 1774 5068 ξχει;
1890 5005 2059 5068 autem

524 5059 745 5136 tenebrae
765 5059 920 5136 dicta:
957 5066 1095 5136 sunt,
1122 5074 1220 5109 non
1253 5073 1526 5136 corporum
1545 5060 1751 5136 amb-ra,
1780 5062 1867 5136 sed
1893 5063 2045 5136 spiri-

525 5127 627 5179 tale
653 5125 1063 5207 quidpiamhhoc
1095 5134 1190 5207 enat,
1231 5125 1466 5207 diapolus
1493 5140 1510 5175 :
1540 5126 1696 5187 istud,
1726 5126 1861 5207 :ﬁnt
1886 5125 2040 5207 [πὲρ

523 5208 623 5258 quo
644 5190 791 5257 pacto
813 5190 1091 5257 intelligam
1111 5192 1136 5243 2
1160 5207 1301 5258 num_
1317 5192 1477 5243 lucem
1502 5208 1690 5255 verum,
1723 5190 1815 5244 hoc
1837 5204 1931 5254 est,
1960 5194 2051 5245 Fi-

523 5256 696 5312 lium?
725 5259 861 5329 Quid
879 5256 1011 5329 ergo
1047 5259 1226 5329 dices?
1266 5256 1389 5329 Post
1410 5258 1619 5329 eretum,
1656 5270 1864 5329 terram,
1897 5262 2049 5329 abys-

522 5340 658 5387 sum,
683 5337 729 5377 et
761 5325 1018 5390 spiritales
1051 5326 1278 5378 tenebras
1306 5325 1595 5387 diabolum,
1628 5328 1724 5378 erit
1755 5326 1887 5377 Deus
1926 5325 2052 5378 Ver-

523 5392 639 5441 bum
657 5393 683 5444 2
707 5393 854 5455 Quod
877 5392 990 5456 quis
1016 5408 1117 5444 non
1144 5403 1309 5445 mente
1328 5402 1507 5458 captus
1526 5394 1830 5445 concesserit
1853 5395 1877 5445 ν
1914 5394 2048 5445 Tum

522 5466 827 5513 catenarum
866 5468 1050 5516 auctor
1080 5460 1132 5515 id
1162 5460 1409 5517 observat
1441 5475 1454 5515 :
1487 5460 1654 5514 ἰστέον
1681 5460 1761 5512 ὅτι
1790 5460 1886 5526 τὴν
1921 5461 2058 5529 Ὠρι-

1601 4364 1646 4394 ⁷⁸
1693 4364 1830 4417 Phil.
1872 4380 1951 4432 Ill,
1988 4366 2081 4421 ΞΟ.

1617 4432 1661 4463 ⁷⁸
1692 4433 1820 4486 ibid.
1852 4434 1906 4487 9.
1978 4436 2024 4467 '°
2069 4436 2255 4492 Matth.
2295 4453 2345 4501 ν,
2398 4441 2478 4491 l6.

2211 4371 2257 4458 γ’
2295 4371 2489 4458 Siculos.
2536 4371 2797 4458 l._.7.'_37-ﬂ
2884 4376 2937 4408 "
2972 4378 3145 4458 Joan.
3191 4400 3300 4458 vit,
3345 4388 3447 4458 .38,
3489 4401 3547 4444 et
3583 4407 3662 4458 tv,

2575 4440 2618 4469 ⁸⁸
2671 4437 2828 4495 Joan.
2878 4459 2964 4508 ut,
3010 4449 3110 4501 9.0.
3235 4437 3300 4484 δ”
3331 4437 3551 4515 cades:
3583 4437 3641 4527 ἰ..

2162 4590 2816 4679 tiquissimisigna,
2850 4596 3043 4664 οὕτως
3063 4605 3541 4679 Δἑρμήκινειῧονσιεος.
3614 4617 3674 4674 St

2165 4659 2288 4739 dum
2314 4670 2387 4742 εεξ
2417 4659 2750 4742 ίίξίοιιοτξιιξί)
2778 4659 3674 4742 σαξρενῖοιτεξιεῆίῖἕέυἱῖἔῆιεᾶῧ

2165 4729 2250 4810 ἔδεε
2271 4739 2382 4810 νεῖᾳῖ
2412 4729 2795 4810 ίζ⁸¹⁸ἴλξῖ⁸⁸⁰ίέ⁸³ς
2839 4731 3132 4810 βωιθνιηιι
3165 4729 3290 4798 ’ἱιοο
3306 4729 3468 4803 loc}:
3483 4729 3593 4809 pubi.

2166 4774 2391 4847 manu
2413 4774 3299 4873 "ista;'"ara'sozzi‘zi‘xgriﬁ
3326 4774 3460 4885 ἑξεῖ
3491 4774 3590 4877 Ἰξῖξ

2168 4876 2272 4885 ...ιη-
2330 4860 2518 4885 Ι...ἒι....
2572 4862 2805 4885 J:_l...l---
2848 4873 2893 4885 ,Α
2938 4883 2947 4885 _
3082 4874 3116 4885 ι.
3187 4878 3199 4885 .
3462 4860 3480 4885 9

2167 4860 2550 4944 tnssznlegti‘tur,’
2569 4862 2893 4944 diabofusneg
2924 4874 3116 4944 ("mea
3140 4860 3298 4944 ιὲ
3326 4860 3375 4885 η
3389 4860 3480 4885 -υν

2236 4926 2858 5013 (Simumiiuiridis
2899 4926 3412 5013 εηδὲιηηιῖᾰῖειρ.
3455 4956 3670 5013 ncte...

2166 5010 2510 5082 9939391"???
2538 4996 2831 5082 5.52959?!"
2868 4994 3279 5082 ἓνδειθηιίειὶιῖ
3322 5034 3355 5072 a
3391 5023 3513 5079 Deo
3551 4994 3670 5082 ξοῖιζξ

2164 5050 2412 5126 opinatus
2443 5062 2511 5113 sit
2540 5050 2818 5126 Origenes,
2854 5050 3532 5150 disputat
3551 5050 3671 5151 clrlc;

2152 5127 2606 5211 Origeniau'or‘um,
2638 5128 2727 5180 lib.
2756 5145 3061 5211 inmitem.
3096 5145 3158 5210 5,
3192 5167 3355 5208 num.
3389 5160 3450 5211 9.
3633 5118 3664 5152 u

2252 5167 2606 5212 τιν-ζ’ξ“”“.“ἶῗ.“’”ἶ’
2638 5167 2727 5180 ”“’⁹
2756 5167 3064 5212 .'".".'"‘.'°"_
3096 5167 3158 5210 ον
3192 5167 3355 5208 llum.
3389 5167 3450 5212 2.

2132 5193 2896 5328 -ωξὲἷέαἷὲέῖἷιέῗνίιξῖιὶεέῗ
2941 5205 3326 5276 ⁴¹⁶⁸¹ί¹θνί¹¹υτ
3362 5225 3422 5282 in
3462 5228 3606 5290 libb.
3649 5252 3670 5290 ε

2226 5327 2367 5463 is;
2387 5328 2537 5446 tu.
2555 5329 3137 5463 ῗξὶἓέτέιιξὶἒζδέιῗῖἷέ
3150 5350 3401 5463 δέξέες

2278 5394 2289 5407 .
2434 5397 2441 5404 .
2837 5398 2848 5408 -
2886 5400 2899 5412 -
3187 5393 3204 5415 '
3235 5393 3401 5414 “'“"

2230 5393 2537 5504 ambat:
2570 5409 2637 5504 3':
2649 5396 2934 5504 2:221:22;
2963 5418 3133 5504 3‘13}:
3158 5436 3227 5475 ια

2155 5469 2379 5530 quatuor
2413 5475 2537 5514 mss.
2570 5470 2626 5515 ut
2653 5469 2706 5515 in
2732 5476 2935 5523 nostro
2964 5482 3158 5540 textu.

3516 4828 3671 4879 Inclit
