3878 6192
375 274 504 330 150

1638 276 1700 332 IN
1742 279 2061 343 GENESlM
2100 286 2374 342 IIOMILIA
2411 289 2452 340 I.

3553 277 3652 329 150

375 394 580 442 “Mm
608 392 849 448 “0'90”,
882 375 932 430 δῖ
969 373 1117 435 hac
1148 383 1236 440 ab
1274 389 1378 449 eis
1415 395 1710 466 segregatio
1748 398 1871 465 ﬁat,
1911 404 2024 470 jam
2056 405 2098 458 A
2128 402 2264 455 illius
2288 402 2491 454 fructus
2512 435 2526 456 ,
2567 407 2716 452 artus
2744 400 2906 453 nostri
2937 400 3026 466 qui
3056 413 3119 451 ex
3150 398 3288 451 bono
3336 386 3524 447 cordis'
3557 405 3654 443 no-

383 489 513 526 ηοη
536 471 916 562 Ρθτιηθηθξκιηι
953 469 1171 540 arma.
1225 483 1334 536 sed
1386 495 1524 541 terra
1580 488 2023 562 appellabuntur,

396 579 482 617 ιιι
511 576 568 616 eo
592 561 725 628 quod
765 559 1010 612 fructum
1046 563 1191 622 Deo
1243 572 1404 630 ferre
1428 574 1536 643 jam
1562 586 1830 644 poterunt.
1881 559 2027 647 Quo;-

419 654 561 704 ¹¹ί³¹η
601 651 812 719 (ιιιῑιθειιι
834 650 890 702 in
919 649 1109 709 ίιιῖιῖο
1143 659 1315 718 Deus
1341 667 1534 720 ccelum
1561 667 1686 720 fecit
1718 679 1770 722 et
1795 679 2025 724 terram:

393 751 588 810 Ρθείιθδ
614 757 745 795 Vero
775 741 906 796 fec“
947 743 1422 812 ﬁrmamentum
1470 768 1525 811 et
1559 759 1780 812 aridam.
1821 760 1886 814 Et
1934 760 2027 812 ﬁr-

406 839 737 928 mamentum
765 832 1000 899 quidem
1041 845 1304 898 vocavit
1339 847 1559 908 ccelum,
1589 847 1794 900 donans
1820 849 1869 901 ei
1908 849 2026 916 ejus

411 1006 704 1074 ερρειιενῑι
729 1017 968 1072 lenam,
995 1026 1117 1078 ι)το
1160 1022 1410 1086 eo-quod
1439 1022 1486 1074 ei
1518 1021 1820 1075 facultatem
1847 1020 2026 1088 feren-

415 1097 606 1150 darum
630 1096 916 1151 fructuum
950 1098 1317 1171 largiretur.
1351 1107 1406 1161 Si
1441 1109 1559 1175 quis
1582 1123 1710 1177 ergo
1741 1124 1834 1162 sua
1874 1109 2026 1176 culpa

422 1185 605 1237 aridus
635 1185 820 1240 adhuc
845 1199 1074 1253 manet,
1116 1203 1183 1246 et
1219 1195 1456 1248 fructum
1488 1196 1689 1249 nullum
1724 1197 1828 1265 54.
1853 1195 2023 1259 allert.

431 1275 527 1328 sed
553 1277 736 1341 spinas
769 1286 828 1329 et
859 1278 1140 1344 tribulos,
1178 1284 1328 1338 velut
1361 1286 1494 1352 ignis
1516 1300 1667 1338 escas
1691 1300 1898 1352 gerens,
1936 1299 2026 1336 se-

442 1364 667 1416 cundum
700 1380 764 1418 ea
790 1382 921 1433 qua:
945 1382 1021 1421 ex
1050 1384 1116 1424 se
1143 1374 1396 1439 protulit,
1422 1374 1585 1426 etiam
1605 1374 1718 1439 ipse
1743 1387 1862 1425 esca
1891 1373 2027 1440 ignis

448 1450 688 1506 (dﬁcitur.
729 1452 788 1506 Si
822 1470 964 1508 vero
1012 1460 1209 1512 studio
1249 1470 1304 1513 et
1335 1461 1608 1528 diligentia
1647 1476 1740 1513 sua
1767 1459 2026 1526 separatis

451 1554 512 1591 ex
567 1555 625 1593 se
669 1542 835 1607 aquis
889 1543 1124 1612 abyssi,
1178 1547 1272 1612 qui
1321 1556 1444 1599 sunt
1480 1548 1773 1600 tltemouum
1814 1561 2023 1608 sensus,

457 1631 691 1682 exhibuit
718 1646 781 1684 se
810 1642 1026 1686 terram
1061 1634 1427 1696 fructiferam,
1457 1636 1613 1688 debet
1635 1650 1849 1702 sperare
1884 1637 2027 1688 simi-

461 1715 548 1776 lia,
585 1717 728 1782 quod
775 1726 830 1768 et
894 1719 1019 1784 ipse
1061 1720 1440 1774 iutroducatur
1497 1735 1526 1772 a
1577 1720 1682 1774 Deo
1726 1722 1778 1774 in
1827 1733 2020 1776 terram

461 1803 705 1858 ﬂuentem
739 1806 825 1858 lac
849 1817 910 1859 et
944 1809 1077 1860 mel.

531 1894 582 1944 5.
623 1892 928 1948 Videamus
963 1906 1153 1949 autem
1186 1912 1256 1950 ex
1304 1896 1754 1963 consequentibus
1774 1898 1862 1964 qui
1901 1909 2024 1952 sunt

474 1984 693 2046 fructus,
717 1999 860 2052 quos
889 1988 1203 2052 producere
1259 1971 1393 2040 Deus
1420 1987 1570 2051 jubet
1599 1995 1794 2040 terram
1833 1988 2020 2054 ipsam,

472 2075 553 2125 cui
597 2075 707 2141 ipse
736 2076 842 2128 hoc
878 2089 1083 2127 nomen
1116 2076 1361 2129 indulsit.
1412 2075 1477 2127 Et
1511 2076 1655 2136 vidit,
1715 2076 1882 2142 inquit
1941 2076 2019 2137 ⁸³,

474 2159 605 2212 Deus
633 2164 756 2229 quia
784 2164 981 2217 bonum
1011 2157 1108 2228 est,
1139 2173 1186 2216 et
1219 2167 1349 2217 dixit
1382 2165 1512 2217 Deus
1543 2180 1560 2216 :
1593 2164 1852 2216 Producat
1884 2173 2023 2215 terra

476 2251 676 2302 herbam
725 2253 854 2318 flzni
897 2271 1077 2306 semen
1119 2255 1420 2306 seminantis
1454 2254 1727 2304 secundum
1769 2268 1924 2320 genus
1975 2262 2019 2304 et

474 2341 747 2390 secundum
792 2342 1236 2404 similitudinem,
1311 2351 1357 2393 et
1429 2341 1628 2406 lignum
1695 2341 2021 2406 fructiferum

478 2424 664 2491 faciens
694 2429 954 2494 fructum,
1009 2429 1160 2494 cujus
1192 2444 1362 2480 semen
1404 2439 1477 2480 est
1521 2429 1574 2480 in
1606 2429 1716 2494 ipso
1745 2427 2020 2479 secundum

477 2514 867 2567 similitudinem
891 2532 946 2568 st.
959 2531 1051 2581 per
1076 2526 1272 2567 terram
1296 2531 1312 2567 :
1337 2524 1383 2566 et
1401 2514 1592 2581 factum
1613 2524 1685 2566 est
1708 2515 1805 2570 sic.
1821 2515 2021 2567 Secun-

477 2600 596 2651 dum
625 2601 860 2654 litteram
887 2602 1166 2655 manifesti
1201 2614 1326 2655 sunt
1353 2604 1558 2654 fructus
1584 2617 1717 2670 quos
1755 2611 1894 2655 terra
1919 2617 2020 2654 non

480 2686 621 2738 arida
657 2691 935 2754 producit.
981 2689 1086 2742 Sed
1125 2689 1318 2740 iterum
1343 2687 1637 2750 referamus
1680 2689 1746 2740 ad
1789 2703 1905 2740 nos.
1965 2687 2020 2740 Si

474 2774 578 2840 jam
627 2774 756 2828 iacti
809 2792 1006 2830 sumus
1039 2788 1204 2839 terra,
1259 2778 1302 2830 si
1341 2777 1452 2844 jam
1497 2792 1601 2830 non
1639 2791 1820 2830 sumus
1848 2776 2018 2839 arida,

480 2862 766 2918 aﬂ‘eramus
807 2865 1024 2918 fructus
1067 2867 1262 2918 uberes
1304 2875 1358 2918 et
1391 2867 1633 2918 diversos
1678 2866 1816 2928 Deo,
1863 2873 1921 2917 ut
1969 2873 2022 2917 et

482 2968 577 3006 nos
624 2955 1019 3008 benedicamur
1069 2971 1098 3007 a
1139 2955 1299 3007 Patre
1341 2956 1550 3008 dicente
1587 2955 1632 2984 ⁸⁵
1663 2967 1678 3007 :
1715 2953 1844 3006 Ecce
1895 2954 2021 3006 odor

471 3043 568 3108 ﬁlii
595 3045 694 3095 mei
718 3045 855 3095 sicut
883 3044 1016 3094 odor
1038 3045 1152 3111 agri
1183 3044 1344 3110 pleni,
1369 3059 1518 3112 quem
1553 3044 1814 3096 benedixit
1847 3043 2024 3096 Domi;-

473 3147 606 3194 nus;
657 3144 713 3185 et
743 3133 876 3185 illud
921 3133 1067 3200 quod
1113 3133 1194 3185 ait
1247 3133 1532 3199 Apostolus
1585 3134 1915 3201 compleatur
1967 3135 2020 3186 in

475 3220 623 3272 nobis
647 3221 693 3252 ⁸⁸
719 3239 734 3273 :
763 3221 929 3273 Terra
963 3222 1102 3274 enim
1140 3221 1397 3284 excipiens
1423 3221 1716 3288 frequenter
1745 3222 2020 3274 venientem

473 3322 624 3372 super
645 3324 700 3360 se
728 3309 975 3372 imbrem,
1001 3318 1047 3359 et
1077 3323 1329 3375 generous
1348 3308 1561 3360 herbam
1585 3319 1926 3374 Opportunum
1957 3309 2021 3361 iis

472 3411 503 3444 a
521 3397 703 3462 quibus
724 3397 943 3459 colitur,
966 3397 1218 3462 percipiet
1263 3396 1636 3448 benedictione:
1669 3413 1700 3448 a
1729 3395 1856 3448 Deo.
1894 3396 2022 3458 Quae

473 3498 587 3534 vero
613 3487 796 3550 spinas
836 3495 884 3536 et
918 3484 1138 3535 tribulos
1172 3483 1390 3550 profert,
1423 3486 1639 3549 reproba
1667 3493 1762 3545 est,
1789 3492 1835 3535 et
1865 3484 2021 3537 male-

474 3571 608 3620 dicto
633 3571 902 3634 proxima,
930 3571 1083 3638 cujus
1109 3570 1232 3636 ﬁnis
1255 3572 1406 3623 estin
1437 3572 1784 3624 adustionem.

538 3657 590 3707 4.
625 3655 689 3712 Et
717 3659 967 3724 produxit
993 3669 1136 3710 terra
1159 3659 1368 3710 Iterbam
1415 3658 1538 3723 freni
1567 3674 1736 3710 semen
1766 3659 2024 3712 seminan-

476 3744 556 3794 tis.
601 3746 888 3796 secundum
934 3762 1097 3813 genus
1155 3756 1203 3798 et
1268 3747 1547 3799 secundum
1606 3748 2018 3812 similitudinem,

474 3840 520 3882 et
543 3831 733 3898 lignum
782 3835 1119 3900 fructiferum
1155 3835 1360 3900 faciens
1393 3835 1642 3901 fructum,
1675 3836 1820 3903 cujus
1851 3853 2022 3890 semen

475 3919 526 3969 in
555 3920 667 3983 ipso
696 3922 897 3989 faciem
935 3925 1172 3989 fructum
1212 3924 1497 3975 secundum
1539 3940 1698 3990 genus
1735 3941 1888 3992 super
1916 3935 2020 3977 ter-

477 4021 603 4058 ram.
632 4007 696 4059 Et
728 4011 857 4061 vidit
893 4010 1033 4063 Deus
1069 4012 1197 4079 quia
1252 4011 1440 4062 bonum
1481 4021 1578 4073 est,
1625 4023 1671 4064 et
1714 4013 1906 4078 factum
1947 4023 2022 4065 est

476 4102 694 4162 vespere,
744 4107 792 4149 et
842 4099 1045 4164 factum
1094 4109 1170 4152 est
1220 4115 1392 4160 mane,
1435 4101 1545 4152 dies
1593 4102 1746 4153 tertia
1789 4102 1854 4154 ⁸⁸.
1908 4103 2019 4154 Non

477 4181 639 4234 solum
676 4185 830 4251 jubet
874 4195 1037 4238 terra:
1073 4185 1329 4252 proferre
1369 4185 1589 4238 herbam
1621 4187 1772 4253 laeui,
1830 4189 1922 4242 sed
1969 4197 2023 4242 et

2128 490 2224 542 stri
2246 490 2492 542 thesauro
2506 486 2844 554 proferuntur
2868 488 2996 556 (60).
3025 486 3080 539 Si
3108 499 3235 538 vero
3261 483 3506 535 audimus
3533 478 3652 547 qui—

2128 578 2246 632 dem
2286 578 2526 636 verbum,
2562 583 2616 628 et
2645 591 2711 628 ex
2737 575 2918 627 auditu
2941 575 3118 626 statim
3153 581 3288 624 terra
3321 577 3498 622 nostra
3528 582 3652 634 pro-

2127 664 2271 716 ducit
2309 661 2545 722 herbam,
2585 669 2640 714 et
2677 661 2786 714 huic
2819 661 2977 712 herba
3005 666 3288 722 antequam
3328 657 3394 707 ad
3430 653 3651 707 maturi—

2129 757 2289 804 tatem
2325 750 2407 802 veI
2439 749 2502 801 ad
2543 749 2770 822 fructum
2810 747 3008 807 veniat,
3043 745 3260 806 aruerit,
3291 753 3426 796 terra
3468 749 3644 793 nostra

2128 847 2341 905 petrosa
2381 836 2749 904 appellabitur.
2780 836 2986 886 Si‘vero
3017 848 3080 887 ea
3111 847 3226 900 qua:
3255 832 3502 883 dicuntur
3527 843 3651 896 pro-

2128 925 2456 977 iuudioribus
2486 924 2727 975 nitantur
2759 922 2810 972 in
2843 921 3005 972 corde
3051 927 3230 971 nostro
3252 918 3542 977 radicibus,
3575 917 3646 970 ita

2128 1021 2182 1063 ιιι
2223 1018 2277 1063 et
2321 1010 2547 1062 fructum
2589 1023 2804 1076 operum
2855 1005 3090 1067 aﬂ'eraut,
3133 1015 3184 1058 et
3240 1004 3436 1057 semina
3493 1005 3542 1056 in
3589 1016 3650 1057 se

2131 1099 2362 1150 habeant
2407 1098 2728 1158 futurorum,
2768 1105 2893 1148 tunc
2935 1109 3060 1148 vere
3097 1092 3509 1158 uniuscujusque
3552 1106 3651 1144 no-

2126 1197 2292 1239 strum
2315 1196 2453 1239 terra
2471 1184 2759 1238 secundum
2779 1183 3024 1237 virtutem
3048 1197 3197 1235 suam
3227 1179 3376 1233 all‘ert
3397 1178 3669 1243 fructumM

2128 1275 2230 1327 alia
2263 1275 2638 1338 centesimum,
2688 1274 2788 1326 alia
2843 1273 3253 1340 sexagesimum,
3299 1269 3401 1321 alia
3435 1267 3646 1333 trigesi-

2129 1379 2272 1416 mum
2298 1365 2364 1416 ⁸⁷.
2389 1364 2490 1419 Sed
2517 1374 2570 1417 et
2601 1364 2724 1416 illud
2751 1362 3142 1416 admonendum
3162 1359 3463 1413 necessario
3492 1358 3647 1411 duxi-

2125 1467 2262 1516 mus,
2306 1461 2362 1504 ut
2402 1452 2606 1506 fructus
2635 1461 2812 1504 noster
2864 1465 3124 1518 nusquam
3185 1449 3409 1508 zizaula,
3445 1447 3495 1498 id
3543 1455 3644 1507 est,

2128 1555 2388 1608 nusquam
2432 1540 2612 1593 lolium
2643 1541 2872 1592 habeat:
2905 1549 2960 1590 ut
2987 1539 3192 1590 fructus
3235 1545 3411 1588 noster
3443 1548 3543 1586 non
3578 1533 3648 1585 sit

2126 1642 2280 1681 secus
2314 1631 2471 1693 viam,
2519 1629 2610 1680 sed
2655 1628 2706 1678 in
2743 1627 2852 1693 ipsa
2905 1627 3087 1689 via,in
3139 1625 3223 1678 illa
3279 1637 3393 1691 qua:
3431 1620 3645 1680 dicit”,

2126 1717 2234 1783 Ego
2274 1733 2387 1768 sum
2434 1717 2536 1778 via,
2580 1717 2892 1778 scminetur,
2952 1716 3131 1782 utique
3183 1714 3232 1765 in
3291 1726 3371 1771 ea,
3417 1724 3483 1762 ne
3518 1723 3647 1761 aves

2123 1805 2240 1857 cwli
2307 1804 2592 1856 comedunt
2646 1803 2846 1855 fructus
2905 1814 3152 1863 nostros,
3214 1812 3384 1866 neque
3437 1797 3646 1848 vineam

2124 1901 2376 1944 nostram.
2405 1891 2459 1944 Si
2495 1893 2614 1958 quis
2640 1899 2814 1943 tamen
2847 1899 3082 1942 nostrum
3117 1889 3270 1940 vinea
3299 1901 3415 1938 esse
3439 1898 3645 1935 merue-

2123 1980 2223 2042 rit,
2247 1979 2422 2032 videat
2453 1991 2518 2030 ne
2552 1993 2649 2045 pro
2681 1993 2779 2028 uva
2831 1975 3018 2027 all‘erat
3050 1975 3264 2042 spinas;
3325 1981 3374 2024 et
3432 1980 3654 2038 propter.

2122 2069 2223 2121 hoc
2263 2067 2374 2132 jam
2429 2081 2532 2119 non
2578 2067 2874 2133 putabilur,
2937 2077 3106 2131 neque
3170 2062 3418 2123 fodietur,
3475 2073 3650 2126 neque

2125 2159 2466 2211 mandabitur
2500 2157 2730 2209 nubibus
2758 2164 2812 2206 ut
2837 2154 3016 2220 pluaut
3052 2164 3212 2218 super
3233 2164 3344 2202 eam
3377 2147 3601 2217 pluviam
3628 2164 3644 2200 :

2122 2247 2215 2298 sed
2248 2260 2284 2297 e
2307 2245 2577 2298 contrario
2621 2243 2950 2309 relinquetur
2981 2242 3225 2305 deserta,
3261 2239 3649 2292 utincrescaut

2123 2348 2279 2400 super
2305 2347 2420 2384 eam
2454 2332 2634 2399 spinae.

2190 2422 2243 2474 5.
2297 2420 2425 2474 Post
2479 2422 2589 2472 haec
2643 2433 2769 2471 vero
2816 2417 2923 2484 jam
2971 2417 3361 2468 ﬁrmamentum
3410 2421 3648 2465 meretur

2121 2513 2279 2564 etiam
2333 2509 2680 2562 Iuminaribus
2719 2506 2987 2558 adornari.
3043 2504 3132 2556 Ait
3177 2503 3319 2556 enim
3369 2501 3507 2556 Deus
3546 2501 3591 2532 θ’
3627 2517 3642 2553 :

2123 2601 2280 2652 Fiant
2308 2599 2584 2652 luminaria
2610 2599 2662 2648 in
2685 2596 3004 2662 ﬁrmamento
3032 2593 3166 2653 caeli,
3191 2600 3245 2644 ut
3267 2594 3465 2644 luceant
3495 2605 3648 2657 super

2121 2700 2332 2751 terram,
2379 2698 2423 2740 et
2469 2685 2700 2738 dividant
2726 2687 2860 2736 inter
2896 2684 3095 2734 diemet
3133 2687 3352 2730 noctem.
3409 2677 3557 2752 Sicut
3590 2677 3646 2728 in

2123 2780 2454 2830 lirmamento
2494 2776 2596 2828 isto
2651 2775 2792 2840 quod
2835 2772 2948 2838 jam
2973 2768 3166 2822 cmlum
3194 2765 3368 2820 fuerat
3416 2764 3650 2832 appella-

2125 2875 2258 2926 tum,
2286 2866 2441 2930 jubet
2471 2865 2607 2917 Deus
2638 2863 2752 2915 ﬁeri
2798 2859 3104 2920 luminaria,
3146 2865 3202 2909 ut
3231 2854 3471 2908 dividant
3507 2854 3650 2906 inter.

2123 2955 2351 3008 medium
2378 2954 2480 3006 diei
2511 2961 2563 3004 et
2601 2951 2771 3004 noctis
2800 2965 2814 3001 :
2848 2949 2918 2999 ita
2949 2955 3003 2998 et
3031 2946 3083 2998 in
3109 2945 3264 2997 nobis
3299 2943 3414 2996 ﬁeri
3448 2948 3643 3009 potest:

2122 3041 2166 3094 si
2208 3049 2383 3093 tamen
2411 3039 2718 3092 studeamus
2745 3045 2799 3089 et
2833 3050 2930 3088 nos
2955 3033 3135 3086 vocari
3173 3039 3226 3085 et
3251 3029 3382 3083 ellici
3405 3029 3596 3082 ccelum
3625 3043 3642 3078 :

2121 3126 2403 3180 luminaria
2438 3125 2750 3178 habebimus
2781 3125 2832 3176 in
2863 3123 3013 3176 nobis
3035 3161 3050 3187 ,
3075 3135 3190 3189 qua:
3214 3119 3507 3172 illuminent
3531 3131 3646 3180 nos,

2121 3211 2405 3262 Christum.
2447 3219 2500 3261 et
2552 3207 2845 3260 Ecclesiam
2906 3207 3041 3272 ejus.
3095 3206 3209 3272 Ipse
3251 3215 3333 3258 est
3375 3207 3513 3258 enim
3556 3205 3649 3256 lux

2121 3299 2332 3361 mundi,
2362 3299 2451 3364 qui
2503 3307 2556 3350 et
2588 3295 2876 3349 Ecclesiam
2913 3295 3172 3348 illuminat
3196 3310 3289 3350 sua
3329 3295 3462 3348 luce.
3497 3292 3650 3346 Sicut.

2120 3388 2260 3440 enim
2302 3386 2426 3440 luna
2461 3387 2527 3439 de
2558 3386 2667 3438 sole
2689 3385 2885 3437 dicitur
2912 3384 3182 3450 percipere
3205 3384 3400 3448 lumen,
3448 3392 3505 3434 ut
3546 3397 3641 3450 per

2119 3475 2285 3541 ipsam
2318 3474 2474 3526 etiam
2503 3488 2602 3525 nox
2627 3474 2791 3539 possit
2821 3472 3144 3534 illuminari;
3179 3473 3252 3523 ita
3297 3483 3348 3524 et
3377 3471 3638 3532 Ecclesia,

2119 3571 2364 3628 suscepto
2420 3562 2616 3614 lumine
2666 3559 2888 3622 Christi,
2946 3559 3212 3611 illuminat
3256 3575 3439 3614 omnes
3469 3562 3556 3625 qui
3593 3561 3644 3611 in

2120 3650 2432 3718 ignorantiae
2470 3656 2624 3700 nocte
2666 3656 2970 3699 versantur.
3024 3644 3080 3697 Si
3124 3661 3248 3698 vero
3298 3647 3416 3711 quis
3461 3647 3511 3698 in
3547 3647 3646 3698 hoc

2122 3738 2389 3808 proﬁciat,
2421 3746 2478 3789 ut
2506 3735 2613 3801 jam
2647 3734 2784 3786 ﬁlius
2827 3733 2919 3786 Dei
2959 3730 3234 3794 eﬁiciatur,
3269 3733 3348 3784 sic
3384 3741 3437 3784 ut
3465 3734 3516 3784 In
3559 3733 3646 3783 die

2120 3828 2340 3880 honeste
2369 3824 2618 3885 ambulet,
2644 3821 2792 3888 quasi
2820 3821 2957 3874 ﬁlius
2984 3820 3096 3880 Dei,
3119 3827 3171 3871 et
3201 3819 3340 3871 ﬁlius
3373 3820 3540 3872 lucis:
3562 3819 3647 3871 hic

2120 3917 2187 3966 ab
2212 3915 2326 3980 ipso
2351 3912 2562 3964 Christo
2584 3909 2912 3964 illuminatur
2943 3909 3080 3960 sicut
3109 3906 3270 3960 diesa
3307 3907 3438 3960 sole.

2191 4004 2242 4056 6.
2294 4001 2360 4054 Et
2393 4003 2490 4054 sint
2523 4003 2574 4053 in
2599 4000 2745 4067 signa
2785 4007 2832 4050 et
2869 4007 3115 4070 tempora,
3150 4007 3194 4049 et
3244 3998 3299 4049 in
3344 3997 3450 4048 dies
3491 4007 3537 4048 et
3593 3997 3647 4047 in

2126 4093 2338 4143 annoi:
2381 4101 2427 4142 et
2484 4089 2612 4155 ﬁant
2659 4087 2726 4139 ad
2777 4086 3172 4138 illuminandum
3216 4087 3268 4137 in
3324 4085 3646 4152 ﬁrmamento.

2122 4179 2254 4242 caeli,
2296 4189 2345 4229 ut
2370 4178 2570 4230 luceant
2595 4191 2746 4242 super
2797 4185 3007 4226 (errant.
3045 4175 3109 4225 Et
3151 4175 3343 4240 factmn
3379 4182 3449 4225 cst
3476 4175 3549 4225 sic
3579 4173 3648 4224 νο.

477 4283 649 4327 semen
681 4273 947 4339 proferre,
997 4281 1057 4326 ut
1091 4289 1308 4338 semper
1340 4275 1569 4329 fructum
1607 4278 1774 4343 possit
1796 4277 2010 4334 afferre.

2127 4270 2274 4322 Sicut
2317 4267 2601 4319 luminaria
2637 4267 2741 4318 ista
2787 4265 2933 4328 cadi,
2991 4279 3107 4330 qua:
3169 4266 3429 4326 videmus,
3477 4263 3646 4328 posita

475 4356 533 4407 Et
561 4373 663 4410 non
694 4361 1044 4427 solumjubet
1068 4361 1272 4428 lignum
1313 4361 1680 4428 fructiferum,
1721 4366 1812 4417 sed
1849 4374 1900 4426 et
1943 4366 2020 4416 fa-

475 4445 617 4499 ciens
645 4462 854 4512 semen,
893 4448 1051 4514 cujus
1087 4435 1273 4500 semen
1318 4448 1370 4500 iu
1419 4449 1538 4516 ipso
1583 4459 1683 4513 est,
1729 4455 2017 4506 secundum

473 4547 649 4598 genus,
682 4535 732 4587 id
763 4545 866 4595 est,
900 4545 960 4588 ut
985 4550 1204 4603 semper
1232 4550 1298 4588 ex
1327 4536 1414 4589 his
1451 4538 1779 4604 seminibus,
1819 4556 1934 4608 qua:
1968 4543 2022 4594 in

473 4635 528 4672 se
553 4623 732 4687 habet,
770 4625 1011 4678 frutetum
1052 4624 1234 4690 possit
1279 4623 1497 4677 allerre.
1546 4625 1611 4676 Et
1653 4641 1748 4679 nos
1785 4641 1911 4696 ergo
1947 4631 2020 4684 ita

475 4709 720 4764 debemus
744 4721 800 4764 et
843 4713 1183 4764 fructiﬁcare
1219 4709 1477 4774 fructum,
1510 4722 1564 4764 et
1595 4715 1796 4768 semina
1826 4719 2022 4772 habere

473 4796 700 4853 iunobis
730 4801 885 4868 ipsis,
938 4799 988 4851 id
1041 4807 1163 4862 est,
1203 4801 1446 4852 omnium
1498 4799 1754 4854 bonorum
1805 4819 2020 4872 operum

470 4888 811 4955 onmiumque
835 4889 1104 4939 virtutum
1132 4887 1342 4939 semina
1371 4887 1426 4938 in
1458 4887 1614 4938 corde
1639 4897 1824 4944 nostro
1856 4895 2025 4947 conli-

467 4989 634 5035 nere;
665 4986 721 5028 ut
752 4978 870 5029 Inrc
905 4975 1186 5028 habentes
1217 4964 1322 5024 ﬁsa
1357 4973 1411 5023 in
1447 4975 1699 5029 tuentibus
1729 4985 1936 5036 nostris
1961 4999 2022 5038 ex

456 5062 578 5129 ipsis
597 5063 711 5129 jam
745 5077 948 5117 omnes
983 5073 1186 5120 actus,
1231 5063 1319 5126 qui
1355 5062 1665 5114 incurreriut
1700 5068 1899 5132 nobis,
1946 5087 2029 5126 se-

449 5155 675 5208 cundum
699 5154 988 5220 justitiam
1032 5165 1317 5217 geramus.
1351 5149 1434 5200 Isti
1466 5159 1580 5201 sunt
1613 5155 1748 5206 enim
1797 5162 2029 5214 seminis

501 5290 546 5320 ss
583 5289 722 5342 Gen,
756 5304 798 5340 ι,
858 5286 933 5336 10
979 5293 1041 5335 ct
1082 5282 1176 5334 II.
1237 5281 1281 5310 ⁸⁸
1305 5280 1427 5331 Gen.
1471 5297 1620 5342 xxvu.
1647 5289 1732 5340 ‘27.

427 5356 644 5411 “Joan.
690 5369 808 5416 xiv,
867 5353 932 5404 6.
1020 5350 1071 5379 ⁸⁵
1103 5347 1251 5398 Gen.
1282 5363 1314 5406 I,
1351 5346 1425 5397 Ili.
1493 5349 1532 5378 9°
1568 5351 1683 5409 Ibid.
1713 5357 1788 5408 1-4
1817 5370 1881 5412 ct
1919 5363 2009 5418 15,

1824 5292 1876 5323 ⁸⁸
1908 5295 2039 5346 llcb.
2063 5313 2136 5354 VI,
2169 5297 2199 5347 7
2236 5304 2286 5346 el
2321 5293 2373 5345 8.

2082 5365 2123 5394 ⁰¹
2169 5362 2320 5424 .qutu,
2359 5375 2394 5422 I,
2439 5359 2490 5411 8.

2122 4368 2246 4416 sunt
2276 4358 2326 4410 itt
2361 4357 2510 4424 signa
2537 4365 2591 4408 et
2628 4355 2680 4406 in
2710 4367 2969 4421 tempora,
3003 4363 3058 4406 et
3104 4353 3217 4405 dies
3268 4360 3320 4404 et
3367 4366 3555 4416 annos,
3593 4361 3650 4403 ιιι

2119 4449 2332 4500 luceant
2367 4447 2431 4498 de
2471 4443 2804 4496 ﬁrmamento
2834 4445 2954 4496 caeli
3000 4443 3084 4496 his
3124 4442 3213 4509 qui
3249 4455 3408 4508 super
3452 4449 3648 4492 terram

2125 4543 2247 4588 sunt
2278 4555 2289 4587 :
2323 4533 2422 4586 hoc
2460 4533 2615 4584 modo
2647 4533 2804 4584 etiam
2839 4531 3088 4584 Christus
3122 4530 3424 4584 illuminans
3467 4526 3648 4580 Eccle-

2126 4622 2257 4676 siam
2303 4635 2475 4683 suam,
2529 4619 2678 4687 signa
2713 4620 2802 4670 dat
2835 4634 2926 4686 per
2962 4628 3228 4686 praecepta
3263 4633 3357 4671 sua
3384 4633 3399 4669 :
3422 4625 3478 4668 ut
3516 4616 3651 4668 sciat

2129 4709 2391 4777 quomodo
2427 4708 2545 4774 quis
2596 4715 2811 4772 accepto
2845 4707 2996 4772 signo
3039 4705 3208 4773 fugiat
3246 4708 3311 4758 ab
3349 4705 3427 4756 ira
3465 4717 3650 4770 super-

2128 4807 2372 4858 ventura,
2417 4797 2493 4849 uti
2534 4811 2597 4849 ue
2619 4798 2730 4848 dies
2755 4795 2838 4846 illa
2872 4795 3011 4848 sicut
3040 4795 3124 4846 I‘ur
3155 4807 3277 4846 eum
3303 4793 3650 4856 comprehen-

2130 4889 2220 4940 dat
2253 4904 2268 4939 :
2302 4888 2392 4938 sed
2424 4893 2482 4938 ut
2505 4885 2672 4950 magis
2704 4882 2983 4951 pervenire
3015 4882 3182 4950 possit
3212 4882 3264 4934 in
3297 4894 3492 4932 annum
3539 4879 3647 4930 Do-

2132 4976 2256 5030 mini
2290 4973 2690 5042 acceptabilcm.
2724 4970 2975 5024 Christus
2995 4983 3121 5036 ergo
3154 4977 3237 5022 est
3266 4969 3357 5020 tua:
3378 4981 3493 5019 vera
3533 4981 3651 5032 qua:

2130 5068 2387 5121 illuminat
2426 5080 2624 5116 onmem
2653 5061 2905 5112 hominem
2944 5059 3220 5110 venientem
3261 5058 3316 5108 in
3344 5056 3478 5105 hunc
3501 5068 3654 5102 mun-

2130 5162 2254 5212 dum
2286 5157 2362 5219 ";
2387 5170 2447 5208 ex
2475 5152 2622 5218 cujus
2647 5151 2842 5204 lumine
2882 5151 3170 5202 illuminata
3204 5147 3465 5205 Ecclesia,
3487 5142 3668 5216 etiam.

2446 5291 2491 5322 ss
2522 5291 2654 5343 Gen.
2691 5305 2735 5351 ι,
2768 5289 2830 5339 1'2
2859 5300 2906 5339 οι
2945 5287 3026 5338 15.
3103 5286 3145 5316 ⁸⁷
3195 5284 3381 5335 Matth.
3411 5291 3524 5337 xm,
3556 5277 3653 5336 23.

489 5484 644 5556 (ϐο)
671 5483 768 5536 Ex
793 5483 948 5531 bona
989 5471 1191 5524 cordis
1230 5471 1380 5520 ’ποδιτί
1405 5471 1630 5527 thesauro.
1661 5480 1756 5535 Sic
1785 5483 2011 5544 habent
2034 5505 2186 5554 mss.,
2213 5487 2450 5557 impressi
2479 5499 2618 5546 vero,
2639 5497 2700 5533 ca:
2721 5481 2862 5530 bonis
2889 5479 3055 5527 cordis
3086 5475 3245 5524 nostri
3265 5470 3543 5521 thesauris.
