3878 6176
544 241 636 292 151

1981 241 2294 296 οιιιςιῖΝιδ
2389 246 2395 250 ’
3604 242 3678 294 liii

533 351 643 416 ipsa
672 349 754 402 lux
781 351 1222 416 mundielllcitur,
1256 350 1558 406 illuminans
1588 365 1680 405 eos
1704 353 1793 419 qui
1839 353 1890 405 in
1919 362 2065 406 tene—
2093 360 2138 412 Α
2164 354 2452 407 secundum
2486 351 2752 420 propriam
2783 365 2937 404 suam
2977 350 3263 402 virtutem.
3293 345 3396 400 Aut
3420 346 3556 400 enim
3580 365 3678 405 cun.

529 438 642 490 bris
668 445 790 490 sunt
829 455 843 490 :
869 440 1006 493 sicut
1043 448 1097 494 et
1139 439 1250 508 ipse
1270 438 1520 493 Christus
1546 447 1876 492 contestatur
1901 442 2058 494 disci-

528 524 668 590 pulis
711 526 823 580 suis
865 527 1051 580 dicens
1085 529 1129 559 "
1165 544 1178 578 :
1219 525 1320 578 Vos
1344 527 1464 579 estis
1494 527 1584 580 lux
1610 529 1807 579 mundi.
1851 528 1928 580 Ex
1956 543 2060 596 quo

528 614 850 677 ostenditur,
878 615 1004 681 quia
1037 615 1287 669 Christus
1323 615 1532 682 quidem
1562 615 1647 668 lux
1686 623 1768 668 est
1795 616 2059 682 apostolo-

527 715 669 766 rum,
701 699 922 769 apostoli
959 715 1083 756 vero
1121 703 1208 756 lux
1243 704 1447 755 nmndi.
1475 702 1574 771 Ipsi
1615 704 1756 755 enim
1792 712 1915 754 sunt
1955 717 2057 755 non

529 789 786 841 habentes
812 789 1073 842 maculam
1097 790 1176 843 vel
1207 806 1410 858 rugam,
1437 801 1529 844 aut
1573 791 1775 858 aliquid
1808 790 2058 857 hujusce-

527 878 692 939 modi,
731 892 851 929 vera
892 877 1128 932 Ecclesia
1160 895 1171 929 :
1199 881 1335 933 sicut
1359 889 1414 932 et
1467 880 1758 948 Apostolus
1813 879 1943 943 dicit
1967 879 2056 934 ⁹³ε

527 961 572 1016 υ
579 975 595 1015 ι
630 966 734 1032 ipse
751 966 845 1016 sibi
870 966 1103 1019 exhibeat
1132 968 1408 1034 gloriosam
1442 968 1727 1020 Ecclesium
1752 984 1852 1019 non
1875 968 2059 1019 haben-

527 1063 624 1104 tem
653 1053 934 1115 maculam,
958 1065 1049 1105 aut
1072 1071 1277 1122 rugam,
1322 1066 1411 1108 aut
1443 1056 1644 1125 aliquid
1673 1056 1988 1116 huiusmodi.

596 1140 645 1190 7.
685 1140 752 1191 Et
789 1141 907 1207 fecit
941 1141 1077 1192 Deus
1107 1143 1209 1193 duo
1239 1140 1521 1193 luminaria
1552 1153 1738 1209 inagna
1765 1157 1782 1194 :
1809 1142 2060 1193 luminare

522 1228 693 1294 majus
731 1228 782 1279 in
817 1231 1166 1295 principatum
1207 1229 1344 1292 diei;
1398 1240 1447 1282 et
1490 1230 1750 1283 luminare
1787 1232 1957 1284 minus
2005 1231 2058 1282 in

521 1316 868 1382 principatum
892 1320 1075 1380 noctis,
1109 1329 1156 1369 et
1204 1318 1399 1371 stellas.
1437 1319 1501 1370 Et
1531 1320 1700 1387 posuit
1729 1335 1789 1372 ea
1831 1318 1967 1371 Deus
1999 1321 2052 1371 in

521 1401 844 1467 firmamento
863 1402 996 1465 coeli,
1013 1414 1064 1455 ut
1087 1404 1293 1458 luceant
1313 1421 1463 1471 super
1481 1415 1668 1456 terram
1696 1415 1743 1457 et
1760 1413 2058 1472 potestatem

529 1489 746 1540 habeant
771 1490 874 1541 diei
899 1499 949 1543 et
973 1492 1157 1557 noctis,
1182 1501 1230 1544 et
1247 1493 1480 1545 dividant
1511 1494 1884 1546 intermedium
1903 1493 2056 1555 lucis,

525 1587 573 1627 et
600 1579 738 1628 inter
767 1577 870 1646 55
907 1581 1127 1631 medium
1159 1581 1501 1633 tenebrarum.
1530 1579 1596 1632 Et
1620 1581 1743 1634 vidit
1768 1581 1906 1634 Deus
1935 1582 2057 1647 quia

2165 440 2332 493 turbis
2352 440 2595 493 venimus
2617 441 2681 492 ad
2703 454 2850 500 eutn,
2879 446 2934 490 et
2964 451 3062 504 per
3085 433 3374 504 parabolas
3401 449 3492 488 nos
3517 437 3678 503 reiicit,

2160 527 2225 580 ad
2263 529 2363 582 hoc
2404 528 2770 580 tantummodo
2803 539 2871 578 ne
2915 524 3105 577 multis
3132 522 3358 590 jejuniis
3405 523 3678 580 deﬁciamus

2161 617 2214 669 in
2242 617 2324 668 via
2361 636 2372 670 :
2410 623 2502 668 aut
2536 626 2679 667 certe
2710 629 2925 681 semper
2971 623 3026 666 et
3063 612 3437 665 indesinenter
3479 612 3590 680 ejus
3613 628 3678 679 pe-

2161 699 2312 752 dibus
2341 700 2642 752 assidemus
2666 700 2732 763 9°,
2767 707 3024 752 vacantes
3052 698 3121 750 ad
3171 700 3277 750 hoc
3329 696 3496 750 solum
3527 708 3583 751 ut
3615 715 3678 751 au

2160 789 2367 842 diamus
2395 790 2613 841 verbum
2662 789 2799 856 ejus,
2850 802 3197 856 nequaquam
3249 787 3543 853 perturbati
3581 802 3678 856 erg:

2160 876 2382 929 multum
2423 877 2801 940 ministerium,
2839 878 2932 930 sed
2974 876 3237 943 Optimam
3275 882 3479 941 partem
3512 875 3677 943 eligen

2160 973 2259 1026 tes,
2285 981 2402 1032 quae
2443 981 2550 1018 non
2581 965 2856 1018 auferetur
2892 980 2922 1019 a
2949 964 3130 1019 nobis.
3169 964 3238 1017 Et
3283 963 3469 1029 utique
3506 964 3595 1031 qui
3631 965 3678 1018 si.

2158 1053 2421 1106 accedunt
2454 1053 2519 1105 ad
2559 1068 2702 1116 eum,
2747 1055 2916 1107 multo
2958 1052 3198 1120 amplius
3244 1065 3316 1104 ex
3361 1052 3480 1119 ejus
3518 1052 3678 1106 lumini

2159 1151 2580 1209 consequuntur.
2625 1140 2680 1193 Si
2710 1156 2837 1194 vero
2885 1142 3026 1195 sicut
3055 1141 3294 1207 apostoli
3326 1156 3582 1208 nusquam
3606 1156 3678 1195 om

2159 1228 2285 1281 nino
2319 1243 2625 1281 moveamur
2654 1232 2721 1282 ab
2762 1244 2846 1292 eo,
2886 1230 2980 1283 sed
3022 1243 3246 1296 semper
3277 1244 3400 1283 cum
3427 1244 3491 1284 eo
3516 1245 3678 1297 perma

2159 1331 2380 1370 neamus
2411 1317 2461 1370 in
2503 1318 2749 1372 omnibus
2795 1318 3250 1372 tribulationibus
3281 1319 3420 1384 ejus,
3461 1329 3584 1372 tunc
3619 1335 3678 1372 ne

2159 1405 2238 1458 bis
2267 1416 2480 1459 secreto
2510 1419 2595 1471 ea,
2619 1420 2739 1472 qua:
2763 1405 2829 1458 ad
2861 1407 3048 1460 turbas
3087 1406 3311 1460 locutus
3346 1408 3539 1470 fuerat,
3565 1421 3678 1473 ωερε

2158 1493 2255 1556 ιιίι,
2288 1503 2447 1559 atque
2476 1492 2742 1556 dissolvit,
2774 1503 2827 1546 et
2853 1494 3024 1548 multo
3055 1495 3265 1548 clarius
3299 1495 3570 1548 illuminat
3600 1510 3678 1548 nos

2161 1579 2213 1633 Si
2257 1595 2383 1634 vero
2407 1582 2565 1634 etiam
2603 1582 2721 1636 talis
2743 1583 2867 1651 quis
2894 1583 3077 1645 fuerit,
3115 1595 3171 1636 ut
3209 1586 3462 1652 possitet
3499 1587 3550 1638 in
3579 1600 3677 1636 mot

526 1666 715 1717 bonum
736 1678 807 1719 est
833 1683 850 1719 :
873 1679 919 1720 et
939 1669 1130 1735 factum
1160 1680 1230 1721 est
1259 1685 1477 1736 vespere.
1509 1679 1557 1721 et
1579 1671 1770 1736 factum
1806 1679 1878 1722 est
1913 1685 2059 1721 mane
2092 1647 2135 1705 θ
2165 1677 2267 1720 tem
2304 1668 2594 1721 ascendere
2627 1683 2750 1721 cum
2779 1683 2844 1722 eo
2883 1670 3023 1722 sicut
3054 1671 3277 1732 Petrus,
3306 1682 3360 1724 et
3386 1671 3636 1734 Jacohns,
3664 1688 3678 1724 ι

523 1756 632 1807 dies
654 1766 839 1822 quarta
855 1757 920 1810 ’⁸.
943 1757 1090 1811 Sicut
1113 1757 1189 1810 sol
1206 1767 1258 1811 et
1275 1758 1396 1810 luna
1421 1773 1608 1826 magna
1629 1758 1904 1810 luminaria
1923 1759 2057 1812 dicta

521 1826 650 1896 sunt
675 1859 792 1897 esse
820 1845 869 1897 in
899 1840 1230 1899 ﬁrmamento
1262 1845 1414 1909 caeli;
1443 1846 1516 1898 ita
1547 1854 1600 1900 et
1631 1846 1680 1898 in
1728 1846 1876 1898 nobis
1908 1843 2055 1898 Chri-

520 1941 637 1985 stus
665 1941 716 1986 et
744 1933 1004 1986 Ecclesia.
1036 1933 1141 1987 Sed
1171 1934 1422 2001 quoniam
1457 1934 1618 1986 etiam
1646 1934 1830 1987 stellas
1877 1935 1926 1986 in
1966 1935 2054 1985 tiro

520 2031 789 2074 momento
836 2022 1009 2088 posuit
1046 2023 1206 2084 Deus,
1241 2021 1515 2074 videamus
1561 2036 1679 2088 quae
1720 2032 1842 2074 sunt
1893 2023 2055 2074 etiam

518 2108 572 2160 iu
605 2109 756 2160 nobis
785 2109 973 2172 stell:e,
998 2110 1052 2162 id
1084 2118 1182 2172 est,
1220 2111 1270 2163 in
1301 2109 1479 2164 cordis
1515 2112 1682 2163 nostri
1712 2110 1871 2164 caelo.
1908 2110 2055 2179 Moy-

520 2211 608 2249 ses
651 2197 803 2249 stella
843 2207 924 2250 est
964 2199 1014 2250 in
1049 2199 1221 2261 nobis,
1263 2214 1380 2265 qua:
1422 2199 1561 2251 lucet
1589 2207 1642 2251 et
1673 2199 1932 2251 illuminat
1960 2215 2057 2254 nos

521 2285 727 2338 actibus
755 2286 967 2339 suis.Et
993 2288 1284 2352 Abraham,
1311 2287 1484 2350 Isaac,
1503 2298 1555 2340 et
1580 2287 1768 2351 Jacob,
1795 2297 1848 2340 et
1869 2288 2052 2351 Isaias,

517 2384 570 2428 et
595 2372 872 2438 Jeremias,
911 2384 965 2428 et
1009 2375 1277 2441 Ezechiel,
1323 2386 1376 2429 et
1418 2376 1600 2437 David,
1633 2384 1688 2428 et
1734 2377 1916 2430 Daniel
1955 2395 1967 2429 :
2002 2385 2055 2429 et

517 2477 704 2518 omnes
734 2465 927 2530 quibus
959 2463 1236 2530 Scriptura
1280 2475 1464 2518 saneta
1501 2466 1860 2520 testimonium
1887 2466 2050 2529 dedit,

518 2551 644 2616 quia
675 2551 970 2617 placuerint
999 2553 1126 2606 Deo.
1165 2553 1310 2606 Sicut
1338 2554 1479 2606 enim
1511 2554 1657 2607 stella
1679 2555 1741 2606 ab
1773 2553 1921 2606 stella
1950 2553 2054 2620 dif-

518 2641 616 2707 fert
646 2641 700 2691 in
724 2641 959 2693 claritate
984 2642 1051 2704 ³⁸,
1075 2643 1143 2695 ita
1171 2643 1330 2695 etiam
1355 2653 1662 2697 sanctorum
1688 2645 2052 2712 unusquisque

519 2729 809 2782 secundum
837 2731 1251 2797 magnitudinem
1298 2746 1446 2784 suam
1489 2732 1662 2784 lumen
1702 2747 1852 2785 suum
1880 2721 2052 2785 fundit

519 2824 572 2876 in
603 2839 718 2876 nos.
751 2822 901 2877 Sicut
931 2838 1105 2878 autem
1135 2826 1290 2879 solet
1321 2826 1444 2879 luna
1485 2826 1787 2879 illuminant
1825 2840 2048 2892 corpora

518 2921 699 2964 nostra
725 2929 738 2963 :
766 2911 838 2964 ita
863 2921 916 2966 et
941 2928 969 2964 a
992 2913 1204 2968 Christo
1230 2921 1387 2982 atque
1415 2914 1649 2968 Ecclesia
1682 2915 2052 2968 illuminantur

517 3009 726 3054 mentes
756 3010 971 3056 nostrae.
1011 3001 1088 3055 Ita
1122 3013 1294 3057 tamen
1347 3004 1728 3069 illuminamur,
1757 3004 1799 3058 si
1842 3018 1944 3058 non
1977 3004 2051 3056 si-

517 3103 638 3140 mus
665 3088 928 3142 mentibus
956 3091 1101 3145 caeci.
1127 3091 1254 3153 Nam
1279 3093 1420 3145 sicut
1443 3092 1523 3146 sol
1548 3102 1599 3147 et
1625 3094 1746 3146 luna
1769 3091 2050 3159 corporali-

519 3175 618 3227 bus
649 3175 818 3228 oculis
847 3190 1019 3231 caecos
1043 3180 1285 3246 quamvis
1328 3178 1620 3244 illustrent,
1648 3180 1723 3233 illi
1763 3187 1936 3232 tamen
1973 3195 2052 3230 re-

518 3261 700 3329 cipere
745 3261 922 3316 lumen
959 3280 1065 3318 non
1107 3273 1365 3333 possunt;
1404 3269 1472 3320 ita
1521 3276 1573 3322 et
1609 3267 1852 3322 Christus
1881 3268 2048 3320 lucem

518 3363 671 3403 suam
701 3353 1208 3418 prasstatmentibus
1246 3353 1464 3418 nostris,
1497 3355 1590 3409 sed
1618 3357 1689 3410 ita
1717 3357 1926 3410 demum
1958 3373 2052 3409 nos

519 3439 859 3504 illuminabit,
900 3441 945 3494 si
1001 3458 1334 3514 nequaquam
1385 3445 1596 3500 caecitas
1647 3447 1839 3501 mentis
1888 3449 2053 3515 impe-

521 3529 653 3581 diat.
679 3526 828 3592 Quod
855 3529 1015 3583 etiam
1046 3533 1089 3584 si
1118 3534 1322 3587 accidat
1351 3534 1541 3601 primo,
1577 3543 1789 3602 Oportet
1832 3551 1922 3586 eos
1960 3537 2049 3600 qui

525 3616 654 3670 caeci
677 3625 801 3670 sunt
826 3619 972 3684 sequi
1000 3619 1290 3685 Christum,
1314 3623 1548 3676 dicentes
1569 3632 1616 3675 et
1646 3624 1935 3677 clamantes
1964 3625 2008 3656 ’⁸
2035 3643 2047 3676 :

519 3703 766 3758 Miserere
793 3706 955 3770 nobis,
984 3707 1062 3775 ﬁli
1091 3709 1282 3774 David,
1321 3721 1384 3764 ut
1415 3712 1575 3766 etiam
1609 3713 1778 3767 visum
1826 3714 1892 3764 ab
1937 3714 2052 3779 ipso

523 3793 864 3861 recipientes,
915 3798 1120 3862 possint
1168 3798 1422 3864 deinceps
1467 3807 1520 3852 et
1571 3799 1705 3854 lueis
1731 3800 1848 3869 ejus
1881 3801 2052 3867 splen-

519 3881 650 3935 dore
683 3883 900 3935 radiari.
933 3882 1124 3936 Verum
1171 3900 1276 3937 non
1324 3887 1596 3952 aequaliter
1623 3902 1807 3939 onmes
1845 3889 1937 3953 qui
1982 3888 2053 3938 vi~

521 3972 647 4024 dent
678 3971 1045 4025 illuminantur
1073 3989 1099 4024 a
1125 3972 1355 4036 Christo,
1407 3975 1498 4027 sed
1541 3974 1732 4042 singuli
1761 3975 2049 4028 secundum

519 4075 636 4113 eam
666 4075 970 4113 mensuram
1000 4059 1383 4123 illuminantur,
1408 4078 1509 4129 qua
1531 4063 1637 4115 vim
1679 4062 1888 4115 luminis
1917 4063 2052 4116 reei-

521 4161 648 4215 pere
676 4146 870 4196 valent.
898 4145 962 4197 Et
1003 4147 1140 4198 sicut
1178 4161 1281 4198 non
1310 4147 1588 4213 aequaliter
1631 4149 1769 4202 oculi
1811 4151 2051 4215 corporis

2159 1753 2410 1818 Joannes,
2437 1756 2533 1808 iste
2580 1773 2683 1809 non
2724 1758 2890 1810 solum
2933 1759 3142 1812 Christi
3174 1760 3408 1824 lumine,
3437 1761 3530 1813 sed
3560 1766 3678 1813 etiat

2156 1847 2331 1900 Patris
2361 1849 2528 1916 ipsius
2571 1848 2958 1903 illtuniuahitur
2986 1866 3144 1906 voce.

2221 1937 2274 1992 8.
2310 1935 2377 1990 Et
2415 1938 2546 1990 dixit
2575 1937 2757 1994 Deus:
2791 1936 3098 1994 I’roducant
3140 1957 3298 2009 aqure
3341 1943 3575 2009 repentia
3609 1959 3677 1995 an

2155 2040 2357 2076 marum
2392 2026 2656 2090 vivarum,
2698 2036 2745 2078 et
2781 2027 3017 2079 volatilia
3067 2029 3310 2082 volantia
3334 2045 3498 2098 super
3535 2039 3678 2082 terra:

2154 2115 2434 2164 secundum
2483 2113 2867 2178 firmamentum
2906 2116 3043 2168 cwli.
3088 2115 3160 2168 Et
3195 2119 3404 2183 factum
3453 2128 3530 2171 est
3585 2119 3658 2170 sic

2156 2196 2455 2250 Secundum
2495 2197 2725 2251 litteram
2750 2199 2900 2264 jussu
2936 2200 3030 2255 Dei
3065 2204 3460 2269 producuntur
3485 2205 3555 2258 ab
3576 2221 3676 2272 aqu

2154 2287 2391 2352 tepentia
2429 2293 2483 2352 et
2529 2285 2762 2339 volatilia
2787 2327 2804 2353 ,
2859 2297 2912 2342 et
2956 2288 3072 2342 lucc
3112 2306 3238 2357 qua:
3267 2293 3523 2347 videmus
3565 2309 3594 2346 a
3625 2310 3677 2360 qi

2151 2371 2261 2424 sint
2312 2369 2448 2422 facta
2495 2376 2894 2439 cognoscimus.
2949 2375 3057 2430 Sed
3112 2378 3401 2432 videamus
3454 2394 3677 2446 quomm

2150 2459 2312 2511 etiam
2340 2461 2632 2512 secundum
2659 2470 2898 2514 nostrum
2926 2463 3335 2520 ﬁrmamentum
3368 2467 3524 2532 etnli,
3551 2468 3604 2520 id
3627 2483 3678 2520 es

2150 2547 2342 2600 tuentis
2388 2557 2580 2602 nostra:
2623 2549 2705 2602 vel
2751 2551 2930 2604 cordis
2964 2553 3322 2617 soliditatem,
3378 2557 3502 2611 haec
3534 2556 3672 2610 eade

2151 2637 2297 2689 ﬁant.
2327 2636 2592 2700 Arbitror,
2613 2639 2736 2706 quia
2773 2639 2816 2692 si
2855 2655 3010 2694 mens
3043 2653 3239 2696 nostra
3268 2643 3588 2698 illuminat-.1
3617 2644 3672 2696 lu

2149 2726 2218 2778 rit
2243 2741 2271 2776 ιι
2297 2734 2476 2779 nostro
2507 2727 2618 2780 sole
2639 2728 2872 2793 Christo,
2894 2729 3119 2795 jubetur
3156 2737 3515 2801 postmodum
3546 2748 3617 2787 ex
3650 2735 3678 2788 ιι

2149 2827 2270 2879 quae
2303 2813 2354 2864 in
2397 2828 2457 2865 ea
2505 2825 2629 2867 sunt
2661 2817 2817 2882 aquis
2861 2820 3168 2885 producere
3211 2824 3464 2890 repentia
3497 2835 3556 2876 et
3582 2823 3677 2876 vol:

2153 2901 2262 2952 tilia
2293 2901 2544 2965 volantia,
2582 2903 2633 2955 id
2667 2913 2767 2965 est,
2803 2907 3163 2974 cogitationes
3211 2911 3386 2966 bonas
3412 2913 3506 2965 vel
3563 2913 3673 2964 mal

2149 2989 2391 3057 proferre
2427 2994 2759 3053 inmedium,
2806 3004 2864 3046 ut
2911 2996 3170 3051 discretio
3229 3001 3324 3053 liat
3373 3004 3659 3055 bonorqu

2151 3079 2326 3141 malis,
2381 3095 2500 3146 quae
2542 3082 2728 3150 utique
2767 3093 2996 3151 utraque
3045 3102 3113 3140 ex
3171 3091 3339 3144 corde
3397 3094 3677 3160 procedut

2153 3167 2227 3222 De
2254 3167 2416 3221 corde
2446 3183 2674 3236 namque
2698 3180 2886 3224 nostro
2914 3175 3060 3227 velut
3087 3176 3155 3230 de
3178 3179 3340 3245 aquis
3368 3180 3673 3247 proferunt

2152 3267 2205 3309 et
2247 3257 2398 3310 bona)
2447 3257 2797 3324 cogitationes
2847 3270 2905 3314 et
2963 3263 3139 3316 make.
3177 3266 3286 3319 Sed
3319 3284 3432 3321 nos
3460 3269 3646 3322 verbo

2153 3355 2419 3412 praecepto
2445 3345 2536 3398 Dei
2566 3355 2792 3415 utraque
2816 3350 3157 3417 proferamus
3186 3357 3253 3408 ad
3281 3367 3664 3425 conspectum

2147 3434 2403 3501 judicium
2450 3434 2567 3499 Dei,
2608 3445 2665 3490 ut
2695 3452 2820 3490 cum
2873 3440 3041 3508 ipsius
3072 3441 3488 3498 illuminatione
3529 3449 3678 3500 disci

2153 3537 2280 3576 nere
2309 3524 2578 3592 possimus
2623 3538 2652 3576 a
2690 3525 2832 3578 bono
2871 3530 3012 3595 quod
3044 3531 3244 3584 malum
3279 3545 3402 3598 est;
3439 3537 3494 3587 id
3533 3547 3646 3598 est,

2152 3626 2211 3664 ea
2241 3626 2360 3680 quae
2390 3626 2552 3680 super
2584 3622 2779 3666 terram
2815 3626 3030 3684 repunt,
3063 3627 3116 3670 et
3155 3630 3413 3677 terrenas
3463 3627 3678 3680 sollicil

2152 3701 2306 3754 dines
2329 3710 2540 3770 gerunt,
2589 3717 2902 3770 separemus
2957 3722 2986 3759 a
3039 3709 3232 3771 nobis;
3287 3711 3381 3763 illa
3424 3728 3575 3767 vero
3631 3733 3666 3784 q

2152 3791 2373 3844 meliora
2405 3800 2550 3857 sunt,
2584 3791 2636 3844 id
2664 3803 2745 3846 est
2795 3794 3055 3857 volatilia,
3096 3798 3344 3852 sinamus
3378 3802 3604 3856 volare
3649 3822 3678 3857 ιι

2151 3879 2322 3932 solum
2359 3895 2521 3948 super
2560 3889 2783 3947 terram,
2827 3887 2920 3937 sed
2955 3887 3116 3938 etiam
3177 3892 3495 3944 secundum
3557 3895 3671 3946 ﬁru

2154 3978 2391 4020 mentum
2420 3967 2584 4032 C(Bli;
2621 3970 2674 4022 id
2703 3981 2805 4036 est,
2837 3985 2894 4024 ut
2919 3989 3135 4026 sensum
3195 3989 3250 4028 et
3287 3981 3595 4034 rationein
3647 3995 3677 4036 ι

2155 4064 2488 4110 terrenorum
2517 4074 2676 4124 quam
2700 4061 2998 4113 cu‘lestium
3026 4075 3441 4127 pertractemus
3473 4070 3534 4121 in
3565 4075 3678 4124 nol

2151 4153 2210 4195 ut
2241 4143 2540 4211 intelligere
2573 4163 2788 4216 qumque
2839 4153 3124 4216 possimus,
3165 4170 3289 4220 qua.-
3323 4157 3445 4208 sint
3485 4161 3547 4212 in
3596 4179 3678 4214 ιιι)

521 4236 692 4287 "05m
722 4233 1084 4286 illuminant."-
1111 4248 1138 4285 η
1180 4234 1313 4296 sole,
1340 4236 1431 4288 sed
1459 4245 1662 4302 quanio
1702 4237 1822 4303 quis
1857 4238 1907 4289 in
1934 4238 2046 4291 loca
2082 4250 2124 4302 ι)
2156 4234 2310 4286 noxia
2355 4249 2421 4288 ex
2479 4241 2806 4303 repentibus.
2863 4238 2917 4291 Si
2976 4241 3270 4297 viderimus
3321 4248 3655 4302 mulierem

522 4323 709 4375 altiora
738 4322 1126 4385 conscenderit,
1154 4330 1206 4375 et
1230 4332 1402 4375 ortum
1427 4322 1539 4389 ejus
1561 4324 1797 4377 editioris
1826 4327 2052 4391 Speeuhe

520 4411 800 4464 intuitione
854 4410 1011 4463 fuerit
1061 4411 1471 4477 contemplatus,
1517 4420 1663 4465 tanto
1729 4412 1951 4478 amplius
2000 4423 2052 4466 et

521 4497 822 4564 splendoris
866 4497 980 4564 ejus
1005 4497 1110 4548 vim
1144 4497 1400 4563 percipiet
1431 4504 1484 4548 et
1515 4498 1710 4551 caloris
1739 4515 1752 4551 :
1784 4499 1854 4550 ita
1889 4501 2048 4552 etiam

520 4601 671 4638 mens
719 4595 900 4637 nostra
934 4593 1134 4651 quanto
1174 4585 1330 4636 altius
1370 4594 1424 4636 et
1459 4585 1723 4639 excelsius
1762 4587 2046 4654 appropin-

519 4674 764 4740 quaverit
799 4673 1036 4734 Christo,
1079 4688 1140 4726 ac
1176 4687 1234 4726 se
1262 4673 1576 4726 viciniorem
1612 4673 1882 4741 splendori
1919 4674 2050 4728 lucis

519 4763 634 4831 ejus
659 4761 938 4828 objecerit,
973 4770 1116 4816 tanto
1149 4761 1577 4828 magniﬁcentius
1621 4770 1676 4814 et
1715 4761 1908 4817 clarius
1934 4763 2048 4830 ejus

521 4852 718 4906 lumine
770 4852 1082 4914 radiahitur,
1133 4853 1270 4906 sicut
1310 4862 1364 4904 et
1413 4853 1524 4920 ipse
1568 4853 1642 4905 ait
1686 4868 1780 4920 per
1820 4858 2050 4924 prophe-

519 4950 628 4992 tam
658 4941 701 4972 ⁸⁷
728 4960 740 4995 :
769 4943 1181 5008 Appropinquate
1216 4943 1363 5004 mihi,
1408 4951 1455 4994 et
1499 4941 1916 5007 appropinquabo
1962 4959 2051 4994 vo-

521 5027 618 5087 bis,
643 5027 771 5080 dicit
797 5020 1066 5081 Dominus.
1092 5028 1156 5079 Et
1181 5028 1369 5079 iterum
1391 5029 1517 5080 dicit
1539 5029 1582 5061 ⁸⁸
1609 5045 1622 5081 :
1651 5029 1789 5080 Deus
1809 5033 2054 5095 approxio

521 5133 669 5169 mam
704 5132 795 5185 ego
822 5132 956 5176 sum.
989 5127 1038 5168 et
1073 5131 1170 5168 non
1205 5115 1344 5168 Deus
1377 5117 1440 5168 de
1461 5114 1626 5184 longe.
1661 5117 1774 5169 Non
1808 5117 2050 5170 similiter

524 5214 697 5258 tamen
730 5205 971 5257 venimus
1029 5205 1093 5256 ad
1141 5219 1260 5270 eum
1309 5217 1517 5268 omnes,
1565 5207 1654 5258 sed
1691 5206 2052 5273 unusquisque

589 5363 636 5394 ”
687 5362 927 5418 Slattlm'.
972 5361 1055 5414 Η.

1129 5362 1173 5392 υ
1211 5363 1343 5430 Eph.
1372 5375 1423 5430 γ.
1451 5361 1539 5414 27.

524 5429 669 5479 ebur.
698 5429 808 5492 1,3;
857 5430 1040 5484 Lcoh.
1065 5446 1136 5493 tv,
1167 5431 1218 5483 8.

1295 5429 1338 5461 ’³
1364 5428 1559 5482 Jerem.
1610 5445 1763 5493 χχιιι,
1815 5429 1904 5482 25.

1612 5363 1657 5393 ’⁸
1689 5362 1821 5415 Gen.
1862 5377 1896 5424 ι,
1935 5361 2016 5415 l6.
2053 5371 2102 5411 ct
2130 5377 2277 5428 seqq.

1612 5445 1763 5480 xxiii.
1815 5429 1904 5480 25.
1981 5429 2022 5458 9’
2069 5427 2270 5480 Luc..\'.

2111 5445 2190 5479 llC.
2219 5446 2270 5480 Χ.

2155 4324 2638 4390 concupiSCeudum
2663 4341 2800 4391 eam,
2839 4327 2966 4380 illud
3006 4339 3086 4381 est
3121 4331 3172 4383 in
3201 4335 3360 4387 nobis
3393 4341 3633 4406 reptile

2155 4421 2428 4464 uenatum.
2463 4413 2517 4464 Si
2559 4428 2684 4466 vero
2735 4416 2808 4467 sit
2855 4416 2908 4466 in
2945 4418 3095 4470 nobis
3141 4420 3480 4478 sobrietatis
3521 4445 3678 4482 sens

2151 4497 2359 4552 etiamsi
2389 4500 2601 4553 domina
2632 4501 2878 4570 Egyptia
2929 4519 3026 4557 nos
3056 4506 3422 4575 adamaverit,
3465 4515 3678 4571 eﬂiciu

2151 4600 2297 4651 aves,
2334 4598 2388 4640 et
2423 4589 2787 4656 relinquentes
2812 4591 3064 4660 Egyptia
3091 4597 3425 4654 vestimenta
3467 4605 3535 4656 in
3578 4624 3678 4660 nia

2149 4677 2248 4730 bus
2279 4677 2412 4743 ejus,
2439 4694 2504 4732 ex
2541 4680 2792 4733 obscenis
2825 4683 3032 4735 insidiis
3057 4686 3426 4743 evolabimus.
3468 4693 3542 4746 Si
3583 4699 3669 4749 sit

2150 4765 2304 4818 nobis
2328 4780 2519 4820 sensus
2542 4769 2606 4820 ad
2632 4769 2911 4822 iurandum
2947 4785 3045 4825 nos
3079 4787 3406 4841 provocans,
3454 4781 3642 4838 istud

2152 4855 2340 4923 reptile
2387 4857 2698 4922 pessimum.
2731 4858 2786 4911 Si
2819 4876 2948 4914 vero
2981 4865 3052 4914 sit
3104 4864 3156 4916 in
3203 4866 3361 4919 nobis
3412 4884 3678 4930 sensus.

2155 4944 2363 4996 etiamsi
2398 4948 2500 4996 duo
2543 4946 2747 4999 minuta
2778 4948 3089 5014 habeamus,
3123 4953 3238 5006 lucc
3268 4957 3383 5020 ipsa
3426 4975 3557 5026 pro
3603 4983 3667 5017 ιιι

2154 5033 2386 5086 ricordia
2421 5031 2711 5088 olferamns
2747 5038 2798 5090 in
2842 5042 2979 5092 dona
3031 5040 3147 5106 Dei,
3215 5043 3317 5096 iste
3361 5060 3607 5105 sensus
3660 5071 3678 5106 ι

2157 5129 2258 5182 est,
2289 5121 2418 5174 nihil
2449 5121 2512 5174 de
2539 5125 2768 5177 terrenis
2795 5128 3060 5194 cogitans,
3088 5131 3180 5182 sed
3207 5131 3273 5181 ad
3307 5131 3678 5194 ﬁrmamen:

2159 5207 2276 5259 (ξωιί
2307 5207 2570 5260 volatibus
2607 5211 2853 5269 tendens.
2884 5218 2940 5271 Si
2969 5218 3147 5270 veniat
3177 5219 3330 5271 nobis
3365 5234 3616 5280 sensus
3657 5249 3677 5298 ι

2387 5364 2430 5393 ’⁵
2465 5362 2500 5414 ll
2531 5363 2657 5418 Cor.
2685 5385 2774 5431 xv,
2799 5373 2888 5430 ll.

2451 5373 2500 5442 ‘tl
2531 5373 2657 5418 Cor.
2685 5385 2774 5442 xv.
2799 5373 2888 5430 ll.
2961 5375 3007 5406 ⁹⁶
3039 5373 3228 5431 Matth.
3261 5390 3333 5436 Ix,
3370 5375 3480 5434 27.
3589 5386 3649 5415 ³⁷

2383 5431 2395 5459 ¹
2429 5431 2621 5485 Cenes.
2651 5451 2687 5497 ι,
2724 5440 2814 5493 ευ,
