3878 6190
243 268 429 328 155

1605 271 1668 327 lN
1694 259 2027 342 C‘ENESIM
2064 287 2340 343 llOMILlA
2372 288 2410 340 ι.

3458 296 3594 350 ’135

250 401 417 479 sua-
430 383 554 437 deus
580 377 735 479 nobis.
773 373 1095 479 εξιξυῖθιιξῗ
1143 393 1431 463 martyrii
1477 408 1576 450 nos
1603 408 1705 450 non
1751 398 1961 459 debere
1992 414 2034 468 Α
2065 420 2250 460 norum
2278 403 2503 458 lucidius
2544 399 2829 459 indicatur.
2867 406 3150 476 Propterea
3178 423 3305 479 ergo
3333 410 3399 463 de
3422 414 3594 466 omni-

253 475 575 534 iolerare.
603 467 737 522 ίειιιιι
764 464 872 520 ετίι
904 469 1145 535 reutile
1182 490 1555 540 venenatum.
1595 485 1650 541 Si
1694 502 1826 545 vero
1869 508 1961 548 as-

258 562 522 618 cendat
559 558 708 612 nobis
736 570 937 648 sensus
963 567 1036 611 et
1078 568 1386 636 cogitatio
1416 575 1555 643 talis,
1594 585 1654 631 ut
1684 592 1858 648 usque
1891 584 1962 638 ad

264 660 557 707 mortem
581 663 677 717 pro
703 647 940 700 veritate
965 662 1329 724 certemus,
1357 667 1474 721 avis
1498 667 1600 721 erit
1629 668 1762 729 haec,
1791 686 1822 723 a
1853 681 1963 726 ter-

266 741 481 795 renis
523 742 587 792 ad
632 752 865 806 superna
916 752 1387 813 conscendens.
1422 757 1679 813 Similiter
1703 759 1863 813 etiam
1896 762 1963 816 de

272 830 540 884 caeteris
564 829 644 882 vel
671 839 1049 897 peccatorum
1077 838 1183 891 vel
1222 843 1497 899 virtutum
1533 847 1816 915 speciebus
1839 863 1963 903 sen-

281 918 573 973 tiendum
606 927 713 985 est,
749 928 807 972 et
852 919 1340 986 discernendum
1378 950 1496 1001 qua:
1538 939 1647 999 sint
1700 940 1958 1006 repentia,

291 1013 377 1089 et.
406 1023 532 1074 qua:
549 1009 657 1060 sint
677 1009 956 1076 volatilia,
985 1030 1135 1081 quae
1166 1026 1485 1089 producere
1502 1027 1567 1079 ad
1586 1025 1961 1082 discretionem

296 1086 377 1143 in
423 1109 719 1167 conspectu
755 1098 856 1154 Dei
888 1116 1067 1170 aqua
1103 1086 1327 1167 nostra
1349 1113 1627 1182 iubentur.

405 1188 473 1244 9.
500 1189 566 1243 Et
601 1192 723 1259 fecit
763 1191 910 1248 Deus
942 1207 1104 1252 cetos
1135 1216 1388 1272 magnos,
1427 1215 1474 1259 et
1505 1222 1707 1260 omnem
1736 1208 1960 1264 animam

318 1272 637 1365 τξιιειιιὶιιιιι
679 1283 1045 1348 animalium,
1082 1304 1218 1357 qua:
1260 1293 1552 1347 eduxerunt
1595 1311 1743 1362 aqua:
1781 1312 1961 1348 secun-

338 1351 483 1420 dum
522 1356 681 1439 genus
722 1388 914 1436 suum,
947 1384 1001 1428 et
1030 1391 1201 1430 omne
1236 1379 1450 1435 uolatile
1480 1351 1753 1450 penmitunt
1779 1401 1962 1437 secun-

364 1455 490 1511 dum
517 1475 676 1528 genus
709 1477 876 1514 suum
912 1465 964 1518 ’.
1015 1466 1091 1519 Et
1133 1468 1207 1523 de
1237 1469 1325 1524 bis
1367 1471 1630 1534 similiter,
1665 1480 1723 1525 ιιι
1754 1473 1818 1526 de
1857 1473 1962 1527 illis

380 1559 492 1611 qua:
518 1560 676 1613 supra
707 1547 1004 1613 diximus,
1054 1552 1406 1608 sentiendum
1444 1564 1546 1619 est,
1589 1556 1727 1622 quod
1767 1556 1965 1622 produ-

388 1646 503 1687 cere
526 1632 826 1687 debeamus
869 1636 1049 1690 etiam
1085 1647 1243 1693 cetos
1277 1655 1518 1711 magnos,
1546 1649 1600 1696 et
1623 1644 1851 1699 animam
1880 1656 1955 1698 re-

391 1721 624 1791 pentium
649 1723 969 1781 secundum
1005 1725 1121 1795 56
1143 1743 1336 1796 genus.
1373 1729 1435 1782 ln
1461 1731 1664 1800 magnis
1691 1732 1807 1785 istis
1834 1734 1966 1788 cetis

396 1807 573 1874 impias
585 1807 978 1873 cogitationes.
1001 1821 1060 1864 et
1087 1813 1323 1867 nefarios
1342 1829 1579 1883 quosque
1596 1825 1777 1870 contra
1797 1819 1963 1873 Deum

395 1914 577 1954 senstis
607 1901 856 1954 arbitror
876 1902 1148 1957 indicari.
1183 1904 1313 1970 Quae
1345 1912 1520 1958 tamen
1556 1905 1731 1958 omnia
1761 1906 1957 1973 produ-

400 1988 558 2040 cenda
591 1997 717 2042 sunt
753 1996 890 2042 ante
920 1999 1281 2057 conspectum
1318 1990 1434 2053 Dei,
1478 1999 1533 2044 et
1564 1992 1800 2058 ponenda
1834 2001 1958 2045 ante

402 2075 588 2144 ipsum,
636 2084 695 2129 ut
743 2076 1067 2131 dividamus
1096 2085 1149 2131 et
1182 2091 1493 2144 separemus
1535 2078 1672 2131 bona
1710 2093 1739 2129 a
1780 2079 1955 2141 malis,

405 2175 459 2222 ut
488 2166 770 2235 unicuique
800 2180 942 2220 suns
983 2164 1140 2220 locus
1180 2179 1212 2218 a
1253 2165 1478 2220 Domino
1509 2166 1796 2233 tribuatur,
1819 2168 1957 2222 sicut

408 2267 466 2306 ex
496 2252 576 2309 bis
596 2270 717 2322 qua:
740 2263 1066 2323 sequuntur
1091 2253 1425 2309 ostenditur.

472 2341 555 2394 10.
587 2341 653 2393 Et
687 2343 816 2396 sidit
848 2342 1001 2397 Deus
1028 2342 1154 2409 quia
1199 2342 1334 2394 bona
1359 2349 1503 2405 sunt,
1531 2354 1576 2394 et
1603 2341 1858 2395 benedixit
1896 2359 1955 2395 es

411 2429 577 2482 dicens
602 2444 621 2482 :
649 2428 891 2486 Crescite
922 2441 974 2484 et
1005 2429 1449 2497 multiplicamini,
1489 2439 1538 2483 et
1584 2430 1768 2495 replete
1794 2447 1958 2498 aquas

412 2534 518 2585 quae
544 2528 659 2571 sunt
698 2519 754 2572 in
786 2519 952 2582 mari,
991 2526 1044 2571 et
1093 2516 1326 2571 volatilia
1362 2516 1658 2580 repleantur
1682 2532 1836 2583 super
1857 2529 1958 2570 ter-

416 2618 513 2654 ras.
550 2607 617 2656 Et
654 2609 857 2673 factum
898 2614 976 2657 est
1014 2620 1225 2672 uespere
1260 2614 1309 2657 et
1346 2620 1518 2665 mane,
1556 2606 1662 2657 dies
1699 2604 1879 2673 quinta
1917 2603 1956 2656 ³.

414 2687 469 2741 In
503 2691 628 2743 mari
665 2693 889 2760 quidem
927 2700 1079 2746 cetos
1115 2702 1355 2760 magnos,
1396 2701 1449 2745 et
1482 2707 1696 2747 omnem
1733 2692 1960 2744 animam

412 2775 707 2830 animalium
746 2788 806 2832 et
842 2779 1184 2847 repentium,
1224 2793 1343 2846 quae
1379 2779 1742 2846 produxerunt
1776 2792 1957 2845 aquae.

403 2862 541 2928 jubet
571 2865 883 2926 immorari,
924 2864 1019 2917 ubi
1063 2871 1118 2917 et
1151 2864 1314 2917 draco
1354 2863 1445 2918 ille
1485 2879 1640 2931 quem
1681 2864 1959 2931 plasmavit

412 2951 542 3004 Deus
565 2952 629 3004 ad
662 2953 1013 3007 illndendum
1048 2951 1100 3005 ei
1132 2951 1398 3009 inhabitat
1426 2953 1468 3008 ‘.
1501 2954 1755 3007 Volneret
1784 2961 1956 3006 autem
1984 2979 2025 3035 ο

409 3041 741 3106 multiplicari
799 3041 958 3110 jubet
1018 3055 1184 3107 super
1221 3049 1441 3105 terram,
1491 3056 1609 3110 quia).
1672 3041 1955 3108 aliquando

407 3126 549 3177 arida
587 3128 710 3192 fuit,
740 3142 891 3180 nunc
923 3135 1104 3180 autem
1129 3126 1244 3192 jam
1277 3136 1420 3180 terra
1458 3128 1771 3196 appellatur,
1817 3127 1955 3179 sicut

405 3212 640 3278 superius
665 3214 1043 3280 exposuimus.
1070 3212 1177 3266 Sed
1212 3213 1448 3281 requiret
1466 3212 1662 3280 aliquis
1688 3212 1955 3280 quomodo

405 3303 501 3351 ceti
534 3302 710 3369 magni
742 3313 798 3355 et
841 3302 1090 3369 repentia
1124 3302 1179 3353 in
1212 3300 1353 3353 malo
1385 3300 1746 3367 accipiuntur,
1773 3308 1826 3352 et
1863 3314 1956 3352 vo-

406 3386 561 3441 latilia
595 3388 649 3441 in
686 3391 850 3449 nano.
878 3404 1003 3441 cum
1039 3390 1106 3441 de
1130 3389 1380 3442 omnibus
1399 3387 1560 3442 simul
1583 3388 1780 3442 dictum
1802 3388 1908 3442 sit'
1935 3403 1950 3441 :

406 3473 466 3525 Et
498 3477 617 3527 ridit
656 3474 796 3528 Deus
827 3476 955 3544 quia
999 3475 1137 3527 bona
1167 3484 1287 3526 sunt
1313 3474 1339 3526 7
1388 3473 1524 3542 Ipsis
1565 3474 1765 3527 sanctis
1818 3474 1954 3528 bona

406 3572 523 3614 sum
566 3577 650 3626 ea,
701 3577 821 3629 qua:
877 3562 983 3615 illis
1024 3562 1387 3612 adversantur
1436 3561 1602 3627 :quia
1639 3562 1857 3614 vincere
1890 3575 1950 3614 ea

408 3661 639 3718 possunt,
677 3661 734 3703 ct
770 3665 896 3702 cum
951 3665 1014 3704 ea
1067 3647 1317 3712 vicerint,
1371 3648 1591 3717 majoris
1624 3649 1804 3717 gloria:
1844 3651 1956 3704 elli-

408 3739 607 3790 cimitnr
622 3739 763 3804 apud
797 3738 987 3793 Deum.
1022 3738 1266 3802 Denique
1294 3753 1413 3793 cum
1442 3737 1688 3792 diabolus
1714 3739 1955 3807 petiisset

411 3838 463 3880 ut
492 3829 589 3881 sibi
613 3837 856 3894 potestas
882 3829 1107 3880 daretur
1130 3830 1415 3880 adversum
1437 3825 1537 3903 Job
1568 3827 1610 3891 ‘,
1643 3827 1953 3895 impugnans

409 3932 520 3969 cum
551 3919 895 3969 adversarius
955 3931 1122 3969 causa
1173 3917 1223 3968 ei
1267 3916 1474 3970 exstitit
1522 3916 1745 3983 dupiicis
1773 3916 1955 3982 glorite

411 4017 516 4071 post
545 4005 843 4058 victoriam.
888 4002 1042 4067 Quod
1090 4005 1396 4056 osrenditur
1437 4017 1498 4055 ex
1547 4018 1638 4067 eo,
1671 4003 1792 4070 quia
1836 4018 1953 4071 qua:

410 4107 456 4144 lu
493 4094 731 4159 pra-senti
761 4093 1094 4159 perdiderat,
1125 4093 1178 4144 in
1227 4092 1443 4158 duplum
1484 4092 1765 4160 receperit,
1792 4090 1949 4144 simili

410 4184 555 4235 modo
582 4183 696 4235 sine
726 4181 892 4233 dubio
933 4189 990 4233 et
1048 4180 1102 4232 in
1154 4180 1470 4234 caelestibus
1521 4189 1852 4247 recepturus.
1889 4180 1954 4235 Et

2060 494 2158 546 bus
2195 493 2295 545 hoc
2316 492 2442 545 dicit
2467 490 2744 558 Scriptura
2776 492 2799 524 ⁸
2836 510 2851 546 :
2891 495 2954 546 Et
2987 497 3110 547 vidit
3137 496 3274 551 Deus
3300 499 3422 565 quia
3460 502 3591 553 bona

2059 589 2198 636 sunt.
2228 579 2405 645 Quare
2438 589 2613 634 tamen
2644 598 2745 634 non
2773 591 2855 636 est
2881 584 3158 649 scriptum,
3198 586 3261 638 Et
3294 588 3424 640 dixit
3454 588 3595 642 Deus

2060 668 2182 735 quia
2214 668 2350 722 bona
2385 676 2526 735 sunt,
2555 672 2647 723 sed
2682 670 2819 723 Vidit
2845 670 2978 724 Deus
3006 674 3132 737 quia
3175 674 3303 727 bona
3335 679 3494 730 sunt?
3535 680 3595 735 Μ
3634 660 3637 663 ν

2059 763 2158 819 est,
2183 756 2313 810 vidit
2338 758 2621 812 utilitatem
2652 759 2908 826 ipsorum,
2941 770 2993 813 et
3032 775 3149 813 eam
3179 764 3589 833 ratioimm,-qua

2059 855 2179 894 cum
2204 856 2383 896 essent
2415 845 2528 911 ipsa
2569 859 2665 912 per
2687 860 2744 899 se
2780 846 2926 911 talia,
2969 846 3135 901 bonos
3184 857 3359 901 tamen
3412 850 3590 904 facere

2060 940 2283 995 possunt
2312 931 2563 997 optimos.
2591 931 2878 998 Propterea
2903 947 3029 1000 ergo
3058 933 3190 985 dixit
3212 934 3235 965 θ
3263 952 3277 986 :
3306 935 3524 991 Crescite
3541 946 3591 989 et
3685 963 3693 967 >

2058 1015 2495 1081 multiplicamini,
2526 1026 2572 1069 et
2596 1018 2785 1085 replete
2822 1035 2980 1088 aquas
3004 1036 3118 1087 quia
3142 1022 3194 1073 in
3218 1023 3351 1074 mari
3380 1034 3518 1088 sunt;
3541 1035 3590 1076 et

2061 1102 2297 1156 volatilia
2324 1105 2621 1173 repleantur
2647 1122 2801 1174 super
2824 1116 3011 1171 terras,
3047 1109 3096 1161 id
3130 1117 3229 1173 est,
3266 1120 3324 1162 ut
3351 1112 3450 1163 ceti
3475 1112 3591 1179 qui-

2059 1190 2178 1244 dem
2220 1193 2399 1260 magni
2440 1203 2492 1245 et
2521 1194 2756 1260 repentia
2795 1194 2846 1246 iu
2888 1196 3018 1247 mari
3045 1204 3243 1260 essent,
3267 1196 3404 1251 sicut
3436 1213 3592 1266 supe—

2059 1279 2178 1333 rius
2198 1281 2563 1346 exposuimus,
2586 1290 2640 1334 et
2668 1281 2902 1334 volatilia
2932 1296 3090 1348 super
3129 1294 3320 1338 terras.

2126 1367 2210 1420 11.
2235 1366 2299 1418 Et
2331 1368 2461 1420 dixit
2491 1367 2625 1421 Deus
2661 1383 2680 1420 :
2709 1368 2980 1422 Pruducal
3006 1381 3143 1423 terra
3173 1373 3400 1424 animant
3427 1373 3589 1425 uisam

2057 1455 2339 1507 secundum
2380 1471 2558 1523 genus,
2582 1456 2937 1524 quadrupedia
2973 1467 3022 1510 et
3061 1460 3291 1524 repen'tin
3326 1470 3371 1512 et
3400 1462 3585 1512 bestias

2058 1550 2208 1593 terra:
2239 1542 2516 1595 secundum
2540 1558 2696 1609 genus
2744 1557 2765 1596 :
2809 1552 2857 1595 et
2891 1542 3083 1610 fectant
3115 1553 3191 1596 est
3232 1545 3327 1596 sic.
3361 1542 3428 1595 Et
3471 1543 3587 1610 fecit

2058 1627 2197 1681 Deus
2232 1627 2418 1683 bestias
2458 1639 2608 1683 terra:
2656 1631 2936 1684 secundant
2977 1647 3154 1698 genus.
3201 1640 3249 1683 et
3290 1633 3480 1689 omnia,
3512 1647 3597 1682 reo

2054 1718 2224 1784 peritia
2252 1727 2404 1771 terra:
2439 1720 2719 1773 secundum
2768 1735 2945 1785 genus.
2996 1718 3062 1770 Et
3114 1720 3242 1772 uidit
3296 1720 3433 1773 Deus
3464 1721 3587 1787 quia

2055 1806 2188 1858 bona
2210 1815 2326 1860 sunt
2351 1806 2415 1858 ⁸⁸.
2454 1796 2756 1861 Secundum
2782 1808 3011 1860 litteram
3035 1810 3243 1875 quidem
3268 1809 3410 1861 nulla
3440 1826 3586 1877 quau-

2054 1893 2157 1946 stio
2180 1903 2279 1951 est.
2311 1893 2587 1949 Manifeste
2603 1895 2744 1949 enim
2772 1911 2800 1947 a
2827 1896 2931 1948 Deo
2952 1905 3130 1949 creata
3158 1911 3279 1950 esse
3316 1899 3582 1958 dicuntur.

2054 1981 2137 2036 vel
2165 1982 2438 2045 animalia,
2461 1982 2541 2035 vcl
2580 1985 2962 2050 quadrupedis,
2991 1983 3072 2036 vel
3114 1984 3315 2046 bestiae,
3349 1986 3428 2038 vel
3470 2001 3584 2038 ser-

2053 2082 2240 2139 pentes
2266 2086 2428 2139 super
2473 2081 2692 2128 terram.
2736 2074 2934 2139 Aptare
2964 2082 3139 2126 autem
3177 2076 3287 2127 haec
3324 2075 3424 2138 his,
3470 2089 3588 2143 quae

2054 2172 2214 2236 supra
2238 2158 2599 2225 exposuimus,
2626 2161 2913 2213 secundum
2942 2160 3230 2230 spiritalem
3258 2162 3583 2216 intellectum

2054 2263 2158 2301 non
2187 2248 2359 2303 otiosa
2395 2262 2481 2300 res
2509 2258 2608 2301 est.
2644 2250 2718 2300 lbi
2746 2249 2956 2315 quidem
2987 2250 3186 2302 dictum
3217 2259 3301 2303 est
3330 2251 3369 2281 “
3406 2268 3420 2303 :
3457 2251 3587 2303 Pro-

2054 2336 2244 2387 ducant
2283 2350 2431 2401 aqua
2465 2336 2692 2401 repetitio
2724 2336 3013 2386 animarum
3045 2337 3296 2398 vivarum,
3323 2347 3369 2390 et
3396 2339 3584 2389 uolati—

2054 2421 2126 2473 lia
2169 2421 2394 2475 volantia
2434 2439 2589 2489 super
2627 2432 2816 2474 terram
2865 2425 3144 2477 secundum
3201 2424 3583 2489 [irritamentum

2055 2509 2166 2562 caeli
2188 2524 2211 2571 ξ
2243 2509 2327 2562 hic
2362 2519 2539 2562 autem
2574 2508 2647 2560 ait
2674 2509 2714 2546 ι’
2750 2522 2768 2559 :
2800 2508 3059 2561 l’roducat
3087 2517 3225 2560 terra
3255 2512 3479 2560 animum
3515 2509 3586 2560 ai-

2056 2611 2170 2649 uam
2193 2600 2477 2648 secundum
2503 2612 2684 2664 genus,
2705 2596 3062 2662 quadruperlia
3094 2606 3140 2648 et
3169 2597 3396 2663 repentia
3421 2605 3470 2648 et
3499 2597 3584 2648 be-

2055 2685 2182 2737 stias
2218 2694 2369 2737 terra:
2393 2684 2671 2741 secundum
2699 2701 2878 2753 genus.
2906 2685 2969 2742 Et
3010 2686 3096 2737 illa
3128 2687 3340 2752 quidem
3361 2700 3479 2752 quia:
3516 2686 3584 2740 de

2056 2772 2209 2840 aquis
2230 2771 2484 2841 producta
2513 2782 2658 2833 sunt,
2685 2773 2916 2825 diximus
2940 2774 3135 2827 debere
3166 2784 3340 2827 motus
3359 2782 3410 2828 et
3434 2775 3581 2842 cogi-

2059 2863 2285 2914 tationes
2304 2862 2498 2914 mentis
2521 2870 2735 2924 nostra).
2758 2862 2846 2927 qui
2878 2863 2942 2915 de
2967 2860 3231 2927 profundo
3256 2863 3434 2915 contis
3461 2877 3584 2928 pro-

2058 2950 2346 3012 ducuntur,
2401 2950 2640 3017 intelligi.
2674 2949 2822 3002 Nunc
2872 2963 3002 3002 vero
3042 2950 3140 3003 hoc
3192 2951 3331 3017 quod
3360 2950 3580 3013 dicitur,

2061 3036 2325 3089 Producat
2347 3022 2737 3090 terra'animam
2767 3037 2924 3090 uiuam
2949 3038 3225 3088 secundum
3251 3052 3429 3103 genus,
3453 3055 3585 3104 qua-

2057 3124 2365 3192 drupedum,
2394 3133 2440 3177 et
2480 3125 2761 3191 repentium
2795 3131 2843 3177 at
2888 3124 3161 3177 bestiarum
3198 3141 3348 3191 super
3392 3136 3584 3180 terrain

2058 3213 2546 3281 secundumgenus,
2577 3213 2858 3266 exterioris
2889 3214 3118 3267 hominis
3158 3215 3342 3277 nostri,
3389 3215 3440 3267 id
3477 3223 3581 3279 est,

2058 3300 2287 3355 carnalis
2310 3312 2361 3355 et
2389 3301 2580 3353 terreni
2619 3311 2792 3355 motus
2814 3302 3041 3356 arbitror
3071 3302 3314 3357 iudicari.
3352 3304 3585 3370 Denique

2059 3388 2191 3442 nihil
2218 3388 2427 3441 volatile
2461 3390 2512 3441 in
2542 3388 2625 3441 his
2651 3404 2769 3456 qua:
2795 3389 2858 3440 de
2887 3404 3047 3442 carne
3096 3388 3349 3456 loquitur,
3383 3391 3597 3444 iudica;

2056 3478 2154 3539 vit,
2180 3477 2271 3530 sed
2305 3478 2665 3529 tantummodo
2692 3478 3049 3544 quadrupedia
3072 3489 3122 3531 et
3156 3480 3393 3544 repentia
3419 3491 3471 3531 et
3504 3480 3588 3532 he-

2058 3566 2192 3621 stias
2224 3575 2398 3617 terrae.
2456 3562 2756 3618 Secundum
2805 3566 2930 3618 illud
2984 3580 3171 3633 nempe
3213 3568 3350 3633 quod
3374 3569 3584 3620 “dictum

2057 3666 2138 3709 est
2162 3655 2230 3708 ab
2256 3656 2506 3721 Apostolo
2530 3656 2593 3719 ",
2626 3658 2747 3722 quia
2783 3672 2883 3708 non
2931 3655 3131 3706 habitat
3176 3657 3230 3707 in
3275 3672 3430 3709 carne
3474 3674 3585 3712 mra

2058 3743 2267 3804 bonum,
2291 3751 2344 3796 et
2370 3743 2495 3810 quia
2522 3742 2779 3808 sapientia
2830 3741 3001 3793 carnis
3040 3742 3249 3795 inimica
3275 3752 3348 3795 est
3377 3743 3484 3795 Deo
3521 3746 3584 3801 ⁸δ,

2058 3832 2157 3885 ista
2195 3831 2442 3884 nimirum
2470 3840 2616 3893 sunt,
2644 3845 2761 3898 qua:
2801 3839 2963 3893 terra,
3003 3830 3053 3882 id
3094 3840 3199 3893 est,
3240 3845 3364 3883 mro
3410 3843 3586 3886 nostra

2057 3919 2323 3987 producit,
2353 3918 2417 3970 de
2447 3917 2642 3985 quibus
2670 3930 2878 3968 rursum
2924 3914 3201 3982 Apustolus
3238 3915 3474 3982 pracipit
3515 3918 3590 3969 di-

2057 4021 2184 4060 cens
2214 4006 2259 4038 ”
2289 4022 2304 4058 :
2334 4003 2639 4071 Mortiﬁcate
2669 4004 2890 4056 membra
2935 4015 3097 4055 uestra
3137 4019 3250 4070 qua:
3276 4011 3394 4055 sunt
3437 4020 3590 4070 super

2057 4105 2272 4157 terram,
2313 4093 2720 4161 fornicationem.
2746 4092 3145 4153 immunditiam,
3190 4092 3587 4157 impudicitiam,

2060 4184 2358 4248 avaritiam,
2408 4183 2782 4245 idololatriam,
2815 4191 2866 4234 et
2902 4188 3111 4234 caetera.
3148 4179 3278 4234 Cum
3313 4194 3443 4247 ergo
3477 4178 3594 4241 haut;

411 4269 679 4334 Apostolus
707 4271 840 4323 dicit
868 4271 911 4332 ",
941 4269 1072 4336 quia
1117 4283 1268 4321 uerno
1297 4273 1603 4330 coronatur,
1638 4269 1735 4320 nisi
1759 4269 1846 4334 qui
1882 4269 1955 4320 le—
1990 4286 2032 4338 ι)
2058 4274 2231 4329 omnia
2255 4273 2575 4342 ﬁcrcnlquze
2591 4273 2835 4341 videntur
2850 4271 2999 4339 jussu
3022 4270 3108 4322 Dei
3126 4269 3238 4322 lieri
3255 4283 3346 4337 per
3360 4266 3592 4322 Verbum

410 4356 571 4423 gitime
595 4360 889 4410 certauerit.
923 4358 989 4410 Et
1025 4369 1214 4407 revera
1240 4357 1507 4422 quomodo
1532 4358 1638 4408 crit
1668 4367 1956 4419 certamen,

413 4446 452 4496 si
484 4460 582 4497 non
620 4444 786 4499 fuerit
816 4446 909 4514 qui
954 4445 1215 4499 resistat?
1243 4444 1487 4509 Quantus
1520 4444 1682 4496 decor
1703 4452 1753 4496 et
1782 4444 1960 4511 splen-

416 4533 504 4586 dor
533 4536 600 4588 sit
628 4536 764 4589 lucis
795 4550 905 4589 non
936 4535 1369 4602 dignosceretnr,
1404 4531 1509 4584 nisi
1545 4532 1843 4586 obscuritas
1873 4533 1957 4587 in-

414 4624 693 4678 tercederet
720 4625 923 4678 noctis.
960 4623 1118 4678 Unde
1144 4622 1310 4690 aliqui
1354 4622 1406 4674 in
1450 4621 1702 4677 castitate
1739 4620 1958 4675 laudan-

417 4721 512 4775 tur,
547 4714 646 4766 nisi
674 4713 801 4781 qtda
833 4712 928 4764 alii
980 4725 1080 4777 pro
1113 4709 1457 4776 impudicitia
1500 4708 1957 4764 condemnamur?

415 4798 549 4854 Unde
575 4802 674 4854 viri
721 4800 893 4854 fortes
925 4797 1438 4865 magnillcarentnr,
1492 4795 1591 4848 nisi
1640 4797 1957 4852 exsisterent

413 4887 681 4941 imbecilles
720 4898 775 4941 et
813 4886 1038 4941 timidi?
1097 4883 1159 4936 Si
1226 4898 1470 4936 amarum
1516 4883 1784 4947 adhibeas,
1835 4897 1961 4942 tunc

411 4974 548 5030 dulce
566 4977 795 5030 edicitur
822 4973 1194 5028 laudabilius.
1232 4970 1292 5024 Si
1315 4981 1488 5023 atrum
1517 4969 1965 5040 consideraveris,

402 5065 614 5130 gratiora
643 5066 740 5119 tibi
767 5080 896 5133 quae
942 5061 1109 5115 clara
1150 5068 1281 5112 sunt
1306 5057 1631 5110 videbuntur.
1659 5058 1720 5110 Et
1749 5071 1815 5113 ut
1840 5062 1968 5117 bre-

396 5154 519 5208 viter
544 5155 743 5218 dicam,
770 5168 844 5209 ex
872 5148 1172 5205 malorum
1215 5141 1629 5198 consideralione
1661 5146 1835 5203 decus
1863 5151 1967 5204 bo-

2061 4363 2261 4428 ejus,et
2285 4377 2457 4428 praepa
2469 4371 2673 4415 raretnr
2693 4363 2981 4413 immensus
3005 4359 3105 4411 iste
3122 4368 3175 4413 et
3198 4358 3418 4412 visibilis
3440 4373 3593 4408 ιιιιιιι-

2058 4450 2178 4510 dus,
2197 4448 2546 4500 simulantem
2573 4458 2625 4498 et
2653 4461 2746 4514 per
2766 4446 3030 4513 allegoria:
3049 4445 3269 4511 ﬁguram
3294 4444 3602 4507 ostenderes

2060 4546 2146 4590 tur
2172 4550 2288 4605 quin
2312 4546 2489 4589 essent
2509 4550 2627 4602 quae
2646 4547 2907 4587 exornare
2928 4544 3141 4599 possent
3157 4535 3410 4586 minorem
3439 4549 3594 4584 num-

2058 4626 2205 4695 (ιιιιιιι
2234 4626 2283 4677 id
2321 4633 2422 4687 est,
2452 4624 2736 4687 hominem,
2772 4632 2894 4676 tunc
2914 4622 3023 4687 jam
3065 4623 3177 4689 ipse
3236 4623 3396 4677 homo
3440 4636 3592 4672 crea-

2062 4722 2147 4768 tur
2184 4714 2472 4768 secundum
2502 4729 2564 4768 ea
2594 4728 2711 4781 qua:
2748 4713 2802 4765 lu
2848 4713 3295 4779 consequentibus
3326 4712 3596 4764 declm-au-

2058 4814 2162 4859 ιυτ.
3386 4818 3387 4821 “

2132 4891 2218 4943 12.
2251 4891 2319 4943 Et
2343 4891 2474 4943 dixit
2516 4889 2651 4943 Deus
2685 4908 2703 4946 :
2736 4888 3016 4941 Faciamus
3060 4889 3315 4941 hominem
3353 4888 3420 4939 ad
3463 4886 3595 4939 inta-

2065 4979 2230 5047 ginem
2260 4987 2307 5031 et
2345 4979 2737 5032 similitudinem
2769 4988 3019 5041 nostram,
3061 4987 3106 5029 et
3135 4978 3475 5043 principatum
3504 4987 3595 5038 ge-

2068 5076 2147 5120 rat
2182 5068 2398 5134 piscium
2443 5071 2599 5121 maris
2629 5078 2676 5122 et
2716 5069 2972 5122 volucrum
3015 5065 3149 5127 cmli,
3194 5072 3241 5116 et
3268 5058 3593 5116 animalium,

2072 5165 2117 5208 et
2162 5158 2406 5210 uniuersa!
2434 5169 2606 5220 ιετνω,
2649 5166 2692 5208 ει
2724 5156 2946 5209 omnium
2973 5170 3085 5224 qua:
3116 5160 3296 5220 repunt
3322 5161 3474 5215 super
3499 5153 3596 5195 ler-

429 5351 594 5409 ‘Cen.
620 5355 779 5414 κει.
860 5351 884 5382 ³
915 5340 1225 5406 ΙιιίιΙ.,92,
1404 5339 1570 5414 ‘HPSfIl:
1598 5359 1701 5401 cur.
1732 5348 1830 5399 26.
1906 5350 1957 5389 8i

2060 5368 2142 5403 ws.
2178 5367 2214 5414 ι,
2242 5351 2328 5404 Ql.
2404 5351 2424 5382 ⁸
2454 5348 2568 5400 Job.
2599 5363 2635 5400 ι.
2712 5347 2730 5414 ’ξ
2760 5346 2775 5398 Ι
2803 5346 3024 5414 Titinii.
3049 5342 3102 5397 5.
3173 5325 3594 5414 “liquamina-

363 5406 996 5480 ttmufeef'i-tom.
1069 5413 1181 5471 et,
1246 5407 1330 5457 es.
1427 5406 1459 5435 ι·
1508 5407 1622 5460 tum.
1668 5414 1750 5465 ευ.

351 5511 429 5552 ιιι.
472 5511 524 5549 ἱ).

1851 5416 1900 5447 ³⁸
1936 5417 2070 5473 Ibid.
2112 5421 2198 5474 ει.

2309 5391 2350 5450 ῖ⁸
2392 5391 2775 5477 [imitri-1J8.-
2810 5391 2831 5435 ‘-
2852 5391 3227 5465 ⁷’λ”’1(έ)ἶιι,”ιίιι,
3258 5404 3311 5455 7.
3412 5395 3454 5426 ¹¹
3478 5391 3593 5444 Col.
