3878 6172
623 246 759 302 {55'

2089 235 2404 292 ORIGENIS
3094 206 3099 209 ’
3652 238 3657 285 t

622 376 733 413 ram
762 358 825 411 ¹⁶.
858 358 1254 426 Consequenter
1288 356 1580 412 secundum
1627 371 1691 410 ea
1738 371 1855 425 quae
1903 356 2148 425 superius
2177 358 2219 409 A
2245 355 2333 421 qui
2365 366 2490 405 vero
2525 352 2664 403 hunc
2693 360 3011 415 corporeum
3046 350 3231 411 putent
3251 356 3390 407 esse,
3422 345 3506 411 qui
3539 347 3597 397 ad
3624 348 3658 399 it

618 448 986 515 exposuimus,
1025 448 1183 500 talem
1227 446 1495 499 hominem
1524 445 1733 514 qualem
1771 446 2147 512 descripsimus

622 536 737 587 vult
767 535 1121 602 principatum
1158 549 1339 601 gerere
1366 535 1734 602 praedictarum
1766 533 2073 595 bestiarum,
2095 541 2149 585 et

620 624 916 689 volucrum,
955 633 1008 676 et
1051 625 1366 690 repentium,
1399 622 1799 689 quadrupedum
1829 630 1881 673 et
1910 621 2145 673 omnium

622 712 965 780 reliquorum.
994 712 1124 777 Quae
1160 711 1385 778 qualiter
1428 710 1653 776 intelligi
1701 724 1795 777 per
1837 708 2145 775 allegoriam

612 804 860 862 debeant,
893 802 1251 867 exposuimus,
1292 815 1411 852 cum
1449 800 1677 852 diximus
1712 799 1886 865 juberi
1927 813 2148 865 aquam,

614 890 668 943 id
697 899 778 943 est
823 898 1053 941 mentem
1094 889 1210 955 ejus
1238 888 1523 955 spiritalem
1558 887 1664 955 (6|)
1709 901 1922 939 sensum
1951 887 2151 954 produ-

613 992 755 1041 cere,
788 988 842 1031 et
873 989 1064 1031 terram
1098 992 1310 1029 sensum
1337 976 1511 1028 carnis
1540 976 1797 1043 proferre,
1826 985 1884 1028 ut
1912 976 2150 1029 domine~

615 1074 703 1120 tur
733 1068 810 1119 eis
857 1081 1025 1127 mens,
1058 1075 1109 1119 et
1142 1081 1246 1117 non
1291 1065 1377 1117 illa
1412 1066 1712 1117 dominetur
1742 1065 1811 1116 ei.
1846 1064 1969 1116 Vult
2005 1066 2148 1118 enim

611 1151 757 1206 Deus
785 1163 843 1206 ut
867 1170 1052 1222 magna
1082 1156 1178 1207 ista
1205 1154 1296 1206 Dei
1325 1154 1524 1205 factura
1551 1154 1727 1215 homo,
1752 1162 1968 1219 propter
1991 1168 2147 1219 quem

611 1250 664 1290 et
681 1242 956 1290 universus
980 1247 1188 1291 creatus
1213 1249 1294 1291 est
1321 1237 1569 1300 mundus,
1596 1254 1696 1291 non
1716 1238 1881 1292 solum
1903 1239 2151 1291 immacu-

613 1324 751 1379 latus
768 1330 835 1381 sit
855 1331 921 1381 ah
952 1330 1053 1390 his,
1084 1345 1204 1396 quae
1240 1344 1401 1397 supra
1428 1328 2031 1390 diximus,etimnmnis,
2056 1328 2148 1381 sed

610 1424 665 1468 et
697 1417 998 1469 dominetur
1030 1419 1127 1474 eis.
1162 1417 1278 1471 Jam
1306 1434 1431 1472 vero
1465 1417 1627 1485 quale
1656 1416 1851 1469 animal
1871 1417 1942 1470 sit
1970 1417 2145 1480 homo,

611 1520 677 1557 ex
715 1507 841 1572 ipsis
866 1508 1154 1574 Scriptura:
1197 1510 1531 1563 sermonibus
1567 1508 1982 1561 consideremus.
2031 1505 2151 1559 0m-

611 1606 707 1645 nes
753 1594 966 1662 reliqute
1019 1607 1277 1650 creatura:
1315 1595 1555 1662 jussione
1598 1593 1702 1663 57
1745 1594 1835 1647 Dei
1869 1597 2038 1658 liunt,
2070 1595 2150 1645 di-

2248 443 2421 510 ginem
2450 449 2503 491 et
2533 436 2933 491 similitudinem
2968 434 3060 487 Dei
3092 433 3264 485 factus
3294 441 3393 495 est,
3417 435 3569 487 Demn
3596 435 3658 501 ips

2247 543 2561 596 corporeum
2594 535 2648 579 et
2693 527 2941 578 humanae
2992 525 3177 576 formae
3208 523 3449 575 videntur
3481 524 3653 575 induce

2247 621 2384 686 quod
2435 616 2635 672 sentire
2665 616 2729 669 de
2784 614 2890 667 Deo
2936 613 3366 666 manifestissime
3414 612 3617 679 impium
3657 640 3660 657 .

2248 707 2485 773 Denique
2528 704 2774 758 carnales
2809 704 2897 755 isti
2947 701 3197 765 homines
3229 701 3319 768 qui
3351 700 3650 752 intellectum

2246 796 2481 847 vinitatis
2510 795 2779 860 ignorant,
2828 790 3000 843 sicubi
3058 790 3109 840 in
3144 790 3434 856 Scripturis
3471 788 3534 841 de
3575 787 3660 840 Dee

2247 893 2394 950 giint,
2426 883 2549 950 quia
2607 880 2788 933 etclam
2841 880 2971 930 mihi
3006 878 3148 930 sedes
3176 888 3271 941 est,
3298 888 3431 929 terra
3460 884 3620 928 autem
3650 895 3660 927 t

2248 973 2433 1026 bellum
2468 972 2655 1039 pedum
2689 986 2922 1023 meorum
2952 970 3019 1031 ”,
3071 968 3413 1035 suspicantur
3458 968 3607 1019 Deum

2249 1061 2481 1125 iungentis
2498 1075 2615 1114 esse
2648 1059 2907 1124 corporis,
2930 1068 2987 1109 ut
3015 1066 3201 1124 putent
3249 1071 3369 1110 eum
3413 1057 3660 1108 sedentem

2248 1150 2386 1203 cwlo
2425 1150 2585 1218 pedes
2615 1163 2781 1216 usque
2828 1152 2892 1201 ad
2945 1157 3143 1199 terram
3176 1145 3509 1213 protendere.
3554 1144 3653 1196 lloc

2252 1248 2356 1292 tem
2380 1240 2639 1301 sentiunt,
2693 1240 2815 1306 quia
2877 1254 2981 1291 non
3046 1236 3245 1289 habent
3303 1236 3420 1287 illas
3454 1250 3660 1298 aures,c

2249 1328 2406 1394 digne
2442 1329 2647 1395 possint
2691 1328 2880 1379 audire
2920 1327 3082 1379 verba
3134 1325 3226 1378 Dei
3282 1325 3346 1378 de
3407 1324 3531 1388 Deo,
3556 1339 3660 1390 quae

2250 1415 2580 1481 Scripturam
2636 1416 2964 1470 referuntur.
3004 1417 3157 1480 Quod
3198 1416 3339 1467 enim
3390 1415 3516 1467 dicit
3545 1430 3558 1466 :
3587 1412 3662 1465 Cat

2248 1504 2376 1555 mihi
2413 1505 2555 1557 sedes
2586 1514 2683 1568 est,
2753 1508 2826 1557 ita
2872 1506 3030 1572 digne
3087 1505 3154 1558 de
3199 1504 3308 1558 Deo
3347 1503 3662 1570 intelligitur.

2248 1594 2485 1645 sciamus
2515 1594 2639 1659 quia
2675 1594 2726 1646 in
2760 1594 2843 1648 his
2869 1608 3101 1661 quorum
3160 1594 3213 1646 in
3262 1594 3413 1646 cmlts
3457 1604 3662 1643 convers

610 1692 765 1736 cente
788 1683 1064 1750 Scriptura
1083 1687 1159 1737 ι⁷ε
1188 1685 1252 1737 Et
1272 1686 1401 1738 dixit
1419 1686 1592 1738 Deus:
1613 1681 1731 1735 Fiat
1750 1683 2147 1749 ﬁrmamentum.
2182 1690 2223 1741 Β
2253 1690 2355 1745 est,
2393 1680 2531 1735 Deus
2563 1684 2852 1751 requiescit
2893 1694 2951 1737 et
2996 1684 3218 1737 residet.
3260 1682 3317 1734 ln
3366 1683 3449 1735 his
3475 1690 3642 1732 autem

612 1768 683 1822 Et
722 1773 853 1825 dixit
894 1774 1027 1827 Deus
1054 1791 1072 1828 :
1100 1775 1453 1845 Congregetur‘
1478 1792 1614 1843 aqua
1644 1789 1759 1841 qua:
1798 1775 1892 1827 sub
1921 1773 2043 1825 calo
2072 1785 2144 1825 est

609 1860 664 1912 in
691 1873 1134 1928 congregationem
1157 1881 1332 1929 unam,
1367 1876 1414 1918 et
1453 1875 1694 1932 appareat
1714 1864 1887 1915 arida.
1916 1862 1981 1915 Et
2013 1864 2145 1914 dixit

615 1949 749 2001 Deus
774 1967 791 2003 :
819 1949 1081 2004 Producat
1110 1963 1248 2006 terra
1273 1955 1481 2006 herbam
1503 1954 1651 2020 freni;
1692 1953 1762 2005 ita
1788 1953 1948 2005 etiam
1982 1952 2032 2004 in
2066 1968 2149 2004 re-

611 2037 773 2104 liquis
801 2041 949 2093 dicit.
984 2040 1266 2095 Videamus
1306 2052 1478 2095 autem
1530 2058 1647 2109 qua:
1701 2052 1821 2094 sunt
1866 2056 1983 2108 qua:
2035 2041 2147 2106 ipse

612 2128 753 2179 Deus
782 2127 931 2190 fecit,
961 2138 1013 2181 et
1036 2145 1131 2197 per
1158 2131 1269 2183 haec
1309 2146 1426 2197 quae
1452 2131 1758 2197 magnitudo
1784 2129 2012 2182 hominis
2056 2129 2147 2191 sit,

612 2218 980 2268 advertauius.
1031 2216 1094 2269 In
1123 2220 1378 2285 principio
1406 2221 1527 2285 fecit
1568 2220 1702 2271 Deus
1734 2221 1912 2270 (mlum
1958 2227 2003 2270 et
2048 2228 2149 2270 ter-

612 2319 725 2354 ram
754 2304 815 2357 ".
858 2302 1118 2357 Similiter
1137 2307 1210 2357 ait
1243 2307 1283 2338 ¹⁹
1312 2325 1325 2359 :
1357 2306 1423 2358 Et
1448 2308 1564 2373 fecit
1591 2307 1694 2357 duo
1724 2305 2006 2357 luminaria
2034 2322 2146 2358 ma-

610 2406 738 2457 gna.
773 2390 839 2442 Et
866 2406 1002 2443 nunc
1038 2393 1225 2444 iterum
1257 2395 1300 2424 ’°
1327 2411 1339 2445 :
1364 2392 1646 2446 Faciamus
1682 2393 1955 2446 hominem.
1989 2393 2041 2445 In
2069 2394 2150 2447 his

611 2479 740 2531 solis
764 2479 975 2532 factura
1010 2482 1175 2547 ipsius
1205 2482 1292 2533 Dei
1316 2482 1700 2544 ascribitur,in
1728 2483 1846 2534 aliis
1878 2498 2003 2535 vero
2029 2498 2151 2536 nus-

610 2581 768 2632 quam
794 2585 810 2630 ;
840 2570 931 2620 sed
963 2571 1324 2621 tantummodo
1354 2570 1547 2621 cmlum
1566 2578 1621 2622 et
1652 2578 1815 2631 terra,
1843 2569 1919 2621 sol
1945 2581 1997 2622 et
2025 2571 2148 2621 luna

614 2668 678 2706 ac
704 2655 894 2718 stellae,
923 2666 977 2707 et
1004 2672 1143 2708 nunc
1173 2657 1331 2708 homo
1367 2672 1397 2708 a
1429 2658 1532 2709 Deo
1569 2656 1703 2708 facta
1731 2666 1851 2709 sunt
1882 2657 2015 2726 (62),
2044 2673 2152 2709 om-

615 2742 705 2793 nia
734 2757 859 2795 vero
892 2744 1093 2810 reliqua
1119 2744 1360 2809 jussione
1404 2744 1518 2810 ejus
1562 2744 1703 2797 facta
1737 2758 1854 2797 esse
1878 2745 2147 2797 dicuntur.

615 2829 692 2882 Ex
726 2831 823 2883 hoc
847 2846 973 2899 ergo
997 2832 1275 2885 considera
1311 2842 1506 2903 quanta
1532 2834 1601 2886 sit
1640 2834 1941 2900 magnitudo
1986 2835 2152 2885 hom?-

615 2920 726 2982 nis,
759 2920 847 2984 qui
878 2929 982 2972 tam
1043 2923 1249 2988 magnis
1288 2921 1566 2975 elementis
1601 2930 1818 2989 tamque
1870 2922 2149 2990 praecipuis

2250 1770 2421 1821 adhuc
2471 1779 2744 1823 terrenum
2795 1774 3131 1839 propositum
3183 1782 3399 1840 gerunt,
3443 1772 3616 1823 ultima
3660 1787 3661 1797 ι

2249 1856 2364 1923 ejus
2388 1857 2735 1925 providentia:
2793 1860 3086 1923 invenitur,
3127 1861 3271 1927 quod
3302 1862 3354 1913 in
3399 1860 3580 1927 pedum
3606 1874 3662 1925 ap

2252 1946 2447 2000 latione
2480 1948 2769 2016 ﬁguraliter
2794 1950 3085 2003 indicatur.
3121 1952 3198 2004 Ex
3234 1953 3431 2018 quibus
3461 1951 3504 2004 sl
3528 1951 3613 2018 qui
3648 1948 3662 2001 l

2261 2037 2492 2089 studium
2535 2052 2599 2090 ac
2644 2038 2968 2092 desiderium
3020 2041 3359 2109 sumpserint
3389 2039 3662 2093 fierictele:

2251 2126 2578 2192 perfectione
2598 2127 2719 2180 vitae
2750 2136 2804 2181 et
2829 2129 3131 2184 intellectus
3157 2131 3469 2194 altitudine,
3499 2128 3659 2183 elﬁciu

2251 2214 2411 2265 etiam
2444 2214 2538 2280 ipsi
2571 2214 2722 2268 sedes
2740 2215 2856 2279 Dei,
2889 2214 3020 2269 facti
3053 2218 3203 2285 prius
3251 2217 3444 2286 peritia
3492 2225 3546 2269 et
3574 2228 3662 2268 con

2251 2300 2456 2352 satione
2496 2302 2791 2367 cmlestes;
2826 2304 2914 2370 qui
2972 2307 3140 2358 etiam
3196 2306 3382 2358 dicunt
3408 2305 3493 2358 ’δι
3524 2303 3663 2358 Susci

2253 2404 2345 2441 nos
2365 2404 2479 2441 cum
2502 2387 2736 2455 Christo,
2764 2401 2810 2444 et
2841 2392 3002 2445 simul
3025 2396 3204 2447 sedere
3232 2410 3325 2447 nos
3359 2394 3478 2462 fecit
3504 2396 3555 2446 in
3585 2393 3664 2446 cml

2252 2476 2363 2528 bus.
2394 2477 2495 2530 Sed
2527 2487 2580 2531 et
2610 2478 2685 2531 illi
2711 2494 2938 2545 quorum
2975 2485 3266 2536 thesaurus
3290 2483 3341 2535 in
3374 2483 3509 2537 calo
3534 2492 3641 2541 est.

2251 2563 2413 2616 lcstcs
2435 2565 2534 2617 dici
2565 2576 2787 2633 possunt
2827 2578 2884 2622 et
2940 2569 3103 2622 sedes
3158 2572 3275 2633 Dei,
3331 2572 3581 2639 quoniam
3613 2571 3659 2621 ib

2250 2668 2345 2707 cor
2372 2668 2553 2705 eorum
2583 2656 2672 2708 ubi
2706 2666 2791 2709 est
2817 2661 3108 2715 thesaurus
3141 2677 3353 2714 eorum.
3401 2661 3464 2713 Et
3505 2675 3603 2713 non
3630 2675 3664 2711 St

2252 2745 2538 2810 requiescit
2565 2758 2727 2813 super
2760 2761 2853 2801 eos
2884 2749 3054 2811 Deus,
3090 2752 3184 2803 sed
3224 2740 3293 2804 et.
3327 2751 3590 2804 inhabitat
3618 2749 3664 2800 in

2253 2834 2453 2888 Sivero
2501 2844 2678 2889 tantus
2704 2838 2825 2903 quis
2868 2838 3005 2893 ellici
3042 2850 3237 2908 potest,
3262 2852 3318 2894 ut
3350 2843 3519 2910 possit
3544 2841 3664 2893 dicet

2252 2926 2331 2976 An
2385 2925 2745 2978 documentum
2794 2930 3037 2995 quieritis
3100 2931 3216 2999 ejus
3275 2934 3364 2999 qui
3417 2934 3470 2982 in
3520 2948 3597 2983 me
3642 2932 3664 2982 ι.

616 3008 949 3075 adsequatur,
979 3009 1067 3076 qui
1112 3010 1272 3063 habet
1317 3010 1575 3063 honorem
1600 3008 1744 3071 εαξη,
1769 3019 1983 3077 pr0pter
2008 3011 2147 3076 quod
2175 3000 2217 3055 C
2251 3021 2337 3064 tur
2375 3011 2613 3065 Christus
2655 3014 2754 3067 ?in
2800 3016 2905 3070 hoc
2939 3033 3052 3072 non
3090 3020 3263 3073 solum
3300 3020 3561 3075 inhabitat
3620 3022 3663 3073 Di

614 3103 670 3148 et
696 3098 953 3150 caelorum
1002 3098 1049 3150 el
1071 3097 1398 3163 promittitur
1435 3096 1865 3165 regnum.llabet
1889 3106 1944 3152 et
1994 3106 2149 3152 terrm

617 3185 896 3252 honorem,
934 3189 1182 3254 quoniam
1224 3189 1435 3256 quidem
1489 3191 1540 3242 in
1597 3197 1792 3241 terram
1845 3191 2058 3253 bonam,
2096 3199 2150 3244 et

617 3283 816 3327 terram
857 3276 1097 3327 vivorum
1121 3276 1369 3329 liuentem
1409 3277 1488 3331 lac
1510 3286 1564 3330 et
1594 3277 1694 3330 mel
1722 3277 1924 3344 ingredi
1948 3288 2145 3344 sperat.

619 3361 788 3416 liabet
813 3364 1068 3417 honorem
1101 3366 1229 3419 solis
1256 3375 1310 3418 et
1342 3365 1500 3429 lunae,
1548 3365 1747 3419 habens
1790 3366 2152 3433 repromissio-

618 3467 737 3505 nem
764 3454 963 3521 fulgere
996 3457 1136 3510 sicut
1166 3459 1246 3510 sol
1276 3459 1326 3511 in
1356 3473 1515 3527 regno
1537 3457 1650 3510 Dei.

688 3542 773 3595 l3.
804 3542 934 3595 Illud
977 3559 1105 3597 sane
1140 3546 1297 3598 etiam
1352 3546 1670 3599 eminentius
1727 3544 1779 3597 in
1842 3545 2152 3600 conditione

618 3629 852 3685 hominis
894 3633 1067 3693 video.
1103 3634 1243 3701 quod
1297 3633 1422 3687 alibi
1474 3651 1575 3688 non
1611 3636 1821 3690 invenio
1857 3637 2145 3689 dictum“:

618 3718 709 3795 Et~
727 3720 844 3787 fecit
875 3720 1009 3775 Deus
1032 3722 1308 3785 hominem,
1332 3724 1399 3775 ad
1430 3725 1703 3792 imaginem
1740 3725 1835 3778 Dei
1867 3725 1984 3782 fecit
2010 3741 2148 3778 eum.

616 3809 770 3875 Quod
799 3826 971 3880 neque
998 3813 1048 3864 in
1074 3813 1234 3877 cmlo,
1279 3828 1450 3881 neque
1477 3815 1528 3865 in
1560 3823 1725 3875 terra,
1755 3821 1926 3882 neque
1951 3815 2003 3866 in
2043 3813 2152 3867 sole

617 3899 703 3950 vel
730 3898 848 3951 luna
877 3900 1177 3953 invenimus
1199 3901 1678 3969 ascriptum.llunc
1700 3914 1831 3954 sane
1859 3902 2150 3965 hominem,

619 3999 776 4052 quem
808 3987 935 4039 dicit
965 3989 1029 4039 ad
1063 3989 1344 4054 imaginem
1395 3990 1485 4042 Dei
1513 3991 1732 4054 factum,
1761 4006 1862 4043 non
1897 3990 2151 4057 intelligi-

621 4089 739 4127 mus
761 4076 1091 4142 corporalem
1140 4076 1272 4145 (63).
1318 4077 1435 4131 Non
1468 4080 1607 4132 enim
1636 4080 1875 4147 corporis
1923 4080 2152 4147 ﬁgmen-

622 4171 735 4216 tum
768 4163 859 4216 Dei
906 4165 1189 4231 imaginem
1212 4167 1469 4230 continet,
1496 4182 1666 4235 neque
1692 4167 1863 4221 factus
1887 4183 2010 4222 esse
2033 4184 2153 4223 cor-

619 4251 821 4320 poralis
853 4252 1013 4306 homo
1050 4254 1263 4318 dicitur,
1296 4258 1386 4309 sed
1435 4256 1747 4323 plasmatus,
1776 4256 1913 4308 sicut
1940 4256 1991 4308 in
2019 4271 2150 4311 con-

621 4342 973 4409 sequentibus
1001 4344 1253 4410 scriptum
1302 4353 1404 4399 est.
1449 4346 1538 4398 Ait
1563 4347 1703 4399 enim
1754 4343 2150 4398 “:Plasmavit

623 4429 761 4483 Deus
802 4432 1076 4485 hominem.
1109 4432 1163 4485 ld
1193 4441 1275 4486 est
1310 4434 1460 4486 liiixit
1502 4434 1566 4488 de
1599 4444 1751 4489 terra:
1790 4436 1937 4490 limo.
1976 4435 2025 4488 ls
2057 4449 2153 4486 au-

621 4528 729 4574 tem
763 4521 851 4588 qui
883 4523 947 4573 ad
969 4522 1253 4591 imaginem
1288 4524 1376 4576 Dei
1400 4524 1570 4578 factus
1601 4535 1679 4577 est
1707 4534 1760 4578 et
1785 4526 1849 4579 ad
1901 4523 2150 4577 similitu-

623 4611 801 4665 dinem
833 4610 966 4679 (64),
999 4612 1219 4664 interior
1249 4612 1407 4665 homo
1437 4623 1621 4666 noster
1649 4621 1751 4676 est,
1785 4612 2065 4665 invisibilis
2099 4622 2151 4664 et

623 4698 998 4766 incorporalis,
1034 4709 1088 4752 et
1113 4701 1453 4767 incorruptus
1502 4710 1659 4768 atque
1707 4700 2038 4753 immortalis.
2095 4697 2147 4752 ln

623 4789 707 4842 his
729 4791 871 4842 enim
916 4790 1106 4844 talibus
1154 4789 1246 4844 Dei
1295 4792 1466 4860 imago
1518 4791 1711 4844 rectius
1742 4788 2068 4857 intelligitur.
2095 4786 2149 4840 Si

696 4903 738 4933 "’
766 4902 956 4956 Cenes.
984 4918 1022 4955 ι.
1055 4902 1107 4956 6.
1143 4903 1193 4956 9.
1224 4905 1310 4958 ll.
1384 4904 1426 4933 "‘
1450 4903 1596 4960 ibid.,
1624 4904 1676 4955 l.
1751 4900 1792 4932 ¹⁹
1818 4897 1966 4961 ibid.,
2006 4899 2085 4950 l6.

624 4985 769 5031 uri,
810 4972 858 5026 l.
941 4970 987 5002 ’δ
1021 4971 1213 5037 Ephes.
1245 4987 1325 5034 ιι,
1363 4971 1415 5023 6.
1516 4971 1561 5001 ’⁸
1598 4970 1632 5021 Il
1666 4968 1786 5037 Cor.
1820 4981 1937 5023 xm.
1970 4966 2024 5017 5.

698 5171 809 5239 (6|)
843 5170 1156 5239 Spiritnlem.
1201 5169 1323 5239 llaec
1374 5185 1470 5222 vos
1522 5171 1667 5223 deest
1712 5171 1763 5222 in
1813 5181 1965 5223 antea
2001 5172 2157 5225 editis

631 5236 800 5303 iibris,
827 5241 917 5291 sed
951 5238 1176 5289 habetur
1203 5236 1251 5288 in
1289 5252 1415 5289 mss.
1452 5247 1505 5289 et
1534 5239 1830 5291 necessaria
1858 5249 2016 5292 estut
2047 5254 2155 5291 res-

630 5309 857 5438 pondeat
877 5307 1030 5359 alteri
1054 5305 1312 5368 membro,
1338 5314 1384 5356 et
1415 5314 1599 5356 terram
1626 5321 1831 5358 sensum
1855 5309 2024 5359 carnis
2043 5323 2158 5374 pro-

652 5389 781 5425 erre.

652 5389 781 5425 erre.

704 5441 813 5503 (62)
844 5440 944 5491 Mss
972 5476 993 5506 ,
1019 5439 1159 5505 facta
1184 5447 1325 5499 sunt;
1357 5437 1482 5490 libb.
1513 5440 1663 5501 editi,
1689 5440 1856 5508 [actus
1895 5449 1991 5491 est.

694 5507 814 5574 ,(65)
849 5508 965 5561 Non
1014 5508 1346 5575 intelligimus
1403 5507 1737 5575 corporalem.
1799 5510 1869 5560 De
1928 5509 2155 5576 imagine

2188 4899 2232 4928 ’°
2264 4897 2390 4951 ibiil.
2422 4901 2507 4952 26.

2133 4967 2178 4996 ³³
2209 4966 2348 5017 Psal.
2382 4980 2532 5032 xviii,
2571 4973 2620 5025 l.

624 5040 670 5071 ”
700 5040 902 5091 Coloss.
931 5052 970 5099 I,
1005 5034 1089 5090 l5.
1164 5039 1208 5070 ³⁸
1241 5039 1371 5093 lleb.
1399 5054 1437 5103 ι,
1483 5040 1536 5092 5.
1611 5039 1652 5071 ⁸¹
1679 5036 1832 5090 Joan.
1884 5048 1991 5096 xiv,
2021 5034 2167 5093 9,10.

2250 5325 2363 5359 rum
2390 5310 2476 5362 lib.
2512 5326 2571 5372 tt,

2250 3102 2345 3155 sed
2390 3101 2550 3154 etiam
2601 3103 2914 3158 inambulat.
2961 3109 3039 3162 Et
3108 3122 3392 3180 propterea
3436 3113 3653 3179 perfecti

2250 3200 2352 3254 que
2390 3189 2635 3244 cmlestes
2679 3191 2839 3258 facti,
2869 3195 2953 3248 vel
2987 3201 3124 3253 creti
3169 3202 3367 3265 ell'ecti,
3403 3214 3653 3255 enarrant

2250 3277 2383 3329 riam
2437 3278 2554 3342 Dei,
2604 3283 2745 3336 sicut
2797 3285 2849 3338 in
2905 3286 3133 3345 Psalmo
3188 3293 3386 3347 dicitur
3420 3295 3489 3348 “.
3535 3293 3666 3361 Prop

2250 3366 2477 3435 denique
2532 3372 2757 3438 apostoli
2806 3375 2900 3441 qui
2969 3389 3143 3433 erant
3212 3382 3370 3445 eos”,
3421 3385 3662 3435 mitttmtu

2250 3460 2607 3512 enarrandum
2665 3463 2889 3527 gloriam
2948 3467 3089 3533 Dei,
3140 3479 3195 3523 et
3260 3471 3554 3542 Doanerges
3620 3489 3666 3524 ιιι

2250 3549 2537 3623 accipiunt,
2584 3553 2724 3618 quod
2775 3560 2858 3608 est
2908 3554 3015 3621 ﬁlii
3068 3559 3293 3611 tonitrui
3316 3562 3387 3622 ’⁷,
3416 3571 3474 3614 ιιι
3531 3577 3624 3629 per

2253 3639 2356 3690 trui
2400 3649 2749 3705 potestatem,
2789 3658 2918 3697 vere
2967 3660 3067 3700 eos
3124 3637 3467 3703 cmlos'esse
3513 3651 3666 3704 creda

2252 3725 2398 3779 Fecit
2438 3743 2563 3796 ergo
2611 3730 2750 3783 Deus
2799 3732 3089 3803 hominem,
3121 3739 3192 3790 ad
3234 3740 3520 3808 imaginem
3566 3738 3656 3791 Dei

2251 3815 2399 3867 illuni
2446 3816 2510 3870 ’⁸.
2569 3817 2792 3884 Oportet
2840 3835 2937 3874 nos
2987 3825 3180 3878 videre
3216 3841 3337 3894 quae
3390 3836 3475 3881 est
3531 3828 3629 3880 ista

2250 3918 2317 3972 go
2341 3903 2449 3973 (65)
2484 3905 2601 3967 Dei,
2634 3916 2687 3959 et
2717 3909 3033 3977 perquirere
3073 3912 3143 3965 atl
3166 3914 3327 3983 cujus
3349 3916 3604 3986 imaginis
3635 3922 3665 3971 ς

2251 3993 2487 4045 tudinem
2539 3995 2698 4049 homo
2736 3997 2908 4051 factus
2950 3996 3058 4054 est.
3101 4002 3222 4057 Non
3272 4006 3420 4058 enim
3475 4007 3650 4071 dixit,

2251 4078 2380 4131 fecit
2404 4080 2538 4133 Deus
2561 4081 2832 4136 hominem
2881 4089 2948 4139 ad
2984 4090 3285 4161 imaginem
3318 4104 3374 4146 et
3410 4094 3666 4147 similitud

2251 4180 2419 4230 suam,
2467 4172 2599 4235 sed,
2626 4173 2694 4223 ad
2742 4174 3025 4242 imaginem
3069 4179 3168 4234 Dei
3191 4182 3318 4247 fecit
3374 4185 3548 4237 illum.
3591 4185 3666 4250 Qu

2254 4269 2385 4323 ergo
2418 4256 2522 4310 alia
2560 4259 2739 4327 imago
2769 4263 2858 4316 Dei
2886 4264 2953 4316 ad
2990 4268 3151 4334 cujus
3196 4271 3460 4339 imaginis
3520 4273 3663 4327 simil

2258 4356 2377 4394 nem
2410 4343 2582 4399 factus
2612 4360 2695 4401 est
2722 4349 2902 4416 homo,
2933 4356 3042 4408 nisi
3095 4358 3363 4413 Salvator
3391 4374 3603 4427 noster,
3632 4382 3664 4432 q

2255 4433 2620 4501 primogenitus
2687 4443 2853 4494 omnis
2906 4460 3175 4502 creatura:
3223 4453 3271 4483 ”
3329 4454 3355 4507 ?
3406 4456 3474 4508 de
3535 4470 3643 4525 quo

2256 4529 2399 4585 ptum
2450 4532 2554 4587 est,
2601 4528 2725 4593 quia
2760 4532 2831 4583 sit
2880 4532 3140 4599 splendor
3178 4544 3368 4594 (etei-ni
3422 4546 3661 4610 luminis,

2254 4621 2384 4707 gnra
2412 4627 2668 4707 expressa
2698 4621 3008 4677 substantia:
3051 4628 3151 4683 Dei
3184 4632 3253 4696 '°,
3281 4638 3411 4703 quia
3439 4649 3494 4692 et
3522 4640 3641 4707 ipse

2255 4698 2383 4797 dicit
2411 4699 2477 4797 ’.ιι
2512 4702 2618 4769 Ego
2641 4706 2693 4785 in
2727 4708 2901 4773 Patre,
2930 4724 2983 4765 et
3029 4714 3198 4771 Pater
3236 4698 3442 4791 in-me;
3471 4740 3518 4780 et
3543 4698 3640 4797 qui

2256 4787 2363 4848 det,
2390 4790 2522 4842 videt
2547 4805 2593 4844 et
2634 4794 2863 4852 Patrem.
2896 4800 3054 4858 Sicut
3097 4812 3247 4863 enim
3275 4816 3370 4882 qui
3409 4787 3610 4871 viderit
3645 4821 3658 4871 i

2615 4907 2657 4936 ἰ
2702 4908 2959 4989 ίξῄιξιβπ.
3068 4918 3113 4947 ²¹
3163 4919 3371 4989 Qenes.
3412 4942 3475 4989 ιι,
3508 4929 3563 4981 7.

2720 4976 2762 5006 ’⁷
2793 4976 2956 5031 Mare.
3006 4996 3105 5049 ιιι,
3140 4987 3229 5041 l7.
3339 4976 3386 5022 ⁸⁸
3415 4976 3619 5051 Cenes.
3661 5013 3666 5049 ι

2253 5174 2664 5264 DeittLhomtne
2697 5181 2961 5264 impressa.
2981 5186 3117 5250 quid
3143 5190 3408 5264 opinatus
3448 5193 3522 5264 sit
3554 5195 3666 5264 Οιδίι

2255 5205 2343 5253 ιῆσι
2374 5205 2423 5254 ιιι
2452 5205 2664 5234 ιιυιιιιιιυ
2698 5205 2950 5260 ιιιψιιτξεὸι
2981 5205 3116 5250 qllltl
3143 5205 3175 5239 0
3223 5205 3408 5246 matus
3448 5205 3522 5247 Sll
3554 5205 3666 5264 Ul'it

2506 5249 3163 5332 apudillustgssitnutm
3184 5205 3452 5314 fluetiutn
3483 5262 3666 5332 Origet

2599 5325 2787 5379 quiest.
2815 5316 2904 5375 l2,
2940 5332 3096 5371 unm.
3133 5323 3190 5375 9.

2315 5375 2425 5461 (lii)
2457 5377 2521 5427 Et
2545 5375 3069 5461 atl‘similitutlinem.
3100 5388 3231 5445 l|:t:c
3254 5397 3455 5461 qumin
3487 5411 3654 5457 antea

2250 5445 2445 5512 omissa
2472 5456 2622 5512 sunt,
2649 5449 2959 5512 supplentur
2991 5466 3023 5503 e
3056 5470 3194 5511 mss.

2321 5510 2430 5578 (65)
2457 5509 2586 5573 Quae
2605 5524 2679 5567 est
2704 5509 2802 5567 ista
2834 5518 3030 5584 imago.
3060 5520 3118 5574 In
3145 5509 3313 5585 antea
3337 5534 3507 5588 editis
3541 5537 3666 5592 dces
