3878 6190
34 12 405 235 Γῇ

237 307 268 362 ς
286 299 425 360 5‘7
1584 295 1648 351 IN
1684 298 1948 364 GENESI

2052 311 2323 365 liOBllLlA
2362 310 2399 362 Ι.
3481 312 3577 365 158

245 426 451 471 ncm
470 405 699 495 alicujus,
723 399 867 454 videt
899 412 1045 495 eum
1078 403 1271 473 cuius
1317 410 1503 486 imago
1524 424 1624 480 est,
1653 417 1725 470 ita
1754 430 1813 474 et
1847 439 1952 490 per
1979 432 2032 493 Α,
2053 428 2181 479 dixit
2225 442 2308 478 eos
2358 424 2494 475 Deus
2551 423 2723 477 dicens
2748 439 2768 477 :
2795 425 3015 477 Crescite
3067 434 3113 477 et
3141 425 3575 495 multiplicamini,

242 500 553 559 'Verbum
579 494 689 557 θεῖν
719 506 837 583 quin
883 500 976 545 εει
1027 493 1255 569 imago
1290 505 1415 568 Dei,
1458 508 1616 561 Deum
1635 508 1752 574 quis
1782 513 1952 566 videt.
2056 526 2102 568 et
2134 515 2315 583 replete
2345 522 2562 574 terram,
2614 523 2660 564 et
2697 513 3039 566 dominamini
3072 515 3123 566 in
3152 531 3211 566 ea
3257 516 3321 568 ³³.
3356 493 3575 582 Dignum

256 592 363 644 Ι-Σι
424 588 497 638 ita
529 598 707 636 verum
734 579 839 634 erit
866 582 1030 647 quod
1066 586 1284 644 dixit:
1324 594 1431 660 Qui
1456 610 1531 649 me
1550 597 1714 659 videt,
1738 598 1876 651 videt
1907 613 1955 655 et
2055 606 2263 656 videtur
2288 604 2386 656 hoc
2416 603 2468 654 iu
2519 588 2635 655 loco
2670 603 2945 669 requirere
2997 605 3285 654 secundum
3320 592 3576 669 litteram,

262 677 559 732 Patrem.
582 672 658 725 Ad
675 669 834 737 hujus
858 683 1003 737 ergo
1026 673 1337 747 imaginis
1358 685 1754 739 similitudinem
1792 689 1955 744 homo
2053 693 2318 759 quomodo
2374 692 2601 742 nomlum
2664 688 2804 742 facta
2850 689 3066 741 muliere
3103 691 3228 742 dicit
3259 692 3525 756 Scriptura
3558 708 3574 745 :

268 768 504 817 factus
554 771 655 824 est,
687 769 744 813 et
789 767 1125 827 propterea
1188 769 1461 827 Salvator
1510 766 1706 839 noster,
1749 777 1835 844 qui
1873 787 1955 830 est
2052 780 2344 831 Masculum
2381 789 2426 831 et
2468 776 2714 843 feminam
2760 776 2880 843 fecit
2925 792 3032 829 eos.
3094 776 3451 839 Fortassis,ut
3481 793 3579 845 ego

273 854 507 920 imago
523 851 635 913 Dei,
667 848 1079 905 misericordia
1126 870 1335 914 motus
1364 875 1462 927 pro
1502 861 1737 924 homine,
1766 864 1855 929 qui
1888 864 1951 915 ad
2051 870 2304 930 arbitror,
2342 873 2554 933 prOpter
2599 865 3015 918 benedictionem
3046 879 3147 930 qua
3194 866 3462 918 benedixit
3489 881 3579 919 eos

280 938 455 998 eius
471 937 883 992 similitudinem
916 936 1129 997 lactus
1170 946 1198 997 l'
1200 958 1388 1011 uerat,
1414 949 1596 1002 videns
1624 965 1768 1013 eum,
1789 952 1952 1019 depo-
2052 958 2231 1009 dicens
2256 972 2270 1007 :
2302 954 2521 1006 Crescite
2548 962 2594 1004 et
2619 952 3053 1012 multiplicamini,
3081 959 3138 1017 et.
3158 952 3342 1018 replete
3368 963 3576 1015 terram,

290 1023 442 1077 sita
466 1042 558 1081 sua
586 1027 843 1094 imagine,
872 1027 1130 1097 maligni
1165 1034 1466 1105 imaginem
1498 1038 1788 1100 induxisse,
1840 1040 1954 1107 ipse
2048 1044 2376 1109 praeveniens
2397 1042 2538 1109 quod
2567 1041 2801 1094 futurum
2847 1049 2985 1105 erat,
3012 1041 3139 1092 dicit
3168 1057 3181 1092 :
3214 1040 3503 1092 Masculum
3532 1052 3579 1093 et

304 1122 518 1170 nxotus
564 1116 954 1170 misericordia
985 1156 1003 1178 .
1065 1121 1331 1193 imagine
1381 1127 1613 1180 hominis
1664 1138 1949 1196 assumpta,
2056 1132 2297 1199 feminam
2326 1132 2443 1198 fecit
2481 1146 2591 1193 eos,
2628 1130 2877 1197 quoniam
2926 1129 3398 1195 quidemcrescere
3426 1129 3583 1181 aliter

312 1206 495 1258 ἐηῖῑ
557 1206 624 1257 ad
678 1219 843 1266 eum.
905 1207 1068 1261 sicut
1128 1216 1431 1279 Apostolus
1482 1225 1812 1270 contestatur
1867 1218 1948 1269 di-
2050 1229 2104 1271 et
2135 1218 2475 1285 multiplicari
2509 1215 3320 1285 nonpoterathomo,nisicum
3355 1214 3577 1267 femina.

324 1289 477 1349 (Ἴδης
501 1294 543 1326 ³³
573 1311 589 1349 :
614 1295 751 1347 Cum
777 1296 836 1347 in
868 1295 1059 1363 forma
1098 1298 1201 1352 Dei
1225 1312 1379 1365 esset,
1409 1312 1510 1355 non
1547 1305 1782 1369 rapinam
1807 1304 1949 1354 arbi-

2052 1309 2124 1363 Ut
2155 1322 2280 1374 ergo
2310 1308 2607 1359 benedictio
2629 1307 2742 1371 ejus
2775 1307 2891 1358 sine
2921 1307 3084 1359 dubio
3103 1306 3274 1355 futura
3307 1320 3429 1358 esse
3459 1321 3579 1357 cre-

344 1378 525 1437 ‘t’otus
546 1394 618 1436 est
646 1400 760 1437 esse
790 1401 846 1437 se
877 1389 1162 1454 «aqualem
1205 1390 1335 1450 Deo,
1357 1391 1448 1442 sed
1493 1392 1810 1456 semetipsum
1844 1392 1953 1443 επὶ·
2049 1397 2285 1461 deretur,
2309 1396 2384 1447 ait.
2418 1416 2428 1448 :
2471 1395 2763 1446 Masculum
2809 1405 2854 1446 et
2897 1394 3141 1461 feminam
3189 1393 3309 1458 fecit
3332 1409 3437 1444 eos.
3471 1393 3582 1446 lloe

369 1477 559 1528 nanivit
586 1476 816 1542 formam
846 1477 990 1526 servi
1041 1480 1318 1544 accipiens
1357 1479 1412 1530 in
1455 1480 1840 1532 similitudinem
1863 1482 1953 1531 Ito-

383 1567 565 1616 minum
596 1566 792 1632 factus,
817 1576 866 1616 et
906 1565 1107 1617 habitu
1136 1568 1375 1619 inuentus
1409 1577 1462 1617 ut
1497 1567 1669 1627 homo,
1708 1569 1953 1620 humilia-

388 1656 450 1705 e't
473 1656 801 1721 semetipsum
836 1670 1011 1722 usque
1060 1658 1132 1705 ad
1184 1665 1418 1708 ntarlem.
1473 1655 1784 1724 Quicunque
1823 1673 1951 1726 ergo

2052 1499 2281 1550 namque
2310 1484 2465 1536 modo
2511 1483 2671 1534 homo
2703 1483 2885 1534 videns
2937 1481 3209 1533 crescendi
3249 1491 3298 1532 et
3331 1480 3583 1544 nmltipli-

2048 1570 2201 1623 candi
2254 1569 2684 1634 consequentiam
2713 1582 2829 1621 esse
2875 1584 2937 1619 ex
2968 1582 3053 1627 eo,
3094 1569 3233 1634 quod
3286 1568 3334 1618 ei
3385 1567 3579 1618 femina

2044 1659 2384 1725 jungebatur,
2421 1659 2703 1711 certiorem
2732 1673 2875 1724 spem
2904 1673 3090 1725 gerere
3112 1667 3320 1724 poterat
3352 1658 3403 1709 in
3425 1658 3582 1708 bene-

399 1743 608 1794 veniunt
631 1744 696 1794 ad
725 1757 881 1807 eum,
907 1755 960 1797 et
1020 1745 1355 1797 rationabilis
1381 1746 1623 1812 imaginis
1667 1748 1951 1814 participes
1983 1733 2025 1791 Β
2052 1745 2281 1798 dictione
2308 1746 2507 1798 divina.
2563 1746 2617 1795 Si
2642 1746 2782 1796 enim
2822 1746 3042 1797 dixisset
3106 1744 3380 1810 Scriptura
3411 1758 3424 1791 :
3451 1740 3583 1795 Cre-

397 1829 521 1883 etiici
543 1833 786 1894 student,
831 1847 934 1896 per
970 1833 1280 1898 profecmm
1306 1847 1457 1885 suum
1492 1835 1780 1887 secundum
1814 1837 1951 1888 inte-

401 1919 580 1970 riorem
619 1919 902 1971 hominem
940 1930 1281 1974 renovantur
1304 1920 1536 1987 quotidie
1576 1921 1638 1972 ad
1674 1922 1948 1990 imaginem

401 2007 508 2072 ejus
542 2007 630 2073 qui
662 2005 792 2060 fecit
816 2021 951 2071 eos;
994 2007 1071 2059 ita
1125 2017 1182 2060 ut
1242 2009 1440 2075 possint
1489 2007 1788 2061 conforme‘s
1835 2024 1951 2061 cor-

408 2096 516 2159 pori
546 2094 813 2147 claritatis
850 2096 977 2165 (66)
1004 2096 1124 2163 ejus
1144 2095 1302 2159 rlIici,
1335 2097 1423 2149 sed
1470 2097 1829 2164 unusquisque
1857 2111 1951 2163 pro

408 2183 601 2235 viribus
619 2168 1037 2250 suis.Apostoli
1075 2201 1133 2238 se
1170 2186 1234 2237 ad
1262 2183 1376 2249 ejus
1423 2185 1819 2238 similitudinem
1864 2202 1949 2239 re—

411 2269 700 2324 fortuarunt
736 2272 851 2340 58
882 2274 938 2325 in
975 2283 1184 2325 tantum
1210 2286 1265 2325 ut
1289 2274 1401 2340 ipse
1431 2275 1494 2327 de
1532 2275 1608 2327 eis
1633 2276 1833 2328 diceret
1866 2278 1948 2329 ":

416 2358 554 2413 Vallo
599 2362 666 2413 ad
710 2361 935 2413 Patrem
1003 2378 1172 2414 meum
1224 2373 1271 2414 et
1331 2364 1533 2415 Patrem
1586 2375 1827 2427 vestrum,
1885 2367 1951 2417 ad

417 2448 566 2500 Deum
611 2467 777 2502 meum
830 2463 879 2502 et
917 2452 988 2501 ad
1023 2453 1187 2503 Deum
1225 2461 1467 2504 vestrum.
1522 2453 1633 2519 Ipse
1684 2469 1807 2506 vero
1842 2455 1950 2520 jam

416 2536 627 2601 petierat
663 2537 877 2589 Patrem
936 2554 1036 2606 pro
1087 2540 1363 2607 discipulis
1394 2542 1525 2603 suis,
1559 2552 1612 2592 ut
1645 2544 1719 2595 sis
1766 2545 1953 2596 simili-

414 2625 531 2675 tudo
577 2627 800 2692 pristina
831 2627 1171 2690 redderetur,
1203 2644 1319 2681 cum
1370 2630 1502 2683 dixit
1527 2631 1570 2662 ³³
1596 2648 1611 2686 :
1643 2630 1821 2695 Pater,
1859 2635 1949 2696 da,

413 2722 468 2763 ut
500 2715 628 2765 sicut
672 2732 767 2781 ego
810 2726 861 2767 et
921 2727 977 2767 tu
1012 2732 1174 2769 unum
1227 2734 1423 2783 sumus,
1447 2722 1518 2771 ita
1541 2730 1586 2772 et
1614 2723 1699 2773 isti
1732 2723 1783 2773 in
1808 2724 1951 2775 nobis

412 2816 563 2853 unum
587 2804 711 2855 sint.
745 2804 977 2870 Semper
1002 2819 1134 2873 ergo
1159 2807 1459 2861 intueamur
1492 2810 1642 2862 istam
1672 2811 1950 2876 imaginem

416 2889 521 2951 Dei,
552 2901 610 2943 ut
638 2895 911 2958 possimus
964 2894 1028 2945 ad
1071 2894 1186 2959 ejus
1217 2895 1617 2950 similitudinem
1654 2898 1948 2951 reformari.

411 2978 464 3030 Si
486 2980 620 3031 enim
651 2982 716 3031 ad
749 2981 1045 3048 imaginem
1081 2982 1171 3035 Dei
1223 2982 1399 3035 factus
1430 2984 1613 3053 homo,
1642 2995 1822 3039 contra
1857 3003 1950 3039 na-
1976 3018 2017 3074 ο

362 3108 365 3111 .
412 3076 576 3119 turam
609 3070 829 3122 intuens
881 3070 1173 3137 imaginem
1208 3072 1400 3125 diaboli
1457 3088 1551 3141 per
1577 3085 1850 3140 peccatum
1876 3076 1949 3129 si-

409 3154 541 3206 milis
559 3154 673 3219 ejus
698 3155 934 3210 eﬂ’ectus
960 3152 1044 3211 est
1074 3175 1089 3210 :
1125 3159 1295 3213 multo
1330 3161 1497 3227 magis
1528 3163 1736 3216 intuens
1771 3165 1956 3232 imagi-

418 3255 532 3297 nem
568 3243 683 3303 Dei,
710 3246 780 3297 ad
808 3244 967 3310 cujus
996 3246 1403 3301 similitudinem
1455 3249 1625 3301 factus
1648 3260 1727 3303 est
1757 3265 1785 3301 a
1822 3251 1950 3313 Deo,

409 3328 750 3395 perVerbum
780 3345 836 3385 et
861 3335 1120 3387 virtutem
1144 3336 1260 3401 ejus
1293 3337 1509 3403 recipiet
1540 3336 1763 3390 fortnam
1811 3339 1950 3391 illatn

409 3428 520 3481 qua:
545 3419 667 3470 data
692 3420 741 3472 ei
777 3421 953 3474 fuerat
983 3437 1083 3489 per
1126 3433 1393 3477 naturam.
1446 3425 1551 3478 Sed
1579 3440 1732 3479 nemo
1764 3427 1950 3494 despe-

412 3512 487 3556 ret
507 3507 689 3560 videns
711 3509 1127 3563 similitudinem
1174 3528 1326 3564 suam
1354 3515 1523 3581 magis
1550 3530 1665 3568 esse
1690 3531 1808 3568 cum
1834 3517 1953 3568 dia-

410 3588 525 3644 bolo
551 3608 709 3660 qnam
754 3611 880 3648 cum
912 3597 1044 3659 Deo,
1088 3613 1248 3665 posse
1293 3613 1351 3652 se
1398 3600 1590 3653 iterum
1639 3616 1952 3668 recuperare

409 3672 623 3729 formam
657 3680 914 3749 imaginis
946 3684 1065 3745 Dei,
1107 3684 1238 3750 quia
1278 3701 1380 3738 non
1411 3688 1555 3739 venit
1589 3686 1831 3741 Salvator
1854 3705 1947 3742 vo-

408 3776 523 3818 care
550 3767 745 3832 jnstos,
782 3770 880 3821 sed
929 3780 1252 3837 peccatores
1298 3771 1350 3824 in
1384 3775 1773 3841 paenitentiam.
1816 3777 1950 3829 Mat-

410 3854 570 3908 thaus
593 3858 915 3924 publicanus
929 3868 1072 3923 erat,
1096 3869 1149 3914 et
1177 3862 1360 3928 utique
1382 3864 1556 3931 imago
1599 3867 1713 3933 ejus
1739 3868 1949 3922 diabolo

408 3943 588 3997 similis
613 3956 751 4009 erat,
780 3949 875 4001 sed
906 3950 1138 4003 veniens
1166 3951 1232 4002 ad
1258 3952 1537 4019 imaginem
1565 3954 1655 4007 Dei
1673 3954 1947 4009 Dominmn

417 4040 469 4082 et
492 4032 826 4086 Salvatorem
857 4046 1130 4099 nostrum,
1167 4046 1223 4090 ct
1269 4053 1498 4104 sequens
1526 4056 1665 4106 eam,
1698 4046 1951 4098 transfor-

409 4129 571 4172 matns
598 4130 680 4174 est
708 4123 775 4173 ad
802 4123 1225 4177 similitudinem
1284 4125 1530 4193 imaginis
1575 4130 1692 4181 Dei.
1726 4129 1950 4185 Jacobus

407 4201 635 4262 Zebedtei
694 4210 856 4270 filius,
913 4221 971 4264 et
1016 4211 1258 4266 Joannes
1307 4214 1475 4268 frater
1504 4218 1621 4284 ejus
1661 4220 1949 4285 piscatores

2049 1831 2174 1883 scite
2200 1842 2245 1881 et
2287 1830 2700 1897 multiplicamini
2743 1841 2789 1882 et
2822 1831 3009 1898 replete
3039 1841 3251 1892 terram,
3279 1830 3581 1881 etdomina—

2050 1920 2179 1971 mitti
2203 1921 2253 1971 in
2271 1936 2350 1981 ea,
2379 1936 2479 1971 non
2512 1918 2763 1984 adjiciens
2791 1915 2908 1982 hoc,
2942 1920 3062 1985 quia
3096 1919 3379 1970 masculum
3419 1926 3468 1970 et
3504 1919 3582 1985 fe-

2049 2011 2239 2060 minam
2261 2010 2378 2075 ]‘ecit
2407 2024 2515 2072 eos,
2544 2010 2725 2074 utique
2777 2009 3128 2060 benedictioni
3183 2010 3375 2061 divinze
3403 2010 3580 2061 incre-

2048 2097 2202 2149 dulus
2226 2097 2540 2159 exstitisset,
2572 2096 2777 2148 sicutet
2801 2090 2961 2147 Maria
2997 2097 3060 2147 ad
3090 2111 3206 2146 eam
3254 2096 3579 2148 benedictio-

2049 2202 2166 2238 nem
2200 2202 2300 2251 qua
2326 2186 2738 2237 benedicebatur
2766 2187 2832 2237 ab
2857 2184 3067 2252 angelo,
3087 2186 3160 2236 ait
3189 2184 3233 2214 ’°
3265 2204 3277 2237 :
3312 2184 3579 2246 Quomodo

2048 2274 2206 2324 sciant
2236 2273 2330 2324 ltoc
2378 2268 2532 2340 (67)?
2570 2273 2811 2339 quoniam
2853 2272 3018 2323 virum
3053 2289 3152 2322 non
3181 2286 3448 2338 cognosco.
3477 2271 3581 2321 Aut

2057 2362 2282 2413 fortasse
2303 2362 2428 2427 quia
2482 2361 2659 2413 omnia
2714 2375 2886 2427 qutca
2920 2359 3025 2411 Deo
3063 2360 3200 2411 facta
3253 2369 3399 2421 sunt,
3454 2366 3582 2409 edu-

2044 2448 2226 2516 jttncta
2259 2464 2311 2501 et
2334 2452 2698 2515 compaginata
2728 2450 2995 2507 dicuntur,
3030 2459 3085 2498 ut
3113 2447 3304 2499 malum
3337 2457 3388 2499 et
3415 2457 3576 2507 terra,

2049 2545 2101 2589 ct
2134 2537 2211 2590 sol
2235 2545 2286 2589 et
2324 2538 2480 2598 luna;
2517 2538 2586 2588 ita
2615 2549 2751 2602 ergo
2775 2543 2831 2586 ιιι
2857 2535 3225 2588 ostenderetur
3252 2537 3496 2602 quoniam
3527 2544 3581 2588 et

2050 2624 2208 2677 homo
2236 2624 2325 2676 Dei
2348 2640 2479 2692 opus
2505 2636 2608 2687 est,
2633 2633 2686 2676 et
2713 2636 2817 2674 non
2847 2622 2962 2674 sine
2998 2623 3303 2684 harmonia,
3337 2623 3581 2675 velcom-

2051 2712 2247 2779 petenti
2304 2712 2678 2778 conjunctione
2729 2709 2966 2778 prolatus
2996 2723 3098 2774 est,
3155 2710 3352 2763 idcirco
3383 2724 3581 2776 praeve-

2049 2802 2197 2851 niens
2242 2800 2357 2853 ait:
2396 2801 2685 2853 Masculum
2735 2816 2780 2854 et
2838 2800 3083 2870 feminam
3127 2798 3243 2866 fecit
3289 2814 3392 2850 eos.
3451 2797 3572 2850 llzrc

2049 2872 2258 2953 quidem
2288 2889 2354 2941 ad
2381 2903 2496 2941 eam
2523 2891 2870 2955 quzrstionem
2893 2889 3032 2941 dicta
3062 2894 3206 2950 sunt,
3234 2900 3350 2951 qua:
3387 2898 3578 2936 secun-

2051 2976 2170 3026 dum
2196 2975 2426 3027 litteram
2454 2977 2675 3044 proferri
2706 2985 2897 3045 potest.

2122 3062 2206 3117 15.
2238 3063 2519 3117 Videamus
2538 3075 2711 3117 autem
2753 3066 2911 3117 etiam
2960 3080 3055 3132 per
3109 3062 3415 3130 allegoriam
3445 3074 3579 3126 quo-

2051 3153 2206 3205 modo
2227 3155 2291 3205 ad
2320 3154 2601 3222 imaginem
2655 3154 2743 3206 Dei
2797 3155 2951 3207 homo
3008 3155 3177 3206 lactus
3232 3150 3498 3205 masculus
3524 3156 3578 3201 et

2050 3241 2247 3294 femina
2306 3251 2405 3294 est.
2447 3242 2672 3295 Interior
2738 3243 2894 3293 homo
2942 3253 3121 3295 noster
3168 3257 3231 3293 ex
3281 3241 3471 3306 spiritu
3525 3248 3580 3290 et

2052 3334 2224 3385 anima
2266 3342 2492 3386 constat.
2534 3332 2799 3386 Masculus
2844 3335 3064 3400 spiritus
3120 3335 3333 3396 dicitur,
3382 3331 3576 3383 femina

2053 3423 2225 3473 anima
2265 3431 2435 3487 potest
2474 3425 2790 3489 nuncupari.
2840 3424 2963 3477 ΙΙωο
2991 3424 3033 3475 si
3066 3422 3410 3477 concordiam
3437 3420 3579 3471 inter

2050 3523 2108 3561 se
2134 3508 2360 3559 habeant
2386 3517 2438 3561 et
2464 3522 2801 3571 consensum,
2822 3511 3190 3563 convenientia
3222 3509 3359 3561 inter
3382 3523 3439 3560 se
3466 3508 3577 3575 ipsa

2049 3605 2296 3649 crescunt
2324 3605 2376 3648 et
2408 3595 2845 3661 multiplicantur,
2894 3606 3254 3663 generantque
3287 3596 3420 3648 lilios
3457 3609 3579 3648 seu-

2048 3699 2140 3737 sus
2165 3684 2349 3746 bonos,
2371 3693 2424 3736 et
2456 3684 2753 3736 intellectus
2773 3684 2852 3736 vel
2880 3684 3230 3751 cogitationes
3257 3684 3437 3742 utiles,
3482 3696 3577 3749 per

2049 3788 2165 3840 qua:
2214 3770 2454 3838 repleant
2495 3782 2713 3835 terram,
2771 3780 2825 3823 et
2863 3772 3206 3824 dominentur
3249 3770 3301 3821 in
3340 3784 3437 3830 ea;
3477 3770 3578 3823 hoc

2048 3870 2151 3922 est,
2184 3859 2478 3926 subjectum
2511 3859 2613 3912 sibi
2667 3848 2877 3912 sensum
2926 3858 3105 3911 carnis
3136 3860 3201 3911 ad
3248 3858 3465 3911 meliora
3495 3860 3578 3910 in-

2049 3950 2230 4003 stituta
2277 3956 2610 4011 convertunt,
2644 3957 2699 4000 et
2726 3949 3069 4019 dominantur
3099 3948 3198 4009 eis,
3230 3946 3576 3998 scilicetcum

2048 4037 2099 4089 in
2121 4036 2262 4089 nullo
2286 4052 2412 4089 caro
2439 4044 2621 4089 contra
2668 4036 2989 4089 voluntatem
3028 4035 3245 4100 spiritus
3278 4033 3575 4087 insolescit.

2045 4125 2160 4179 Jam
2192 4140 2318 4177 vero
2357 4126 2400 4178 si
2441 4128 2616 4177 anima
2660 4124 2939 4191 conjuncta
2988 4123 3223 4190 spiritui,
3254 4133 3411 4189 atque
3439 4121 3575 4188 ejus,

2048 4226 2105 4267 ut
2134 4217 2203 4268 ita
2225 4215 2416 4279 dicam,
2446 4215 2696 4281 conjugio
2743 4213 3006 4279 copulata,
3040 4212 3268 4265 declinet
3298 4212 3578 4277 aliquando

407 4303 569 4356 crant,
612 4304 665 4347 et
720 4297 972 4350 homines
1038 4300 1159 4352 sine
1212 4300 1427 4364 litteris,
1466 4305 1558 4371 qui
1611 4307 1791 4372 utique
1824 4314 1949 4361 tunc
1980 4308 2022 4361 D
2051 4304 2114 4355 ad
2132 4319 2417 4370 corporeus
2459 4304 2776 4369 voluptates,
2820 4316 3149 4370 sensumque
3181 4317 3332 4354 suum
3365 4302 3413 4353 in
3443 4301 3579 4353 dele-

407 4380 563 4447 magis
583 4382 649 4432 ad
677 4383 972 4449 imaginem
1001 4384 1205 4437 diaboli
1250 4386 1654 4441 similitudinem
1688 4392 1943 4455 ferebant,

407 4466 491 4516 sed
532 4476 818 4533 sequentes
849 4477 906 4521 et
936 4468 1026 4521 isti
1060 4467 1355 4534 imaginem
1415 4470 1532 4534 Dei,
1579 4473 1778 4526 similes
1820 4473 1946 4529 facti

408 4560 517 4603 sunt
539 4554 610 4616 ei,
632 4557 772 4607 sicut
793 4564 848 4607 et
873 4557 1061 4609 caeteri
1088 4557 1337 4624 apostoli.
1369 4556 1566 4612 Paulus
1614 4559 1779 4625 ipsius
1818 4563 1950 4615 ima-

409 4638 534 4703 ginis
556 4640 646 4693 Dei
672 4652 992 4709 persecutor
1021 4655 1160 4696 erat.
1204 4646 1272 4701 Ut
1304 4656 1482 4698 autem
1510 4648 1682 4712 potuit
1702 4650 1945 4704 decorem

406 4724 509 4791 ejus
526 4735 577 4779 et
596 4728 1058 4795 pulchritudinem
1078 4733 1467 4795 contueri,visa
1490 4747 1571 4795 ea,
1594 4734 1643 4784 in
1663 4743 1861 4789 tantum
1884 4741 1948 4792 ad

406 4811 507 4879 ejus
549 4816 969 4869 similitudinem
1019 4818 1355 4873 reformatus
1403 4832 1505 4883 est,
1547 4830 1601 4873 ut
1627 4822 1834 4877 diceret
1862 4826 1949 4880 ’δε

403 4897 474 4948 An
499 4899 859 4954 documentum
905 4903 1157 4969 qutzritis
1201 4904 1314 4968 ejus
1363 4906 1452 4971 qui
1495 4905 1550 4955 in
1592 4920 1668 4957 me
1718 4907 1955 4974 loquitur

400 4980 619 5039 Christus
634 4992 662 5044 2
1862 4978 1865 4981 Α

452 5096 531 5150 ιι.
562 5096 867 5151 Hasculum
928 5106 982 5148 et
1047 5095 1309 5163 feminam
1358 5099 1419 5163 fet
1437 5098 1474 5148 it
1524 5114 1637 5163 eos,
1681 5111 1728 5153 et
1798 5102 1958 5155 liene-

1894 5195 1940 5225 ³³
1963 5191 2117 5246 Joan.
2137 5207 2267 5256 xvtt,
2303 5194 2390 5247 22.

438 5187 478 5220 ⁸¹
510 5188 645 5244 Phil.
692 5188 875 5250 n.6,
923 5188 983 5250 7,
1028 5195 1090 5237 et
1124 5186 1184 5238 8.

370 5253 415 5288 ⁸⁸
434 5256 562 5311 Luc.
593 5272 634 5321 t,
686 5256 785 5310 54.

418 5368 528 5448 (66)
556 5367 717 5448 μοι,
743 5362 981 5448 corpori
1012 5356 1312 5418 claritatis,
1340 5339 1453 5409 libb.
1481 5361 1609 5427 editi,
1630 5373 1947 5436 corporalis

343 5435 619 5493 claritatis.
656 5435 836 5501 malcg
958 5495 979 5501 Δ
1050 5490 1093 5501 η
1388 5490 1397 5501 .

402 5506 515 5573 (σῖ)
544 5490 739 5559 Sciam
808 5498 923 5549 Iwc
952 5495 982 5549 ?
1048 5490 1138 5543 Es
1194 5490 1428 5541 memoria
1473 5492 1581 5547 citat
1632 5498 1949 5571 Origenes.

1290 5187 1331 5217 "
1354 5185 1499 5239 .loan.
1541 5204 1625 5251 xx,
1652 5193 1734 5246 t7.

2051 4391 2374 4445 ctationibus
2422 4393 2727 4444 carnalibus
2775 4391 3019 4452 inclinet,
3045 4402 3099 4442 et
3142 4389 3424 4457 aliquando
3458 4389 3578 4456 qui-

2053 4480 2171 4533 dem
2196 4480 2568 4547 obtempcrare
2596 4481 2837 4531 videatur
2881 4480 3201 4533 salutaribus
3226 4482 3438 4535 ttionitis
3469 4481 3577 4547 spi-

2052 4567 2203 4629 ritus,
2232 4567 2515 4635 aliquando
2537 4581 2661 4620 vero
2700 4567 2843 4619 vitiis
2893 4567 3196 4620 carnalibus
3252 4569 3421 4627 cedat,
3454 4568 3575 4621 talis

2051 4655 2266 4717 anima,
2296 4655 2437 4707 velut
2487 4655 2740 4707 adulterio
2790 4654 3025 4720 corporis
3075 4656 3354 4716 maculata,
3408 4668 3577 4719 neque

2051 4759 2317 4809 crescere,
2344 4758 2510 4811 neque
2540 4742 2877 4809 multiplicari
2932 4742 3164 4809 legitime
3206 4744 3420 4804 dicitur,
3443 4756 3574 4809 quo-

2053 4836 2201 4886 niam
2222 4831 2433 4899 quidem
2482 4830 2618 4883 filios
2648 4830 3010 4882 adulterormn
3044 4830 3379 4897 imperfectos
3434 4828 3579 4881 Scri.

2055 4932 2210 4989 plura
2264 4922 2527 4988 designat.
2576 4919 2724 4971 Talis
2773 4920 2913 4971 enim
2943 4920 3142 4980 anima,
3194 4933 3310 4984 qua:
3362 4916 3578 4982 spiritus

2056 5014 2429 5082 conjunctione
2453 5015 2683 5073 deserta,
2712 5013 2889 5064 sensui
2938 5026 2996 5065 se
3024 5014 3199 5065 carnis
3223 5023 3278 5065 et
3302 5008 3577 5063 desideriis

2057 5101 2418 5169 corporalibus
2444 5113 2604 5154 totam
2646 5101 2953 5168 prosternit,
3001 5100 3139 5151 velut
3200 5111 3385 5150 aversa
3416 5110 3443 5144 a
3473 5095 3576 5143 Deo

2492 5193 2535 5225 “
2560 5194 2598 5245 ll
2630 5193 2754 5245 Cor.
2803 5205 2919 5253 χιιι,
2942 5191 2995 5241 5.
3128 5190 3171 5220 ³⁵
3205 5189 3458 5243 Genesi,
3484 5181 3573 5235 27.

2051 5376 2181 5429 Nam
2217 5376 2269 5425 in
2315 5372 2556 5425 omnibus
2604 5371 2756 5425 cold.
2793 5368 2991 5422 Grrecis
3043 5373 3095 5417 et
3146 5361 3352 5429 Latinis
3386 5354 3579 5429 Ιθπῖιιξτ

2055 5422 2168 5504 Ζιέιῖὺς
2216 5441 2362 5493 ἔσται
2400 5439 2587 5503 τοῦτο;
2625 5437 2735 5499 πῶς
2769 5437 2918 5487 ἔσται
2951 5448 3037 5499 μοι
3086 5430 3273 5491 rauco;
3316 5422 3581 5487 Quomodo

2055 5512 2138 5578 ﬁet
2159 5513 2292 5563 istud
2312 5510 2335 5560 ?
