3878 6184
593 289 688 341 153

2035 266 2351 325 ORlGENlS

587 398 942 464 impudenter,
972 391 1168 453 audiet,
1205 390 1330 457 quia
1375 389 1535 456 facies
1559 385 1841 440 meretricis
1869 384 2009 448 facta
2041 390 2110 433 est

2214 375 2386 444 gentis
2426 371 2760 425 meretricem
2815 383 2939 421 cum
2991 359 3242 417 Israelita
3295 354 3422 408 viro
3470 349 3575 405 sub
3621 367 3676 405 ορ

2346 461 2354 464 .
2501 459 2511 464 -
2683 457 2693 464 .
2797 455 2864 464 ...
2969 460 2978 464 _
3023 450 3034 461 ο
3085 449 3096 464 ι
3133 459 3300 464 _,__.-__
3368 440 3676 464 ...ιη-..ΙΛν21ι

585 489 704 546 tibi,
733 485 842 536 sine
862 482 1057 551 pudore
1087 487 1264 542 effecta
1313 495 1366 532 es
1391 480 1457 529 ad
1495 493 1665 530 omnes
1695 476 1759 527 ³⁷.
1787 474 1955 527 Veluti
2013 487 2118 525 me-

586 576 754 628 retrix
782 589 908 638 ergo
959 571 1220 639 punietur,
1279 578 1333 620 et
1383 567 1474 620 ﬁlii
1506 568 1620 634 ejus
1673 566 1738 619 ad
1791 564 2114 618 occisionem

588 663 873 732 prmparari
901 661 1150 728 jubentur
1173 659 1216 689 ³⁸
1247 657 1380 725 (68).

659 760 744 813 16.
783 756 845 809 Et
864 757 1200 808 dominamini
1242 755 1456 820 piscium
1489 752 1664 813 maris,
1725 759 1773 802 et
1830 747 2116 801 volatilium

590 849 722 907 caeli,
758 847 1193 913 etjumentorum,
1227 855 1271 894 et
1305 843 1530 893 omnium
1554 856 1668 908 qua:
1693 848 1810 891 sunt
1840 853 1988 902 super
2015 847 2118 886 ter-

591 951 724 998 ram,
747 944 795 986 et
831 933 1107 999 repentium
1145 947 1260 998 qua:
1289 940 1466 995 repunt
1495 944 1647 994 super
1676 937 1866 979 terram
1897 924 1960 977 3'.
1999 921 2114 975 Jam

590 1023 1069 1088 lrmcinterpretata
1091 1029 1214 1072 sunt
1261 1017 1552 1070 secundum
1596 1017 1852 1075 litteram,
1887 1029 2005 1065 cum
2039 1014 2119 1066 di-

589 1125 827 1162 ceremus
860 1111 997 1176 quod
1035 1109 1164 1160 dicit
1217 1106 1389 1158 Deus:
1428 1103 1710 1156 Faciamus
1737 1103 2015 1162 hominem,
2065 1111 2117 1154 et

591 1197 813 1264 reliqua,
859 1197 946 1249 ubi
979 1196 1103 1248 dicit
1141 1210 1154 1245 :
1192 1193 1254 1244 Et
1289 1193 1579 1244 dominetur
1606 1193 1821 1258 piscium
1869 1190 2047 1248 maris,
2069 1199 2116 1240 et

591 1285 874 1337 volatilium
906 1283 1038 1346 caeli,
1092 1292 1144 1334 et
1185 1291 1400 1334 cretera.
1466 1280 1766 1332 Secundum
1813 1278 2116 1345 allegoriam

592 1381 764 1424 tamen
797 1372 848 1424 in
879 1372 1136 1438 piscibus,
1172 1381 1224 1422 et
1253 1369 1581 1432 volatilibus,
1613 1368 1696 1421 vel
1728 1367 2044 1420 animalibus
2068 1373 2120 1417 ct

591 1460 898 1526 repentibus
951 1467 1125 1520 terrae,
1167 1473 1230 1511 ea
1284 1459 1409 1510 mihi
1462 1457 1706 1509 videntur
1749 1453 1998 1513 indicari.
2054 1453 2119 1504 de

591 1548 784 1614 quibus
817 1545 1159 1599 nihilominus
1217 1544 1463 1611 superius
1515 1543 1770 1603 diximus,
1809 1541 1860 1592 id
1903 1549 2003 1602 est,
2036 1537 2118 1590 vel

591 1649 708 1702 quae
737 1633 801 1686 de
823 1648 981 1686 sensu
1006 1634 1194 1685 animae
1226 1670 1242 1695 ,
1279 1641 1332 1683 et
1354 1631 1532 1684 cordis
1581 1629 1896 1696 cogitatione
1933 1640 2118 1694 proce-

591 1708 742 1785 dunt,
774 1720 856 1773 vel
883 1735 998 1788 quae
1025 1736 1089 1775 ex
1134 1719 1411 1773 desideriis
1442 1718 1831 1785 corporalibus,
1861 1725 1914 1768 et
1940 1713 2119 1768 carnis

592 1810 821 1861 motibus
849 1809 1229 1874 proferuntur;
1258 1821 1481 1873 quorum
1528 1805 1696 1859 sancti
1725 1806 1922 1870 quique
1947 1810 2001 1854 et
2025 1801 2119 1854 be-

593 1897 949 1951 nedictionem
978 1896 1067 1950 Dei
1115 1897 1168 1948 in
1200 1875 1500 1961 semeiipsis
1558 1900 1852 1955 servantes,
1882 1891 2122 1944 domina-

594 1989 792 2040 tionem
844 1996 1117 2050 exerccnt,
1154 1994 1373 2054 agentes
1421 1993 1586 2036 totum
1642 1983 1906 2035 hominem
1939 1994 2123 2033 secun-

594 2082 716 2131 dum
748 2079 970 2147 spiritus
993 2077 1342 2130 voluntatem.
1401 2072 1778 2127 Peccatoribus
1805 2085 1930 2123 vero
1955 2068 2123 2136 magis

595 2167 706 2232 ipsa
730 2166 1086 2228 dominantur,
1138 2178 1254 2230 quae
1303 2165 1366 2215 de
1413 2160 1590 2214 carnis
1623 2158 1770 2212 vitiis
1792 2164 1846 2210 et
1881 2155 2123 2224 corporis

594 2253 952 2319 voluptatibus
977 2251 1339 2319 proferuntur.

663 2350 770 2418 59
805 2351 886 2405 l7.
920 2348 982 2402 Et
1013 2349 1143 2400 dixit
1173 2347 1342 2398 Deus:
1381 2343 1508 2397 Ecce
1535 2344 1652 2396 dedi
1679 2343 1817 2395 vobis
1845 2357 1993 2393 omne
2026 2341 2122 2406 Ia:-

595 2457 715 2493 uum
743 2441 1012 2501 seminale,
1041 2440 1176 2507 quod
1214 2439 1427 2491 seminat
1460 2453 1631 2488 semen
1654 2475 1668 2499 ,
1697 2436 1835 2502 quod
1869 2445 1945 2486 est
1975 2449 2126 2501 super

593 2547 790 2583 omnem
829 2541 1016 2581 terram
1051 2568 1064 2592 ,
1104 2537 1152 2581 et
1200 2543 1345 2580 omne
1375 2526 1570 2594 lignum
1624 2526 1760 2592 quod
1794 2524 1944 2575 habet
1983 2523 2034 2574 in
2072 2539 2126 2576 se

593 2620 816 2686 fructum
843 2618 1049 2669 seminis
1086 2617 1381 2680 seminatis,
1423 2615 1565 2666 vobis
1604 2615 1700 2665 erit
1741 2613 1808 2664 ad
1854 2629 2044 2676 escam,
2076 2622 2123 2665 et

595 2707 828 2758 omnibus
855 2706 1023 2757 bestiis
1049 2713 1218 2770 terris,
1259 2713 1306 2755 et
1331 2705 1563 2756 omnibus
1595 2701 1883 2754 volatilibus
1913 2701 2044 2762 caeli,
2077 2711 2124 2753 et

596 2795 827 2846 omnibus
868 2795 1152 2859 repentibus
1189 2808 1303 2861 qua:
1351 2802 1530 2857 repunt
1559 2807 1710 2857 super
1744 2800 1970 2855 terram,
2011 2806 2127 2858 qua:

597 2884 780 2935 habent
806 2885 859 2934 in
900 2900 954 2936 se
990 2883 1216 2935 animam
1256 2884 1370 2935 vitat
1396 2883 1462 2937 ⁸⁸.
1501 2882 1751 2935 Ινίἱδῑοτίιι·
1783 2882 1995 2950 quidem
2023 2883 2126 2936 hu-

592 2970 680 3036 jus
711 2973 970 3024 sententia
1004 2969 1286 3024 manifeste
1323 2970 1520 3024 indicat
1552 2985 1702 3024 usum
1739 2971 1980 3025 ciborum
2012 2971 2126 3038 pri—

596 3063 758 3114 initus
786 3075 813 3112 a
848 3062 953 3114 Deo
978 3075 1045 3114 ex
1075 3061 1274 3124 herbis,
1306 3061 1359 3114 id
1385 3070 1468 3114 est
1497 3062 1754 3126 oleribus,
1792 3071 1846 3116 et
1873 3062 2124 3114 arborum

597 3151 855 3204 fructibus
877 3166 993 3204 esse
1009 3152 1323 3220 permissum
1347 3152 1411 3205 ιι.
1442 3152 1718 3206 Postremo
1741 3167 1886 3216 vero,
1916 3166 2036 3205 cum
2061 3151 2126 3205 ad

600 3239 711 3291 Noe
739 3250 856 3306 post
886 3243 1140 3294 diluvium
1175 3242 1324 3295 fieret
1356 3251 1752 3307 testamentum,
1785 3243 2008 3297 facultas
2037 3257 2132 3295 ve-

600 3329 915 3382 sceudarum
975 3331 1212 3383 carnium
1296 3331 1600 3384 hominibus
1672 3332 1850 3384 datur.
1923 3329 2126 3394 Quibus

598 3432 730 3470 sane
785 3418 848 3470 de
891 3419 1064 3472 causis
1116 3420 1168 3471 in
1222 3421 1333 3472 suis
1377 3420 1508 3473 locis
1559 3420 1755 3472 rectius
1802 3428 2123 3486 exponetur.

599 3507 900 3560 Secundum
929 3508 1232 3575 allegoriam
1266 3517 1438 3561 tamen
1477 3508 1638 3562 herba
1664 3517 1819 3560 terra:
1840 3519 1894 3560 et
1922 3507 2127 3559 fructus

599 3597 713 3662 ejus
742 3598 828 3663 qui
860 3598 924 3648 ad
955 3613 1131 3650 escam
1171 3595 1471 3649 hominibus
1505 3595 1829 3662 indulgetur,
1861 3602 2038 3662 potest
2063 3594 2128 3648 de

599 3686 880 3740 all'ectibus
909 3687 1130 3754 intelligi
1171 3687 1560 3748 corporalibus.
1611 3684 1767 3738 Verbi
1804 3697 1998 3737 causa:
2047 3684 2125 3735 I‘ra

599 3785 652 3836 et
685 3775 1114 3842 concupiscentia
1153 3789 1368 3842 germen
1393 3784 1473 3827 est
1507 3773 1768 3840 corporis.
1810 3770 1977 3836 Hujus
2007 3785 2128 3836 ger-

599 3863 760 3916 minis
809 3863 1010 3917 l'ructus
1034 3903 1050 3927 ,
1087 3864 1136 3916 id
1175 3871 1275 3925 est,
1308 3876 1440 3928 Opus
1463 3900 1476 3922 ,
1516 3861 1670 3914 nobis
1702 3859 2048 3912 rationalibus
2072 3866 2129 3910 et

597 3953 784 4006 bestiis
814 3962 966 4008 terra
996 3952 1291 4007 communis
1317 3959 1420 4004 est.
1455 3949 1586 4002 Nam
1611 3949 1822 4017 quando
1849 3948 2128 4001 irascimur

599 4045 666 4097 ad
693 4045 954 4111 justitiam
984 4083 998 4104 ,
1034 4043 1084 4095 id
1118 4049 1218 4104 est,
1253 4041 1316 4093 ad
1351 4041 1736 4092 correctionem
1773 4035 2127 4103 delinquentis

598 4141 651 4182 et
682 4132 1106 4184 emendationem
1135 4128 1321 4182 salutis
1346 4127 1478 4192 ejus,
1516 4128 1619 4180 isto
1647 4125 1820 4177 l'rnctu
1851 4132 2006 4176 terra!
2038 4138 2127 4176 ve-

599 4219 834 4280 scimur,
865 4225 918 4269 et
945 4218 1095 4270 cibus
1125 4226 1309 4270 noster
1337 4214 1611 4267 iracundia
1641 4211 1932 4280 corporalis
1964 4211 2125 4265 elIici-

601 4319 704 4369 tur,
743 4323 837 4374 per
866 4322 1019 4374 quam
1055 4308 1393 4374 reprimtmns
1421 4312 1718 4372 peccatum,
1752 4302 2009 4370 justitiam
2039 4315 2124 4354 re-

599 4410 868 4464 paramns.
917 4395 980 4447 Et
1023 4410 1091 4448 ne
1131 4393 1222 4446 tibi
1263 4393 1540 4445 videamur
1576 4390 1691 4446 haec
1725 4389 1789 4442 de
1820 4397 2002 4442 nostro
2035 4403 2129 4455 po-

603 4485 708 4535 tius
742 4497 931 4545 sensu,
969 4497 1124 4549 quam
1157 4482 1219 4534 de
1253 4480 1446 4533 divina:
1485 4478 1776 4546 Scriptura:
1808 4477 2126 4530 auctoritate

600 4571 874 4639 proferre,
905 4571 1011 4624 redi
1040 4573 1104 4623 ad
1133 4570 1322 4623 librum
1363 4569 1731 4628 Numerorum,
1766 4577 1818 4619 et
1846 4566 2127 4619 recordare

598 4661 724 4727 quid
759 4659 927 4728 egerit
959 4659 1183 4712 Phinees
1208 4658 1482 4715 sacerdos,
1510 4656 1596 4722 qni
1629 4671 1746 4706 cum
1779 4654 2126 4706 ltladianitica:

669 4775 712 4806 ³⁷
743 4773 850 4826 Jct‘.
882 4787 962 4836 ttl,
998 4772 1050 4826 5.

600 4859 714 4896 xxr.
791 4841 834 4870 ’⁸⁸
867 4843 1060 4892 (Senes.
1102 4854 1140 4898 ι.
1168 4840 1257 4891 9.9.

1126 4771 1169 4800 ³⁸
1207 4770 1304 4822 lsa.
1341 4784 1450 4825 xw,
1473 4768 1562 4820 21.

1333 4836 1374 4867 ⁸⁸
1417 4837 1544 4891 ibid.
1579 4834 1665 4887 50.

669 4969 778 5038 (68)
806 4969 924 5022 Mss.
951 4969 1220 5036 jubentur.
1254 4967 1404 5021 Libb.
1435 4967 1582 5027 editi,
1611 4967 1935 5038 videbuntur.
1968 4964 2130 5018 Paulo

597 5033 893 5116 pOSlultssq
915 5033 963 5088 ei
992 5039 1270 5100 repentium
1301 5052 1416 5104 qua:
1451 5042 1650 5101 repunt.
1680 5035 1833 5086 Libb.
1852 5033 2000 5093 edit.,
2029 5049 2130 5084 ser.

601 5113 831 5172 pentiam
855 5120 969 5172 qua:
994 5113 1193 5172 repunt.

668 5174 777 5242 (σεξ)
825 5169 1098 5242 Arreptum
1135 5170 1363 5242 glad_ium
1391 5169 1786 5242 perutriusque
1813 5183 1986 5234 peetus
2015 5182 2128 5218 exe-

600 5235 694 5304 git'.
740 5235 814 5292 lia
845 5235 998 5294 codd.
1031 5238 1199 5289 sancti
1234 5237 1569 5298 Theudorici,
1616 5238 1718 5288 duo
1747 5235 2079 5304 Turonenses
2107 5274 2123 5297 ,

599 5296 942 5373 Remigianns
968 5317 1020 5358 et
1049 5305 1398 5357 Belvacensis.
1433 5296 1908 5373 Secumlum_h:mc
1942 5296 2123 5373 lectio;

601 5391 720 5427 nem
751 5367 1008 5441 Origenes
1039 5381 1250 5441 putasse
1281 5374 1575 5441 censendus
1603 5371 1705 5441 erit
1738 5371 1986 5441 Phineum
2012 5367 2122 5441 gla-

517 5479 523 5486 .
603 5445 744 5493 dium
773 5435 926 5493 suum
959 5435 1053 5508 per
1080 5439 1177 5490 viri
1204 5437 1450 5508 Israelita:
1478 5447 1530 5490 et
1562 5439 1796 5508 mulieris
1824 5435 2121 5508 Madianiti-

603 5513 635 5560 tt
660 5524 684 5560 s
722 5519 902 5575 pictus
929 5501 1197 5577 exegisse;
1223 5507 1314 5560 scd
1351 5505 1565 5572 Vulgata
1599 5507 1672 5556 ait
1719 5505 1858 5571 ipsos
1888 5504 1937 5554 in
1992 5501 2118 5552 locis

1636 4767 1677 4799 "
1709 4765 1897 4819 Cenes.
1934 4781 1969 4826 ι,
2003 4765 2090 4817 28.

2212 4765 2340 4816 ibid.
2374 4765 2461 4825 ἓξ),
2493 4764 2581 4816 '50.
2624 4762 2880 4819 MCenes.
2913 4779 2986 4818 ix.
3025 4764 3069 4794 δ’
3100 4763 3258 4817 Num.
3291 4779 3445 4821 xxv.

1741 4833 1784 4863 ⁸⁸
1812 4833 1828 4885 ι
1860 4831 1998 4884 Tim.
2026 4848 2095 4894 tv,
2131 4833 2212 4885 i5.

2215 440 2448 514 omnium
2501 457 2725 524 impuris
2759 455 2985 506 vidisset
3023 449 3306 501 inlimrere
3363 440 3676 502 conrplexih

2216 551 2291 603 ira
2333 549 2524 600 divina:
2573 541 2934 597 armulationis
2989 537 3290 604 impletus,
3347 537 3638 595 arreptum

2215 641 2356 692 dium
2392 651 2483 704 per
2513 635 2788 700 utriusque
2829 639 3016 698 pectus
3051 625 3242 692 exegit
3283 618 3428 689 (69).
3467 618 3626 683 Quod
3657 632 3676 668 ί

2217 735 2513 792 reputatum
2544 731 2624 774 est
2662 723 2709 773 ei
2756 735 2784 770 a
2837 721 2944 770 lteo
2981 717 3046 767 ad
3073 712 3382 781 justitiam,
3442 708 3662 760 dicente

2216 817 2358 868 mino
2387 815 2466 864 ⁴⁸ε
2504 812 2718 864 Phinees
2755 807 2954 860 sedavit
2982 805 3218 870 [morem
3254 812 3464 856 meum,
3506 804 3556 846 et
3586 810 3674 860 rep

2216 905 2354 955 bitur
2380 903 2427 952 ei
2475 899 2542 950 ad
2565 895 2851 964 justitiam.
2887 893 2992 945 iste
3037 903 3170 956 ergo
3217 888 3384 938 cibus
3420 885 3518 936 ira:
3554 891 3676 934 Iern

2217 998 2398 1043 noster
2441 987 2501 1038 ﬁt
2531 984 2713 1044 cibus,
2764 995 2885 1034 cum
2918 994 2981 1030 eo
3037 971 3464 1028 rationabiliter
3501 970 3675 1021 utimu

2211 1074 2490 1144 justitiam.
2527 1070 2584 1122 Si
2636 1081 2763 1120 vero
2811 1061 3277 1140 irrationabiliter
3315 1067 3523 1124 agatur
3555 1055 3676 1117 ira,

2219 1165 2530 1216 innocentes
2559 1158 2741 1225 puniat
2768 1193 2784 1218 ,
2821 1161 2915 1207 aut
2944 1152 3281 1204 ell‘ervescat
3317 1147 3374 1198 in
3409 1159 3514 1199 eos
3547 1146 3641 1212 qui

2217 1252 2526 1316 delinquunt
2553 1285 2568 1311 ,
2600 1247 2699 1298 iste
2733 1244 2886 1296 cibus
2915 1241 3020 1294 erit
3068 1239 3386 1291 bestiarum
3421 1235 3565 1303 agri,
3595 1242 3651 1285 et

2216 1345 2429 1405 pentum
2461 1345 2614 1388 terrm
2637 1372 2652 1394 ,
2686 1341 2740 1384 et
2775 1329 3054 1381 volucrum
3102 1325 3257 1377 cteli.
3317 1322 3419 1374 His
3449 1319 3656 1373 etenim

2217 1436 2399 1476 tnones
2431 1420 2737 1472 nutriuntur
2784 1415 2920 1468 cibis
2943 1452 2958 1476 ,
2991 1413 3080 1478 qui
3135 1409 3305 1462 malis
3345 1406 3561 1460 nostris
3591 1415 3676 1457 act

2217 1521 2270 1564 et
2298 1517 2590 1578 pascuntur
2618 1515 2671 1559 et
2708 1505 2910 1556 favent.
2947 1499 3217 1553 Iudicium
3257 1508 3509 1562 namque
3540 1502 3626 1546 est
3654 1494 3676 1546 l:

2217 1598 2393 1666 operis
2442 1595 2572 1649 Cain
2597 1630 2613 1656 ,
2654 1591 2744 1658 qui
2802 1591 3146 1642 innocentem
3199 1583 3447 1635 fratrem
3488 1581 3569 1632 ira
3605 1581 3676 1631 de

2149 1672 2190 1725 Β
2219 1686 2451 1742 invidiae.
2491 1681 2751 1736 Similiter
2795 1679 2956 1730 etiam
2988 1677 3055 1727 de
3104 1667 3582 1739 concupiscentia
3612 1707 3628 1732 ,
3663 1682 3676 1719 t

2167 1775 2440 1844 -singulis
2501 1768 2866 1838 hujuscemodi
2933 1763 3228 1818 aﬂ'eetibus
3291 1758 3658 1814 sentiendum

2219 1864 2350 1918 Cum
2385 1862 2526 1916 enim
2577 1856 2912 1924 concupiscit
2959 1865 3014 1907 et
3051 1851 3247 1905 deficit
3293 1851 3488 1902 anima
3529 1857 3676 1901 nostr

2221 1952 2384 2006 Deum
2418 1952 2614 2011 vivum,
2641 1957 2821 2000 noster
2855 1944 3013 1997 cibus
3037 1950 3123 1994 est
3147 1939 3646 2008 concupiscentia.

2220 2049 2397 2093 autem
2433 2039 2516 2090 vel
2561 2036 2791 2106 alienam
2839 2031 3123 2084 mulierem
3178 2030 3253 2081 ad
3307 2027 3676 2096 concupiscen

2220 2127 2482 2186 videmus,
2507 2123 2590 2176 vel
2617 2120 2817 2188 aliquid
2845 2131 3025 2172 rerum
3053 2115 3301 2181 proximi
3341 2115 3669 2183 concupisci

2221 2213 2460 2269 bestialis
2484 2213 2633 2265 cibus
2663 2207 2886 2262 etiicitur
2921 2203 3418 2271 concupiscentia.
3452 2203 3614 2256 Sicut
3640 2218 3669 2254 e

2222 2301 2310 2368 plo
2353 2307 2531 2366 potest
2564 2310 2683 2350 esse
2725 2292 3168 2358 concupiscentia
3204 2289 3410 2344 Achab
3446 2327 3463 2353 ,
3517 2299 3576 2343 et
3611 2289 3676 2341 fat

2222 2388 2435 2444 Iezabel
2460 2389 2523 2441 de
2545 2385 2699 2438 vinea
2731 2380 2998 2436 Nahuthei
3031 2378 3357 2433 Jezraelitaa
3389 2379 3461 2431 “.
3486 2378 3676 2434 -Obser

2224 2482 2291 2535 da
2321 2493 2450 2534 sane
2481 2485 2561 2531 est
2607 2483 2805 2528 sanctae
2850 2473 3150 2541 Scriptum
3198 2473 3380 2526 etiam
3419 2471 3476 2523 in
3517 2471 3676 2523 verbi:

2225 2569 2430 2622 ratione
2465 2563 2668 2617 cautela
2695 2600 2710 2623 ,
2739 2576 2858 2628 qua:
2891 2576 3014 2614 cum
3067 2561 3134 2614 de
3166 2561 3506 2613 hominibus
3541 2557 3676 2609 dixis

2225 2659 2346 2725 quia
2387 2656 2522 2708 dixit
2563 2655 2699 2705 Deus
2740 2652 2828 2701 δῖε
2878 2650 3012 2702 Ecce
3060 2651 3187 2703 dedi
3237 2649 3392 2703 vobis
3446 2663 3604 2701 omne
3643 2663 3676 2698 s.

2224 2745 2466 2802 semiuale
2514 2744 2649 2813 quod
2697 2751 2770 2794 est
2817 2758 2968 2808 super
3003 2750 3250 2804 terram,
3308 2749 3361 2792 et
3419 2754 3578 2791 omne
3617 2738 3676 2804 [ξε

2223 2835 2358 2906 quod
2405 2844 2478 2887 est
2512 2848 2664 2900 super
2702 2842 2894 2882 terram
2930 2829 3070 2881 vobis
3102 2829 3204 2881 erit
3242 2829 3318 2880 ad
3351 2843 3538 2881 escam
3572 2865 3588 2888 ,
3624 2828 3676 2878 dt

2151 2957 2192 3013 ο
2226 2926 2340 2980 stiis
2367 2939 2470 2978 non
2509 2922 2666 2985 dixit,
2698 2920 2820 2988 quia
2855 2918 2977 2971 dedi
3005 2918 3088 2971 eis
3119 2918 3188 2971 ad
3223 2932 3423 2971 escam
3460 2918 3578 2987 hace
3611 2930 3676 2967 on

2229 3015 2322 3068 sed
2349 3015 2446 3065 erit
2479 3010 2581 3064 illis
2612 3010 2678 3061 ad
2713 3023 2918 3070 escam;
2949 3014 3010 3058 ut
3039 3007 3353 3059 secundum
3383 3004 3676 3074 spiritalen

2229 3105 2423 3156 tionem
2461 3113 2619 3167 quam
2654 3096 2999 3164 exposuimus
3025 3132 3041 3156 ,
3089 3092 3337 3149 aﬂ'ectus
3377 3095 3472 3149 isti
3505 3093 3676 3146 intelli

2229 3200 2312 3244 tur
2346 3187 2542 3243 homini
2579 3187 2790 3253 quidem
2842 3201 2870 3241 a
2925 3183 3032 3236 Deo
3067 3184 3180 3234 dati
3230 3198 3368 3236 esse
3396 3223 3413 3246 ,
3451 3198 3676 3250 prauum

2227 3289 2404 3333 tamen
2435 3292 2460 3326 a
2497 3277 2622 3336 Deo,
2655 3273 2798 3342 quod
2827 3282 2985 3324 erunt
3013 3273 3178 3324 etiam
3212 3272 3421 3326 bestiis
3455 3282 3621 3326 terra:
3655 3273 3668 3322 i

2227 3371 2372 3422 hum.
2414 3364 2534 3416 Ideo
2577 3380 2704 3428 ergo
2739 3362 3056 3414 cautissimo
3086 3377 3184 3412 n~a
3221 3372 3318 3413 est
3365 3376 3638 3414 sermone
3670 3364 3676 3409 ε

2227 3467 2377 3523 plura
2400 3454 2719 3517 divina,qua2
2735 3449 3041 3502 hominibus
3063 3439 3288 3514 quidem
3312 3449 3394 3501 ait
3411 3451 3603 3502 dicere
3625 3449 3676 3500 1)·

2228 3546 2358 3597 Dedi
2411 3542 2546 3594 vobis
2585 3541 2692 3591 liam
2736 3538 2804 3589 ad
2853 3553 3043 3589 escam.
3099 3535 3202 3589 Ubi
3241 3547 3444 3590 autem
3497 3539 3568 3590 ad
3618 3539 3676 3590 bc

2228 3633 2390 3691 venit,
2427 3646 2528 3680 non
2566 3627 2840 3694 jnbentis,
2874 3625 2966 3677 sed
3007 3623 3162 3690 quasi
3206 3624 3589 3689 prmdicentis
3619 3625 3676 3686 si,

2227 3721 2435 3773 catione
2465 3716 2612 3776 dicit,
2641 3716 2763 3780 quia
2803 3713 2914 3763 lucc
2946 3719 3105 3761 erunt
3138 3709 3314 3761 etiam
3354 3712 3558 3763 bestiis
3589 3721 3648 3763 et

2226 3807 2404 3862 cribus
2434 3813 2489 3856 et
2514 3800 2854 3867 serpentibus
2887 3799 2954 3850 ad
2993 3812 3179 3850 escam
3217 3795 3289 3849 “.
3337 3797 3456 3852 Sed
3492 3815 3604 3852 nos
3636 3815 3676 3852 sc

2227 3895 2349 3948 dum
2396 3889 2617 3958 apostoli
2660 3886 2812 3940 Pauli
2867 3885 3193 3940 sententiam
3241 3885 3290 3916 “
3327 3889 3675 3940 attendamu

2227 3979 2387 4032 ctioni
2408 4016 2424 4041 ,
2460 3987 2517 4030 ut
2546 3976 2812 4044 possimus
2835 4010 2851 4037 ,
2882 3973 3027 4025 sicut
3058 3973 3172 4039 ipse
3203 3973 3306 4036 ait,
3347 3989 3592 4030 sensum
3623 3977 3667 4031 C

2225 4077 2489 4144 accipere,
2519 4083 2572 4127 et
2595 4075 2731 4126 scire
2757 4088 2871 4141 qua:
2897 4088 2927 4122 η
2961 4070 3064 4122 Deo
3099 4071 3304 4123 donata
3346 4086 3483 4128 sunt
3523 4078 3676 4129 nobis

2226 4174 2279 4219 et
2309 4179 2426 4232 qua:
2461 4160 2613 4216 nobis
2645 4161 2710 4210 ad
2757 4173 2934 4212 escam
2987 4157 3108 4209 data
3143 4169 3274 4209 sunt
3303 4198 3323 4221 ,
3395 4178 3516 4215 non
3568 4165 3676 4218 iaci

2155 4251 2197 4304 Ι)
2226 4274 2376 4314 escas
2403 4272 2682 4326 porcorum
2719 4257 2799 4310 vel
2832 4271 3024 4310 canum
3046 4293 3061 4316 ,
3099 4255 3195 4307 sed
3227 4256 3384 4311 tales
3416 4275 3523 4314 eas
3556 4279 3676 4330 pru‘

2229 4371 2349 4410 mus
2378 4357 2429 4408 iu
2460 4356 2633 4414 nobis.
2659 4355 2854 4421 quibus
2882 4353 3100 4421 dignum
3127 4353 3197 4405 sit
3227 4359 3461 4424 suscipi
3501 4362 3560 4413 in
3598 4362 3676 4414 ὶιυ

2229 4455 2408 4507 contis
2458 4451 2623 4505 nostri
2679 4450 2912 4504 Verbum
2963 4465 3026 4503 ac
3078 4450 3277 4502 Filium
3343 4455 3453 4509 Dei
3518 4463 3676 4512 γρηὶ(

2230 4567 2348 4606 cum
2388 4551 2540 4603 Patre
2568 4563 2697 4611 suo,
2727 4559 2784 4602 et
2815 4549 3079 4603 volentem
3115 4547 3296 4602 facere
3347 4559 3514 4621 apud
3553 4576 3662 4612 nos

2231 4654 2428 4705 sionem
2461 4652 2510 4702 in
2540 4650 2740 4716 Spiritu
2771 4659 2955 4705 sancto
2978 4690 2993 4715 ,
3023 4650 3176 4717 cujus
3210 4651 3378 4716 prius
3421 4659 3672 4724 templm

2315 4770 2461 4844 (φρ,
2493 4770 2581 4816 50.
2624 4770 2880 4844 "agones.
2913 4779 2986 4818 ix.
3025 4770 3069 4794 δ’
3100 4770 3258 4817 Num.
3291 4779 3445 4821 xxv.
3515 4770 3566 4800 ⁸³
3598 4772 3667 4823 lll

2289 4831 2330 4870 ⁸⁷
2357 4831 2374 4882 Ι
2405 4835 2528 4882 (Lor.
2562 4846 2620 4891 II,
2656 4832 2738 4883 12.

2225 4964 2546 5031 genitalibus
2568 4963 2862 5022 transﬁxos
2883 4966 3072 5025 fuisse;
3109 4962 3489 5030 Septuaginta
3526 4985 3675 5023 vero

2224 5032 2583 5107 ἀπεκέντηςεγ
2619 5031 2984 5107 ςιμφοτέρους,
3011 5032 3120 5107 Δἐτξν
3157 5048 3221 5107 τε
3245 5032 3563 5107 ἅςθθρῳπον
3607 5058 3676 5090 κα

2222 5102 2472 5176 γυγαῖκα,
2495 5097 2579 5148 διὰ
2595 5097 2693 5165 τῆς
2728 5097 2943 5176 μήτ’ρας
2970 5099 3154 5168 αὐτῆς.
3183 5097 3366 5176 (Index
3399 5104 3669 5159 Gemetii

2224 5169 2420 5220 habet:
2452 5175 2716 5238 arreptum
2749 5169 2989 5236 gladium
3023 5184 3108 5238 per
3138 5171 3413 5238 utriusque
3450 5191 3632 5226 sexus

2223 5250 2335 5312 nem
2370 5233 2550 5297 exegit.
2589 5231 2952 5312 bibln.'anteu
2988 5231 3408 5312 editimrreptitm
3449 5241 3676 5312 gladia:

2227 5303 2998 5384 ZlAirilquil-G;P_€Cifll87eI-qrcu“.
3017 5303 3168 5384 inira
3196 5303 3470 5384 Origenes
3495 5311 3676 5360 lim-nl

2226 5367 2669 5450 inin/umerosait
2701 5383 2743 5450 τ’,
2779 5367 2962 5450 [ςαρξο
2988 5376 3255 5431 siromaste
3287 5367 3338 5428 in
3381 5388 3566 5450 nia-rm
3602 5394 3670 5428 sn

2224 5448 2423 5495 gressus
2453 5431 2520 5480 sit
2550 5431 2956 5509 ιηᾳειὶὺιιιάξιῖ
2978 5456 3022 5506 ει
3045 5452 3316 5513 utrumque
3345 5455 3436 5514 per
3463 5442 3600 5509 ipsa
3632 5461 3668 5512 p

2219 5500 2286 5547 da
2321 5496 2674 5562 transfodent.
2941 5495 2956 5524 ⁹
