3878 6172
596 278 666 337 1‘7
680 277 699 327 ι

2036 257 2192 312 οηις
2202 255 2352 311 ENlS
3626 254 3662 305 l'

604 389 670 441 de
703 383 1059 453 superioribus
1110 381 1360 448 incipere,
1406 386 1459 431 et
1514 378 1578 431 ad
1623 375 1874 430 inferiora
1911 384 2131 429 desecu-
2163 381 2203 431 Α
2235 373 2469 426 invenies
2503 381 2807 436 magnarum
2840 379 3015 420 rerum
3042 372 3185 433 gesta
3215 366 3312 418 sub
3346 366 3613 419 tricenario
3640 383 3662 418 v

603 478 755 529 dere.
785 474 1186 539 Consequenter
1219 469 1377 537 igitur
1411 467 1641 535 Spiritus
1665 467 1753 519 Dei
1784 475 1837 518 et
1865 480 1957 532 per
1982 463 2126 531 Moy-

604 579 719 626 sen,
741 572 793 616 et
821 576 916 629 per
946 560 1161 614 Paulum
1197 559 1485 627 ingentium
1520 564 1969 610 sacramentorum
1997 555 2131 619 ligu-

603 667 692 705 ras
727 652 986 704 enuntiat.
1044 648 1181 701 Nam“
1216 647 1431 710 Paulus,
1474 646 1722 713 quoniam
1770 642 2131 696 descensionis

608 740 809 795 Christi
842 737 1150 807 mysterium
1179 737 1498 805 praedicabat
1529 732 1660 803 (86),
1696 731 2012 799 profundmn
2039 744 2132 782 no-

606 830 849 892 minavit,
880 827 1031 895 quasi
1060 826 1123 879 de
1148 823 1512 893 superioribus
1542 822 1607 874 ad
1637 820 1887 873 inferiora
1915 818 2133 870 venien-

604 923 691 975 tis.
717 919 921 987 Moyses
942 915 1214 982 vero,quia
1256 913 1638 967 restitutionem
1686 909 1923 976 designat
1949 921 2130 960 eorum

605 1009 696 1077 qui
725 1022 819 1076 per
841 1005 1113 1060 Christum
1145 1002 1212 1056 de
1243 1001 1458 1055 interitu
1505 1009 1561 1052 et
1603 998 1902 1066 perditione
1950 996 2131 1051 saeculi

608 1107 856 1165 tanquam
883 1096 947 1148 de
977 1106 1109 1147 nece
1134 1090 1317 1145 diluvii
1343 1103 1406 1141 ex
1432 1087 1777 1141 inferioribus
1810 1086 1876 1139 ad
1903 1099 2130 1154 superna

606 1197 660 1243 et
691 1185 929 1241 caelestia
959 1189 1297 1242 revocantur,
1334 1179 1386 1230 in
1427 1190 1670 1230 mensura
1701 1189 1840 1228 arcae
1871 1189 1974 1227 non
2008 1187 2126 1240 pro-

606 1276 827 1330 fundum
864 1277 1145 1333 memorat,
1180 1268 1273 1321 sed
1303 1266 1488 1329 altum,
1533 1274 1781 1332 tanquam
1813 1263 1897 1317 ubi
1926 1263 1991 1316 de
2028 1273 2134 1315 ter—
2175 1326 2183 1333 .

609 1365 752 1419 renis
782 1373 835 1416 et
858 1361 1146 1417 humilibus
1174 1358 1237 1411 ad
1266 1354 1501 1410 cmlesda
1543 1362 1598 1408 et
1622 1353 1832 1408 excelsa
1883 1364 2136 1406 conscen-

608 1454 768 1506 ditur.
813 1448 1035 1504 Numeri
1084 1459 1294 1515 quoque
1348 1451 1638 1513 ponuntur,
1691 1441 1918 1493 trecenti
1973 1438 2136 1492 cubiti

608 1534 1385 1611 longitudinis,quinquaginta
1419 1530 1734 1592 latitudinis,
1764 1529 1987 1597 triginta
2014 1528 2135 1580 alti-

609 1632 829 1685 tudinis.
859 1627 1125 1692 Trecenti,
1154 1623 1444 1679 tercenteni
1480 1629 1623 1675 sunt.
1659 1619 2003 1673 Centenarius
2034 1632 2128 1669 au-

610 1732 715 1774 tem
740 1730 1015 1778 numerus,
1042 1714 1227 1782 plenus
1249 1712 1302 1764 in
1319 1711 1570 1764 omnibus
1595 1718 1649 1763 et
1670 1708 1932 1777 perfectus
1956 1713 2133 1760 osten-

610 1812 753 1864 ditur
782 1847 797 1871 ,
831 1814 883 1860 et
915 1804 1078 1858 totius
1121 1801 1399 1855 rationalis
1431 1809 1689 1854 creatura:
1732 1797 2013 1851 continens
2050 1810 2137 1848 sa-

609 1904 940 1954 cramentum
993 1892 1179 1946 :sicut
1244 1891 1299 1944 in
1345 1888 1650 1958 Evangeliis
1705 1886 1927 1955 legimus
1956 1883 2020 1946 ⁸⁸,
2049 1882 2136 1935 ubi

610 1986 739 2041 dicit
766 1984 890 2054 quia
918 1983 1121 2036 habens
1145 1980 1263 2049 quis
1287 1988 1501 2034 centum
1536 1990 1682 2040 oves,
1712 1990 1778 2029 ex
1802 1974 1992 2042 quibus
2016 1986 2136 2025 cum

612 2077 838 2144 perisset
865 2087 991 2138 una,
1012 2070 1212 2124 relictis
1240 2069 1526 2136 nonaginta
1556 2079 1743 2118 novem
1769 2064 1819 2117 in
1847 2060 2134 2120 montibus,

612 2164 889 2219 descendit
922 2172 1158 2229 quaerere
1209 2173 1325 2212 eam
1376 2169 1492 2224 quae
1545 2154 1799 2223 perierat,
1862 2159 1917 2205 et
1962 2149 2139 2218 posuit

614 2271 734 2309 cum
764 2254 868 2308 illis
898 2252 1185 2320 nonaginta
1212 2260 1401 2303 novem
1455 2258 1571 2310 quae
1597 2257 1699 2295 non
1725 2241 2006 2309 perierant.
2043 2237 2137 2290 llic

604 2343 1098 2414 ergncentenarius
1125 2339 1286 2393 totius
1319 2344 1577 2389 creaturae
1627 2328 1902 2383 rationalis
1952 2340 2134 2380 nume-

616 2447 728 2496 rus,
764 2429 1015 2498 quoniam
1066 2441 1167 2480 nou
1220 2439 1283 2478 ex
1318 2420 1607 2486 semetipso
1631 2415 1892 2480 subsistit,
1928 2414 2020 2468 sed
2072 2427 2138 2465 ex

615 2520 878 2574 Trinitate
923 2515 1219 2577 descendit,
1242 2522 1295 2567 et
1325 2509 1703 2578 longitudinem
1728 2507 1870 2568 vitae,
1901 2504 2002 2557 hoc
2056 2511 2139 2555 est

615 2605 1032 2664 immortalitatis
1081 2603 1330 2672 gratiam,
1380 2614 1446 2652 ex
1477 2596 1635 2650 Patre
1692 2609 1785 2663 per
1836 2592 2031 2645 Filium
2077 2606 2141 2646 ac

618 2697 874 2766 Spiritum
903 2702 1144 2747 sanctum
1188 2689 1452 2755 suscepit,
1489 2686 1685 2740 idcirco
1716 2682 2009 2752 triplicatus
2044 2696 2138 2748 po-

619 2789 763 2841 nitur
795 2804 810 2839 :
840 2792 1018 2852 utpote
1048 2779 1136 2850 qui
1169 2779 1233 2832 ad
1258 2774 1633 2846 perfectionem
1664 2786 1758 2840 per
1779 2770 2001 2840 gratiam
2026 2770 2143 2824 Tri-

621 2877 805 2930 nitatis
832 2880 1080 2943 augetur,
1118 2878 1172 2925 et
1196 2868 1287 2938 qui
1325 2881 1388 2921 ex
1414 2862 1724 2920 centenario
1757 2875 1850 2930 per
1895 2860 2141 2929 ignorau-

621 2969 749 3021 tiam
780 2967 1010 3035 lapsum,
1041 2974 1138 3031 per
1161 2958 1483 3028 agnitionem
1514 2953 1788 3007 Trinitatis
1818 2951 2063 3006 restituat
2086 2951 2138 3004 in
2164 2960 2211 3023 ο

624 3065 910 3113 trecentos.
939 3049 1190 3106 Latitudo
1216 3042 1729 3116 quinquagenarium
1758 3054 2037 3095 numerum
2071 3048 2144 3093 tc-

614 3156 732 3202 -net.
756 3144 854 3212 Qui
883 3151 1131 3195 numerus
1158 3124 1459 3189 remissioni
1490 3140 1544 3186 et
1586 3128 1927 3198 indulgentiae
1955 3140 2144 3183 conse-

620 3242 804 3290 cratus
830 3239 931 3284 est.
967 3225 1268 3282 Secundum
1318 3221 1488 3290 legem
1526 3220 1667 3273 enim
1700 3217 2144 3287 quinquagesimo

622 3338 760 3380 anno
804 3317 1046 3375 remissio
1072 3322 1208 3377 erat,
1247 3311 1301 3365 id
1331 3317 1412 3364 est
1470 3317 1531 3362 ut
1577 3307 1621 3362 si
1653 3308 1771 3376 quis
1811 3306 2146 3360 distraxisset

623 3409 1036 3483 possessionem,
1062 3403 1327 3471 reciperet
1351 3416 1366 3464 ;
1396 3399 1440 3453 si
1485 3398 1616 3452 liber
1642 3398 1696 3450 in
1724 3396 2032 3449 servitutem
2058 3409 2145 3446 vc-

625 3481 808 3564 nisset,
841 3496 1095 3565 reciperet
1148 3491 1482 3550 libertatem,
1532 3484 1903 3554 indulgentiam
1935 3481 2148 3535 debitor

625 3586 928 3654 acciperet,
957 3578 1106 3636 exsul
1136 3577 1335 3632 rediret
1357 3574 1421 3626 ad
1445 3573 1692 3640 patriam.
1723 3569 1990 3639 Spiritalis
2019 3583 2146 3637 ergo

622 3676 729 3748 65
775 3674 881 3727 Noe
909 3672 1152 3727 Christus
1202 3669 1253 3721 in
1286 3678 1409 3720 arca
1446 3677 1565 3723 sua.
1629 3662 1679 3714 in
1711 3675 1814 3729 qua
1849 3660 2139 3713 humanum

624 3782 790 3836 genus
818 3766 882 3817 de
914 3761 1131 3815 interitu
1185 3757 1403 3819 liberat,
1435 3752 1485 3808 id
1530 3760 1614 3806 est
1645 3751 1697 3803 in
1730 3748 1973 3803 Ecclesia
2030 3762 2144 3811 sua,

628 3859 771 3909 hunc
822 3846 1335 3921 quinquagenarium
1393 3839 1724 3897 remissionis
1775 3851 2052 3891 numerum
2094 3836 2145 3888 in

625 3942 905 3999 latitudine
938 3936 1234 3991 collocavit.
1272 3932 1380 3986 Nisi
1407 3933 1548 3986 enim
1576 3929 1940 3982 remissionem
1966 3938 2147 3992 pecca-

630 4039 800 4081 torum
832 4024 1076 4076 donasset
1104 4018 1462 4077 credcntibus,
1492 4031 1593 4068 non
1629 4012 1817 4066 fuisset
1842 4026 1937 4079 per
1961 4012 2145 4065 orbem

629 4125 787 4168 terrae
814 4111 1063 4164 Ecclesiae
1096 4105 1322 4159 latitudo
1350 4102 1556 4156 dill'usa.
1597 4101 1835 4169 Triginta
1860 4107 2038 4152 autem
2068 4099 2147 4150 al-

631 4204 866 4262 titudinis
897 4213 1146 4253 numerus
1173 4195 1343 4250 simile
1363 4201 1420 4246 ut
1451 4193 1672 4246 trecenti
1706 4190 1944 4244 continet
1968 4202 2148 4243 sacra-

2231 457 2682 528 qninqnagenario
2711 469 2933 509 numero
2955 455 3236 511 contineri.
3287 454 3517 523 Triginta
3563 470 3662 507 antu

2234 563 2345 600 rum
2374 546 2571 612 Joseph
2599 543 2845 597 educitur
2874 542 2940 596 de
2968 543 3264 604 carcere",
3287 551 3339 594 et
3357 543 3510 596 totius
3525 541 3662 610 Egyl

2229 635 2450 701 suscipit
2505 632 2852 700 principatum
2883 669 2899 695 ,
2974 637 3031 683 ut
3077 622 3398 683 imminentis
3449 635 3662 699 pernicie

2201 720 2385 775 'fatnis
2415 721 2589 775 divina
2623 719 2923 788 provisione
2953 717 3202 783 depellat.
3225 717 3459 783 Triginta
3487 734 3662 773 annoru

2234 810 2457 863 refertur
2482 808 2634 861 Jesus
2657 809 2724 872 ⁷⁷,
2757 823 2876 860 cum
2907 808 3055 860 venit
3077 808 3141 859 ad
3174 806 3504 875 baptismum,
3534 815 3584 860 et
3609 811 3662 862 Vit

2231 899 2393 952 caelos
2420 898 2639 960 divisos,
2666 906 2720 951 et
2748 897 3007 964 Spiritum
3048 895 3137 949 Dei
3182 897 3232 948 in
3289 896 3535 950 columbae
3569 913 3662 965 spei

2234 989 2527 1041 venientem
2568 1001 2725 1054 super
2773 1000 2832 1040 se
2868 1002 2881 1037 :
2932 984 3019 1037 ubi
3045 994 3097 1038 et
3123 985 3352 1052 primum
3385 988 3662 1054 cmpitsacr

2235 1087 2464 1130 mentum
2504 1086 2777 1144 patescere
2810 1076 3107 1138 Trinitatis,
3151 1084 3203 1126 et
3237 1074 3394 1126 multa
3423 1075 3502 1127 bis
3554 1075 3657 1127 simi

2236 1167 2493 1221 invenies.
2538 1164 2640 1218 Sed
2692 1174 2745 1218 et
2795 1164 3290 1232 quinquagesimum
3340 1163 3473 1215 diem
3515 1166 3662 1215 festuu

2233 1255 2284 1307 in
2324 1268 2579 1307 novarum
2613 1253 2820 1322 frugum
2882 1252 3283 1307 consecratione
3338 1250 3645 1320 reperies",

2234 1345 2297 1397 de
2318 1344 2718 1396 Madianitarum
2744 1341 2854 1412 (87)
2878 1342 3062 1408 spoliis
3084 1341 3303 1395 Domino
3324 1341 3662 1409 quinquagesit

2237 1433 2574 1487 delibatur".
2598 1434 2727 1487 Cum
2748 1432 3000 1486 trecentis
3022 1444 3150 1485 vero
3168 1429 3401 1483 invenies
3416 1438 3466 1484 et
3488 1428 3661 1481 Abrah:

2235 1520 2527 1572 vincentem
2559 1518 2861 1573 Sodomitas
2893 1519 2959 1582 ⁷⁸,
3003 1525 3057 1569 et
3100 1515 3318 1570 Gedeon
3362 1530 3478 1569 cum
3504 1527 3661 1567 trecen

2234 1605 2408 1674 lingua
2431 1621 2621 1673 aquam
2640 1606 2993 1659 lambentibus
3005 1602 3321 1658 Madianitas
3339 1615 3539 1671 supcrat
3558 1602 3655 1671 (88)

2233 1697 2436 1751 Ostium
2464 1710 2609 1758 sane,
2663 1696 2802 1763 quod
2838 1710 2941 1749 non
2975 1711 3002 1747 a
3030 1695 3232 1758 fronte,
3265 1709 3362 1748 nec
3389 1694 3662 1761 desuper,s

2235 1804 2265 1840 e
2288 1789 2451 1842 latere
2471 1802 2536 1840 ex
2568 1797 2875 1839 transverso
2898 1784 3208 1847 collocatur,
3238 1783 3484 1851 quoniam
3505 1782 3590 1833 ine
3608 1782 3662 1834 di'

2234 1892 2316 1930 me
2370 1885 2575 1941 tempus
2626 1883 2758 1927 est:
2800 1873 2922 1926 Dies
2974 1873 3109 1926 enim
3163 1871 3390 1935 Domini,
3435 1871 3535 1922 dies
3566 1871 3648 1920 inc

2237 1965 2446 2031 furoris,
2482 1964 2618 2015 sicut
2647 1961 2902 2028 scriptum
2935 1969 3018 2015 est
3044 1960 3089 1992 ⁷⁷
3118 1975 3131 2011 :
3164 1960 3289 2013 licet
3315 1959 3452 2012 enim
3484 1956 3662 2009 videant

2236 2053 2397 2120 aliqui
2428 2051 2642 2115 salvari,
2667 2051 2817 2103 multi
2849 2054 3051 2115 tamen,
3083 2066 3216 2118 quos
3250 2048 3431 2103 merita
3454 2060 3541 2100 sua
3567 2060 3662 2109 rep:

2236 2143 2385 2204 bant,
2412 2140 2652 2194 delentur
2695 2148 2748 2193 et
2780 2148 3006 2207 pereunt
3040 2155 3054 2191 :
3108 2154 3174 2192 ex
3217 2146 3514 2191 transverso
3555 2133 3662 2185 OSlll

2236 2232 2469 2298 ponitur,
2503 2238 2560 2282 ut
2618 2228 2741 2282 illud
2770 2230 3108 2293 ostendatur,
3167 2228 3304 2297 quod
3334 2241 3426 2295 per
3452 2222 3662 2292 prephet:

2236 2320 2447 2385 dicitur,
2480 2319 2602 2387 quia
2631 2318 2676 2370 si
2709 2318 3030 2372 incesseritis
3063 2333 3257 2370 mecum
3294 2315 3507 2383 peruersi
3526 2351 3541 2374 ,
3581 2323 3622 2364 et
3655 2332 3662 2361 t

2236 2409 2468 2462 incedam
2519 2409 2772 2462 vobiscum
2819 2410 2874 2462 in
2927 2411 3008 2463 ira
3033 2423 3266 2477 perversa
3296 2405 3359 2457 ⁷⁸.
3400 2403 3520 2458 Post
3545 2403 3644 2455 hare

2239 2499 2454 2552 deamus
2480 2506 2536 2550 et
2557 2497 2623 2551 de
2649 2513 2712 2551 eo
2745 2498 2884 2565 quod
2915 2497 3045 2552 dicit
3075 2495 3359 2564 separatim
3398 2491 3635 2546 inferiora

2240 2595 2530 2647 camerata,
2555 2596 2609 2639 et
2640 2587 2925 2654 superiora
2957 2588 3337 2640 tricamerata:
3370 2597 3435 2636 ne
3472 2581 3597 2633 forte
3624 2578 3662 2630 in

2239 2685 2389 2735 cetur
2411 2691 2504 2743 per
2521 2676 2650 2740 haec,
2682 2676 2819 2743 quod
2841 2676 3143 2744 Apostolus
3171 2674 3319 2735 dixit,
3345 2670 3464 2739 quia
3490 2670 3539 2720 in
3561 2681 3662 2718 nam

2238 2762 2366 2815 Iesu
2397 2778 2544 2815 omne
2580 2779 2709 2829 genu
2743 2766 3003 2831 ﬂectetur,
3048 2766 3345 2825 calestium,
3376 2758 3662 2813 terrestrium

2240 2846 2560 2913 infernarum
2582 2848 2662 2911 7’;
2695 2856 2746 2900 et
2777 2848 2829 2900 in
2864 2864 2992 2903 arca
3024 2849 3355 2919 significetur
3390 2845 3615 2901 omnium
3636 2856 3662 2910 q

2241 2934 2360 2987 dem
2391 2934 2639 2988 inferiora
2671 2936 2787 3003 ipsa
2815 2953 2943 2992 esse
2991 2953 3111 3007 quae
3134 2936 3413 3006 Apostolus
3456 2934 3576 2988 dicit
3606 2932 3662 2984 iul

2244 3036 2335 3085 na,
2365 3022 2553 3075 horum
2577 3031 2754 3076 autem
2780 3026 3040 3095 contigua
3071 3024 3347 3093 superiora
3370 3023 3479 3091 ipsa
3505 3033 3617 3073 esse
3653 3024 3662 3069 I

2243 3111 2453 3174 restria,
2485 3112 2827 3165 tricamerata
2854 3128 2990 3170 vero
3018 3115 3297 3182 superiora
3324 3127 3438 3180 quae
3466 3110 3588 3163 dicit
3608 3107 3662 3160 Sil

2242 3199 2418 3253 omnia
2441 3213 2561 3254 esse
2581 3201 2841 3267 coelestia,
2867 3205 2963 3258 sed
2994 3205 3046 3258 in
3067 3204 3149 3258 his
3169 3218 3352 3259 eorum
3375 3200 3555 3254 merita
3580 3196 3662 3251 dist

2243 3289 2354 3356 gui,
2377 3289 2466 3357 qui
2493 3299 2717 3356 possunt
2737 3296 3038 3348 secundum
3057 3292 3351 3362 apostolum
3367 3290 3579 3345 Paulum
3600 3301 3661 3338 usi

2245 3378 2309 3428 ad
2340 3377 2554 3430 tertium
2593 3379 2787 3432 ctelum
2819 3384 3209 3437 conscendere.
3242 3380 3361 3434 Nidi
3391 3392 3514 3433 vero
3560 3384 3610 3427 et
3636 3389 3662 3424 ιι

2244 3466 2367 3533 quia
2399 3464 2547 3519 multi
2580 3475 2705 3520 sunt
2732 3468 2782 3522 in
2813 3482 2976 3536 arca,
3014 3469 3213 3525 multas
3243 3484 3361 3523 esse
3399 3465 3531 3535 apud
3564 3462 3662 3515 Patl

2247 3554 2482 3609 iudicant
2503 3557 2827 3613 mansiones.
2873 3562 2946 3627 De
2971 3560 3293 3615 animalibus
3322 3571 3468 3621 vero,
3499 3564 3551 3609 et
3572 3553 3661 3606 bes

2248 3657 2311 3696 ac
2375 3644 2657 3711 pecoribus
2710 3649 3045 3719 caelos-isque
3119 3647 3347 3703 diversis
3403 3640 3662 3699 animanlil

2218 3776 2225 3783 .
2249 3746 2365 3797 qua:
2388 3731 2539 3785 nobis
2565 3731 2668 3784 alia
2697 3732 2879 3802 ﬁgura
2900 3738 3179 3792 servanda
3205 3743 3308 3800 est,
3362 3733 3462 3787 nisi
3517 3742 3662 3799 quam

2249 3821 2408 3874 Isaias
2438 3820 2765 3887 ostendit”,
2820 3837 2956 3879 cum
2988 3825 3150 3888 dicit,
3174 3814 3228 3877 in
3285 3836 3448 3891 regno
3476 3816 3662 3873 Christi

2247 3925 2368 3977 pum
2389 3924 2509 3964 cum
2539 3925 2694 3978 agno,
2725 3914 2956 3979 pardum
2991 3929 3115 3969 cum
3151 3912 3322 3977 haedo,
3363 3911 3564 3965 leonem
3611 3914 3662 3958 et

2247 4014 2362 4052 vem
2400 3999 2556 4053 simul
2580 3999 2659 4053 ire
2686 4001 2752 4053 ad
2788 4018 3013 4070 pascua,
3074 4016 3368 4070 eorumque
3424 4001 3559 4054 letus
3629 3996 3662 4049 si

2248 4087 2413 4155 paleis
2444 4090 2612 4153 vesci,
2671 4089 2894 4158 insuper
2935 4094 3102 4146 etiam
3161 4092 3215 4145 in
3258 4091 3503 4158 aspidum
3534 4100 3659 4141 cave

2250 4194 2470 4245 parvum
2492 4194 2714 4247 puerum
2743 4180 2930 4250 (talem
2958 4183 3077 4236 sine
3107 4182 3297 4244 dubio,
3352 4181 3559 4248 qualem
3581 4178 3661 4230 dic

631 4304 892 4350 mentum.
914 4270 1076 4352 ’ρυοά
1104 4285 1243 4340 enim
1275 4283 1344 4338 ibi
1368 4281 1598 4344 centeni,
1643 4280 1742 4333 hoc
1771 4279 1858 4332 hic
1886 4278 2004 4332 deni
2038 4286 2147 4331 ter-
2181 4258 2224 4313 θ
2253 4271 2495 4325 Salvator
2515 4270 2581 4334 εί,
2606 4268 2724 4323 Nisi
2751 4272 2989 4326 conversi
3013 4271 3222 4341 [ueritis
3249 4282 3297 4325 et
3320 4271 3485 4340 eﬂ‘ecti
3512 4271 3637 4323 sicut

626 4385 699 4439 tio
727 4375 1052 4445 multiplicati
1084 4372 1301 4427 faciunt.
1324 4370 1402 4423 Ad
1424 4383 1582 4422 unum
1622 4378 1793 4421 autem
1821 4365 1980 4418 totius
2015 4379 2145 4418 con-

628 4469 935 4531 structiouis
960 4478 1235 4519 numerum
1269 4476 1472 4516 summa
1503 4466 1808 4516 revocatur,
1837 4455 1959 4523 quia
2015 4468 2147 4505 unus

626 4563 767 4618 Deus
797 4558 958 4611 Pater
1008 4569 1071 4607 ex
1105 4568 1204 4621 quo
1240 4551 1412 4603 omnia
1439 4550 1502 4609 “,
1556 4556 1607 4599 et
1629 4561 1760 4598 unus
1785 4542 2054 4606 Dominus,
2095 4551 2149 4597 et

626 4667 733 4704 una
763 4646 1010 4702 Ecclesia:
1039 4641 1165 4710 ﬁdes
1196 4647 1298 4702 est,
1327 4653 1487 4691 unum
1514 4635 1788 4702 baptisma,
1848 4648 2005 4685 unum
2035 4647 2149 4685 cor-

626 4752 742 4806 pus,
771 4741 817 4787 et
864 4746 998 4784 unus
1027 4728 1238 4795 spiritus
1289 4724 1356 4787 "°,
1415 4731 1467 4775 et
1499 4721 1563 4775 ad
1596 4735 1754 4772 unum
1808 4718 2150 4786 perfectionis

626 4804 719 4875 Dei
751 4818 909 4872 finem
942 4823 1132 4870 cuncta
1159 4811 1431 4865 festinant.
1456 4807 1560 4861 Sed
1597 4815 1650 4859 et
1685 4815 1737 4858 tu
1763 4804 1855 4872 qui
1905 4805 2016 4857 lucc
2049 4820 2145 4856 au-

629 4912 733 4976 dis,
758 4910 800 4962 si
828 4905 1119 4973 Scripturis
1140 4900 1340 4957 sanctis
1373 4897 1612 4951 intendas
1641 4910 1706 4950 ex
1734 4895 1862 4957 otio,
1885 4896 2145 4963 permulta

698 5095 745 5128 δ’
771 5090 899 5145 Luc.
935 5104 1019 5151 xv,
1056 5085 1089 5139 4
1133 5094 1187 5139 et
1233 5096 1381 5151 seqq.
1504 5062 1548 5110 δ’
1578 5077 1808 5151 [Ωον.-
1832 5092 1945 5151 vin,
1995 5078 2048 5131 6.

2153 5082 2197 5113 ⁷⁸³
2232 5080 2393 5149 Εριιη
2421 5096 2494 5143 tv,
2541 5080 2594 5137 4.
2632 5079 2680 5149 5.

2248 4363 2351 4425 hic,
2375 4378 2476 4415 non
2503 4362 2782 4415 introibitis
2810 4368 2879 4433 in.
2908 4380 3126 4432 regnum
3171 4363 3289 4434 Dei)
3347 4364 3626 4417 missurum

2250 4467 2486 4513 manum,
2513 4460 2566 4505 et
2595 4451 2724 4505 nihil
2749 4453 3094 4521 laedendum;
3130 4455 3219 4508 vel
3267 4455 3428 4507 etiam
3469 4452 3555 4505 illa
3605 4449 3662 4516 lig

2248 4554 2405 4608 quam
2460 4540 2646 4593 Petrus
2673 4539 2782 4607 jam
2813 4558 2958 4598 nunc
2985 4545 3036 4596 in
3076 4542 3322 4597 Ecclesia
3381 4540 3563 4595 haberi
3621 4540 3662 4590 dt

2248 4644 2369 4684 cum
2419 4631 2579 4685 refert
2614 4645 2672 4685 se
2726 4633 2996 4687 visionem
3044 4634 3247 4687 vidisse
3284 4633 3355 4696 ⁸³.
3384 4633 3436 4686 in
3486 4644 3585 4698 qua
3617 4641 3662 4684 οι

2254 4721 2635 4788 quadrupedia,
2664 4730 2717 4775 et
2741 4722 2931 4776 bestia:
2958 4734 3139 4786 terrae,
3166 4737 3231 4775 ac
3259 4721 3495 4775 volatilia
3522 4717 3662 4773 cmlil

2256 4824 2420 4863 unum
2468 4809 2591 4863 lidei
2639 4809 2863 4863 linteum
2904 4810 3343 4872 continebantur,
3377 4820 3605 4878 quatuor
3631 4804 3662 4857 Ε

2254 4898 2510 4966 geliorum
2548 4897 2713 4952 initiis
2751 4898 3076 4967 alligatum?

2781 5079 2821 5108 "
2850 5078 2987 5131 Gen.
3028 5095 3138 5142 xu,
3180 5078 3269 5133 l6.
3370 5080 3414 5109 ’⁷⁸
3450 5078 3654 5131 an.ttt

629 5162 676 5197 "
706 5165 855 5216 Deut.
892 5145 1083 5216 ινιξ9.
1156 5153 1202 5183 ⁷⁸
1232 5145 1387 5203 Nulli.
1421 5163 1568 5216 xxxi,
1606 5147 1693 5200 50.
1764 5146 1809 5216 ⁷Α⁸
1836 5146 1968 5216 Gen.
2000 5162 2106 5216 xiv,
2138 5162 2141 5178 ι

2201 5180 2222 5204 η.
2278 5145 2342 5178 ’⁷⁸
2370 5148 2493 5200 .lud.
2528 5160 2624 5216 vti,
2654 5145 2708 5198 6.
2775 5146 2827 5176 ⁷⁷
2864 5145 3101 5216 sophnn.
3152 5163 3191 5213 ι,
3231 5149 3316 5201 15.
3392 5149 3438 5181 ⁷⁸
3461 5146 3662 5200 chit.:

630 5213 727 5296 27,w
746 5213 836 5283 i8.
911 5226 955 5256 "
985 5213 1173 5289 Philip.
1202 5235 1261 5282 ll,
1291 5219 1375 5271 10.
1450 5216 1495 5247 ³⁸
1526 5214 1627 5268 lsa.
1669 5229 1743 5278 ιι,
1769 5213 1882 5267 6—8.
1955 5215 1996 5246 ⁸⁸
2029 5215 2141 5267 Man

2201 5251 2216 5268 .
2243 5230 2392 5276 xvm,
2426 5216 2478 5265 '5.
2554 5214 2597 5244 ⁸³
2626 5216 2745 5267 Act.
2774 5214 2948 5276 1,”,
2996 5214 3081 5268 l2.

697 5319 806 5390 (86)
839 5318 945 5371 Sex
987 5329 1116 5369 mss.
1169 5311 1389 5371 habent,
1445 5308 1790 5376 pra'dirabat;
1817 5305 1941 5358 libb.
1977 5307 2103 5359 editi
2136 5324 2150 5358 :

628 5388 1265 5522 pr‘(Bsdilimlllfmtirrnitarugn.
1303 5444 1393 5497 Sic
1415 5444 1611 5498 habent
1639 5456 1822 5496 omnes
1851 5455 2002 5505 mss.,
2028 5438 2147 5495 libri

634 5536 756 5574 vero
785 5517 932 5584 editi,
968 5517 1397 5570 Ammanitarum.

2330 5306 2438 5374 (88)
2465 5306 3070 5374 Madianitnsueuremt.
3105 5306 3181 5361 ita
3232 5310 3393 5361 codd.
3448 5307 3662 5374 Gemeti

2261 5361 2758 5493 Sqitgérmanensis,
2791 5361 2916 5426 libri
2947 5381 3128 5429 autem
3159 5378 3291 5431 editi
3315 5378 3574 5430 mnittunt
3606 5373 3656 5425 Μ

2261 5458 2307 5493 m
2336 5458 2415 5493 ατ.

2256 5458 2415 5494 mtas.
