3878 6232
375 287 480 340 Ii?»
1617 285 1683 337 LV
1720 289 2034 354 GENESIM
2072 301 2349 355 HOMILIA
2387 301 2448 352 l3.
3540 309 3638 360 ’171

453 401 503 454 6.
531 390 1030 489 Veruntqttonittm
1113 414 1269 457 arca
1306 421 1466 475 quam
1494 407 1799 466 describere
1838 434 2008 471 coua-
2041 426 2082 478 A
2113 421 2280 474 tinent
2305 421 2488 478 vitam,
2511 428 2562 469 el
2584 434 2646 472 ex
2667 421 2808 474 omni
2839 429 2986 489 parte
3013 423 3274 478 libratam.
3302 424 3430 479 Nam
3463 437 3643 481 aucto-

381 509 518 556 unur,
540 504 637 544 non
666 488 837 584 solum
875 484 1334 584 Ibicamerata,
1368 502 1458 553 sed
1493 509 1544 552 et
1593 501 1949 559 tricamerata
1982 525 2008 560 a
2114 526 2198 563 res
2224 507 2550 562 saecularium
2578 509 2832 562 librorum
2866 522 3084 578 possunt
3113 514 3324 580 quidem
3355 516 3458 567 dici
3492 516 3633 584 ligna

387 585 499 637 Deo
536 578 766 634 construi
810 575 1097 647 iubetur,
1165 601 1412 654 operam
1471 591 1652 645 demus
1705 601 1761 646 et
1818 611 1918 650 nos
1946 600 2012 663 ad
2110 600 2338 661 excelsa,
2369 607 2421 651 et
2448 597 2585 664 ligna
2637 588 2906 651 n.-.tbrosa.
2944 599 3055 653 Sub
3104 605 3244 656 omni
3301 607 3443 656 enim
3495 607 3638 674 ligno

387 677 521 726 lianc
551 667 814 737 όιιβιῖεθιη
842 681 976 734 (lum
1014 681 1350 738 praecessit
1388 683 1773 748 expositionem
1814 699 2012 738 secun-
2112 686 2322 739 excelso
2369 694 2422 737 et
2497 699 2778 740 nemoroso
2837 699 3120 740 accusatur
3174 689 3464 744 fornicatus
3517 667 3640 748 esse

385 766 508 816 dum
541 770 862 830 pneceptum
913 759 1027 814 Dei
1083 767 1280 822 etiam
1336 772 1808 840 tertiatnjnngere.
1838 773 2012 826 Prima
2113 773 2268 826 Israel
2301 774 2344 803 ³⁷
2377 791 2388 824 ε
2421 773 2540 840 quia
2597 773 2669 824 illi
2705 773 2994 839 loquuntur
3043 775 3256 841 quidem
3306 779 3535 840 excelsa,
3585 789 3640 833 et

385 853 526 906 enim
576 865 694 917 quze
733 852 1067 917 praecessit,
1110 855 1402 912 historica
1434 870 1535 923 est,
1594 861 1754 913 veluti
1811 861 2008 913 funda-
2112 864 2292 914 ﬂorida
2324 871 2544 914 utuntur
2571 862 2871 928 eloquentia
2904 879 3042 918 :non
3084 873 3256 918 tamen
3292 867 3361 918 ita
3392 877 3634 934 egerunt,

385 951 624 994 mentum
649 941 930 1006 quoddam
971 941 1038 995 in
1078 945 1465 1004 inferioribus
1514 953 1708 1017 posita.
1767 950 2011 1004 Secunda
2113 960 2166 1000 ut
2193 950 2348 1002 locuti
2397 961 2520 1003 sunt
2553 968 2564 1002 :
2598 959 2650 1003 et
2680 951 2796 1005 ideo
2823 965 2924 1004 non
2965 961 3182 1017 possunt
3229 953 3368 1022 ligna
3407 956 3639 1022 quadra-

389 1029 504 1084 ιιωο
537 1033 794 1100 mystica,
821 1032 1116 1098 superior
1151 1048 1214 1091 et
1245 1040 1515 1093 excelsior
1541 1039 1660 1092 fuit.
1699 1038 1940 1094 Tertiam
1967 1040 2010 1092 si
2113 1050 2161 1091 ta
2189 1039 2469 1101 nominari,
2499 1041 2636 1107 quod
2665 1041 2716 1092 in
2746 1041 2823 1094 eis
2864 1055 3194 1108 nequaquam
3228 1043 3333 1094 vita
3381 1053 3433 1096 et
3465 1058 3638 1099 sermo

393 1135 681 1187 possumus
709 1120 994 1174 moralem
1034 1133 1338 1180 teutemns
1370 1129 1602 1194 adjicere
1629 1142 1644 1180 :
1669 1129 1910 1195 quamvis
1958 1138 2012 1180 et
2111 1127 2372 1181 collibret.
2408 1127 2484 1179 Tu
2509 1141 2634 1196 ergo
2670 1129 2713 1182 si
2758 1130 2888 1182 facis
2945 1145 3150 1194 arcam,
3187 1131 3229 1184 si
3260 1132 3637 1185 bibliothecam

405 1209 503 1263 hoc
535 1211 716 1279 ipsum
747 1211 904 1276 quod
936 1225 1140 1279 neque
1171 1215 1563 1270 bicameratam
1591 1219 1762 1270 solum
1802 1217 1936 1268 dixit
1958 1223 2011 1268 et
2111 1231 2419 1284 congregas,
2446 1233 2506 1271 ex
2533 1220 2866 1272 sermonibus
2890 1221 3213 1288 propheticis
3243 1229 3298 1274 et
3334 1221 3639 1288 apostolicis

401 1300 573 1361 siluit,
604 1313 788 1366 neque
813 1299 1263 1357 tricameratam
1308 1314 1510 1358 tantum
1561 1313 1612 1358 et
1639 1304 1891 1368 cessavit,
1919 1302 2008 1355 sed
2109 1306 2188 1358 vel
2228 1321 2410 1358 eorum
2445 1308 2534 1374 qui
2574 1321 2666 1360 eos
2716 1310 2874 1361 rectis
2931 1309 3048 1361 fidei
3095 1309 3246 1362 lineis
3301 1313 3467 1363 secuti
3520 1321 3641 1363 sunt

418 1399 533 1436 cum
565 1385 802 1438 dixisset
854 1384 1308 1455 bicameratam,
1343 1392 1546 1444 addidit
1592 1399 1646 1444 et
1697 1391 2006 1444 tricantera-
2110 1409 2403 1463 congrega,
2486 1397 2860 1450 bicanteratam
2921 1407 2974 1450 et
3032 1400 3424 1452 tricameratam
3478 1398 3640 1452 facito

427 1484 549 1536 tam,
577 1489 676 1527 nec
701 1475 918 1543 absque
945 1477 1124 1546 hujus
1153 1480 1324 1546 ipsius
1356 1479 1712 1548 expositionis
1731 1493 1884 1545 quam
1911 1479 2006 1530 ha-
2109 1496 2246 1543 eam,
2273 1495 2336 1533 ex
2371 1484 2480 1549 ipsa
2507 1486 2835 1535 narrationes
2889 1484 3171 1537 historicas
3197 1486 3340 1538 disce
3359 1525 3374 1547 ,
3431 1501 3493 1538 ex
3526 1488 3638 1553 ipsa

434 1562 613 1616 bemus
664 1565 718 1616 in
775 1567 1048 1620 manibus
1089 1569 1343 1621 videatur
1389 1583 1509 1622 esse
1567 1569 1836 1636 mysterio.
1877 1567 2006 1619 Nam

437 1655 780 1706 tricamerata
814 1656 1108 1722 triplicem
1133 1658 1274 1712 hanc
1292 1658 1676 1725 expositionem
1707 1657 2004 1722 designant.

2109 1569 2419 1636 mysterium
2448 1585 2693 1637 magnum
2720 1571 2857 1636 quod
2891 1586 2941 1622 tn
2991 1569 3207 1624 Christo
3233 1580 3286 1624 et
3315 1573 3366 1624 itt
3396 1571 3637 1626 Ecclesia

2110 1655 2358 1721 impletur
2404 1671 2650 1722 agnosce.
2681 1657 2754 1709 Ex
2789 1659 2901 1724 ipsa
2931 1659 3092 1710 etiam
3119 1659 3402 1712 emendare
3441 1675 3637 1724 mores,

443 1743 544 1794 Sed
573 1744 700 1809 quia
771 1759 883 1796 non
936 1759 1164 1810 semper
1195 1744 1247 1796 in
1303 1744 1593 1812 Scripturis
1621 1743 1812 1795 divinis
1842 1745 2011 1795 histo—
2041 1725 2080 1777 Β
2111 1758 2350 1796 resecare
2373 1745 2521 1807 vitia,
2552 1759 2780 1812 purgare
2805 1746 3057 1809 animant,
3093 1753 3251 1812 atque
3291 1760 3489 1799 exuere
3518 1760 3634 1798 eam

449 1837 591 1889 rialis
618 1839 1032 1904 consequentia
1065 1848 1214 1890 stare
1235 1846 1433 1905 potest,
1486 1838 1578 1890 sed
1634 1851 2007 1904 nonnunquam

448 1926 638 1986 deficit,
661 1935 737 1982 nt,
775 1927 933 1978 verbi
973 1940 1165 1986 causa,
1192 1942 1312 1979 cum
1359 1926 1555 1979 dicitur
1579 1926 1623 1956 ⁸³
1659 1941 1671 1976 :
1706 1924 1877 1985 Spinaz
1913 1943 2008 1978 na-

450 2023 648 2065 srenlur
675 2017 728 2065 in
753 2031 923 2065 manu
945 2015 1143 2066 ebriosi
1171 2054 1183 2065 .
1215 2025 1268 2066 et
1321 2029 1439 2066 cum
1471 2013 1521 2065 in
1553 2017 1746 2079 templo
1777 2030 1806 2066 a
1861 2013 2010 2066 Salo-

457 2117 604 2153 mone
627 2112 950 2155 constructo
987 2103 1190 2154 dicitur
1211 2101 1258 2131 ⁸⁵
1297 2119 1310 2154 :
1354 2100 1460 2152 Vox
1505 2100 1674 2152 mallei
1719 2111 1767 2154 et
1819 2103 2007 2154 securis

457 2207 550 2241 non
583 2201 656 2242 est
687 2191 877 2242 audita
912 2191 971 2241 in
1022 2191 1177 2243 domo
1207 2191 1302 2243 Dei
1347 2210 1363 2245 :
1401 2200 1452 2243 et
1479 2191 1671 2243 iterum
1714 2191 1764 2242 in
1811 2189 2007 2242 Leviti-

455 2294 515 2331 co
535 2280 600 2342 ⁸³,
619 2295 740 2332 cum
766 2279 918 2344 lepra
981 2280 1203 2344 parietis
1259 2289 1313 2332 et
1350 2278 1624 2346 pelliculae,
1654 2288 1709 2331 et
1758 2279 2004 2331 staminis

458 2371 637 2438 inspici
669 2371 900 2438 iubetur
930 2385 958 2420 a
986 2369 1356 2423 sacerdotibus
1407 2379 1460 2422 et
1502 2369 1717 2437 purgari
1748 2387 1762 2424 :
1793 2378 2005 2436 propter

462 2460 567 2510 ham
589 2473 716 2526 ergo
739 2468 796 2510 et
821 2459 910 2511 his
929 2458 1127 2510 similia
1156 2471 1261 2509 nou
1287 2456 1455 2510 solum
1505 2458 1868 2519 tricamerata,
1909 2458 2000 2509 sed

460 2559 508 2600 et
541 2549 872 2601 hicamcrata
909 2561 1037 2599 arca
1069 2547 1393 2611 contexitur,
1425 2554 1478 2599 ut
1508 2547 1736 2599 sciamus
1771 2546 1822 2598 in
1855 2544 2001 2598 Scri-

459 2638 619 2702 pturis
645 2637 845 2690 divinis
878 2651 987 2690 n0n
1023 2650 1240 2702 semper
1262 2635 1542 2702 triplicem,
1585 2635 1706 2700 quia
1736 2648 1838 2686 non
1867 2648 2004 2686 sent-

457 2741 548 2791 per
581 2743 677 2780 nos
713 2718 944 2780 historia
1013 2725 1278 2792 sequitur,
1329 2723 1422 2776 sed
1469 2723 1729 2775 interdum
1781 2723 2001 2788 duplicis

457 2818 817 2870 tantummodo
848 2829 1077 2868 sensum
1098 2812 1460 2881 expositionis
1499 2812 1774 2864 inscrtum.
1810 2811 2002 2864 'l‘ente-

454 2919 563 2957 tuus
596 2905 760 2971 igitur
783 2913 842 2958 et
891 2903 1108 2956 tertiam
1142 2901 1532 2968 expositionem
1575 2901 1862 2964 disserere,
1917 2915 2001 2953 se-

451 2997 675 3049 cundum
707 2995 971 3050 moralem
997 2995 1194 3047 locum.
1227 2992 1282 3045 Si
1324 2992 1445 3060 quis
1469 3001 1573 3054 est,
1615 2991 1704 3060 qui
1753 3005 2000 3046 crcscen-
2025 3018 2068 3074 ε

450 3084 584 3136 tibus
612 3085 789 3144 malis,
849 3092 906 3136 et
957 3082 1346 3135 inundaulibus
1392 3081 1538 3133 vitiis
1592 3090 1907 3134 convertere
1937 3095 1996 3134 se

449 3180 618 3240 potest
645 3188 673 3224 a
701 3175 865 3225 rebus
898 3171 1058 3224 ﬂuxis
1103 3179 1158 3222 et
1188 3169 1534 3236 pereuntibus
1559 3179 1614 3222 et
1666 3170 1900 3231 caducis,
1943 3179 1996 3222 et

447 3264 624 3315 audire
649 3262 879 3316 verbum
911 3261 1023 3320 Dei,
1051 3275 1116 3313 ac
1157 3269 1420 3328 praecepta
1464 3258 1704 3312 cmlestia
1736 3275 1749 3311 :
1788 3259 1872 3312 hic
1915 3261 1996 3311 in-

448 3358 522 3400 tra
551 3363 645 3402 cor
674 3364 832 3401 suum
860 3362 1043 3400 arcam
1081 3345 1276 3400 salutis
1305 3347 1558 3408 aedificat,
1608 3355 1662 3398 et
1714 3347 1994 3400 bibliothe-

446 3452 578 3499 cam,
615 3446 670 3489 ut
697 3438 770 3489 ita
795 3437 998 3498 dicam,
1029 3436 1170 3488 intra
1203 3449 1261 3488 se
1292 3435 1456 3487 divini
1490 3444 1770 3488 consecrat
1822 3436 1991 3499 verbi,

451 3523 827 3592 longitudinem
859 3524 912 3574 in
938 3537 1024 3584 ea,
1059 3533 1114 3576 et
1142 3522 1504 3585 latitudinem,
1553 3532 1606 3574 et
1637 3523 1990 3586 altitudinem,

449 3613 617 3672 iidem,
644 3627 816 3679 spem,
847 3611 1558 3678 charitatemquecollocat.
1603 3611 1782 3663 Fidem
1816 3612 1990 3664 Trini-

452 3701 569 3754 tatis
593 3701 706 3768 (89)
732 3706 798 3753 ad
832 3702 1224 3771 longitudinem
1277 3706 1396 3754 vita:
1436 3703 1993 3771 inunortalitatemqne

447 3791 711 3844 distendit.
742 3792 855 3860 66
882 3791 1250 3844 Latitudinem
1306 3791 1604 3855 charitatis,
1650 3792 1992 3858 indulgentiae

448 3887 496 3932 et
527 3879 870 3947 benignitatis
898 3879 1092 3931 fundat
1127 3876 1347 3931 affectu.
1385 3879 1684 3932 Altitudine
1711 3881 1820 3948 spei
1846 3894 1902 3933 se
1924 3883 1990 3933 ad

445 3969 676 4020 ca‘lcstia
708 3970 870 4036 erigit
903 3979 954 4021 et
985 3968 1222 4020 excelsa.
1268 3967 1442 4034 Super
1475 3979 1676 4022 terram
1711 3970 1850 4022 enim
1877 3984 1990 4022 am-

446 4057 644 4116 btrlans,
685 4057 739 4108 in
784 4058 938 4110 cwlis
996 4055 1163 4108 habet
1191 4057 1677 4109 conuersationem.
1719 4057 1987 4110 Summam

446 4159 561 4198 vero
591 4157 806 4198 actuum
854 4161 1076 4198 suorum
1124 4144 1292 4198 refert
1323 4146 1387 4198 ad
1441 4161 1632 4198 unum.
1683 4146 1794 4199 Scit
1845 4148 1988 4201 enim

444 4235 558 4298 quia
581 4249 751 4285 omnes
789 4235 1000 4300 quidem
1035 4243 1288 4291 currunt;
1333 4233 1422 4284 sed
1474 4249 1609 4285 unus
1640 4234 1824 4299 accipit
1875 4234 1989 4299 pal-

2109 1833 2248 1884 onmi
2275 1833 2486 1885 vinculo
2516 1834 2836 1901 captivitatis
2882 1835 3136 1902 intellige,
3175 1836 3326 1888 nidos
3379 1835 3430 1887 in
3463 1851 3545 1892 ea.
3578 1847 3636 1890 et

2111 1923 2261 1977 nidos
2297 1924 2628 1977 diversarum
2681 1925 2931 1977 virtutum
2990 1935 3042 1976 et
3089 1924 3422 1992 profectunm
3479 1925 3639 1979 collo-

2107 2026 2250 2064 cans.
2310 2012 2532 2066 Deintus
2581 2028 2710 2066 sane
2757 2024 2808 2066 et
2860 2013 3056 2066 deforis
3091 2013 3434 2067 bituminabis
3490 2029 3636 2076 eam,

2108 2099 2268 2152 corde
2295 2099 2448 2152 Iidem
2501 2114 2712 2167 gerens,
2739 2114 2833 2153 ore
2882 2100 3274 2155 confessionem
3312 2101 3634 2169 proferens:

2107 2185 2247 2237 intus
2283 2184 2560 2238 scientiam
2587 2224 2602 2247 ,
2661 2186 2792 2238 foris
2819 2201 2979 2253 opera
3027 2188 3230 2240 habens
3256 2188 3424 2241 :intus
3475 2191 3637 2243 corde

2105 2275 2348 2338 ntundns,
2374 2272 2502 2326 foris
2523 2282 2698 2327 castus
2726 2288 2947 2340 corpore
2969 2276 3245 2352 incedens.
3276 2276 3328 2328 ln
3355 2278 3488 2330 hanc
3511 2293 3638 2347 ergo

2105 2376 2304 2427 arcam,
2337 2363 2448 2415 sive
2471 2377 2586 2414 eam
2635 2362 3008 2416 bibliothecam
3040 2365 3334 2417 divinorum
3382 2365 3635 2419 librorum

2104 2450 2214 2501 sive
2239 2449 2470 2500 animant
2510 2450 2714 2502 ﬁdelem
2774 2452 3060 2503 secundum
3114 2451 3364 2506 moralem
3417 2454 3632 2507 interim

2104 2535 2274 2589 locum
2301 2551 2580 2603 ponamus,
2631 2537 2965 2591 introducere
2993 2538 3153 2593 debes
3193 2539 3352 2593 etiam
3381 2541 3630 2594 animaiia

2101 2639 2164 2677 ex
2187 2626 2331 2678 omni
2361 2640 2572 2694 genere,
2602 2641 2703 2678 nou
2731 2627 2899 2679 solum
2932 2628 3149 2687 munda,
3189 2629 3279 2680 sed
3323 2637 3375 2681 ct
3409 2630 3634 2682 immun-

2101 2717 2185 2769 da.
2233 2716 2336 2770 Sed
2367 2717 2558 2769 munda
2613 2717 2823 2784 quidem
2873 2717 3119 2769 animalia
3164 2719 3315 2772 facile
3353 2735 3636 2787 possumus

2101 2805 2301 2867 dicere,
2324 2807 2462 2873 quod
2500 2807 2774 2869 memoria,
2801 2807 3053 2870 eruditio,
3078 2807 3399 2872 intellectus,
3433 2812 3634 2864 exami-

2102 2897 2248 2947 natio
2296 2906 2348 2949 ct
2371 2897 2626 2964 judiciqu
2652 2913 2837 2952 eorum
2865 2913 2983 2967 qua:
3022 2899 3267 2967 legimus,
3304 2902 3517 2971 aliaque
3552 2905 3636 2958 his

2103 2985 2293 3036 similia
2344 2985 2565 3053 intelligi
2594 2995 2834 3054 possunt.
2885 2989 2957 3041 De
3013 2989 3300 3042 immundis
3350 3006 3476 3045 vero
3508 3007 3633 3060 pro-

2101 3072 2345 3125 nuntiare
2380 3072 2586 3126 difﬁcile
2611 3082 2712 3137 est,
2744 3089 2862 3142 qua:
2887 3084 2942 3129 et
2965 3077 3086 3129 bina
3117 3085 3173 3130 et
3203 3077 3322 3130 bina
3354 3081 3635 3132 nominau-

2104 3170 2206 3212 tur.
2238 3161 2610 3215 Verumtamen
2643 3172 2897 3230 quantum
2931 3165 2984 3217 in
3024 3173 3130 3216 tam
3169 3165 3471 3221 dillicilibus
3501 3168 3632 3222 locis

2099 3252 2295 3303 audere
2325 3266 2620 3317 possumus,
2652 3262 2780 3319 puto
2809 3255 2952 3321 quod
2981 3257 3409 3323 concupiscentia
3440 3267 3489 3312 et
3526 3261 3630 3323 ira,

2099 3339 2221 3405 quia
2251 3339 2426 3392 insunt
2444 3341 2553 3408 (90)
2577 3344 2718 3394 omni
2745 3343 2953 3405 animae,
2985 3346 3416 3401 necessarioistaa
3439 3363 3634 3402 secun-

2099 3427 2222 3479 dum
2262 3429 2363 3481 hoc
2419 3430 2556 3495 quod
2595 3430 2659 3482 ad
2696 3431 3017 3496 peccandum
3049 3433 3248 3487 homini
3290 3423 3630 3502 famulantur,

2099 3515 2382 3568 immundae
2429 3516 2708 3579 dicuntur,
2761 3520 3051 3571 secundum
3081 3519 3182 3574 hoc
3211 3535 3338 3574 vero
3368 3526 3506 3590 quod
3537 3541 3632 3578 ne-

2097 3619 2202 3671 que
2235 3606 2560 3672 posteritatis
2601 3607 2716 3659 sine
2752 3608 3178 3674 concupiscentia
3229 3613 3498 3665 successio
3549 3629 3631 3666 re-

2096 3700 2331 3759 paratur,
2367 3707 2536 3760 neque
2561 3694 2865 3747 emendatio
2917 3695 3019 3747 ulla
3050 3695 3165 3749 sine
3194 3697 3272 3750 ira
3325 3708 3496 3765 potest
3545 3715 3613 3753 ne

2095 3799 2198 3851 que
2235 3784 2513 3851 disciplina
2550 3794 2817 3848 constare,
2845 3789 3155 3840 necessariae
3177 3797 3229 3842 et
3251 3790 3630 3844 conservanda:

2099 3872 2363 3924 dicuntur.
2391 3872 2454 3924 Et
2485 3873 2727 3939 quamvis
2761 3875 2869 3927 haec
2895 3874 3002 3941 jam
3040 3889 3142 3928 non
3176 3877 3390 3939 morali,
3414 3877 3504 3930 sed
3533 3893 3630 3930 na-

2096 3960 2248 4012 turali
2296 3961 2502 4014 ratione
2545 3961 2784 4015 discussa
2843 3963 3146 4028 videantur,
3201 3973 3375 4017 tamen
3425 3980 3541 4034 qua:
3562 3968 3629 4020 ad

2094 4065 2327 4120 praesens
2358 4065 2644 4104 occurrere
2667 4062 2974 4118 potuerunt,
3005 4068 3100 4120 pro
3139 4055 3490 4110 aediﬁcatione
3521 4066 3629 4110 tra-

2094 4142 2378 4193 ctavimus.
2405 4139 2460 4193 Si
2489 4140 2609 4207 quis
2639 4154 2768 4194 sane
2811 4142 3045 4207 potuerit
3075 4156 3140 4196 ex
3171 4144 3280 4196 otio
3330 4143 3499 4211 ipsam
3527 4144 3630 4198 sibi

2092 4229 2340 4282 conferre
2366 4240 2418 4282 et
2437 4244 2752 4296 comparare
2778 4229 3104 4298 Scripturam
3129 4233 3357 4285 divinam
3388 4241 3440 4286 et
3472 4234 3629 4302 spiri—

442 4337 568 4372 mam
594 4322 660 4386 ⁸⁸,
691 4324 904 4375 scilicet
943 4322 1034 4389 qni
1068 4321 1460 4387 cogitationum
1496 4324 1755 4374 varietate
1817 4333 1869 4374 et
1907 4323 1990 4375 in-
2022 4333 2066 4388 ι)
2093 4320 2285 4372 talibus
2307 4319 2562 4386 Spiritalia
2587 4329 2856 4386 coaptare,
2909 4335 3007 4374 nec
3032 4336 3127 4375 nos
3155 4323 3285 4375 latet
3307 4323 3443 4390 quod
3479 4324 3627 4389 plura

441 4412 721 4464 stabilitate
746 4413 945 4464 mentis
971 4425 1076 4463 non
1105 4410 1265 4462 fuerit
1295 4410 1594 4476 multiplex.
1625 4411 1725 4463 Sed
1747 4412 1880 4464 hanc
1907 4413 1988 4464 lti-

442 4497 750 4553 hliothecam
787 4514 891 4552 non
930 4513 1001 4552 ex
1055 4499 1365 4567 agrestibus
1398 4509 1454 4550 et
1479 4499 1753 4565 impolitis,
1791 4502 1882 4553 sed
1922 4517 1987 4554 ex

441 4589 702 4650 quadratis
749 4597 803 4640 et
859 4589 1159 4640 secundum
1212 4588 1486 4653 aequitatis
1541 4586 1736 4639 lineam
1777 4588 1992 4644 directis

442 4677 688 4727 construit
743 4676 925 4740 lignis,
967 4676 1018 4728 id
1046 4685 1130 4728 est
1162 4691 1266 4727 non
1315 4675 1652 4727 saecularium
1697 4688 1992 4744 auctorum,

446 4763 529 4814 sed
566 4777 625 4816 ex
655 4766 1002 4833 propheticis
1054 4775 1221 4830 atque
1255 4764 1566 4831 apostolicis
1619 4763 1990 4821 voluminibus.

439 4849 687 4918 lpsienirn
714 4863 864 4913 sunt,
912 4855 1004 4920 qui
1052 4852 1291 4904 diversis
1342 4851 1723 4905 tentatiouibus
1761 4855 1991 4920 edolati,

436 4941 672 4994 resecatis
700 4943 967 4994 omnibus
1006 4939 1162 4990 vitiis
1189 4945 1245 4989 et
1283 4937 1503 4998 excisis,
1528 4939 1834 5001 quadratam
1869 4955 1996 4995 cou-

485 5117 526 5148 ⁸³
553 5119 810 5172 Proverb.
848 5131 1006 5178 xxvi,
1044 5117 1104 5167 9.

1205 5113 1253 5142 ⁸⁸
1275 5112 1334 5162 111
1358 5113 1479 5177 Reg.
1506 5128 1570 5172 Vl,
1595 5113 1635 5164 7η
1710 5117 1753 5147 ⁸⁸
1789 5119 1968 5173 Le‘vit.
1998 5137 2110 5174 xm.

2088 4408 2141 4459 in
2177 4409 2276 4460 hoc
2303 4406 2418 4460 loco
2442 4408 2688 4474 profundi
2714 4418 2765 4459 et
2795 4409 2976 4461 arcani
3021 4412 3262 4479 mysterii
3297 4422 3503 4464 secreta
3537 4411 3643 4480 re-i

2088 4498 2278 4564 periet,
2309 4511 2424 4563 quae
2457 4511 2596 4549 nunc
2626 4512 2723 4550 nos
2751 4496 3015 4552 adducere
3037 4499 3090 4552 in
3130 4501 3385 4562 medium,
3426 4501 3508 4552 vel
3533 4517 3628 4569 pro

2099 4585 2365 4638 brevitate
2395 4586 2663 4651 temporis,
2693 4585 2772 4638 vel
2821 4599 2916 4652 pro
2960 4588 3254 4641 auditorum
3292 4589 3472 4640 labore
3522 4604 3626 4642 non

2093 4686 2390 4738 possumus.
2425 4672 2813 4741 Otnnipotentis
2853 4684 3026 4726 tamen
3075 4675 3165 4728 Dei
3196 4679 3622 4730 misericordiam

2098 4765 2464 4829 deprecemur,
2498 4763 2587 4829 qui
2618 4777 2714 4816 nos
2746 4777 2851 4816 non
2885 4763 3053 4816 solum
3086 4766 3354 4818 auditores
3379 4767 3520 4818 verbi
3547 4769 3626 4819 sni

2101 4851 2280 4912 faciat,
2309 4851 2399 4903 sed
2438 4862 2490 4904 et
2512 4851 2743 4904 factores
2768 4851 2812 4882 ⁸⁸
2842 4871 2854 4904 :
2887 4861 2941 4905 et
2985 4852 3202 4906 inducat
3234 4859 3395 4921 super
3421 4863 3628 4907 nostras

2099 4953 2307 5007 quoque
2344 4941 2546 4993 animas
2576 4941 2828 4994 diluvium
2857 4957 3005 5008 aqua:
3024 4957 3153 5006 sum,
3177 4950 3234 4996 et
3255 4943 3426 4996 deleat
3446 4943 3497 4994 in
3531 4958 3628 4996 uo-

3257 5122 3298 5152 ⁴⁴⁸
3329 5120 3438 5170 Jac.
3474 5132 3511 5176 ι,
3538 5115 3626 5166 ‘32.

2185 5118 2268 5170 "1
2303 5119 2424 5172 Cor.
2455 5136 2530 5183 ιχ,
2551 5119 2642 5172 24.
2747 5120 2788 5148 ⁸⁷
2814 5119 2831 5171 1
2868 5119 2998 5188 Reg.
3024 5136 3149 5172 xvtt.

2111 5250 2238 5320 libb.
2274 5259 2427 5320 attica
2448 5252 2614 5320 editi:
2648 5250 2920 5320 latitudine
2965 5251 3251 5320 charitatis,
3293 5241 3624 5320 indulgentia:

2111 5327 2156 5369 et
2192 5318 2514 5384 benignitatis
2575 5319 2756 5384 fundat
2819 5317 3080 5383 a/fectnm.
3119 5314 3400 5365 Altitudine
3419 5309 3523 5372 spei
3555 5309 3624 5357 ad

2106 5387 2330 5438 caelestia
2361 5387 2542 5453 erigit;
2576 5387 2665 5438 sed
2689 5399 2814 5436 mss.
2847 5394 2902 5435 ut
2925 5385 3184 5453 innostro
3213 5385 3375 5429 textu.

2170 5455 2275 5524 (‘90)
2307 5448 2456 5516 Mss.,
2480 5455 2688 5514 insunt;
2713 5453 2837 5503 libb.
2873 5449 3023 5510 editi,
3059 5448 3201 5496 inest.

470 5251 578 5319 (39)
607 5250 753 5302 Libri
797 5256 976 5298 antea
1012 5239 1190 5319 editi,
1221 5239 1320 5303 fide
1347 5237 1600 5319 Trinitatis
1619 5246 1696 5319 .ad
1748 5246 2004 5314 Iongizu-

396 5304 717 5372 diﬁcit”
773 5309 1372 5384 ίωηιοτιρῑξιηιεηιᾳιιε
1426 5304 1683 5384 descendit,
1732 5322 1795 5363 at
1855 5304 2002 5370 inss.

386 5369 760 5443 ﬁelvat'cttsis,
800 5375 1202 5446 licmigia‘ttus
1231 5369 1744 5446 81⁵1Γθ5,ΤιιΓ91.ιιξιιέρε
1805 5391 1873 5432 ιη
1939 5369 1992 5435 ἦ,

381 5438 572 5510 nostra
610 5438 796 5504 textu.
831 5438 1041 5510 Codex
1074 5438 1488 5510 Gemelicensis:
1517 5439 1650 5510 ﬁdem
1681 5445 1992 5502 Trinitatis

370 5500 813 5591 élé'ibb'giiaam
845 5512 982 5574 vita:
1014 5500 1498 5564 immortalitateque
1530 5507 1783 5564 duremur.
1858 5500 1994 5570 Mox
