3922 6274
513 279 618 332 175

1931 274 2244 330 ORIGENIS

3666 288 3720 342 lii

515 395 596 447 bis
620 406 737 459 quae
767 391 866 444 scit
917 404 1035 444 esse
1067 388 1308 452 delenda,
1335 398 1388 443 et
1418 390 1648 444 viviﬁcet
1696 407 1814 460 quae
1839 391 2040 460 judical
2066 397 2113 452 Α
2143 392 2318 460 [igitur
2341 391 2580 446 voluntas
2607 391 2696 446 Dei
2728 389 3022 454 contineri,
3057 386 3168 441 nisi
3206 399 3272 439 ea
3317 385 3614 451 locutug
3639 405 3720 459 diu

512 495 630 534 esse
656 479 991 541 viviﬁcanda,
1029 494 1125 542 per
1169 479 1441 532 Christum
1471 479 1747 532 Dominum
1781 489 2038 542 nostrum,

509 578 565 622 et
588 585 678 635 per
701 569 954 637 Spiritum
978 583 1130 620 suum
1157 576 1419 620 sanctum.
1443 566 1544 634 Ipsi
1582 568 1750 636 gloria
1775 569 1826 620 in
1849 578 2040 622 mter-na

512 659 702 716 saecula
728 656 1063 712 surculorum.
1096 656 1285 707 Amen.

1087 747 1360 801 llOMlLlA
1405 746 1488 801 lli.

887 837 962 889 De
990 838 1378 890 circumcisione
1417 837 1657 889 Abrahw.

583 933 634 984 l.
685 927 944 992 Quoniam
984 930 1032 980 in
1084 928 1264 980 multis
1321 927 1512 979 divinae
1559 927 1850 993 Scriptura;
1908 926 2039 979 locis

515 1021 678 1073 Deum
709 1019 930 1085 legimus
952 1018 1016 1070 ad
1049 1017 1286 1069 homines
1319 1015 1478 1082 loqui,
1503 1024 1556 1068 et
1585 1025 1801 1082 propter
1823 1018 1920 1068 hoc
1945 1012 2038 1068 Ju-

513 1109 610 1161 daei
635 1107 867 1175 quidem,
890 1106 980 1159 sed
1004 1115 1058 1159 et
1084 1115 1386 1159 nostrorum
1415 1105 1672 1168 nonnulli,
1701 1105 1861 1157 Deum
1888 1106 2036 1172 quasi

517 1198 780 1249 hominem
811 1195 1579 1262 intelligendumputaverunt,
1619 1194 1670 1246 id
1727 1203 1808 1246 est
1856 1194 2012 1245 lnnna

513 1286 596 1338 nis
618 1284 870 1338 membris
910 1285 1194 1351 habituque
1241 1282 1571 1345 distinctum,
1605 1282 1890 1350 philosophi
1915 1297 2038 1334 vero

515 1374 662 1427 velut
693 1374 934 1427 fabulosa
960 1375 1069 1427 haec
1093 1384 1146 1427 et
1172 1375 1235 1426 ad
1285 1375 1610 1440 poeticorum
1638 1373 2034 1425 similitudinem

511 1465 878 1529 ﬁgmentorum
901 1461 1122 1515 formata
1182 1463 1519 1528 despiciunt:
1553 1462 1762 1514 videtur
1813 1461 1937 1514 mihi
1971 1461 2036 1515 de

512 1551 595 1602 his
618 1551 790 1617 primo
841 1549 1029 1617 paucis
1077 1551 1566 1613 sermocinandum,
1605 1557 1656 1604 et
1703 1559 1822 1602 tunc
1872 1553 1937 1603 ad
1975 1565 2037 1602 ea

511 1651 628 1700 quae
658 1636 880 1689 recitata
911 1645 1035 1689 sunt
1081 1635 1417 1688 veniendum.
1464 1634 1641 1689 Primo
1683 1649 1809 1704 ergo
1840 1635 1904 1688 ad
1944 1650 2036 1689 eos

2143 492 2252 548 tur,
2305 483 2428 550 quia
2454 497 2550 536 nec
2579 482 2827 546 sentitur,
2866 494 2963 533 nec
2997 476 3336 544 intelligitur
3373 475 3554 528 intet~
3613 492 3720 548 hom,-

2139 585 2232 623 nes
2263 569 2483 622 indicari
2522 583 2751 636 unquam
2793 582 2948 635 posse
2987 581 3090 634 per
3130 564 3427 618 silentium
3463 576 3702 630 vatum,

2137 669 2262 713 tem.
2301 659 2404 713 Sed
2449 659 2560 712 haec
2589 673 2800 710 rursum
2846 671 2952 710 non
2992 655 3312 710 secundum
3347 667 3622 711 errore!»
3642 664 3690 715 ,1η

2139 749 2394 810 daaorum,
2446 747 2529 800 vel
2564 747 2726 799 etiam
2772 760 2837 799 ex
2880 745 3088 799 nostris
3139 741 3588 802 nonnullorum,
3629 764 3678 811 qi;

2138 852 2256 891 cum
2309 837 2414 890 illis
2467 845 2685 899 errant,
2736 845 2960 889 eatenus
3007 833 3288 896 dicimus,
3341 839 3406 886 ut
3466 834 3678 898 quoniam

2139 928 2366 979 humana
2399 924 2660 994 fragilitas
2688 925 2848 978 aliter
2877 924 3072 976 audire
3105 923 3175 976 de
3218 922 3340 976 Deo
3371 935 3497 974 non
3547 933 3683 987 potest

2137 1014 2235 1067 nisi
2265 1024 2323 1068 ut
2368 1014 2468 1068 sibi
2502 1028 2587 1067 res
2614 1013 2726 1080 ipsa
2765 1021 2820 1067 et
2854 1010 3122 1066 vocabula
3159 1018 3299 1062 nota
3335 1019 3508 1070 sunt,
3552 1011 3693 1067 idcirc

2135 1103 2298 1155 etiam
2344 1101 2593 1155 membris
2642 1101 2756 1154 haec
2810 1099 3016 1154 nostris
3069 1096 3389 1159 similibus,
3433 1104 3512 1150 et
3569 1097 3693 1157 habit

2139 1191 2373 1242 humano
2427 1187 2590 1241 Deum
2633 1201 2792 1256 agere
2822 1187 3156 1241 sentiamus.
3198 1185 3482 1238 Alienum
3545 1187 3638 1244 hoc
3665 1209 3704 1246 et

2136 1280 2202 1333 ab
2242 1277 2485 1332 Ecclesia:
2539 1275 2642 1330 ﬁde
2685 1275 2851 1343 (94).
2910 1273 3018 1328 Sed
3070 1276 3181 1328 hoc
3227 1274 3417 1341 ipsum
3460 1281 3632 1342 quod
3666 1297 3706 1336 ιι

2137 1366 2336 1435 aspirat
2401 1365 2453 1419 in
2508 1364 2673 1418 corde
2717 1361 3158 1430 uniuscujusque
3210 1370 3624 1429 sanctorum,
3665 1386 3710 1424 ιι

2136 1471 2324 1508 sonum
2359 1454 2505 1508 vocis
2537 1451 2818 1520 pervenire
2841 1452 2907 1504 ad
2943 1465 3110 1504 aures
3137 1450 3269 1518 ejus
3311 1449 3494 1513 facit,
3553 1452 3710 1512 locutu

2137 1546 2336 1600 homini
2371 1545 2509 1598 Deus
2538 1542 2754 1596 dicitur.
2784 1541 2876 1596 Sic
2896 1548 3100 1595 etcum
3133 1548 3270 1593 nota
3298 1540 3407 1594 sibi
3440 1554 3601 1596 esse
3621 1546 3703 1600 ind

2096 1626 2100 1631 ’
2136 1646 2218 1688 cat
2256 1649 2373 1702 qua:
2400 1633 2762 1700 unusquisque
2789 1629 2870 1683 vel
2903 1630 3176 1698 loquitur,
3209 1631 3297 1682 vel
3333 1631 3493 1697 agit.
3549 1636 3712 1692 audis:

512 1725 582 1775 sit
632 1738 808 1776 sermo
862 1725 945 1788 qui
1003 1723 1129 1776 foris
1152 1723 1305 1790 positi
1336 1732 1645 1790 arroganter
1680 1737 1776 1776 nos
1803 1723 2030 1777 circum-
2065 1709 2104 1764 Β
2133 1740 2194 1779 se
2223 1725 2386 1777 dicit:
2413 1731 2604 1776 etcum
2639 1721 2835 1789 aliquid
2867 1720 3130 1789 iniustum
3170 1721 3291 1789 geri
3327 1735 3360 1774 a
3394 1723 3596 1778 nobis
3625 1726 3706 1780 ind

512 1821 775 1880 strepunt,
807 1813 1043 1864 dictantes
1073 1813 1284 1864 excelso
1310 1811 1384 1862 illi
1419 1820 1475 1864 et
1497 1810 1745 1865 invisibili
1773 1818 1929 1877 atque
1958 1811 2035 1861 in-

513 1915 769 1966 corporeo
805 1900 912 1953 Deo
943 1915 1043 1951 non
1071 1901 1372 1963 convenire,
1433 1908 1491 1952 ut
1557 1899 1799 1952 humanis
1860 1909 2035 1950 utatur

510 1987 784 2042 aliectibus
808 1990 939 2058 (9i).
982 1988 1038 2042 Si
1060 1990 1198 2041 enim
1235 1989 1500 2056 loquendi,
1563 1987 1828 2056 inquiunt,
1863 1989 1910 2040 ci
1945 1989 2036 2038 da-

511 2079 580 2132 tis
611 2093 786 2141 usum,
827 2079 942 2132 sine
967 2077 1126 2130 dubio
1145 2077 1338 2130 dabitis
1359 2086 1409 2130 et
1442 2092 1519 2138 os,
1552 2087 1605 2130 et
1629 2078 1894 2143 linguam,
1932 2091 2034 2128 cmo-

512 2176 732 2233 teraque
765 2168 998 2219 membra
1029 2166 1220 2232 quibus
1252 2165 1496 2232 loquendi
1521 2165 1764 2232 expletur
1783 2162 2030 2217 oﬁicium.

511 2255 659 2320 Quod
691 2256 732 2309 si
761 2256 850 2317 sit,
890 2270 1156 2308 recessum
1189 2263 1271 2307 est
1304 2257 1368 2306 ah
1396 2254 1651 2308 invisibili
1684 2262 1739 2307 et
1787 2255 2035 2318 incorpo-

511 2363 601 2402 reo
629 2350 734 2402 Deo
765 2360 780 2399 :
807 2355 862 2400 et
917 2345 1076 2398 multa
1110 2343 1191 2396 bis
1240 2343 1429 2395 similia
1462 2350 1732 2396 nectentes
1777 2356 1872 2395 nos
1914 2341 2034 2393 fati—

509 2448 637 2507 gant
662 2436 792 2506 (92).
825 2435 904 2487 Ad
948 2435 1062 2486 hate
1090 2446 1240 2498 ergo,
1276 2431 1320 2484 si
1365 2431 1613 2499 precibus
1662 2430 1851 2503 vestris
1882 2429 2034 2498 jme-

510 2541 646 2586 mur,
671 2531 827 2590 prout
856 2521 1109 2574 Dominus
1138 2518 1364 2581 dederit,
1397 2519 1631 2572 breviter
1666 2531 2028 2570 occurremus.

577 2613 632 2665 2.
656 2611 762 2664 Nos
791 2611 928 2664 sicut
953 2609 1324 2675 incorporeum
1356 2621 1475 2660 esse
1505 2605 1691 2669 Deum,
1713 2614 1768 2658 et
1795 2605 2032 2673 omnipo-

511 2708 728 2760 tentem,
755 2709 809 2752 et
834 2696 1148 2749 invisibilem
1182 2694 1513 2761 proﬁtemur,
1573 2693 1642 2745 ita
1685 2706 1808 2745 eum
1845 2707 2032 2746 curare

513 2785 777 2848 mortalia,
832 2793 886 2837 et
939 2783 1073 2836 nihil
1105 2784 1308 2850 absque
1365 2781 1481 2850 ejus
1525 2781 1860 2848 providentia
1897 2781 2028 2845 geri,

512 2887 684 2942 neque
718 2874 768 2926 in
800 2872 958 2934 coelo,
993 2884 1164 2939 neque
1202 2871 1256 2922 in
1318 2869 1497 2931 terris,
1523 2878 1671 2923 certo
1698 2877 1750 2922 et
1778 2867 2028 2921 immobili

512 2965 758 3029 dogmate
784 2961 1099 3014 conﬁtemur
1140 2957 1273 3027 (95).
1326 2957 1586 3011 Memento
1613 2958 1736 3025 quia
1761 2957 1890 3010 nihil
1915 2957 2031 3010 sine

511 3050 845 3118 providentia
873 3049 986 3116 ejus
1013 3048 1122 3116 geri
1151 3047 1402 3112 diximus,
1453 3061 1556 3100 non
1585 3047 1701 3100 sine
1734 3045 2026 3100 voluntate.

513 3141 671 3194 Multa
698 3140 836 3192 enim
864 3137 980 3190 sine
1006 3136 1270 3188 voluntate
1297 3135 1412 3203 ejus
1433 3142 1707 3200 geruntur,
1763 3133 1890 3184 nihil
1913 3133 2034 3187 sine

515 3226 868 3297 providentia.
918 3223 1252 3277 Providentia
1289 3236 1514 3289 namque
1535 3230 1614 3274 est
1638 3235 1739 3287 qua
1765 3229 2034 3288 procurat,

510 3331 565 3374 ct
583 3319 869 3384 dispensat,
892 3325 945 3369 et
967 3315 1206 3384 providet
1227 3327 1344 3381 quae
1364 3322 1639 3381 geruntur.
1668 3310 1924 3366 Voluntas
1944 3327 2034 3365 ve.

511 3423 572 3461 ro
593 3417 805 3474 est.qua
828 3404 937 3457 vult
959 3404 1154 3472 aliquid
1177 3411 1268 3456 aut
1293 3417 1393 3456 non
1418 3402 1547 3455 vult.
1568 3401 1671 3455 Sed
1690 3401 1857 3454 dehis
1880 3401 2030 3454 alias.

510 3496 742 3564 Longior
765 3494 902 3548 enim
933 3502 1016 3547 est
1043 3502 1097 3545 et
1121 3493 1356 3546 diﬂusior
1391 3491 1490 3546 iste
1523 3499 1798 3545 tractatus.
1826 3489 2032 3544 Secun-

509 3588 632 3638 dum
654 3585 756 3638 hoc
775 3597 901 3652 ergo
920 3582 1058 3650 quod
1079 3580 1403 3649 provisorem
1423 3579 1748 3646 omnium,et
1766 3578 2033 3646 dispensa-

511 3687 679 3728 torem
726 3672 1036 3740 proﬁtemur
1086 3669 1276 3734 Deum,
1326 3683 1662 3736 consequens
1705 3676 1790 3723 est
1823 3668 2033 3735 utquid

506 3762 610 3830 67
650 3760 793 3822 velit,
825 3757 906 3812 vel
929 3758 1053 3826 quid
1091 3756 1399 3811 hominibus
1426 3755 1672 3824 expediat
1700 3755 1919 3810 indicet.
1975 3755 2032 3810 Si

510 3853 652 3904 enim
691 3863 792 3902 non
841 3849 1058 3910 indicet,
1094 3861 1192 3901 nec
1230 3848 1333 3900 erit
1369 3847 1608 3912 provisor
1645 3845 1894 3910 hominis,
1937 3860 2032 3900 nec

510 3939 746 3991 creditur
797 3951 989 3990 curare
1043 3935 1305 3989 mortalia.
1371 3933 1616 3988 lndicans
1675 3934 1835 4001 igitur
1896 3935 2032 3987 Deus

510 4027 813 4080 nominibus
844 4039 961 4091 tum
1015 4038 1107 4075 eos
1157 4038 1314 4090 agere
1361 4023 1500 4086 vult,
1553 4036 1656 4089 quo
1698 4023 2030 4092 potissimum

509 4115 697 4167 allecto
732 4113 985 4166 dicendus
1019 4120 1098 4163 est
1121 4110 1393 4162 indicare?
1428 4110 1610 4163 Nonne
1646 4125 1710 4164 eo
1747 4111 1835 4178 qui
1863 4109 2032 4164 homi-

511 4204 664 4255 nibus
703 4201 756 4254 in
810 4213 905 4252 usu
938 4207 992 4250 et
1029 4198 1214 4250 notitia
1254 4197 1374 4250 est?
1398 4197 1452 4249 Si
1488 4198 1649 4264 enim,
1675 4199 1822 4252 verbi
1850 4213 2028 4262 causa,

2057 3000 2098 3056 C

2136 1824 2241 1881 cat,
2291 1813 2449 1868 irasci
2485 1828 2543 1866 se
2593 1811 2914 1865 dicitzcum
2965 1808 3263 1863 beneﬁciis
3321 1810 3442 1862 suis
3521 1810 3717 1881 ingrati

2135 1919 2231 1956 nos
2279 1902 2475 1971 arguit,
2523 1900 2798 1968 ‘ptenitere
2849 1914 2908 1952 se
2955 1897 3135 1952 dicit:
3173 1900 3437 1953 indicans
3547 1904 3716 1968 quide:

2135 1995 2244 2047 lucc
2270 1993 2357 2045 his
2382 1990 2660 2044 affectibus
2699 1990 2786 2056 qui
2812 1987 3131 2042 hominibus
3187 1989 3242 2040 in
3281 2003 3387 2040 usu
3425 2001 3629 2050 sunt,
3667 2010 3720 2046 nr

2136 2091 2310 2134 tamen
2339 2081 2423 2133 his
2453 2077 2706 2132 membris
2732 2092 2792 2130 ea
2831 2077 3160 2130 ministrans
3189 2091 3318 2144 quae
3347 2086 3615 2130 natctrae
3653 2097 3714 2134 co

2134 2186 2307 2241 porca!
2334 2179 2458 2223 sunt
2488 2167 2654 2240 (95).
2683 2167 2920 2236 Simplex
2951 2181 3198 2235 namque
3231 2175 3320 2221 est
3345 2167 3436 2218 illa
3517 2168 3714 2226 substa

2136 2263 2226 2322 tia,
2267 2267 2320 2313 et
2363 2271 2534 2325 neque
2561 2257 2814 2310 membris
2846 2255 2990 2316 ullis,
3031 2269 3220 2320 neque
3293 2261 3715 2332 comi-aginib

2135 2349 2514 2416 atl'ectibusque
2538 2345 2854 2413 composita,
2889 2346 2986 2398 sed
3019 2344 3296 2412 quidquid
3320 2345 3584 2406 divinis
3609 2357 3719 2410 7),,

2134 2441 2274 2492 tibus
2304 2437 2529 2505 geritur,
2559 2436 2659 2488 hoc
2692 2444 2749 2487 ut
2798 2435 3048 2488 homines
3094 2444 3336 2502 possent
3389 2435 3441 2489 in
3471 2445 3706 2513 telliger

2131 2535 2224 2580 ant
2263 2527 2614 2580 lmmanorum
2656 2522 3020 2576 membrorum
3065 2523 3452 2594 appellatione
3503 2533 3686 2597 proie

2137 2628 2240 2680 tur,
2265 2625 2354 2669 aut
2380 2613 2750 2668 communibus
2772 2621 2826 2667 et
2855 2613 2998 2666 notis
3033 2615 3371 2667 enuntiatur
3397 2615 3414 2684 (
3441 2616 3562 2688 96)
3614 2623 3689 2674 ali

2133 2703 2328 2756 ctibus.
2361 2701 2426 2753 Et
2463 2701 2561 2753 hoc
2588 2700 2743 2752 modo
2775 2699 2855 2752 vel
2887 2699 3073 2762 irasci,
3103 2701 3193 2753 vel
3225 2703 3445 2767 audire,
3471 2708 3571 2757 vel
3597 2708 3692 2776 loq

2132 2792 2327 2844 dicitur
2355 2790 2508 2842 Deus.
2537 2787 2671 2842 Nam
2695 2789 2737 2843 si
2765 2804 2873 2843 vox
2907 2789 3149 2844 humana
3181 2805 3285 2847 aer
3327 2793 3502 2857 ictus,
3544 2796 3608 2849 id
3665 2818 3693 2851 e

2131 2878 2306 2944 lingua
2341 2892 2679 2944 repercussus
2705 2877 2981 2942 deﬁnitur,
3014 2885 3203 2945 potest
3237 2889 3297 2935 et
3330 2895 3437 2934 vox
3484 2883 3605 2938 Dei
3641 2891 3694 2940 κισ

2131 2977 2222 3018 aer
2256 2966 2389 3018 ictus
2410 3002 2425 3028 ,
2462 2963 2545 3015 vel
2570 2964 2646 3026 vi,
2683 2963 2764 3016 vel
2794 2964 3074 3018 voluntate
3104 2967 3321 3021 divina.
3374 2968 3445 3022 Et
3495 2971 3653 3029 inde
3683 2992 3698 3028 ι

2132 3053 2271 3120 quod
2317 3052 2360 3106 si
2395 3053 2608 3120 quando
2651 3065 2753 3104 vox
2783 3051 3044 3107 divinitus
3079 3055 3277 3124 datur,
3323 3072 3435 3112 non
3489 3061 3576 3114 ad
3639 3079 3700 3117 οι

2132 3142 2275 3196 nium
2299 3155 2475 3201 aures,
2510 3140 2603 3192 sed
2649 3140 2714 3192 ad
2761 3155 2998 3208 quormn
3034 3142 3309 3211 interest,
3339 3147 3602 3206 auditus
3633 3157 3697 3208 at

2132 3227 2295 3289 bitur,
2331 3233 2387 3277 ιιι
2417 3240 2676 3290 agnoscas
2708 3228 2941 3280 sonitum
2984 3245 3091 3283 non
3128 3231 3340 3302 lingua:
3375 3237 3566 3304 pulsu
3638 3258 3704 3297 re

2133 3314 2295 3368 dittnu
2316 3313 2566 3383 (alioquin
2591 3312 2742 3366 ﬁeret
2759 3316 3066 3370 communis
3087 3320 3495 3390 anditus),sed
3521 3341 3706 3396 suprt

2137 3410 2296 3454 nutus
2326 3401 2689 3456 moderamine
2721 3402 3110 3470 gubernatum.
3139 3407 3498 3478 Quanquam
3537 3427 3607 3469 et
3645 3435 3706 3487 pt

2133 3490 2306 3557 pbetis
2327 3501 2466 3556 smpe
2492 3497 2548 3542 et
2579 3489 2906 3557 patriarchis
2929 3532 2943 3556 ,
2993 3496 3338 3563 cmterisqne
3369 3512 3700 3560 sanctorn

2131 3578 2290 3630 etiam
2341 3577 2456 3630 sine
2495 3577 2646 3632 vocis
2701 3591 2834 3632 sono
2889 3581 3121 3633 verbum
3181 3583 3283 3639 Dei
3343 3587 3599 3648 factum
3654 3615 3706 3650 es

2133 3666 2416 3730 referatur,
2490 3665 2632 3720 sicut
2676 3681 2742 3720 ex
2797 3668 3049 3723 omnibus
3099 3673 3285 3728 sacris
3342 3678 3703 3742 volumini!

2131 3754 2459 3808 abundanter
2500 3754 2772 3810 docemur.
2823 3753 2882 3809 In
2915 3771 3048 3824 quo,
3095 3768 3158 3812 nt
3204 3762 3481 3822 breviter
3549 3775 3704 3830 diu.

2131 3841 2422 3893 illuminata
2475 3855 2624 3895 mens
2667 3857 2764 3910 per
2810 3842 3074 3912 Spiritum
3150 3849 3250 3904 Dei
3316 3851 3662 3917 formam,—

2131 3929 2311 3981 verba.
2342 3928 2403 3980 Et
2431 3928 2550 3982 ideo
2572 3931 2684 3984 sive
2716 3932 2839 3994 hoc,
2872 3933 2985 3986 sive
3016 3934 3110 3989 illo
3136 3953 3250 4006 quo
3276 3956 3470 4013 supra
3505 3955 3705 4013 dixin

2131 4017 2307 4079 modo,
2339 4031 2459 4070 cum
2488 4018 2813 4074 voluntatem
2855 4035 3008 4075 suam
3042 4023 3279 4092 indicat,
3331 4033 3612 4101 locutus
3661 4067 3700 4103 ε

2129 4106 2322 4194 dicitur
2358 4104 2513 4159 Deus.
2548 4107 2850 4164 Secundum
2898 4113 3045 4169 hunc
3073 4131 3213 4188 ergo
3246 4137 3525 4186 sensum
3584 4139 3706 4194 ali!

2131 4193 2262 4265 (97)
2289 4193 2398 4261 jam
2430 4208 2494 4248 ex
2519 4195 2600 4249 his
2629 4213 2745 4264 quae
2775 4199 2908 4253 lecta
2936 4214 3086 4270 sunt,
3114 4208 3540 4278 disseramus.

509 4293 752 4343 dicamus
791 4287 914 4354 quia
963 4285 1085 4339 silet
1128 4287 1284 4348 Deus,
1331 4288 1470 4353 quod
1505 4295 1706 4340 natura:
1733 4288 1805 4340 illi
1835 4302 2030 4342 conve-
2060 4293 2104 4346 ι)
2197 4287 2250 4336 5.
2283 4283 2441 4337 Multa
2488 4300 2740 4353 responsa
2789 4289 2984 4344 dantur
3028 4309 3058 4346 a
3120 4298 3238 4352 Deo
3291 4306 3375 4356 ad
3420 4312 3708 4374 Αιη-ειιη

510 4381 660 4433 niens
679 4377 934 4440 creditur,
974 4375 1236 4443 quomodo
1260 4376 1552 4428 indicatum
1581 4389 1700 4429 esse
1724 4375 1920 4445 aliquid
1961 4378 2028 4432 ab

508 4483 573 4522 eo
601 4465 873 4535 potabitur
909 4478 1003 4532 per
1045 4463 1356 4516 silentium?
1412 4463 1563 4517 Nunc
1609 4475 1783 4518 autem
1827 4465 2030 4520 idcirco

509 4557 717 4609 locutus
763 4551 981 4615 dicitur,
1030 4560 1091 4603 ut
1137 4552 1368 4605 scientes
1412 4552 1653 4606 homines
1707 4554 1807 4606 hoc
1869 4555 2028 4608 mini-

520 4641 685 4694 sterio
715 4637 1034 4691 voluntatem
1067 4636 1288 4693 alterius
1314 4637 1464 4692 alteri
1493 4638 1846 4701 innotescere,
1865 4657 2028 4710 agno-

509 4739 661 4784 scant
691 4741 755 4781 ea
790 4741 908 4794 qua:
947 4723 1046 4780 sibi
1099 4739 1194 4793 per
1233 4727 1521 4794 prophetas
1566 4725 1876 4782 deferuntur
1935 4731 2026 4784 De;

507 4833 624 4872 csse
659 4816 945 4869 voluntatis
975 4812 1191 4868 indicia.
1230 4813 1282 4867 In
1314 4815 1508 4882 quibus
1539 4814 1723 4883 utique
1748 4830 1850 4868 non
1873 4817 2028 4872 intel-

580 4929 622 4962 ⁸³
665 4929 800 4982 Gen.
827 4943 922 4991 xu,
946 4927 997 4978 I.

583 5017 686 5089 (0|)
718 5017 1018 5089 Aﬂectibus.
1055 5013 1228 5068 Codex
1272 5016 1442 5069 sancti
1476 5015 1814 5081 Theodorici,
1844 5022 2016 5088 a/fati.

506 5085 623 5148 bus,
659 5085 759 5138 non
793 5085 946 5139 male.

573 5156 684 5221 (92)
715 5153 952 5221 Quatuor
979 5164 1132 5213 mss.,
1162 5165 1252 5202 nos
1281 5150 1534 5219 fatigant;
1562 5155 1689 5210 libb.
1719 5167 1874 5210 antea
1915 5157 2026 5210 cdi-

506 5226 565 5287 ti,
601 5220 803 5275 nostros
825 5220 1066 5287 fatigant.

575 5289 684 5358 (93)
706 5288 966 5358 Dogmata
988 5287 1305 5358 conﬁtemur,
1331 5297 1434 5342 etc.
1469 5288 1556 5344 Sic
1587 5306 1749 5356 mss.;
1787 5290 1905 5345 libri
1937 5306 2027 5344 ve-

509 5373 568 5411 ro
753 5354 1352 5432 ﬂagrante-proﬁtemur.

573 5422 711 5488 (9i)
750 5420 872 5491 Mss.
901 5423 962 5474 ab
995 5420 1240 5474 Ecclesia:
1261 5422 1382 5487 fide.
1419 5421 1568 5476 Lihb.
1598 5426 1748 5491 editi,
1778 5426 1841 5478 ab
1871 5424 2026 5478 eccle-

505 5492 714 5567 siastica
738 5490 862 5552 ﬁde.

2131 4373 2223 4426 sed
2269 4389 2373 4426 non
2419 4377 2592 4428 omnia
2637 4377 2703 4428 ad
2752 4393 2914 4432 unum
2944 4385 3330 4458 eumdemque
3376 4373 3707 4467 reﬁgi-un;

2131 4463 2379 4556 Quwdinn
2410 4466 2550 4518 enim
2579 4468 2642 4520 ad
2669 4468 2868 4523 Abram
2887 4511 2901 4536 ν
2924 4475 3180 4539 quamam
3212 4482 3284 4534 ad
3313 4463 3694 4556 Abraham].

2131 4561 2214 4650 est
2249 4554 2350 4606 alia
2391 4561 2507 4623 post
2545 4558 2962 4613 immutationem
3013 4566 3283 4636 nominis,
3357 4588 3436 4634 et,
3495 4554 3710 4650 alia;

2131 4643 2305 4696 adhuc
2345 4645 2574 4712 genuino
2627 4647 2887 4702 vocabulo
2925 4663 3274 4711 censeretur.
3361 4666 3454 4725 Et
3528 4643 3710 4745 prin:

2357 4747 2392 4830 ,θ
2665 4735 2864 4830 Abram
2889 4747 3012 4793 ante
3035 4727 3566 4822 immutatione":

2131 4819 2214 4872 nis
2243 4818 2370 4871 illud
2407 4818 2647 4874 defertur
2683 4823 2981 4889 oraculum,
3017 4841 3128 4896 quo
3174 4834 3332 4892 dixit
3389 4845 3453 4880 εει

2191 5021 2326 5122 $33.?
2359 5025 2792 5122 iit.‘::’3.“?..’:t'
2833 5031 3074 5122 male!
3108 5039 3646 5122 scrinium».
3698 5096 3712 5119 ι

2121 5103 2320 5186 nam???
2361 5107 2620 5156 εονρονεω
2651 5109 2794 5152 sunt.
2846 5099 2968 5153 Haec
3010 5102 3065 5154 in
3107 5113 3269 5159 antea
3357 5099 3712 5196 éa'i'gg'l.‘

2117 5173 2311 5212 omissa
2341 5159 2655 5224 supplentur
2692 5179 2724 5217 e
2761 5183 2888 5222 mss.
3677 5149 3714 5199 ¹¹

2761 5183 2888 5222 MSS.

2118 5226 2288 5344 Pam:
2635 5237 3059 5344 "migra-£11119;
3163 5251 3279 5344 1",}.
3387 5274 3481 5341 ﬂ."
3492 5284 3534 5321 u
3544 5289 3586 5326 η
3593 5288 3615 5328 ι
3625 5281 3645 5329 ί

2161 5294 2625 5393 ξιξξὲοέξξῖξὶἑέἐέεῐιὶ
2655 5315 3183 5393 ιιξξξτοηνερετειηευε
3215 5288 3708 5393 αὶνίἕέῗέιῖῗἭ

2118 5347 2625 5429 editiLrEpercussna
2652 5347 3183 5429 ""'“""
3215 5347 3591 5400 "vincatur.
3633 5347 3710 5410 L3

2371 5427 3163 5526 ιξῖἶθδᾷλὲῗιῗδῖτί(ῖθιηθιῖεο
3207 5463 3263 5514 ει
3320 5457 3432 5526 Re

2125 5479 2334 5562 aliqua];
2370 5494 2496 5548 libb.
2532 5479 3163 5584 θαῖιῖξ’τ’ἓῖὶᾇυξι³ξ⁵¹“ιυιιρ.
3207 5479 3263 5514 ct
3320 5479 3695 5555 nemigiar
