3922 6254
1584 387 1649 442 iN
1687 381 1979 443 GENESlM
2019 375 2296 434 HOMILIA
2334 375 2420 429 lll.
3502 372 3602 425 178

425 493 503 542 τυα
529 531 550 556 ο
614 504 678 551 et
722 503 807 557 de
865 507 1077 566 domo
1121 520 1308 584 patris
1343 515 1438 576 tui,
1481 518 1527 564 et
1562 509 1624 563 de
1658 505 1960 576 cognatione
1990 503 2032 557 Α
2063 494 2404 548 ηιαιειιιίηιιιη
2454 501 2695 554 vestrum,
2733 495 2784 543 et
2818 486 3187 543 circumcidetis
3216 505 3419 544 carnem
3463 509 3597 557 prw-

136 511 174 559 lli

145 556 647 676 1m//‘c'sed
694 591 872 648 nihil
903 597 978 651 in
1013 556 1158 659 hoc:
1199 605 1270 659 de
1307 556 1623 658 testamento
1654 556 1782 658 Dei,
1829 593 1960 647 nihil
2065 581 2386 676 ρυιιίίυξεψ·
2468 671 2478 676 Δ
2539 655 2636 676 η’
2751 656 2832 676 ..Δ
2952 657 2965 670 ι
3073 657 3087 676 ι
3282 655 3338 676 ΔΑ
3455 657 3466 668 ο

150 655 213 669 ,νην
305 655 362 676 ν
1086 655 1147 659 η
1204 655 1267 659 η
1769 655 1777 658 _

150 710 218 760 tn,
274 691 386 761 λῇ
409 676 848 737 ΐειιιῐὶαῑείοιιε
919 692 1318 761 praecipitur.
1367 691 1480 745 Non
1531 689 1672 742 enim
1712 692 1960 754 poterat,

2135 657 2187 709 4.
2239 656 2398 725 Igitur
2462 655 2888 724 quandoquidem
2951 657 3003 710 in
3073 657 3216 710 hunc
3278 655 3598 710 devenimus

162 742 330 832 «cvi?
347 742 382 758 ⁷
445 763 646 821 adhuc
709 785 894 830 esset
925 742 1209 835 ’ΔΜ-³1η
1296 789 1351 833 et
1397 777 1627 832 carnalis
1672 742 1964 828 nativitatis

2089 760 2272 807 ocum,
2323 745 2594 812 requirere
2645 745 2765 800 volo
2809 745 2851 798 si
2894 745 3229 812 omnipotens
3281 744 3459 808 Deus,
3507 747 3597 812 qui

173 853 623 940 εηρθωῃιωη
644 860 887 929 genu.
918 871 1256 940 suscipere
1287 879 1342 924 et
1364 876 1744 922 lesumenmm
1784 863 1872 916 Dei
1912 871 1997 921 et.
2069 835 2190 888 caeli
2236 849 2299 887 ac
2354 844 2508 886 teri-ie
2542 835 2866 886 dominatum
2904 841 3066 895 tenet,
3092 835 3276 884 volens
3309 842 3600 884 testantem

195 905 772 994 {Q‘imﬁgmg
1990 913 1997 921 ’
2073 932 2179 976 tum
2205 938 2402 991 ponere
2432 938 2550 975 cum
2593 923 2708 975 viro
2735 932 2942 985 sancto,
2975 924 3027 975 in
3053 922 3153 974 hoc
3179 935 3439 974 summam
3465 920 3600 972 tanti

231 963 766 1069 Vumcxsxoms
790 963 1081 1032 insigne.
1114 966 1262 1021 Cum
1295 980 1423 1020 vero
1444 965 1571 1019 exiit
1593 964 1660 1017 de
1689 973 1829 1017 terra
1857 976 1971 1023 sua.

231 1035 263 1068 Ἃ
347 1041 474 1103 Ae
499 1047 863 1103 coaxatione
891 1068 1045 1103 sua.
1095 1065 1239 1103 tunc
1281 1057 1346 1103 ad
1390 1071 1512 1103 eum
1540 1053 1836 1103 sacratiora
1871 1053 1976 1103 iam

2086 963 2179 975 ......
2205 963 2401 991 γυηων
2603 963 2707 975 ...ν
2735 963 2942 985 .,.........,
3054 963 3153 974 ..νυ

2087 1011 2269 1079 negotii
2319 1008 2658 1072 collocabat,
2697 1018 2757 1062 ut
2796 1009 3110 1078 praeputium
3149 1009 3328 1060 carnis
3383 1007 3498 1074 eius
3537 1021 3602 1058 ac

263 1041 474 1139 ’Ἀθ
499 1047 863 1118 cognatione
891 1068 1046 1118 sua,
1095 1065 1239 1110 tunc
1281 1057 1348 1110 ad
1390 1071 1512 1109 eum
1540 1053 1836 1108 sacratiora
1866 1053 1976 1120 jam
2073 1041 2269 1079 ’³⁸⁸³⁸³⁸
2319 1041 2658 1110 ⁹υ⁸⁸υ⁸⁶⁶⁸⁹⁴⁸⁵ἷ
2697 1041 2772 1110 ν’,
2797 1041 3110 1108 ν¹⁶¹⁵¹¹“’,“¹“’“’
3149 1041 3331 1106 “""'°.
3370 1041 3598 1106 ,"‘"°,"

263 1109 306 1147 ἐλ
662 1138 682 1155 ι
728 1138 772 1155 ,ν
918 1151 930 1155 _
1079 1145 1125 1155 .-
1263 1145 1274 1155 .
1426 1145 1458 1155 ..
1497 1143 1528 1155 ._
1670 1142 1682 1154 .
1798 1143 1808 1152 .
2073 1101 2260 1152 futura:
2292 1114 2359 1152 ex
2390 1113 2454 1151 eo
2491 1098 2687 1152 SObOllS
2727 1098 3227 1152 curcur-iculeretur.
3290 1095 3402 1147 lant
3442 1111 3598 1155 enim,

304 1153 611 1224 “éiitmsa
652 1138 1044 1196 deferuntur.
1079 1145 1154 1198 Et
1193 1145 1370 1213 primo
1411 1143 1602 1197 dicitur
1636 1142 1685 1195 ei
1724 1143 1844 1210 quia
1877 1155 1980 1194 non

496 1193 633 1285 beﬁs
665 1231 880 1284 Abram
1071 1193 1687 1286 Χέτᾶἔῖεἶίῖἦᾶὼεῆ
1907 1227 1955 1261 η
2074 1193 2280 1254 inquit,
2342 1197 2701 1240 testamentum
2758 1202 2921 1238 meum
2985 1201 3135 1252 super
3187 1198 3392 1237 carnem
3434 1193 3597 1252 tuam.

339 1249 1870 1344 “3‘3"?ETW:Affi’ff’ffﬂ“";ff",ffﬂﬂ'f‘n'f?
1926 1269 1976 1344 Λξ
2076 1279 2304 1331 !loccine
2345 1286 2463 1330 erat
2535 1278 2677 1344 quod
2745 1277 2866 1329 (tl-li
2918 1289 2981 1328 ac
3021 1283 3179 1328 terra:
3223 1274 3499 1338 Dominus,
3552 1275 3601 1326 ei

365 1336 538 1386 \onc
586 1321 701 1390 iam
749 1329 810 1373 εὶ
838 1330 1270 1374 ἰεειιλῐιιεηῑυηι
1321 1320 1415 1372 Dei
1473 1317 1706 1386 suscepit
1745 1318 1883 1386 (98),
1925 1324 1980 1369 ει
2076 1317 2304 1390 ΪΣῘῙἽ
2325 1317 2875 1390 ηῗ.’.“ξ.ε,“¹ζῖῖηξῖῗ.ξζ
2911 1317 3599 1390 ἷᾷλῖξιῖιηῖζᾷῖῗζξζξ

752 1362 1726 1479 “Nam25;;5'"ciligémgéggh
1746 1362 1980 1473 ‘wél’m;
2072 1367 2228 1433 quem
2265 1380 2294 1418 e
2322 1364 2531 1418 cunctis
2563 1363 2878 1416 mortalibus
2910 1362 3076 1416 solum
3107 1363 3397 1429 delegerat,
3419 1363 3602 1415 aeterni

443 1461 474 1479 τι
515 1450 530 1467 ι
1752 1446 1766 1471 ν
2079 1456 2376 1479 .--ηημηηιε
2431 1469 2648 1479 ,νημαι-,ι
2707 1452 3010 1479 Μυκη-ιιι...
3038 1451 3061 1479 9
3114 1449 3233 1479 ll”...
3280 1451 3420 1479 ,ηιξ-ι.
3481 1459 3602 1479 ..ηηι

443 1449 733 1512 Y’W‘mmf,‘
799 1449 930 1512 “ut”
1001 1449 1220 1512 ιψνιῗη
1274 1449 1979 1512 “lymrlilfwivfi’alii?"
2079 1456 2377 1510 testamenti
2431 1469 2650 1512 munere
2705 1451 3061 1507 conferebat?
3113 1449 3236 1504 "(BC
3279 1451 3422 1505 enim
3480 1459 3606 1504 811111.

410 1522 514 1559 non
557 1503 734 1573 potuit
787 1502 1049 1570 accipere
1075 1539 1091 1563 ,
1141 1500 1269 1553 dum
1316 1505 1456 1550 esset
1495 1495 1548 1548 in
1588 1496 1744 1549 domo
1784 1492 1978 1561 patris,

424 1545 514 1559 ην..
562 1545 734 1573 γη..-
787 1545 1091 1570 “mre”,
1143 1545 1269 1553 π.--
1320 1545 1453 1550 η---
1785 1545 1800 1561 ,
1860 1545 1865 1546 γ
1929 1545 1978 1556 ἡ,

424 1606 476 1648 et
506 1595 556 1647 in
593 1590 1075 1661 consanguinitate
1105 1588 1326 1650 carnali,
1357 1595 1410 1638 et
1439 1601 1559 1640 cum
1587 1584 1760 1637 adimo
1786 1583 1981 1636 Abram

2086 1547 2202 1604 sola.
2242 1546 2293 1598 in
2317 1545 2508 1613 quibus
2537 1545 2771 1609 magistri
2795 1554 2848 1596 et
2885 1545 3130 1595 doctores
3159 1545 3450 1610 Synagoga:
3481 1555 3605 1593 sau-

2086 1647 2279 1661 ............
2310 1633 2533 1661 -l....:.....
2566 1641 2763 1661 ..η-...ιιι
2822 1631 3058 1661 πηηιοεῖσι
3092 1645 3217 1661 unum
3246 1630 3442 1661 ΙῚιι-ἶριῖ
3489 1643 3604 1661 num

2075 1647 2280 1690 ctormn
2309 1633 2534 1702 gloriam
2566 1641 2787 1700 ponunt.
2821 1631 3060 1684 Ecclesia
3092 1645 3218 1683 vero
3246 1630 3466 1692 Christi,
3489 1643 3606 1696 quae

425 1692 715 1737 vocaretur-
777 1681 892 1734 Sed
963 1692 1144 1748 neque
1206 1677 1482 1746 Presbyter
1544 1673 1836 1742 appellatus
1901 1680 1984 1724 εει
2075 1673 2806 1748 :1":3:3:22'3521";
2821 1673 2860 1748 ’ἶ
2866 1673 3216 1748 Ἱὶᾗέᾘῇζζ
3241 1673 3578 1748 ζ’ξέζῖἶκῖζξ

2075 1741 2168 1794 per
2192 1725 2505 1790 Prophetam
2528 1723 2736 1776 dixerat
2763 1722 2806 1753 ⁹⁸
2837 1738 2850 1772 :
2887 1720 3016 1775 Mihi
3043 1730 3210 1772 autem
3238 1721 3365 1772 satis
3395 1720 3608 1771 honori-

429 1772 570 1840 ipse,
625 1780 681 1826 et
728 1786 871 1824 uxor
905 1785 1024 1832 sua,
1077 1769 1252 1822 donec
1296 1773 1438 1819 esset
1483 1763 1537 1816 in
1586 1763 1743 1815 domo
1799 1763 1981 1828 patris,
2075 1763 2159 1794 νυ·
2192 1763 2736 1827 ζ’“’¹’“’⁹’““’ζ“ζ’⁴“’ζ“’
2838 1763 2850 1772 ’
2887 1763 3015 1775 ’“““’
3043 1763 3210 1772 ““”’”’“
3238 1763 3364 1772 """
3395 1763 3576 1829 "3"":

433 1871 476 1883 Α,
531 1862 668 1883 “ﬂ,
730 1859 1071 1883 unum“,
1131 1871 1192 1883 Μ
1243 1853 1478 1883 unum
1522 1871 1533 1882 ,
1574 1852 1663 1883 ηδ
1706 1859 1982 1883 “dum,”
2007 1816 2046 1870 Β
2072 1817 2210 1883 [icatt
2254 1823 2373 1867 sunt
2406 1829 2558 1866 athl
2588 1823 2686 1876 tua,
2726 1812 2881 1875 Deus,
2913 1811 3179 1880 quomodo
3207 1813 3432 1862 honoret
3471 1824 3608 1861 amt-

430 1871 479 1914 ει
525 1862 670 1915 carni
725 1859 1077 1914 cohabitaret
1130 1871 1194 1910 ac
1243 1853 1478 1924 sanguini
1522 1871 1533 1905 :
1574 1852 1666 1905 sed
1706 1859 1984 1920 postquam

431 1958 540 2012 inde
570 1957 854 2027 proiectus
885 1962 990 2015 est,
1034 1965 1090 2006 et
1142 1949 1412 2004 Abraham
1444 1947 1620 2001 vocari
1662 1959 1717 2000 et
1757 1943 1975 2013 presby-

431 2055 506 2100 ler
540 2049 739 2100 meruit
772 2063 788 2099 :
822 2044 994 2096 Erant
1024 2044 1185 2103 enim,
1208 2040 1379 2108 inquit
1404 2041 1470 2102 ⁹¹,
1500 2037 1649 2090 ambo
1673 2034 1972 2103 presbyteri,

431 2134 477 2188 id
508 2148 589 2190 est
641 2150 828 2196 senes,
863 2133 1143 2184 Abraham
1175 2129 1401 2193 scilicet,
1424 2137 1476 2180 et
1503 2127 1816 2179 admiranda
1842 2138 1976 2177 uxor

429 2221 560 2288 ejus,
589 2231 636 2275 et
673 2220 915 2289 provecti
949 2219 1004 2270 in
1042 2219 1226 2271 diebus
1273 2217 1402 2273 suis.
1467 2214 1662 2280 Quanti
1705 2225 1828 2266 ante
1882 2225 1978 2265 eos

431 2303 761 2378 longioribus
786 2323 1056 2361 annorum
1081 2306 1273 2371 spatiis
1300 2305 1462 2356 vitam
1503 2303 1720 2360 duxere,
1739 2315 1978 2366 nongen-

425 2393 489 2453 tis
536 2410 589 2453 et
624 2415 689 2453 eo
732 2398 974 2466 amplius
1021 2396 1200 2459 annis,
1234 2393 1395 2461 aliqui
1427 2406 1530 2445 non
1587 2391 1757 2444 multo
1803 2391 1982 2443 minus

415 2505 596 2556 usque
629 2490 695 2541 ad
729 2487 1002 2541 diluvium
1034 2485 1218 2537 vixere
1247 2500 1261 2534 :
1293 2490 1345 2535 et
1377 2481 1506 2534 nulli
1539 2495 1602 2536 ex
1636 2479 1720 2533 his
1762 2477 1981 2546 presby-

413 2580 527 2630 teri
550 2577 804 2644 appellati
838 2583 990 2628 sunt.
1029 2571 1144 2627 Non
1171 2573 1311 2626 enim
1341 2571 1442 2624 hoc
1473 2571 1690 2624 nomine
1722 2569 1774 2622 in
1814 2570 1984 2620 Abra-

415 2669 553 2721 ham
581 2676 803 2719 stenccta
838 2665 1090 2730 corporis
1115 2703 1131 2727 ,
1169 2664 1259 2716 sed
1290 2661 1466 2715 cordis
1489 2662 1771 2713 maturitas
1799 2657 1978 2725 appel~

413 2754 534 2809 lata
561 2767 662 2809 est.
690 2753 783 2809 Sic
817 2762 873 2807 et
907 2752 974 2806 ad
1001 2751 1216 2822 Moysen
1254 2751 1506 2804 Dominus
1535 2749 1668 2802 dixit
1704 2749 1749 2781 "
1791 2765 1804 2800 :
1835 2747 1984 2814 Elige

425 2851 528 2903 tibi
572 2850 938 2918 presbyteros,
971 2863 1098 2913 quos
1139 2853 1192 2896 tu
1231 2843 1338 2912 ipse
1375 2844 1471 2895 scis
1513 2843 1827 2912 presbyteros
1868 2862 1991 2901 esse.

2075 1919 2163 1959 cos
2197 1905 2378 1971 sponsi
2429 1905 2530 1966 sui,
2573 1913 2627 1955 et
2666 1912 2916 1968 quantam
2963 1901 3043 1954 eis
3080 1900 3302 1968 gloriam
3340 1898 3602 1957 conferat.

2071 2009 2192 2048 cum
2242 2003 2386 2061 gesta
2431 2006 2615 2045 eorum
2645 1989 2885 2056 revolvit,
2929 1990 3166 2052 veniant,
3204 1991 3248 2043 si
3274 1990 3509 2050 videtur,
3552 1997 3609 2040 et

2076 2083 2321 2134 audiant.
2367 2081 2472 2134 Nos
2508 2095 2636 2149 ergo
2681 2080 2866 2132 imbuti
2913 2092 3009 2147 per
3049 2078 3346 2146 apostolum
3385 2076 3607 2130 Paulum

2077 2172 2302 2224 dicimus
2330 2172 2450 2237 quia
2471 2171 2610 2224 sicut
2637 2168 2798 2221 multa
2827 2167 2928 2220 alia
2949 2167 3000 2220 in
3033 2168 3200 2232 ﬁgura
3229 2177 3280 2221 et
3303 2167 3352 2220 in
3381 2166 3610 2235 imagine

2077 2259 2264 2312 futurze
2323 2260 2565 2312 veritatis
2619 2259 2840 2320 ﬁebant,
2914 2257 2986 2310 ita
3035 2267 3090 2309 et
3143 2255 3480 2309 circumcisio
3521 2254 3607 2306 illa

2078 2339 2306 2401 carnalis
2353 2345 2784 2400 circumcisionis
2810 2344 3101 2411 spiritualis
3124 2343 3344 2396 formam
3371 2343 3607 2409 gerebat.

2080 2438 2150 2489 De
2183 2452 2284 2504 qua
2313 2445 2366 2490 et
2404 2437 2620 2505 dignum
2642 2444 2779 2498 erat,
2804 2443 2859 2488 et
2909 2433 3137 2487 decebat
3172 2433 3332 2483 Deum
3359 2432 3608 2500 majesta-

2080 2530 2147 2580 tis
2185 2534 2446 2594 prmeepta
2496 2523 2816 2577 mortalibus
2863 2523 3014 2574 dare.
3074 2521 3270 2573 Audite
3313 2535 3440 2588 ergo
3481 2533 3612 2587 quo-

2080 2617 2237 2670 modo
2261 2614 2460 2668 Paulus
2493 2612 2680 2667 doctor
2703 2612 2938 2680 gentium
2978 2611 3030 2664 in
3061 2609 3164 2663 title
3189 2618 3241 2662 et
3281 2610 3506 2664 veritate
3547 2609 3612 2664 de

2080 2701 2496 2755 circmncisionis
2546 2699 2797 2768 mysterio
2847 2698 3044 2752 Christi
3099 2697 3395 2752 Ecclesiam
3430 2698 3607 2751 docet.

2089 2791 2285 2857 Videte,
2310 2793 2481 2861 inquit
2498 2793 2564 2854 °',
2595 2789 3042 2844 circumcisionem
3063 2790 3154 2855 (de
3170 2788 3369 2844 Judteis
3391 2789 3612 2856 loquens

2081 2882 2168 2948 qui
2197 2881 2651 2934 circumciduntur
2685 2880 2736 2931 in
2764 2878 2969 2946 carne).
2993 2875 3104 2931 Nos
3132 2878 3266 2930 enim
3295 2893 3490 2943 sumus,
3515 2878 3610 2939 ait,

2081 2970 2428 3032 circumcisio,
2471 2969 2561 3038 qui
2615 2968 2802 3034 spiritu
2852 2966 2955 3019 Deo
3004 2970 3276 3027 servimus,
3322 2976 3506 3018 etnon
3560 2965 3613 3016 in

2083 3074 2236 3112 carne
2267 3057 2514 3124 ﬁduciam
2549 3057 2818 3110 habemus.
2852 3055 2972 3107 llaec
3005 3069 3104 3106 una
3135 3053 3276 3105 Pauli
3302 3053 3367 3107 de
3395 3052 3616 3106 circum-

427 2941 749 2993 lntueamur
777 2951 914 3006 ergo
939 2933 1248 3004 diligentius
1282 2931 1489 2984 Domini
1515 2947 1718 2994 vocem,
1746 2933 1868 3000 quid
1897 2933 1996 2988 sibi

427 3030 560 3081 velit
586 3029 681 3081 ista
712 3025 952 3093 adjectio
983 3037 1088 3092 qua
1120 3021 1212 3083 ait,
1244 3036 1366 3086 quos
1401 3029 1454 3071 tu
1486 3020 1594 3087 ipse
1620 3022 1718 3073 scis
1745 3038 1850 3073 esse
1880 3038 2000 3090 prc-

424 3117 680 3184 sbyteros.
720 3114 980 3183 Nunquid
1029 3114 1075 3167 is
1108 3113 1198 3182 qui
1226 3113 1446 3166 senilem
1487 3114 1728 3182 corporis
1767 3115 1984 3181 gerebat
2011 3107 2057 3169 C

423 3215 641 3259 aetatem
667 3247 684 3270 ,
731 3222 841 3259 non
883 3206 1129 3258 omnium
1165 3204 1334 3258 oculis
1365 3206 1674 3272 perspicuus
1699 3212 1813 3257 erat
1846 3203 1985 3270 quod

424 3303 575 3349 esset
599 3297 911 3365 presbyter,
939 3295 992 3348 id
1028 3304 1111 3349 est
1139 3295 1338 3349 senex?
1367 3295 1502 3359 Quid
1531 3308 1657 3361 ergo
1687 3293 1785 3346 soli
1825 3292 1987 3362 Moysi

431 3390 582 3435 tanto
640 3399 708 3437 ac
758 3383 854 3435 tali
914 3383 1195 3450 prophetat
1242 3380 1488 3449 specialis
1549 3381 1650 3433 ista
1703 3379 1988 3433 mandatur

431 3470 718 3539 inspectio,
773 3481 831 3525 ut
867 3473 945 3525 illi
977 3471 1265 3540 eligantur,
1301 3487 1405 3525 non
1434 3485 1568 3538 quos
1608 3472 1783 3525 caeteri
1815 3472 1988 3525 homi-

431 3575 529 3614 nes
575 3571 803 3627 norunt,
841 3577 949 3614 non
980 3575 1119 3627 quos
1165 3562 1468 3628 imperitum
1502 3560 1686 3630 vulgus
1721 3561 1986 3630 agnoscit,

431 3654 524 3702 sed
556 3666 693 3718 quos
732 3650 1005 3718 propheta
1043 3649 1153 3703 Deo
1188 3648 1374 3716 plenus
1402 3649 1668 3717 elegerit“!
1699 3648 1814 3702 Non
1848 3649 1988 3702 enim

430 3754 552 3806 erga
587 3756 684 3794 eos
709 3741 778 3793 de
808 3753 1076 3807 corpore,
1123 3754 1228 3792 non
1271 3741 1335 3793 de.
1372 3749 1546 3802 aelate,
1575 3739 1668 3793 sed
1707 3739 1772 3793 de
1811 3748 1990 3792 mente

427 3830 685 3896 judicium
724 3838 831 3883 est.
870 3828 1032 3881 Tales
1058 3843 1185 3896 ergo
1216 3837 1372 3881 erant
1401 3827 1486 3880 isti
1518 3827 1655 3881 beati
1690 3828 1984 3896 presbyteri

432 3919 701 3972 Abraham
733 3926 791 3972 et
827 3915 989 3970 Sara.
1028 3915 1092 3968 Et
1125 3915 1236 3985 68
1285 3915 1457 3983 primo
1495 3917 1731 3968 omnium
1759 3917 1986 3984 genuina

436 4009 515 4061 his
543 4009 790 4070 nomina,
835 4020 959 4073 qua:
1019 4013 1171 4058 ortus
1213 4003 1442 4057 carnalis
1477 4003 1713 4067 dederat,
1750 4019 1990 4057 commu-

435 4106 633 4149 tantur.
682 4096 824 4149 Cum
871 4095 1014 4148 enim
1045 4103 1175 4146 esset
1225 4093 1509 4162 nonaginta
1540 4102 1586 4146 et
1619 4110 1793 4146 novem
1823 4111 1990 4146 anno-

435 4201 542 4237 rum
573 4184 875 4244 Abraham,
903 4183 1147 4248 apparuit
1188 4181 1236 4233 ei
1276 4181 1434 4245 Deus,
1468 4191 1518 4234 et
1539 4182 1669 4234 dixit
1695 4198 1711 4234 :
1740 4180 1849 4249 Ego
1874 4199 1989 4236 sum

437 4273 590 4339 Deus,
624 4272 904 4339 complace
945 4286 1119 4322 coram
1154 4286 1256 4334 me,
1304 4279 1350 4322 et
1394 4281 1499 4323 esto
1541 4270 1891 4337 inculpabilis,
1941 4281 1991 4325 et

433 4379 615 4431 ponam
644 4369 1023 4421 testamentum
1053 4374 1222 4410 meum
1247 4359 1380 4411 inter
1405 4374 1485 4411 me
1506 4367 1556 4411 et
1576 4367 1643 4411 te.
1670 4357 1738 4411 Et
1762 4361 1985 4427 procidit

435 4452 692 4503 Abraham
748 4450 810 4502 in
872 4447 1063 4516 faciem
1101 4463 1284 4510 suam,
1327 4457 1372 4500 et
1420 4447 1658 4500 adoravit
1697 4447 1885 4512 Deum,
1941 4458 1989 4502 et

437 4539 633 4592 locutus
678 4550 757 4592 cst
801 4539 850 4590 ei
895 4535 1038 4588 Deus
1077 4537 1298 4588 dicens:
1331 4534 1440 4604 Ego
1483 4551 1597 4588 sum
1629 4551 1649 4589 :
1680 4552 1792 4590 ecce
1832 4546 1991 4591 testu-

438 4641 658 4681 mentum
712 4642 894 4678 meum
930 4635 1136 4690 tecum,
1189 4626 1374 4678 cteris
1429 4635 1580 4692 pater
1637 4626 1990 4680 multitudinis

438 4722 661 4788 gentium
695 4735 715 4772 :
738 4728 789 4768 et
833 4715 1195 4767 benedicentur
1223 4715 1276 4766 in
1311 4725 1356 4766 te
1386 4730 1560 4767 omnes
1597 4723 1788 4782 gentes,
1816 4727 1861 4768 et
1875 4717 1992 4784 jam

440 4825 533 4861 non
554 4809 836 4861 vocabitur
880 4819 1064 4856 nomen
1100 4813 1247 4854 tuum
1289 4805 1506 4864 Abram,
1554 4804 1643 4854 sed
1681 4806 1776 4856 erit
1806 4821 1991 4858 nomen

441 4908 577 4949 tuum
606 4895 882 4947 Abraham
906 4893 971 4945 ’³.
1002 4893 1065 4946 Et
1098 4909 1220 4946 cum
1246 4891 1484 4944 dedisset
1512 4890 1614 4944 hoc
1642 4906 1850 4956 nomen,
1889 4903 1995 4947 sta-

445 4987 530 5038 tim
561 4985 851 5052 subiungit
887 4998 902 5033 :
941 4982 1003 5034 Et
1038 4997 1233 5049 ponam
1267 4989 1628 5032 testamentum
1669 4981 1799 5034 inter
1837 4998 1914 5036 me
1946 4993 1994 5036 et

446 5085 507 5138 te,
539 5086 585 5128 et
621 5078 763 5126 inter
784 5088 963 5126 semen
993 5074 1136 5126 tuum
1164 5077 1281 5136 post
1305 5076 1375 5128 te,
1408 5065 1572 5118 ethoc
1608 5077 1678 5119 est
1717 5078 1994 5124 testamen-

448 5174 546 5217 tum
573 5166 712 5231 quod
737 5163 972 5216 servabis
998 5161 1129 5212 inter
1148 5173 1232 5210 me
1258 5167 1306 5208 et
1331 5166 1402 5217 te,
1424 5165 1473 5206 et
1506 5155 1638 5207 inter
1661 5174 1829 5212 semen
1853 5170 1998 5213 tuum

449 5266 550 5320 post
581 5265 648 5307 te.
710 5254 779 5307 Et
823 5261 945 5320 post
996 5251 1107 5302 haec
1171 5245 1366 5298 addit:
1401 5242 1812 5298 Circumcidetur
1853 5265 1999 5304 omne

2087 3144 2288 3199 cisione
2316 3144 2605 3197 sententia.
2639 3143 2774 3195 Audi
2816 3151 2868 3195 et
2899 3141 3052 3192 aliam
3086 3140 3130 3171 "
3165 3157 3179 3191 :
3220 3138 3340 3192 Non
3371 3141 3500 3192 enim
3524 3141 3613 3202 qui

2087 3233 2143 3286 in
2171 3232 2446 3298 manifesto
2481 3231 2699 3284 Judwus
2739 3241 2836 3294 est,
2874 3230 3075 3297 inquit,
3115 3245 3272 3298 neque
3299 3245 3414 3297 quia
3445 3230 3614 3282 mani-

2087 3321 2212 3389 feste
2233 3331 2307 3374 est
2357 3323 2409 3374 in
2454 3336 2606 3373 carne
2655 3319 3013 3382 circumcisio,
3065 3319 3154 3370 sed
3201 3319 3287 3385 qui
3323 3319 3376 3370 in
3416 3316 3614 3370 occulto

2085 3409 2300 3462 ludicris
2331 3408 2716 3460 circumcisione
2740 3407 2932 3470 cordis,
2963 3406 3016 3458 in
3047 3406 3256 3472 spiritu,
3288 3421 3388 3458 non
3418 3405 3613 3459 littera.

2090 3496 2204 3549 Non
2231 3497 2325 3548 tibi
2363 3496 2572 3564 dignius
2603 3496 2810 3550 videtur
2855 3495 2974 3546 talis
3019 3495 3356 3548 circumcisio
3391 3495 3615 3548 dicenda

2089 3585 2141 3636 in
2174 3585 2390 3648 sanctis,
2419 3591 2472 3636 et
2505 3584 2691 3637 amicis
2720 3583 2832 3646 Dei,
2857 3597 3011 3649 quam
3036 3584 3214 3635 carnis
3239 3581 3618 3636 obtruncatio?

2088 3672 2192 3726 Sed
2236 3672 2496 3725 sermonis
2530 3672 2738 3724 novitas
2783 3673 3010 3724 fortasse
3039 3685 3139 3723 non
3178 3669 3347 3723 solum
3382 3668 3616 3732 Judaaos,

2091 3761 2182 3813 sed
2239 3763 2398 3813 etiam
2439 3761 2645 3828 aliquos
2695 3760 2918 3812 fratrum
2978 3770 3279 3812 nostrorum
3327 3757 3616 3811 deterreat.

2088 3848 2440 3917 lmpossibilia
2480 3849 2622 3902 enim
2649 3848 2857 3901 videtur
2903 3847 3096 3900 Paulus
3123 3859 3467 3914 praesumere,
3525 3846 3615 3912 qui

2090 3935 2550 3991 circmncisionem
2569 3935 2744 3988 cordis
2771 3936 2996 3990 inducit.
3029 3936 3303 4001 Quomodo
3328 3936 3468 3989 enim
3499 3936 3616 3989 ﬁeri

2086 4023 2288 4092 poterit
2323 4032 2382 4075 ut
2413 4023 2824 4077 circumcidatur
2853 4025 3172 4088 membrum,
3217 4024 3358 4092 quod
3394 4024 3618 4077 internis

2093 4111 2387 4164 visceribus
2404 4111 2696 4173 obtectum,
2720 4111 2880 4164 etiam
2901 4110 3271 4178 couspectibus
3295 4112 3620 4180 ipsishomi-

2093 4216 2216 4253 num
2245 4200 2410 4254 latet?
2439 4199 2736 4253 Redeamus
2781 4215 2908 4268 ergo
2957 4202 3022 4252 ad
3069 4202 3408 4270 propheticas
3439 4215 3617 4265 voces,

2094 4299 2150 4342 ut
2178 4289 2460 4342 orantibus
2489 4291 2640 4343 vobis
2669 4290 2782 4342 haec
2811 4291 2875 4342 de
2921 4291 3112 4357 quibus
3153 4289 3459 4357 quaerimus,
3499 4289 3620 4341 inde

2091 4378 2408 4432 clarescant.
2447 4377 2692 4430 Ezechiel
2723 4379 2979 4444 propheta
3016 4378 3208 4430 dicit"
3237 4392 3252 4430 :
3283 4377 3462 4431 Omnis
3489 4377 3621 4428 atie-

2093 4467 2276 4534 nigcna
2301 4467 2688 4518 incircumcisus
2725 4469 2898 4528 corde,
2939 4475 2988 4518 et
3021 4466 3407 4518 incircumcisus
3442 4481 3619 4528 carne,

2093 4568 2194 4604 non
2227 4551 2462 4604 introibit
2508 4552 2562 4603 in
2609 4560 2790 4604 sancta
2827 4567 2962 4604 mea.
2995 4552 3060 4604 Et
3099 4553 3222 4605 item
3265 4552 3388 4605 alibi
3430 4551 3622 4603 nihilo-

2095 4641 2268 4692 minus
2297 4639 2628 4707 exprobrans
2665 4642 2919 4708 propheta
2943 4640 3075 4692 dicit
3097 4640 3142 4672 "
3169 4654 3184 4692 :
3219 4639 3407 4692 Omnes
3439 4638 3622 4691 alieni-

2093 4744 2234 4796 gena:
2261 4729 2605 4781 incircumcisi
2635 4746 2808 4794 carne,
2831 4729 2930 4795 ﬁlii
2953 4739 3125 4781 autent
3155 4728 3324 4781 Israel
3347 4727 3624 4780 incircum-

2093 4818 2187 4870 cisi
2215 4819 2386 4870 corde.
2416 4818 2736 4886 Designatur
2779 4833 2909 4886 ergo
2940 4819 3078 4885 quod
3119 4818 3220 4870 nisi
3243 4817 3362 4885 quis
3389 4816 3652 4869 circum-"

2102 4909 2244 4960 cisus
2268 4907 2425 4959 fuerit
2471 4909 2628 4960 cerde
2668 4916 2719 4960 et
2745 4908 3092 4961 circumcisus
3117 4921 3298 4968 carne,
3329 4920 3430 4957 non
3461 4907 3626 4958 intro-

2098 4999 2196 5050 ibit
2221 4999 2270 5048 in
2296 5005 2474 5049 sancta
2502 4996 2590 5048 Dei
2620 4996 2750 5066 (99).

2163 5073 2215 5126 5.
2256 5073 2357 5125 Sed
2398 5074 2614 5126 videbor
2667 5075 2797 5126 meis
2843 5073 2954 5140 ipse
2995 5073 3202 5126 iudiciis
3251 5081 3461 5136 captus.
3515 5068 3627 5121 lluc

2098 5164 2238 5213 enim
2276 5164 2542 5228 propheta:
2566 5161 2870 5215 testimonio
2897 5162 3154 5214 continuo
3189 5157 3518 5218 constringet
3545 5168 3630 5205 me

2098 5250 2332 5311 Judaeus,
2371 5261 2422 5301 et
2451 5251 2589 5304 dicet
2621 5267 2634 5300 :
2664 5251 2798 5303 Ecce
2823 5251 3079 5318 propheta
3101 5254 3375 5308 utramque
3399 5240 3635 5319 cireum-

513 5395 557 5424 "
596 5393 732 5447 Gen.
769 5409 900 5448 xm,
953 5389 1005 5441 5.
1081 5382 1308 5455 "_Gen-
1345 5393 1494 5455 mg.
1527 5381 1604 5455 11.
1677 5383 1900 5455 °f_t\_'nm.
1934 5401 2004 5448 χι,
2034 5387 2116 5442 16.
2189 5390 2232 5420 ⁸³
2257 5390 2386 5442 Gen.
2420 5405 2550 5448 xvn,
2579 5390 2626 5446 l,
2651 5391 2685 5439 2
2709 5399 2762 5440 et
2788 5402 2938 5455 seqq.
3009 5384 3054 5416 ⁸⁵
3090 5377 3232 5433 Psal.
3260 5385 3528 5435 cxxxvm,
3553 5377 3641 5433 Π.

448 5459 492 5493 η
517 5462 650 5516 plu].
684 5479 764 5524 ιη,
797 5463 854 5525 2,
890 5447 948 5512 3,
1027 5457 1072 5486 9‘
1131 5453 1294 5504 lium.
1331 5461 1388 5507 tl,
1416 5447 1504 5507 28,
1539 5448 1623 5501 ‘29.

545 5583 650 5652 98)
698 5580 900 5652 Omnes
939 5587 1115 5652 _mss_..
1173 5562 1581 5652 διίεξςξξξινεξξίξη
1611 5572 1818 5636 accepit,
1848 5581 1991 5639 etc.;

440 5638 565 5707 libb.
593 5638 720 5705 editi
753 5647 992 5713 suscipit,
1032 5646 1176 5693 etc.,
1213 5638 1562 5713 afci'piLtpetc.

507 5694 1021 5784 ("dario-deibus.
1083 5696 1276 5755 sancti
1330 5694 1827 5774 'lhcodoricizquod
1873 5709 1995 5775 quis

1697 5453 1738 5482 ⁹⁷
1772 5453 1962 5506 Ezech.
1993 5472 2130 5521 μιν,
2170 5459 2202 5510 9
2274 5459 2318 5489 ³⁸
2348 5456 2458 5510 Jer.
2491 5473 2564 5519 Ix,
2597 5457 2683 5508 ‘26.

2098 5577 2484 5629 incircumcisus
2543 5573 2694 5625 corde
2748 5580 2796 5623 et
2859 5561 3249 5633 incircumcisus
3297 5566 3472 5631 _cnrne
3511 5631 3524 5633 _
3559 5575 3668 5614 non

2101 5646 2327 5698 introibit
2363 5644 2413 5697 in
2438 5651 2612 5694 sancta
2651 5639 2760 5690 Dei.
2797 5637 2896 5690 Sed
2927 5635 3101 5687 videor
3138 5631 3267 5677 meis
3294 5634 3423 5685 ipse,
3463 5631 3609 5678 etc.
