3922 6200
528 381 627 436 179

527 493 785 566 cisionem
818 492 1079 559 designat,
1113 486 1291 541 carnis
1312 493 1366 540 et
1401 485 1596 541 cordis.

526 589 770 645 superest
796 580 972 642 locus,
1005 579 1090 630 ubi
1126 587 1350 641 utraque
1393 572 1598 639 species
1628 568 2052 624 circumcisiouis

527 668 780 738 exigitur.
814 669 869 721 Si
899 684 981 720 me
1010 670 1198 721 vestris
1223 664 1472 733 precibus
1492 661 1757 730 juveritis,
1785 667 1843 711 ιιι
1868 658 2055 710 adesse

528 757 774 824 dignetur
808 755 1026 807 verbum
1065 752 1156 805 Dei
1205 752 1305 803 vivi
1341 753 1390 803 in
1413 749 1690 815 apertione
1719 746 1830 799 oris
1863 744 2052 809 nostri,

527 847 821 912 poterimus
849 844 963 912 ipso
986 846 1117 897 duce
1143 859 1235 910 per
1261 852 1466 895 arcium
1495 842 1593 894 hoc
1625 839 1934 907 quaestionis
1957 838 2057 891 iter

529 930 595 983 ad
648 930 979 984 latitudinem
1038 929 1280 982 veritatis
1332 927 1503 992 exire,
1563 927 1686 994 quia
1734 923 2055 979 nousolum

527 1019 770 1075 carnales
793 1018 959 1072 Judaei
1000 1018 1065 1071 de
1094 1016 1498 1070 circumcisione
1523 1015 1702 1068 carnis
1745 1012 2056 1066 revincendi

529 1115 657 1163 sunt
677 1107 845 1170 nobis,
888 1106 981 1159 sed
1031 1105 1266 1159 nonnulli
1294 1119 1357 1157 ex
1403 1105 1490 1167 iis,
1524 1104 1610 1172 qui
1641 1102 1834 1155 Christi
1867 1115 2058 1154 nomen

532 1197 782 1251 \iJeutur
813 1196 1135 1263 suscepisse,
1169 1201 1221 1246 et
1249 1201 1425 1246 tamen
1458 1190 1726 1245 carnalem
1775 1189 2056 1244 circumci-

531 1287 735 1338 siuuem
771 1285 1126 1351 recipiendam
1156 1289 1342 1350 putant
1393 1291 1450 1334 ιιι
1484 1280 1741 1335 Ebiouita:
1771 1281 1788 1347 (
1814 1281 1833 1332 l
1856 1278 1900 1347 ),
1931 1287 1984 1331 et
2014 1279 2057 1331 si

532 1377 621 1443 qui
653 1376 736 1430 his
778 1377 937 1430 simili
966 1387 1272 1444 paupertate
1311 1391 1502 1430 sensus
1535 1375 1801 1428 aberrant.
1843 1375 2061 1429 Utamur

534 1464 586 1531 ig
612 1472 699 1517 tur
726 1466 920 1518 veteris
944 1465 1285 1518 instrumenti
1315 1464 1652 1528 testimoniis,
1682 1464 1875 1530 quibus
1896 1462 2063 1517 liben-

534 1559 621 1605 ter
644 1552 937 1620 indulgent.
968 1555 1238 1622 Scriptum
1269 1561 1350 1608 est
1378 1554 1518 1605 enim
1577 1553 1629 1605 in
1678 1551 1906 1605 Jeremia
1935 1565 2060 1618 pro-

536 1641 692 1707 pheta
725 1642 771 1672 ”
806 1655 821 1693 τ
856 1640 985 1693 Ecce
1025 1641 1241 1707 populus
1286 1640 1364 1693 hic
1409 1641 1799 1693 incircumcisus
1825 1640 2059 1695 auribus.

537 1728 696 1795 Audi,
725 1727 902 1790 lsrael,
933 1728 1297 1795 propheticam
1322 1742 1522 1792 vocem,
1540 1727 1738 1796 grande
1765 1726 1855 1779 tibi
1873 1740 2064 1792 oppro-

1965 360 2117 414 ORIG
2127 358 2275 411 ENlS

1639 482 1919 552 Allegorite
1958 497 2059 533 non
2091 484 2137 537 Α
2161 475 2361 529 electus
2383 469 2449 522 ad
2496 461 2825 521 enarrandas
2858 459 3084 511 virtutes
3130 448 3354 506 Domini
3380 448 3423 510 ⁸,
3465 444 3700 552 suscipite

3614 328 3700 382 130

2158 565 2371 631 dignam
2417 552 2881 611 circumcisionem
2927 543 3078 598 verbi
3144 539 3242 591 Dei
3279 538 3333 590 in
3367 534 3588 631 auribus
3624 546 3700 584 ve-

2158 623 2304 708 stnis,
2335 651 2387 698 et
2416 645 2469 696 in
2506 643 2680 703 labiis,
2711 648 2764 691 et
2797 637 2848 689 in
2890 632 3075 693 corde,
3107 638 3164 682 et
3203 629 3257 680 in
3307 623 3577 693 prteputio
3601 633 3700 673 car-

2159 737 2241 789 nis
2273 742 2481 796 vestrte,
2506 740 2557 783 et
2586 730 2636 781 in
2670 725 2923 779 outuibus
2946 718 3177 774 omnino
3210 710 3480 767 membris
3509 708 3694 761 vestris

2159 823 2498 880 Circumcisae
2534 831 2764 884 namque
2804 814 2915 867 sint
2965 821 3129 862 aures
3170 813 3381 857 vestrae
3430 798 3700 852 secunduu

2163 916 2379 969 verbum
2420 910 2530 972 Dei,
2562 916 2618 960 ut
2645 919 2826 958 vocem
2874 915 2981 953 non
3025 894 3305 962 recipiant
3349 886 3699 943 obtrectantis

2162 1013 2217 1056 ut
2247 997 2488 1053 maledici
2523 1004 2575 1047 et
2605 987 2898 1058 blaSphenii
2938 984 3099 1037 verba
3132 995 3245 1033 non
3280 976 3607 1039 audiant,ut
3630 973 3700 1024 fal

2163 1093 2236 1144 sis
2271 1083 2756 1144 criminationibus,
2800 1071 3089 1131 mendacio
3148 1083 3258 1121 non
3299 1072 3543 1134 pateant.
3571 1063 3696 1144 Oppi

2163 1181 2360 1239 lentur,
2398 1185 2451 1228 et
2497 1174 2688 1226 clausae
2712 1167 2842 1230 sint,
2874 1178 2942 1217 ne
2990 1158 3265 1228 judicium
3315 1153 3602 1221 sanguinis
3622 1141 3699 1202 ’au

2163 1270 2329 1330 diaut,
2370 1274 2463 1318 aut
2503 1258 2784 1329 impudicis
2819 1252 3051 1307 canticis
3078 1258 3134 1302 et
3188 1244 3562 1300 theatralibus
3589 1240 3697 1293 soni

2166 1367 2398 1429 pateant.
2445 1352 2583 1407 Nihil
2634 1351 2926 1404 obscenum
2985 1340 3284 1409 recipiant,
3334 1335 3434 1389 sed
3488 1333 3557 1386 ab
3591 1347 3700 1384 Olllll

2165 1425 2316 1502 caeno
2346 1444 2418 1510 (5)
2449 1437 2806 1508 corruptionis
2864 1446 3071 1486 aversa:
3122 1429 3258 1483 sint.
3314 1425 3445 1479 Haec
3491 1432 3575 1477 est
3627 1425 3700 1474 cir

2164 1534 2443 1597 cumcisio,
2474 1545 2581 1600 qua
2620 1526 2855 1581 Ecclesia
2890 1521 3098 1577 Christi
3138 1533 3311 1573 aures
3357 1530 3583 1571 suorum
3626 1514 3699 1565 cir

2167 1625 2418 1682 eumcidit
2446 1618 2903 1679 iulantiusztae,
2933 1613 3126 1677 credo,
3145 1620 3278 1666 sunt
3298 1622 3492 1671 aures,
3513 1620 3648 1674 quas
3675 1606 3700 1656 il

2168 1710 2500 1766 auditoribus
2544 1709 2656 1763 suis
2706 1706 3051 1773 requirebat,
3106 1697 3344 1753 dicens“
3376 1715 3390 1750 :
3423 1693 3531 1758 Qui
3581 1694 3700 1745 habe

537 1784 710 1867 lirium
740 1784 1056 1884 inducit-uri
1078 1814 1172 1883 2),
1198 1814 1416 1882 grandis
1442 1784 1869 1881 liliivimpingitur
1893 1784 2066 1880 culpa,
2097 1800 2139 1853 Β
2168 1819 2319 1857 aures
2354 1800 2602 1854 audiendi
2659 1798 2859 1850 audiat.
2894 1792 3066 1846 Nemo
3130 1790 3284 1884 enim
3327 1794 3512 1884 potest
3570 1784 3700 1884 incit-

541 1903 832 1957 Accusatio
891 1911 979 1956 tua
1028 1902 1322 1971 profertur,
1370 1902 1508 1972 quod
1563 1901 1969 1954 incircumcisus
2011 1916 2070 1954 es

540 1992 774 2046 auribus.
833 1991 900 2044 Et
935 2006 1030 2045 cur
1082 2007 1185 2047 non
1218 1993 1330 2045 hac
1361 1991 1583 2044 audiens
1623 1989 1912 2043 adhibuisti
1962 1988 2071 2042 ler-

542 2099 661 2138 rum
687 2084 907 2139 auribus
929 2083 1054 2146 tuis,
1092 2093 1147 2138 et
1192 2083 1426 2137 incidisti
1455 2082 1591 2135 eas?
1638 2079 1885 2148 Culparis
1919 2096 2070 2133 nam-

539 2186 646 2240 que
672 2187 701 2223 a
727 2172 852 2236 Deo,
878 2181 931 2225 et
953 2170 1325 2225 condemnaris
1355 2208 1369 2232 ,
1416 2185 1513 2223 cur
1542 2183 1698 2222 aures
1743 2182 1847 2221 non
1879 2167 2073 2221 habeas

542 2261 906 2315 «ircumcisas.
965 2259 1260 2327 Confugere
1325 2258 1463 2311 enim
1524 2257 1616 2310 tibi
1675 2255 1742 2308 ad
1797 2255 2073 2322 allegorias

541 2360 775 2413 nostras,
802 2364 932 2418 quas
964 2348 1151 2402 Paulus
1187 2348 1384 2411 docuit,
1410 2362 1514 2401 non
1544 2345 1813 2414 permitto.
1837 2343 2075 2397 Circum~

540 2438 719 2494 cidere
746 2439 872 2508 quid
905 2440 1124 2493 cessas?
1154 2438 1348 2492 Deseca
1375 2451 1565 2500 aures,
1611 2436 1866 2490 abscinde
1909 2449 2077 2491 mem-

543 2530 638 2582 bra
670 2543 788 2597 qua:
824 2528 961 2582 Deus
998 2529 1063 2582 ad
1103 2527 1382 2581 utilitatem
1422 2540 1672 2582 sensuum
1714 2533 1766 2578 et
1816 2524 1880 2577 ad
1913 2538 2074 2577 orna-

547 2630 659 2672 tum
718 2618 933 2672 humani
987 2626 1156 2671 status
1214 2615 1433 2670 creavit.
1485 2613 1575 2667 Sic
1631 2613 1769 2666 enim
1828 2611 2077 2681 intelligis

547 2706 707 2760 verba
760 2706 955 2760 divina.
1002 2704 1104 2760 Sed
1138 2714 1190 2759 et
1239 2703 1380 2757 aliud
1415 2702 1509 2756 tibi
1562 2703 1736 2755 adhuc
1776 2698 2074 2768 proferam,

548 2790 632 2844 cui
663 2792 1026 2844 contradicere
1065 2805 1168 2842 non
1205 2791 1392 2856 possis.
1429 2789 1483 2842 ln
1537 2788 1748 2851 Exodo,
1779 2787 1865 2840 ubi
1898 2800 1991 2839 nos
2024 2786 2075 2838 iu

549 2879 819 2933 codicibus
866 2878 1112 2933 Ecclesiae
1140 2879 1399 2933 habemus
1434 2879 1718 2944 scriptum,
1753 2875 2077 2941 responden-

554 2977 658 3020 tem
699 2968 760 3021 ad
792 2969 1064 3020 Dominum
1109 2967 1322 3036 Moysen
1345 3010 1358 3034 ,
1389 2976 1439 3020 et
1470 2966 1729 3020 dicentem
1761 2963 1861 3033 (5)
1897 2979 1910 3016 :
1946 2959 2076 3014 Pro-

552 3057 688 3121 vide,
720 3055 980 3121 Domine‘,
1009 3055 1171 3107 alium
1194 3072 1342 3123 quem
1369 3057 1564 3107 mittas.
1592 3053 1703 3122 Ego
1732 3053 1863 3106 enim
1897 3050 2077 3121 gracili

552 3159 673 3197 voce
702 3159 835 3208 sum,
874 3154 922 3197 et
951 3143 1129 3196 tardus
1158 3144 1334 3213 lingua
1361 3144 1401 3207 ',
1427 3158 1520 3197 vos
1547 3144 1598 3196 in
1630 3141 1864 3196 llebrmis
1894 3155 2080 3196 exem:

553 3234 795 3302 plaribus
865 3233 1072 3287 habetis
1124 3232 1163 3294 ⁸,
1246 3232 1355 3301 Ego
1430 3241 1599 3285 autem
1690 3231 2079 3284 incircumcisus

558 3321 707 3376 labiis
755 3337 890 3377 sum.
957 3321 1092 3375 Ecce
1138 3321 1345 3375 habetis
1399 3321 1854 3374 circumcisiouem
1910 3319 2081 3373 labio-

557 3424 715 3471 rum,
770 3410 1057 3463 secundum
1112 3422 1283 3465 vestra
1330 3427 1445 3479 qua:
1506 3409 1711 3463 veriora
1770 3405 2082 3475 diciti369

557 3498 901 3567 exemplaria.
949 3498 1002 3553 Si
1049 3515 1174 3569 ergo
1214 3500 1503 3555 secundum
1545 3514 1638 3552 vos
1685 3497 1892 3566 Moyses
1950 3496 2085 3549 indi-

557 3602 721 3656 gnum
747 3600 805 3642 se
826 3602 943 3643 esse
979 3590 1152 3644 adhuc
1186 3589 1335 3656 dicit,
1364 3588 1504 3657 quod
1550 3601 1654 3640 non
1689 3587 1760 3640 sit
1791 3584 1949 3641 labiis
1969 3586 2083 3638 cir-

560 3676 854 3740 cumcisus,
894 3685 1096 3730 certum
1130 3688 1211 3731 est
1252 3678 1352 3730 hoc
1382 3675 1529 3728 illum
1568 3673 1802 3727 indicare
1825 3671 1921 3741 (4),
1947 3672 2087 3738 quod

561 3765 769 3834 dignior
805 3766 873 3819 sit
904 3775 957 3819 et
1005 3767 1242 3821 sanctior
1283 3766 1368 3819 ille
1393 3764 1483 3833 qui
1527 3761 1874 3817 circumcisus
1908 3770 1988 3814 est
2017 3760 2091 3812 la-

559 3852 682 3908 biis.
731 3854 994 3909 Adbibete
1042 3870 1170 3924 ergo
1219 3855 1376 3908 etiam
1429 3852 1584 3905 labiis
1643 3849 1859 3912 falcem,
1887 3858 1941 3901 et
1980 3848 2090 3901 oris

561 3943 890 4011 cperimenta
920 3944 1187 4005 desecate,
1209 3942 1423 4008 quando
1448 3939 1662 4008 quidem
1697 3938 1818 3991 talis
1861 3936 2011 3990 vobis
2037 3935 2090 3988 in

563 4030 759 4083 divinis
786 4029 981 4083 litteris
1009 4029 1305 4097 coruplacet
1349 4028 1669 4082 intellectus.
1717 4024 1869 4089 Quod
1903 4024 1948 4076 si
1982 4023 2090 4075 cir-

564 4115 947 4170 cumcisionem
978 4114 1243 4169 labiorum
1273 4115 1337 4168 ad
1374 4113 1678 4181 allegoriam
1718 4110 2007 4174 revocatis,
2038 4119 2094 4161 et

565 4201 1034 4259 circumeisiouem
1089 4202 1297 4256 aurium
1361 4201 1708 4255 nihilominus
1756 4198 2092 4267 allegoricam

570 4292 749 4347 dicitis
779 4300 835 4346 et
861 4291 1157 4361 figuralem,
1192 4291 1457 4358 quomodo
1490 4305 1593 4345 non
1639 4300 1693 4344 et
1733 4292 1783 4343 in
1811 4289 2094 4343 circumci-

2169 1893 2416 1949 cumcisis
2443 1900 2496 1946 et
2518 1887 2807 1943 immundis
2851 1882 3077 1937 auribus
3112 1879 3196 1949 (6)
3229 1879 3437 1932 munda
3471 1873 3631 1929 verba
3654 1886 3700 1925 sa

2169 1982 2384 2053 pientim
2419 1989 2471 2034 et
2510 1979 2755 2033 veritatis
2784 1975 2992 2028 audire.
3028 1971 3369 2031 Veniamus,
3403 1967 3453 2020 si
3483 1964 3700 2027 vultis,t

2171 2052 2236 2125 ad
2269 2071 2533 2124 labiorum
2561 2064 3051 2120 circumcisionem.
3084 2060 3204 2129 Ego
3243 2066 3379 2126 puto
3403 2053 3549 2123 quod
3579 2052 3700 2106 iucit

2172 2159 2433 2214 eumcisus
2466 2157 2537 2210 sit
2558 2154 2732 2215 labiis,
2761 2152 2852 2220 qui
2890 2151 3131 2203 nondum
3156 2148 3403 2202 cessavit
3444 2160 3476 2199 a
3512 2143 3700 2199 stultilo

2182 2251 2326 2318 quio,
2359 2263 2387 2300 a
2416 2244 2758 2307 scurrilitate,
2790 2241 2879 2309 qui
2928 2239 3088 2293 bonis
3121 2241 3385 2306 derogat,
3427 2234 3522 2303 qui
3553 2233 3700 2287 crimi

2174 2344 2330 2389 natur
2375 2332 2666 2402 proximos,
2709 2329 2798 2396 qui
2844 2327 3068 2394 instigat
3122 2324 3279 2387 lites,
3315 2323 3410 2390 qui
3440 2318 3700 2374 calumnia

2175 2432 2369 2486 movet,
2405 2421 2492 2489 qui
2520 2418 2716 2472 fratres
2742 2417 2886 2470 inter
2917 2429 2975 2468 se
3009 2413 3144 2466 falsa
3178 2413 3463 2480 loquendo
3492 2408 3700 2464 commil

2176 2514 2261 2580 tit,
2302 2514 2390 2580 qui
2442 2508 2851 2583 vana,inepta,
2904 2502 3222 2568 saecularia,
3274 2503 3575 2571 impudica,
3629 2508 3700 2551 ιιιι

2175 2604 2278 2672 pia,
2317 2599 2589 2667 iniuriosa,
2625 2606 2895 2664 proterva,
2939 2595 3287 2663 blasphema,
3317 2603 3376 2647 et
3403 2600 3600 2646 caetera
3633 2604 3694 2654 qu

2177 2691 2389 2758 indigna
2445 2697 2566 2740 sunt
2618 2686 2923 2739 Christiano
2971 2699 3067 2738 ore
3122 2684 3504 2752 proloquitur.
3530 2682 3587 2735 Si
3627 2695 3693 2748 qu

2176 2796 2301 2833 vero
2335 2779 2402 2832 ab
2439 2778 2525 2830 his
2573 2776 2823 2830 omnibus
2856 2775 3102 2828 continet
3140 2790 3211 2829 os
3258 2790 3447 2839 suum,
3485 2782 3539 2827 et
3571 2772 3700 2837 dispt

2178 2872 2255 2922 uit
2284 2881 2553 2923 sermones
2591 2879 2715 2919 suos
2760 2864 2811 2916 in
2837 2862 3042 2931 judicio
3061 2866 3104 2926 ⁷,
3146 2864 3550 2918 verbositatem
3585 2876 3700 2929 repr

2178 2959 2309 3021 mit,
2360 2957 2588 3024 linguam
2648 2962 2941 3023 temperat,
3006 2953 3175 3006 verba
3259 2954 3606 3015 moderatur,
3650 2951 3695 3004 is

2179 3051 2365 3102 merito
2406 3044 2750 3100 circumcisus
2787 3041 2943 3095 labiis
2992 3042 3229 3095 dicitur.
3261 3041 3374 3096 Sed
3422 3049 3480 3096 et
3518 3041 3609 3109 qui
3657 3039 3700 3091 in

2179 3137 2433 3206 quitatem
2467 3134 2519 3187 in
2548 3131 2773 3187 Exeelso
2816 3131 3117 3198 loquuntur
3138 3130 3188 3196 ⁸,
3227 3142 3283 3185 et
3333 3131 3643 3185 extendunt

2179 3224 2374 3279 coelum
2428 3222 2659 3291 linguam
2722 3234 2908 3281 suam,
2964 3218 3111 3272 sicut
3182 3219 3443 3274 licerelici
3517 3219 3695 3272 facian

2180 3312 2536 3367 incircumcisi
2588 3318 2641 3363 et
2684 3310 2942 3362 immundi
2995 3308 3158 3363 labiis
3209 3309 3439 3363 dicendi
3489 3317 3617 3362 sunt
3660 3307 3700 3374 ('l

2181 3400 2537 3455 Circumcisus
2580 3412 2705 3452 vero
2734 3410 2789 3452 et
2819 3397 3052 3451 mundus
3083 3406 3168 3451 est
3223 3399 3324 3466 qui
3376 3411 3600 3465 semper
3644 3410 3700 3448 vc

2183 3493 2304 3544 bum
2346 3489 2435 3542 Dei
2485 3488 2738 3555 loquitur,
2772 3495 2825 3540 et
2847 3502 3034 3541 sanam
3071 3486 3401 3541 doctrinam
3431 3487 3700 3554 evangelii

2183 3586 2236 3631 et
2278 3576 2578 3645 apostolicis
2624 3575 2880 3628 munitam
2921 3574 3125 3642 regulis
3170 3576 3414 3644 profert.
3462 3575 3582 3629 lloe
3643 3592 3700 3627 er

2184 3665 2339 3719 modo
2382 3674 2435 3719 ct
2457 3664 2788 3718 circumcisio
2844 3664 3111 3717 labiorum
3175 3665 3354 3720 datur
3411 3666 3466 3719 in
3531 3665 3700 3719 Ecclc:

2186 3751 2301 3806 Dei.

2257 3843 2307 3897 6.
2336 3843 2481 3896 Nunc
2505 3856 2633 3896 vero
2663 3842 2956 3896 secundum
2985 3843 3468 3910 pollicitationem
3500 3858 3693 3903 nostra

2189 3928 2418 3996 qualiter
2455 3928 2614 3981 etiam
2656 3928 2840 3981 carnis
2883 3929 3244 3986 circumcisio
3298 3936 3514 4003 suscipi
3563 3937 3700 3989 debe

2188 4017 2484 4071 videamus.
2525 4015 2820 4069 Membrum
2852 4017 2975 4082 hoc,
3003 4017 3055 4069 in
3107 4033 3222 4087 quo
3255 4028 3603 4092 prteputiutn
3635 4026 3700 4077 vit

2194 4114 2278 4159 tur
2302 4119 2443 4169 esse,
2475 4106 2660 4160 olIiciis
2701 4107 3038 4162 naturalibus
3086 4111 3275 4167 coitus
3311 4126 3370 4169 et
3433 4119 3700 4184 generati.

2192 4193 2459 4246 deservire
2481 4206 2634 4245 nemo
2666 4203 2748 4246 est
2772 4194 2862 4262 qui
2893 4193 3122 4247 dubitet.
3161 4199 3221 4252 Si
3257 4203 3399 4269 quis
3442 4204 3623 4272 igitur
3661 4220 3691 4257 e

2191 4277 2554 4346 hujuscemodi
2597 4292 2770 4336 motus
2818 4298 2923 4336 nor.
2959 4283 3327 4352 importunus
3377 4296 3653 4357 exsistat,
3693 4312 3700 4347 l

569 4380 720 4436 sione
741 4381 981 4449 praeputii
1020 4380 1326 4449 allegoriam
1356 4380 1663 4448 requiritis?
1691 4379 1794 4433 Sed
1834 4378 1950 4432 illos
1973 4378 2092 4444 qui-
2124 4410 2166 4464 ο
2194 4378 2421 4424 slalulos
2471 4372 2672 4440 legibus
2699 4373 2956 4427 terminos
2986 4389 3236 4443 superet,
3271 4396 3385 4437 nec
3422 4386 3598 4439 aliam
3639 4386 3700 4439 fet

569 4470 690 4524 dem
714 4469 802 4537 qui
821 4467 885 4522 ad
920 4468 1175 4523 idolorum
1205 4469 1415 4522 modum
1437 4483 1586 4522 aures
1603 4470 1786 4520 habent
1805 4475 1850 4519 et
1879 4481 1978 4518 non
2001 4481 2095 4517 au-

568 4557 739 4624 diunt,
775 4566 821 4611 et
865 4558 1041 4610 oculos
1087 4559 1270 4609 habent
1301 4567 1346 4609 et
1374 4573 1474 4609 non
1520 4556 1741 4620 vident",
1766 4555 2092 4609 omittamus.

572 4646 679 4700 Vos
708 4656 882 4700 autem
914 4645 1137 4714 populus
1166 4646 1277 4710 Dei,
1298 4655 1349 4699 et
1378 4644 1598 4714 populus
1624 4647 1674 4697 iu
1697 4644 2095 4712 acquisitioucm

641 4755 686 4786 ⁸⁸
716 4751 909 4806 Jerem.
944 4768 1016 4813 vi,
1060 4753 1142 4806 l0.

577 4823 598 4855 ⁵
627 4822 810 4875 Matth.
856 4821 1061 4882 “11,9.
1136 4820 1153 4849 ⁷
1181 4819 1324 4873 Psal.
1351 4834 1459 4886 CXI,
1488 4819 1542 4873 5.
1614 4818 1635 4849 ⁸
1666 4816 1805 4871 l’sal.
1836 4832 2003 4879 LXXII,
2040 4816 2092 4867 7.

646 4912 722 4980 (l)
749 4909 1023 4980 Ebioniue,
1061 4919 1163 4980 etc.
1206 4910 1404 4962 Alludit
1449 4910 1514 4963 ad
1544 4922 1723 4961 vocem
1759 4907 2093 4969 llehraicam,

576 4978 772 5040 Ebion.
798 4993 914 5046 quae
946 4978 1231 5045 signiﬁcat,
1262 4986 1633 5046 pauperemet
1655 4992 1902 5043 egenum.

668 5047 722 5118 ὲ)
748 5045 893 5118 Mss"
923 5048 1227 5118 inducitur;
1277 5048 1400 5118 libb.
1441 5045 1887 5118 editi,__indic_itur.

668 5050 893 5118 1‘)Mss..
926 5050 1227 5108 inducitur;
1277 5050 1400 5098 libb.
1441 5050 1587 5103 editi.
1620 5050 1887 5096 indicitur.

644 5050 722 5189 i5)
781 5115 1018 5189 l’roride,
1061 5112 1331 5189 Domine.“
1355 5112 1936 5189 Confutiditnorigetics
1989 5120 2095 5162 tres

574 5176 885 5245 ’vet‘sieulos,
918 5176 1601 5249 netnpelSetlo-capitisw
1630 5176 1817 5249 Exodi,
1846 5193 1944 5232 nec
1988 5192 2094 5249 non

576 5269 789 5308 versum
815 5255 881 5304 50
907 5245 1095 5317 capitis
1118 5266 1167 5304 Vl
1199 5247 1604 5317 ejusdemlibri.
1634 5245 1740 5300 Hoc
1771 5247 1955 5299 ultimo
1987 5246 2101 5296 loco

578 5323 667 5376 ubi
707 5321 954 5373 llebraaus
980 5316 1159 5372 textus
1200 5319 1395 5371 habet:
1428 5316 1556 5368 Ecce
1594 5330 1683 5381 ego
1714 5317 2101 5366 iucircumctsns

579 5390 752 5450 labiis,
783 5387 1126 5456 Septuaginta
1161 5394 1431 5440 verterunt
1455 5402 1468 5437 :
1502 5381 1634 5434 Ecce
1661 5397 1752 5448 ego
1781 5381 1961 5449 gracili
1988 5393 2104 5432 vace

578 5469 711 5506 ικηι.

652 5522 729 5584 (4)
765 5520 921 5571 Illum
952 5522 1201 5575 indicare.
1252 5522 1339 5576 Sic
1388 5532 1539 5579 mss.,
1585 5516 1707 5569 libb.
1728 5526 1903 5571 autem
1952 5513 2100 5573 editi,

580 5586 718 5643 illud
747 5590 994 5640 iudicare.

1218 4751 1235 4780 ¹
1286 4752 1447 4804 Exod.
1507 4767 1576 4815 tv,
1629 4751 1711 4802 15.
1784 4747 1990 4810 'lbid.,
2026 4747 2111 4800 10.

2198 4474 2318 4511 nam
2350 4474 2508 4525 quam
2554 4459 2831 4528 coujugem
2877 4461 3176 4530 legitimam
3238 4473 3495 4534 noverit,
3523 4484 3584 4526 οι
3620 4476 3672 4526 in

2199 4561 2408 4614 quoque
2440 4549 2549 4615 ipsa
2584 4551 2914 4616 posteritatis
2964 4560 3360 4612 tantummodo
3422 4575 3605 4615 causa
3632 4578 3699 4616 ce

2199 4645 2254 4689 et
2295 4636 2543 4704 legitimis
2592 4639 2918 4704 temporibus
2962 4649 3086 4708 agat
3118 4643 3228 4710 (8),
3266 4646 3384 4701 iste
3421 4651 3700 4705 circumci

2223 4745 2242 4775 ³
2292 4743 2455 4797 Exod.
2508 4757 2579 4807 vn,
2608 4744 2695 4797 50.
2807 4744 2987 4797 ‘Psal.
3010 4761 3167 4811 exin,
3196 4748 3258 4813 5,
3383 4756 3455 4809 ⁸1
3489 4758 3617 4816 Pet.
3654 4777 3693 4814 ιι

2271 4904 2346 4971 (5)
2365 4903 2532 4979 Codd.
2555 4902 2813 4957 Gemetic.
2834 4912 2886 4956 et
2913 4902 3226 4971 Sangerm.,
3254 4924 3446 4979 caeno;
3472 4914 3618 4972 libb,
3645 4933 3700 4974 ε(

2200 4989 2362 5034 corna,
2393 4971 2551 5024 male.

2268 5042 2344 5107 (6)
2380 5038 2793 5107 ιηιτὶιγιιιηιείεἰε⁸
2816 5048 2863 5090 et
2915 5040 3203 5093 immundis
3259 5049 3532 5104 auribus.
3573 5053 3657 5107 Ita
3695 5064 3700 5104 l

2201 5105 2327 5159 mss.
2362 5106 2726 5170 'l‘uronenses,
2764 5105 3132 5175 Remigiauus,
3158 5110 3538 5172 Beivaceusis
3566 5132 3624 5175 et
3650 5105 3700 5174 VS

2200 5175 2602 5240 germauensis;
2630 5175 2752 5228 libri
2776 5189 2902 5227 vero
2928 5177 3076 5242 editi,
3110 5180 3547 5240 incircumcisus
3573 5194 3700 5243 auri

2193 5254 2242 5293 et
2271 5243 2583 5295 immundus.

2272 5310 2347 5376 (Ἰ)
2377 5308 2545 5363 Codd.
2577 5324 2706 5381 mss.
2738 5318 2846 5381 tres
2871 5310 3238 5381 'l'urouenses,
3274 5317 3700 5381 ϐρωθιερεηείε

2204 5376 2678 5456 Sangerma‘uensis
2707 5395 2721 5432 :
2747 5376 2980 5456 loquitur
3034 5389 3083 5456 et
3125 5376 3393 5456 extendit,
3450 5376 3700 5456 etei—vini

2204 5438 2638 5515 cuut'cisusilabiis
2664 5456 2709 5497 et
2741 5438 3033 5501 immundus
3060 5451 3213 5505 labiis
3237 5438 3645 5515 άίοεῆάᾶἶέξιί

2276 5510 2348 5574 (8)
2376 5507 2440 5560 Et
2468 5512 2521 5589 in
2554 5528 2614 5563 ea
2641 5515 2987 5589 quoqueipsa
3034 5522 3356 5583 posteritatis
3385 5507 3699 5582 ἄᾶἰῖιίιῖἱὶηιι

2207 5593 2360 5632 causa
2390 5584 2540 5631 certis
2572 5591 2615 5631 et
2645 5584 2885 5653 legitimis
2911 5590 3234 5645 (mmoribus
3277 5603 3440 5661 agat,
3481 5608 3599 5650 etc.
3636 5604 3699 5653 Si
