3922 6246
471 438 485 452 .
1637 372 1700 427 IN
1741 374 2037 430 CENESIM
2077 377 2354 432 HOMILIA
2391 377 2478 432 Ill.

445 447 806 562 ἱιῗηξῗηὶίε
844 479 997 526 ⁸ηίὲ
1030 479 1356 543 dicendus
1387 501 1486 544 cst.
1523 491 1620 556 Qui
1650 506 1778 548 vero
1808 494 1858 546 in
1893 510 2005 547 om-
2036 506 2080 559 Α
2112 494 2272 562 leges,
2308 491 2680 547 incircumcisa
2738 490 3039 557 reputando
3081 502 3218 545 sunt.
3255 491 3316 544 Et
3359 490 3459 543 hoc
3510 499 3641 557 puto

143 455 181 508 lii
331 475 392 508 Α
405 449 437 488 1

329 475 392 526 4

559 539 573 548 .
635 549 642 554 ,
1036 526 1356 543 “ws—....”
1387 526 1486 544 ιω.
1524 526 1620 556 ει...
1657 526 1778 548 mu
1810 526 1858 546 ...
1893 526 2005 547 υ...--

145 543 302 633 νηί
397 526 772 646 ξῗεξῘἮξλω
819 569 1138 637 Ρτ⁰τ¹¹¹ῐν
1181 587 1246 630 et
1290 595 1387 646 per
1416 581 1649 634 diversos
1699 594 1753 636 et
1793 583 2006 636 illicitos

159 666 216 701 iam
259 696 322 751 I’
355 634 758 751 (‘12?“36t
804 654 1210 751 amplexus,
1240 678 1409 736 atque
1444 669 1495 722 in
1533 685 1744 723 omnem
1773 673 2008 725 libidinis

163 726 568 824 νηφξίιίῖξιι
630 726 854 790 1ἐπ’ὶὶιι·
921 744 1251 822 infrenis,
1313 760 1416 813 iste
1462 761 1869 815 incircumcisus
1927 772 2007 813 est

333 805 368 824 ν
509 810 523 822 .
1143 805 1251 822 η-.
1313 805 1415 813 ----
1464 805 1869 815 ...νην-..ηψπ

179 805 579 917 βπῷθςςπιῦ
615 825 844 917 cernis
882 846 1051 892 suae.
1089 840 1323 898 Verum
1365 848 1598 901 Ecclesia
1630 848 1852 912 Christi,
1887 866 2007 917 gra-

1120 892 1126 894 .
1365 892 1598 901 ..-ηψπ
1635 892 1852 912 -....-..,
1887 892 1977 917 ο...

188 892 550 1023 Ἒξῖνὶῗ
588 909 698 1023 Ὺιὶ
739 928 860 980 9T0
899 935 975 976 Se
1015 933 1357 987 cruciiixus
1379 944 1460 987 est
1493 937 1756 993 roborata.
1788 951 1890 990 non
1922 952 1992 988 sui

427 1001 812 1023 __-:I!_!-O,
956 1012 978 1023 Α
1089 1019 1130 1023 --

226 989 456 1089 “:9
485 1001 559 1054 ab
591 1001 832 1061 illicitis
866 1012 1289 1088 nefandisque
1316 1025 1598 1089 cubilibus,
1631 1040 1811 1078 verum
1847 1027 2002 1079 etiam

307 1095 716 1186 igrpucessis
751 1107 813 1152 et
860 1101 1060 1160 licitis
1097 1117 1404 1180 temperat,
1441 1122 1688 1180 tanquam
1717 1114 1823 1183 jam
1858 1115 2006 1184 virgo

358 1224 458 1276 ης,
475 1203 592 1246 usa
641 1189 866 1247 Christi
918 1200 1114 1253 castis
1147 1211 1207 1253 et
1242 1203 1450 1270 pudicis
1500 1205 1796 1272 virginibus
1827 1204 2002 1268 ﬂoret,

386 1288 598 1361 “(ﬁxus
636 1297 771 1336 vera
806 1285 1193 1343 circumcisio
1254 1292 1434 1344 carnis
1462 1295 1708 1361 prtrputii
1740 1294 1874 1346 facta
1903 1306 2001 1358 est,

421 1391 474 1430 ελ
499 1387 626 1427 vere
656 1380 1067 1428 testamentum
1106 1376 1230 1441 Dei,
1261 1388 1314 1430 et
1345 1387 1718 1432 testamentum
1747 1388 2001 1434 :eternttm

430 1467 488 1519 in
527 1474 786 1518 :eternum
827 1465 888 1516 in
919 1478 1126 1520 eorum
1177 1467 1496 1522 circumcisa
1526 1483 1692 1522 carne
1729 1482 2002 1526 servatur.

445 1553 690 1621 Superest
740 1553 906 1606 nobis
975 1554 1147 1607 etiam
1199 1557 1483 1626 designare
1535 1559 1998 1614 circumcisionem

445 1640 634 1692 cordis.
668 1639 726 1692 Si
779 1641 906 1706 quis
958 1652 1048 1694 est
1087 1643 1181 1710 qui
1237 1645 1483 1698 obscenis
1515 1647 1790 1700 desideriis
1819 1658 1871 1702 et
1901 1649 2001 1700 for:-

455 1726 532 1779 dis
549 1727 940 1794 cupiditatibus
975 1737 1197 1787 aestuat.
1227 1737 1304 1793 et,
1337 1738 1394 1782 ut
1423 1731 1656 1784 breviter
1687 1731 1878 1792 dicam,
1909 1731 1996 1799 qui

257 1059 303 1106 Rw

3545 374 3646 426 132

2111 597 2230 633 esse
2260 581 2398 648 quod
2424 578 2704 646 Apostolus
2727 576 2858 628 dicit
2886 573 2928 603 “
2955 592 2966 627 :
2995 577 3139 630 Sicut
3163 580 3296 630 enim
3339 576 3640 629 exhibuistis

2113 668 2337 720 membra
2365 677 2529 720 vestro
2561 667 2748 718 seruire
2775 664 3043 730 iniquitati
3088 667 3154 716 ad
3195 666 3536 733 iniquitatem,
3561 667 3638 718 ita

2113 773 2245 808 nunc
2273 757 2502 808 exhibete
2533 756 2756 806 membra
2795 761 2960 805 vestra
2994 753 3178 804 servire
3203 753 3416 817 iustitiae
3436 754 3486 804 in
3514 767 3640 806 san-

2111 843 2494 909 cti/icationem.
2531 841 2661 895 Cum
2695 843 2838 894 enim
2871 840 3136 907 iniquitati
3173 841 3434 893 servirent
3469 857 3637 892 ineiu-

2118 931 2211 983 bra
2255 940 2452 993 vestra,
2478 945 2581 984 non
2626 940 2780 982 erant
2812 929 3143 993 circumcisa,
3178 943 3273 980 nec
3313 937 3427 980 erat
3469 929 3517 979 in
3557 929 3638 984 eis

2113 1028 2488 1074 testamentum
2517 1018 2631 1073 Dei.
2661 1017 2792 1071 Cum
2823 1031 2948 1070 vero
2972 1017 3231 1084 coeperint
3259 1017 3461 1068 servire
3485 1018 3637 1084 justi-

2113 1109 2199 1160 tia:
2225 1107 2276 1160 in
2304 1107 2796 1170 sanctiﬁcationem,
2826 1107 3107 1172 promissio
3130 1120 3247 1173 qua:
3275 1104 3338 1156 ad
3361 1105 3628 1157 Abraham

2112 1196 2252 1250 facta
2305 1207 2405 1260 est,
2454 1198 2702 1265 impletur
2751 1197 2802 1248 in
2847 1196 2945 1247 eis.
2979 1194 3125 1248 Tunc
3148 1197 3287 1248 enim
3321 1195 3401 1247 lex
3436 1197 3547 1256 Dei,
3581 1203 3633 1248 ct

2111 1295 2488 1337 testamentum
2533 1285 2650 1351 ejus
2677 1285 2920 1351 signatur
2951 1285 3002 1336 in
3031 1284 3129 1335 eis.
3153 1283 3218 1336 Et
3245 1283 3344 1336 hoc
3383 1293 3462 1336 est
3511 1298 3632 1336 vere

2108 1375 2314 1442 signum
2361 1374 2504 1436 lidei,
2534 1374 2672 1442 quod
2701 1373 2840 1425 inter
2872 1372 3033 1424 Deum
3065 1381 3118 1425 et
3160 1373 3424 1424 hominem
3451 1374 3632 1424 interni
3673 1444 3686 1452 .

2109 1460 2324 1513 foederis
2357 1461 2596 1514 continet
2624 1450 2980 1527 pactum.‘lsta
3019 1471 3100 1513 est
3148 1460 3488 1513 circumcisio
3517 1476 3633 1527 qth

2106 1550 2330 1614 petrinis
2352 1549 2633 1602 machaeris
2666 1565 2758 1616 per
2779 1548 2955 1601 Jcsum
2990 1549 3180 1616 populo
3203 1550 3290 1602 Dei
3317 1551 3434 1602 data
3463 1561 3541 1604 est
3569 1551 3630 1603 ιδ.

2106 1638 2233 1702 Quae
2255 1648 2336 1692 est
2357 1648 2531 1692 autem
2569 1638 2826 1691 machaira
2852 1637 3078 1704 peti-ina,
3110 1649 3161 1691 et
3186 1641 3274 1706 qui
3306 1639 3508 1705 gladius
3530 1653 3634 1706 quo

2105 1726 2453 1778 circumcisus
2501 1735 2584 1778 est
2633 1727 2859 1793 populus
2890 1727 3018 1780 Dei?
3041 1728 3177 1779 Audi
3206 1727 3514 1795 Apostolum
3549 1729 3630 1778 di-

455 1818 745 1870 uiurchatur
790 1818 846 1870 in
883 1820 1073 1880 corde,
1119 1818 1210 1872 hic
1267 1820 1671 1875 incircumcisus
1698 1832 1776 1876 est
1817 1825 1992 1876 corde.

2103 1823 2311 1866 centem
2338 1814 2418 1868 “’2
2454 1812 2612 1866 Vivus
2647 1815 2782 1866 enim
2825 1824 2896 1866 est
2951 1814 3048 1866 Dei
3094 1831 3259 1866 sermo
3283 1827 3326 1867 et
3369 1815 3566 1882 c/Iicux,
3585 1828 3631 1869 et

454 1903 548 1958 Sed
579 1914 633 1959 et
682 1906 777 1973 qui
842 1906 1135 1961 hereticos
1178 1923 1369 1962 sensus
1424 1919 1601 1964 mente
1656 1913 1908 1976 continet,
1947 1923 2000 1964 et

457 1989 785 2060 blasphemas
811 1995 1149 2048 asserziones
1169 2005 1353 2050 contra
1369 1997 1644 2051 scientiam
1672 1998 1867 2052 Christi
1891 2001 2001 2051 dis-

456 2083 587 2144 ponit
634 2083 684 2134 in
733 2083 930 2146 corde,
963 2083 1052 2136 hic
1102 2084 1508 2139 incircumcisus
1555 2095 1638 2140 est
1683 2089 1858 2140 corde.
1901 2089 1996 2152 Qui

457 2181 565 2224 vero
590 2187 784 2239 puram
818 2173 981 2226 tidem
1009 2175 1063 2226 in
1109 2175 1456 2230 conscientiae
1485 2177 1796 2233 sinceritate
1818 2191 1997 2233 custo-

461 2254 538 2318 dit,
560 2260 661 2312 iste
683 2261 1048 2314 circumcisus
1075 2271 1156 2314 est
1182 2263 1360 2317 corde.
1391 2262 1465 2316 De
1493 2279 1599 2332 quo
1617 2266 1722 2327 dici
1751 2269 1993 2334 potest“:

465 2337 589 2398 Beati
620 2350 823 2399 mundo
875 2349 1059 2411 corde,
1109 2349 1232 2416 quia
1283 2350 1378 2416 ipsi
1414 2351 1575 2404 Deum
1606 2353 1863 2405 videbunt.
1891 2356 1998 2421 Ego

454 2442 566 2484 vero
600 2435 777 2487 audeo
817 2449 888 2488 ex
924 2435 1090 2487 simili
1137 2437 1298 2489 etiam
1347 2437 1458 2490 haec
1491 2439 1822 2506 propheticis
1849 2441 2000 2500 .vosi-

437 2521 540 2576 bus
565 2525 785 2586 addere,
817 2527 949 2591 quia
981 2527 1124 2578 sicut
1145 2535 1355 2592 oportet
1402 2529 1643 2591 auribus,
1677 2539 1732 2582 et
1763 2529 1918 2583 labiis
1942 2542 2000 2584 et

437 2615 601 2666 corde
627 2623 682 2666 ct
708 2615 899 2667 carnis
931 2618 1216 2682 praeputio,
1253 2619 1538 2672 secundum
1575 2634 1639 2674 ea
1671 2634 1790 2687 quae
1837 2636 1996 2686 supra

437 2702 701 2766 diximus,
734 2705 1064 2758 circumcidi
1094 2722 1108 2755 :
1137 2707 1209 2758 ita
1251 2705 1474 2761 fortasse
1494 2718 1548 2761 et
1583 2723 1772 2763 manus
1804 2721 1999 2765 nostra:

440 2793 684 2860 indigent
727 2795 1180 2857 circumcisione,
1215 2804 1270 2848 et
1313 2796 1494 2862 pedes,
1537 2799 1700 2862 visus,
1728 2809 1783 2852 et
1809 2802 1997 2854 odora-

441 2891 550 2946 tus,
589 2893 643 2935 et
679 2892 887 2938 tactus.
951 2883 1019 2938 Ut
1052 2885 1196 2937 enim
1231 2884 1502 2952 perlectus
1537 2889 1605 2942 sit
1637 2889 1798 2952 homo
1824 2891 1914 2944 Dei
1945 2894 1994 2943 in

437 2972 706 3037 omnibus,
744 2983 947 3026 cuncta
977 2974 1411 3029 circumcidenda
1443 2987 1566 3031 sunt
1594 2972 1854 3044 inanbra,
1885 2997 1997 3033 ma-

438 3074 540 3112 nus
575 3062 789 3127 quidem
832 3076 863 3114 a
921 3063 1148 3130 rapinis,
1201 3081 1228 3118 a
1262 3066 1436 3131 furtis,
1471 3082 1500 3120 a
1558 3069 1808 3132 cardibus,
1839 3080 1892 3123 et
1931 3073 1994 3124 ad

2103 1905 2305 1956 acutior
2335 1905 2470 1956 omni
2500 1904 2674 1970 gladio
2706 1904 2942 1971 utrinque
2967 1913 3138 1968 acuto,
3162 1906 3448 1972 pertingens
3474 1922 3634 1974 usque

2105 1994 2170 2043 ad
2194 1993 2496 2045 divisionem
2536 1994 2722 2045 anima:
2754 2008 2813 2044 ac
2846 1994 3081 2058 spiritus,
3114 2009 3412 2066 compagum
3435 2013 3635 2065 quoque

2103 2089 2148 2131 et
2191 2081 2534 2133 medullarum
2565 2096 2582 2132 :
2611 2093 2654 2133 et
2688 2094 2761 2137 est
2790 2086 2845 2136 di
2874 2092 3039 2137 cretor
3079 2085 3442 2152 cogitationum
3477 2097 3522 2137 et
3553 2087 3631 2136 in-

2103 2169 2385 2220 tentionum
2415 2171 2604 2222 cordis.
2641 2171 2744 2225 [ste
2773 2187 2899 2240 ergo
2929 2182 3008 2226 est
3042 2173 3247 2241 gladius
3278 2189 3380 2241 quo
3406 2176 3632 2228 circum-

2103 2260 2208 2310 cidi
2238 2259 2490 2327 jubemur
2528 2261 2667 2327 (l0),
2699 2266 2763 2315 de
2793 2277 2898 2329 quo
2925 2263 3054 2316 dicit
3089 2261 3243 2316 Jesus
3291 2265 3540 2317 Dominus
3567 2267 3629 2316 ’τε

2108 2346 2225 2399 Non
2252 2349 2360 2400 veni
2389 2364 2562 2414 pacem
2593 2351 2792 2402 mittere
2811 2352 2860 2401 in
2879 2359 3090 2415 terram,
3121 2353 3206 2402 sed
3232 2353 3486 2418 gladium.
3513 2352 3626 2404 Non

2106 2438 2195 2489 tibi
2227 2439 2438 2491 videtur
2488 2439 2695 2506 dignior
2741 2441 2852 2494 haec
2903 2455 3020 2493 esse
3063 2442 3401 2495 circumcisio
3442 2443 3492 2493 in
3527 2457 3628 2508 qua

2106 2536 2478 2581 testamentum
2527 2529 2632 2596 Dei
2663 2529 2852 2583 debeat
2880 2529 3166 2584 collocari?
3188 2528 3402 2590 Confer,
3439 2534 3482 2582 si
3517 2529 3631 2597 pla-

2102 2628 2207 2680 cet,
2254 2618 2367 2671 haec
2415 2627 2592 2672 nostra
2641 2632 2762 2671 cum
2812 2621 3004 2674 vestris
3047 2620 3280 2675 Judaicis
3332 2619 3631 2682 fabulis,et

2105 2708 2496 2761 narrationibus
2530 2707 2748 2770 fastidis,
2775 2719 2828 2760 et
2857 2709 2975 2761 vide
3003 2709 3045 2761 si
3081 2710 3130 2760 in
3177 2709 3279 2762 illis
3322 2711 3533 2773 vestris,
3558 2725 3623 2763 an

2103 2797 2154 2848 in
2186 2796 2270 2849 his
2320 2811 2437 2865 quae
2483 2797 2536 2849 in
2586 2798 2784 2849 Christi
2834 2797 3066 2850 Ecclesia
3125 2799 3494 2865 prwdicantur,
3529 2802 3634 2852 cir-

2103 2883 2356 2936 cumcisio
2395 2883 2646 2936 divinitus
2697 2884 3051 2938 observetur:
3085 2887 3128 2940 si
3163 2903 3263 2940 non
3314 2889 3472 2941 etiam
3518 2891 3630 2957 ipse

2106 2970 2294 3030 sentis,
2330 2979 2381 3022 et
2418 2970 2666 3038 intelligis
2716 2971 2850 3026 hanc
2879 2973 3126 3026 Ecclesiae
3160 2976 3623 3029 circumcisioncm

2102 3057 2399 3122 honestam,
2450 3070 2714 3123 sanctam,
2762 3062 2867 3115 Deo
2921 3063 3164 3130 dignam;
3219 3060 3356 3115 illam
3398 3077 3627 3118 vestram

435 3147 550 3199 sola
583 3147 672 3200 Dei
706 3163 878 3217 opera
924 3128 1240 3217 pandenda},
1274 3128 1701 3211 Circu'mcmend,
1745 3128 1864 3212 διέτη
1901 3175 1996 3226 pe-
2021 3128 2062 3184 (ἶ
2098 3156 2322 3213 turpem,
2379 3147 2594 3214 fmdam,
2647 3149 2961 3211 deformem,
2983 3128 3120 3218 ipso
3154 3153 3310 3204 etiam
3363 3153 3545 3205 habitu
3573 3164 3626 3205 et

433 3235 611 3300 des”,
643 3254 711 3292 ne
752 3239 974 3292 veloces
1001 3241 1116 3294 sint
1142 3244 1210 3296 ad
1255 3243 1632 3299 effundendum
1662 3250 1992 3314 sanguinein,

433 3334 490 3376 et
526 3341 590 3379 ne
617 3327 827 3380 intrent
864 3328 918 3380 in
955 3329 1245 3384 consilium
1293 3333 1696 3400 malignantium
1722 3335 1786 3398 υ,
1817 3338 1908 3389 sed
1940 3347 1996 3389 ut

436 3422 640 3467 tantum
689 3432 790 3483 pro
829 3419 1106 3471 mandatis
1157 3419 1248 3472 Dei
1300 3421 1655 3475 circumeant.
1703 3423 1994 3480 Circumci-

435 3502 628 3556 dantur
660 3514 716 3556 et
741 3504 890 3558 oculi
916 3505 1015 3573 (9),
1055 3520 1124 3561 ne
1144 3509 1528 3576 concupiscant
1573 3509 1763 3574 aliena,
1798 3513 1901 3580 7ο
1930 3529 1994 3566 ne

434 3589 647 3643 videant
703 3591 772 3642 ad
817 3593 1313 3658 concupiscendam
1355 3596 1654 3650 mulierem.
1702 3598 1802 3664 Qui
1849 3601 1990 3653 enim

433 3690 558 3744 erga
589 3679 924 3732 feminarum
967 3679 1171 3735 formas
1197 3682 1398 3736 lascivo
1423 3691 1477 3736 et
1510 3685 1724 3741 curioso
1771 3689 1990 3740 oberrat

436 3779 673 3834 aspectu,
708 3772 816 3822 iste
864 3770 1286 3824 incircumcisus
1318 3781 1404 3825 est
1449 3773 1640 3826 oculis.
1687 3774 1790 3827 Sed
1839 3785 1890 3828 et
1944 3776 1987 3828 si

435 3856 554 3921 quis
581 3866 686 3919 est,
717 3858 814 3923 qui
845 3858 964 3911 sive
995 3859 1165 3922 bibat,
1210 3860 1323 3912 sive
1357 3862 1662 3925 manducet,
1691 3863 1828 3915 sicut
1852 3863 1992 3930 Apo-

435 3945 601 3998 stolus
631 3947 896 4015 praecepit
925 3948 990 4009 ",
1021 3947 1086 3999 ad
1113 3947 1337 4014 gloriam
1368 3948 1458 4001 Dei
1493 3952 1777 4003 manducat
1817 3961 1871 4004 et
1914 3952 1992 4003 bi-

434 4034 529 4098 bit,
563 4035 665 4089 iste
700 4033 1069 4090 circumcisus
1106 4049 1186 4091 est
1215 4049 1392 4107 gustu.
1428 4039 1590 4106 Cujus
1638 4051 1812 4093 autem
1857 4045 1992 4094 Dens

435 4134 620 4176 venter
642 4124 820 4186 est",
851 4134 910 4177 et
961 4126 1318 4181 suavitatibus
1361 4130 1496 4195 gula:
1547 4129 1804 4191 deservit,
1835 4129 1990 4195 hujus

434 4211 883 4267 incircumcisum
951 4214 1178 4267 dixerim
1227 4227 1465 4284 gustum.
1507 4217 1562 4269 Si
1615 4219 1738 4285 quis
1791 4219 1990 4272 Christi

433 4303 645 4354 odorem
689 4303 902 4356 bonum
947 4304 1192 4370 capit,et
1223 4305 1274 4357 in
1317 4307 1572 4372 operibus
1603 4308 1990 4363 misericordiae

434 4391 648 4444 odorem
685 4392 983 4445 suavitatis
1043 4395 1292 4460 requirit,
1337 4394 1492 4461 hujus
1536 4398 1853 4450 Circumcisa
1905 4407 1986 4451 est
2019 4423 2062 4475 υ

433 4476 698 4530 odoratio.
731 4477 840 4542 Qui
884 4491 1012 4530 vero
1052 4480 1242 4546 primis
1282 4483 1570 4549 unguentis
1610 4483 1874 4538 delibutus
1916 4487 1989 4538 in-

433 4567 590 4630 cedit,
626 4568 734 4621 iste
775 4569 1198 4624 incircumcisus
1227 4571 1448 4624 odoratu
1476 4572 1728 4625 dicendus
1753 4585 1852 4627 est.
1883 4575 1987 4628 Sed

435 4667 480 4708 ct
518 4657 735 4723 singula
790 4673 1025 4724 quicque
1078 4661 1438 4714 membrorum
1469 4661 1510 4712 si
1547 4663 1596 4712 in
1631 4661 1816 4718 olliciis
1843 4679 1989 4716 man-

437 4747 682 4800 datorum
730 4749 827 4801 Dei
865 4750 1191 4812 deserviant,
1223 4750 1548 4803 cirenmcisa
1581 4752 1803 4806 dicenda
1843 4764 1988 4806 sunt.

437 4836 482 4889 Si
528 4851 657 4892 vero
703 4839 850 4891 ultra
892 4841 1236 4908 praescriptas
1282 4841 1384 4893 sibi
1418 4842 1673 4894 divinitus
1721 4844 1992 4896 luxuriant

499 4933 520 4962 ’
547 4930 743 4984 Matth.
782 4945 838 4996 v,
871 4933 924 4983 8.
1001 4933 1042 4962 ¹⁰
1077 4933 1216 4984 Psal.
1253 4947 1371 4993 xui,
1399 4931 1451 4982 5.
1529 4933 1567 4961 ¹¹
1596 4932 1729 4986 Psal.
1768 4952 1802 4992 ι.
1831 4939 1875 4988 Ι.

438 5014 522 5052 sue
548 5015 600 5053 v.
681 5001 725 5029 ¹⁶
757 4999 927 5054 Hebr.
953 5014 1022 5061 tv,
1057 5001 1144 5052 1'2.
1221 4999 1261 5028 ¹⁷
1291 4999 1481 5050 Matth.
1511 5016 1563 5060 χ,
1591 5001 1674 5052 54.

443 5089 503 5139 lia
536 5092 691 5141 docet
731 5089 982 5157 pluribus
1007 5088 1056 5139 in
1092 5088 1233 5157 locis
1255 5087 1617 5157 AugustiIIUS._
1639 5091 1725 5142 sed
1764 5107 1984 5157 praeser—

445 5160 528 5207 tim
552 5173 719 5208 serm.
764 5156 827 5207 5|
872 5155 938 5206 de
977 5156 1274 5208 concordia
1308 5155 1494 5205 Matth.
1523 5163 1573 5204 et
1601 5155 1726 5208 an.
1765 5155 1893 5212 ium.
1923 5159 1980 5220 V,

445 5239 553 5290 pag.
577 5225 703 5275 294.
751 5223 1012 5289 Nunquid
1040 5226 1142 5272 hoc
1189 5237 1294 5291 non
1345 5231 1416 5270 est
1469 5234 1744 5291 peccatum,
1771 5227 1985 5291 amplius

442 5289 586 5352 quam
620 5294 908 5343 liberorum
929 5289 1379 5358 procreandorum
1407 5290 1672 5358 necessitas
1693 5289 1954 5358 cogit,'e.ri
1968 5323 1983 5334 κ

443 5375 550 5422 θεῖε
579 5378 608 5409 α
641 5359 871 5424 conjuge
925 5354 1159 5408 debitum
1179 5357 1205 5407 1’
1240 5354 1338 5402 Ia'st
1362 5354 1564 5424 quidem
1592 5354 1872 5421 peccatum,
1900 5364 1985 5412 scd

445 5421 646 5478 rrniale.
684 5421 818 5478 Vide
850 5430 1110 5492 eumdem
1149 5432 1408 5492 sermone
1451 5421 1586 5492 278,
1615 5431 1740 5492 tom.
1775 5427 1834 5488 V,
1865 5443 1983 5492 pag.

446 5492 591 5557 “26,
624 5497 673 5546 in
716 5492 1034 5544 Ericltiridio
1075 5489 1141 5538 de
1174 5486 1304 5544 ﬁde.
1339 5501 1424 5557 sne
1463 5486 1876 5557 etcltaritale,it:
1923 5486 1980 5555 ν,

442 5575 549 5626 Dig.
579 5554 701 5624 926,
746 5562 885 5612 libro
937 5557 1012 5609 De
1059 5557 1199 5605 bono
1232 5554 1549 5626 _t"tmjttguli,
1567 5573 1711 5622 capp.
1744 5562 1774 5610 6
1803 5571 1852 5613 et
1887 5564 1978 5620 lt);

440 5617 741 5700 ςτῖἨοιἯήη
797 5629 1056 5696 Magnum
1127 5617 1323 5671 multis
1359 5619 1408 5668 in
1464 5622 1602 5685 locis,
1630 5617 1718 5677 sed
1753 5617 1981 5683 limxinic

1958 4936 2037 4988 “l
2069 4932 2191 4988 Cor.
2221 4950 2273 4995 χ,
2301 4933 2387 4984 51.

1750 5004 1788 5033 ’⁸
1814 5003 2008 5062 Gcnes.
2029 5019 2155 5065 xvn,
2178 5001 2258 5054 15.

2093 3244 2309 3300 aspectu
2357 3235 2698 3304 κακέμφατον
2747 3236 3137 3303 ριέιξΐειὈιιιθηι.
3183 3240 3246 3291 Et
3307 3243 3423 3305 erit,
3457 3242 3625 3308 inquit

2095 3321 2230 3375 Deus
2289 3325 2353 3375 ad
2407 3325 2749 3388 Abraham”,
2792 3329 3115 3398 circumcisio
3165 3337 3213 3381 et
3268 3339 3622 3382 testamentum

2093 3427 2258 3464 meum
2289 3428 2441 3478 super
2476 3430 2677 3466 carnem
2712 3426 2877 3468 tuam.
2909 3414 2963 3468 Si
2996 3431 3125 3484 ergo
3157 3418 3277 3471 talis
3317 3417 3472 3472 fuerit
3517 3423 3623 3472 vita

2093 3509 2296 3560 nostra,
2330 3501 2402 3552 ita
2433 3503 2678 3555 omnibus
2723 3503 2979 3556 membris
3025 3507 3284 3570 quadrata
3333 3515 3385 3558 et
3413 3521 3626 3574 compo-

2092 3587 2215 3648 sita,
2245 3595 2301 3638 ut
2339 3587 2568 3641 universi
2604 3597 2779 3642 motus
2828 3589 2994 3641 nostri
3045 3590 3333 3642 secundum
3361 3590 3449 3643 Dei
3483 3596 3623 3659 leges

2094 3685 2342 3742 agantur,
2379 3689 2503 3729 vere
2546 3685 2921 3730 testamentum
2954 3678 3045 3732 Dei
3083 3680 3186 3732 erit
3217 3695 3378 3747 super
3402 3697 3618 3734 carnem

2093 3775 2352 3818 nostram.
2401 3763 2522 3818 Haec
2575 3768 2785 3833 quidem
2834 3769 3066 3822 breviter
3096 3784 3122 3820 a
3168 3771 3320 3822 nobis
3350 3771 3411 3822 de
3459 3774 3626 3824 veteri.

2093 3866 2404 3909 testamento
2438 3865 2745 3909 transcursa
2776 3859 2903 3923 sint,
2947 3858 3012 3909 ad
3036 3858 3391 3911 confutandos
3414 3874 3504 3912 eos
3532 3863 3620 3926 qui

2091 3947 2141 3995 in
2171 3942 2345 3994 carnis
2375 3935 2784 3997 circumcisione
2806 3945 3101 4007 conﬁdunt,
3143 3946 3299 3998 simul
3323 3957 3375 4000 ct
3415 3948 3480 4000 ad
3521 3947 3621 4000 Ec-

2090 4037 2298 4089 clesiam
2317 4035 2524 4089 Domini
2551 4033 2931 4089 aediﬁcandam.

2163 4125 2212 4176 7.
2248 4126 2351 4180 Sed
2383 4127 2536 4178 venio
2560 4125 2716 4177 etiam
2741 4124 2805 4194 ad
2836 4137 3023 4175 novum
3052 4131 3420 4176 testamentum
3440 4126 3488 4176 in
3518 4139 3620 4192 quo

2091 4227 2172 4269 est
2202 4216 2472 4283 plenitudo
2502 4215 2759 4274 omnium,
2786 4224 2840 4264 et
2866 4213 2987 4265 inde
3035 4213 3152 4266 volo
3183 4216 3464 4267 ostendere
3490 4230 3621 4281 quo-

2091 4307 2246 4358 modo
2269 4315 2322 4358 et
2359 4319 2453 4357 nos
2480 4304 2743 4368 possimus
2773 4315 2966 4352 novmn
3018 4311 3389 4356 testamentum
3417 4304 3620 4356 Domini

2092 4381 2256 4448 nostri
2291 4394 2415 4448 Jesu
2448 4393 2644 4446 Christi
2680 4393 2876 4443 habere
2904 4406 3064 4456 super
3101 4409 3314 4445 carnem
3358 4405 3644 4467 nostram.“

2091 4483 2205 4535 Non
2253 4484 2392 4534 enim
2426 4480 2625 4533 sul'licit
2657 4480 2768 4532 solo
2803 4481 3017 4534 nomine
3063 4495 3114 4536 et
3159 4485 3320 4536 verbo
3349 4485 3459 4537 haec
3494 4485 3615 4547 dici,

2092 4574 2181 4625 sed
2223 4574 2378 4624 rebus
2430 4578 2640 4636 oportet
2679 4571 2908 4636 impleri.
2963 4573 3194 4627 Joannes
3245 4575 3438 4642 quippe
3501 4591 3626 4641 apo-

2089 4663 2256 4714 stolus
2281 4661 2406 4713 dicit
2425 4659 2466 4688 ¹⁹
2493 4674 2505 4710 :
2534 4658 2714 4712 Omnis
2739 4660 2948 4726 spiritus
2986 4664 3073 4728 qui
3121 4664 3395 4729 conﬁtetur
3437 4662 3614 4715 Jesum

2091 4755 2143 4803 in
2174 4767 2324 4806 carne
2363 4749 2576 4815 venisse,
2604 4767 2635 4802 a
2662 4751 2765 4802 Deo
2806 4763 2900 4804 est.
2936 4752 3072 4816 Quid
3126 4754 3285 4818 ergo?
3307 4752 3362 4804 Si
3390 4768 3614 4820 peccans

2092 4842 2230 4908 quis,
2269 4850 2436 4893 etnon
2470 4847 2612 4891 recte
2635 4854 2794 4907 agens
2820 4839 3140 4892 confiteatur
3168 4839 3345 4893 Jesmu
3378 4842 3426 4893 in
3458 4856 3614 4893 carne

2466 4932 2506 4962 ¹³
2542 4931 2674 4987 Phil.
2705 4946 2779 4991 tu.
2811 4931 2895 4985 l9.
2969 4931 3010 4962 “
3030 4930 3183 4986 Rom.
3208 4932 3388 4997 Vl,i9.
3463 4934 3504 4964 ¹⁵
3529 4931 3617 4986 1ο-

2335 5001 2374 5031 ¹⁹
2401 4997 2420 5050 1
2448 4998 2598 5052 Joan.
2631 5015 2701 5060 Iv,
2735 4999 2788 5050 2.

2087 5091 2242 5144 tertia
2278 5097 2426 5155 parte
2476 5087 2765 5140 Pastoralis
2810 5104 2968 5152 curae,
3001 5089 3360 5142 admonitione
3383 5086 3450 5138 ‘28
3486 5085 3611 5139 :Jo-

2085 5174 2205 5211 nam
2241 5157 3022 5229 Aurelianensein_episcnpum
3063 5157 3227 5229 lib._t_|
3281 5155 3352 5203 De
3404 5155 3614 5229 institu-

2086 5230 2224 5278 tione
2274 5223 2468 5284 laicali,
2529 5238 2646 5288 cap.
2686 5225 2738 5286 ϐ,
2777 5234 2829 5276 et
2873 5235 3111 5275 sanctum
3152 5223 3398 5288 Thomam
3453 5223 3508 5269 in
3561 5234 3614 5273 iv

2088 5295 2496 5354 Sententiarum,
2531 5284 2656 5342 dist.
2698 5284 2846 5355 xxxi,
2887 5301 3075 5357 quaest.
3110 5290 3163 5349 2,
3195 5295 3294 5336 art.
3327 5284 3378 5332 2.

2154 5363 2228 5428 (9)
2266 5359 2424 5411 Iidem
2455 5347 2604 5428 codd.
2641 5373 2788 5421 mss.,
2833 5347 3240 5428 circumcidatur
3265 5360 3309 5399 et
3334 5347 3527 5428 oculus
3556 5367 3619 5406 ne

2086 5421 2687 5495 concupiscatulienum,
2725 5444 2784 5478 ne
2827 5427 2986 5495 videat
3036 5423 3100 5472 ad
3151 5421 3622 5495 conctijiisferiditiit

2088 5478 2368 5547 mulierem.
2409 5493 2504 5546 Cui
2529 5478 2803 5558 enim'erga
2837 5493 3140 5557 ferninurum
3169 5484 3362 5547 formas
3389 5478 3628 5540 lasciuus

2088 5575 2131 5614 rt
2159 5565 2392 5614 curiosus
2421 5563 2619 5613 oberrat
2654 5572 2902 5622 aspectus.

2156 5631 2262 5699 (lli)
2292 5631 2436 5693 5155.,
2460 5617 2722 5694 jubemur,‘
2747 5627 2867 5677 lihh.
2896 5623 3040 5683 editi,
3069 5617 3330 5668 debemus.
