3922 6222
367 337 466 390 183

1797 331 2109 390 ORIGENIS

3566 303 3682 358 tas

363 445 594 510 venisse,
627 445 680 498 in
715 444 912 514 spiritu
949 447 1042 502 Dei
1078 448 1350 504 videbitur
1376 449 1799 504 conlitcri?Nou
1819 457 1900 502 est
1925 452 1971 505 Α
1997 462 2092 514 pro
2121 443 2324 500 meritis
2359 454 2444 496 res
2473 446 2750 508 geruntur.
2768 433 2995 491 Etenim
3029 429 3148 484 Lot
3185 419 3470 478 inferior
3498 417 3679 487 longe

362 535 463 588 hoc
507 543 884 589 testamentum
912 535 1004 590 Dei
1032 537 1230 594 habere
1254 540 1307 592 in
1335 553 1519 603 carne,
1537 539 1629 593 sed
1666 539 1716 591 in
1746 552 1895 593 voce.

362 625 570 676 Dicitur
615 638 744 691 ergo
772 627 837 677 ad
871 639 994 679 eum
1023 629 1229 682 statim:
1263 628 1655 695 Erras,homo,
1685 644 1897 695 regnum

365 711 457 762 Dei
489 727 589 763 non
633 713 685 765 in
725 728 953 767 sermone
980 725 1074 777 est,
1106 716 1196 768 sed
1236 716 1289 768 in
1325 718 1512 768 virtute
1533 706 1613 771 '°.’
1625 715 1898 780 Quomodo

363 815 492 867 ergo
512 800 616 852 erit
641 809 1016 853 testamentum
1042 802 1242 856 Christi
1278 817 1438 868 super
1460 816 1674 855 carnem
1705 815 1896 864 meam,

365 891 598 956 requiro.
626 889 681 942 Si
716 891 1114 945 mortiﬁcavero
1140 892 1372 945 membra
1402 906 1514 946 mea
1531 891 1596 953 “,
1632 906 1748 959 qua:
1775 899 1898 945 sunt

364 991 522 1043 super
569 987 788 1042 terram,
846 988 1226 1034 testamentum
1271 979 1473 1034 Christi
1519 980 1690 1034 habeo
1735 995 1898 1048 super

335 1063 580 1120 'carnem
609 1081 803 1121 meam.
839 1067 894 1120 Si
925 1082 1138 1136 semper
1183 1078 1407 1124 mortem
1464 1069 1660 1124 Christi
1707 1069 1760 1121 in
1788 1083 1899 1122 cor-

362 1168 492 1222 pore
518 1169 636 1206 meo
663 1153 1126 1218 circumferam",
1163 1163 1541 1210 testamentum
1569 1155 1764 1211 Christi
1816 1165 1898 1210 est

361 1245 414 1296 in
447 1257 676 1308 corpore
723 1258 863 1304 meo,
905 1244 1026 1312 quia
1075 1245 1120 1298 si
1147 1246 1507 1312 compatimur,
1536 1254 1582 1298 et
1611 1261 1894 1313 conregna-

362 1332 528 1384 bimus
548 1332 612 1384 ”.
640 1331 696 1384 Si
723 1333 1118 1398 complantatus
1151 1331 1303 1386 fuero
1345 1333 1684 1387 similitudini
1708 1333 1896 1388 mortis

360 1421 494 1486 ejus,
539 1429 916 1472 testamentum
954 1421 1074 1488 ejus
1096 1421 1318 1474 ostendo
1348 1433 1467 1474 esse
1496 1436 1656 1488 super
1682 1437 1895 1476 carnem

361 1495 574 1561 meam.’
594 1509 729 1573 Quid
769 1509 910 1562 enim
937 1509 1152 1578 prodest
1189 1511 1234 1563 si
1272 1511 1320 1562 in
1346 1510 1433 1564 illa
1474 1519 1678 1564 tantum
1711 1526 1893 1575 carne,

360 1612 519 1665 quant
558 1598 624 1650 de
657 1595 822 1649 Maria
863 1596 1120 1664 suscepit,
1147 1597 1322 1651 dicam
1356 1599 1562 1653 venisse
1604 1598 1891 1664 Christum,

358 1697 414 1740 et
439 1703 544 1741 non
573 1688 853 1740 ostendam
875 1687 1034 1740 etiam
1070 1689 1119 1740 in
1149 1687 1251 1741 hac
1286 1702 1401 1742 mea
1427 1703 1609 1753 carne,
1640 1690 1778 1756 quod
1802 1705 1893 1743 ve-

1995 541 2111 586 erat
2140 530 2427 584 Abraham.
2461 526 2570 580 Nisi
2598 526 2741 580 enim
2765 524 2968 578 fuisset
3008 515 3312 574 inferior,
3345 523 3479 571 non
3513 516 3677 562 esset

1995 629 2271 688 separatus
2300 617 2366 671 ab
2392 617 2665 670 Abraham
2685 652 2700 678 ,
2736 627 2840 668 nec
2870 610 3116 664 dixisset
3149 605 3210 660 ei
3251 602 3309 634 ³³
3336 620 3354 656 :
3398 598 3469 654 Si
3505 610 3570 651 tu
3597 597 3675 651 ad

1994 712 2247 770 dextram,
2271 724 2361 776 ego
2393 707 2460 758 ad
2513 706 2786 759 sinistram
2815 702 2904 767 ;si
2950 711 3009 752 tu
3058 697 3136 750 ad
3164 694 3534 752 sinistram,
3572 704 3676 755 ego

1995 800 2061 850 ad
2091 797 2352 850 dextram.
2395 795 2461 848 Et
2493 795 2592 848 nisi
2641 795 2835 846 ruisset
2889 788 3163 851 inferior,
3207 797 3343 836 non
3383 781 3444 834 ei
3481 778 3675 833 Sodo-

1993 903 2202 942 morum
2234 897 2374 941 terra
2408 893 2462 939 et
2488 883 2750 937 habitatio
2803 879 3142 948 placuisset.
3192 872 3490 925 Veniunt.
3527 883 3674 936 ergo

1994 978 2058 1030 ad
2085 977 2350 1030 Abraham
2385 985 2493 1029 tres
2523 974 2621 1026 viri
2674 970 2923 1028 meridie,
2957 969 3028 1020 ad
3062 967 3179 1020 Lot
3216 966 3353 1018 duo
3403 974 3670 1030 vespere

1995 1068 2226 1120 veniunt.
2281 1063 2396 1118 Non
2452 1064 2595 1117 enim
2634 1061 2887 1127 capiebat
2934 1058 3045 1112 Lot
3086 1054 3480 1110 meridiana:
3520 1051 3672 1104 lucis

1994 1154 2434 1224 magnitudinem.
2489 1151 2763 1204 Abraham
2795 1163 2935 1202 vero
2984 1161 3176 1215 capax
3236 1143 3367 1196 fuit
3411 1141 3664 1211 plenum

1995 1249 2248 1316 fulgorem
2285 1246 2421 1300 lueis
2465 1245 2739 1312 excipere.
2778 1239 3088 1294 Videamus
3121 1249 3301 1289 nunc
3349 1234 3666 1302 quomodo

1992 1337 2262 1390 Abraham
2293 1333 2590 1401 susceperit
2629 1331 2934 1393 venientes,
2969 1336 3032 1380 et
3061 1325 3400 1395 quomodo
3434 1322 3576 1385 Lot,
3606 1332 3670 1376 et

1992 1425 2081 1495 qui
2110 1432 2398 1493 apparatus
2443 1419 2822 1488 hospitalitatis
2875 1417 3188 1483 utriusque
3260 1415 3353 1468 sit
3404 1427 3664 1480 compa-

1993 1529 2192 1569 remus.
2232 1513 2412 1566 Primo
2441 1521 2617 1564 tamen
2678 1511 2911 1562 observa
2971 1505 3128 1574 quod
3173 1504 3467 1559 Altraha
3523 1519 3659 1556 cum

1991 1606 2194 1659 duobus
2220 1604 2422 1670 angelis
2463 1605 2623 1655 etiam
2651 1601 2916 1654 Dominus
2965 1597 3180 1661 adfuit,
3215 1599 3300 1677 ad
3354 1597 3475 1651 Lot
3518 1611 3664 1650 vero

1991 1698 2095 1750 duo
2139 1694 2504 1748 tantummodo
2536 1692 2711 1760 angeli
2750 1699 3012 1759 pergunt.
3052 1690 3125 1744 Et
3187 1690 3351 1758 quid
3384 1689 3608 1742 dicunt
3636 1686 3664 1740 ?

356 1776 531 1830 neril?
573 1775 808 1830 Oslt'ndO
852 1785 1026 1829 autem
1076 1780 1148 1829 ila
1193 1777 1427 1841 demum.
1457 1778 1500 1831 Si
1540 1777 1887 1844 quemadlno-
1921 1767 1962 1820 Β
1992 1784 2133 1839 Misit
2177 1799 2272 1848 nos
2319 1782 2568 1834 Dominus
2601 1788 2867 1832 conterere
2912 1780 3230 1842 civitatem,
3282 1787 3345 1834 et
3413 1781 3661 1847 perdere

360 1866 484 1917 dum
514 1864 661 1933 prius
697 1864 912 1917 exhibui
954 1865 1187 1917 membra
1223 1879 1337 1918 mea
1366 1866 1574 1919 servire
1621 1866 1889 1933 iniquitati

359 1956 426 2006 ad
475 1955 832 2022 iniquitatem,
878 1967 1020 2007 nunc
1063 1967 1124 2008 ea
1166 1965 1474 2008 convertam
1524 1966 1575 2008 et
1617 1956 1892 2010 exhibeam

360 2043 566 2097 servire
591 2045 814 2113 iustitia:
855 2045 921 2096 ad
956 2044 1453 2100 sanctiﬁcationem.
1487 2044 1892 2100 Testamentum

360 2133 454 2185 Dei
497 2134 718 2186 ostendo
759 2149 880 2187 esse
925 2134 976 2187 in
1009 2147 1170 2187 carne
1198 2149 1337 2196 mea,
1377 2134 1422 2188 si
1449 2144 1675 2203 potuero
1716 2135 1894 2190 dicere

358 2210 956 2286 secunduml’anlum",
984 2221 1107 2288 quia
1136 2221 1340 2275 Christo
1362 2223 1736 2290 concruciﬁxus
1759 2241 1892 2289 sum,

357 2311 471 2361 vivo
502 2321 669 2362 autem
694 2311 806 2377 jam
837 2326 938 2363 non
977 2327 1089 2378 ego,
1135 2314 1256 2366 vivit
1297 2327 1414 2364 vero
1439 2311 1675 2367 Christus
1705 2315 1893 2380 inme;

360 2407 412 2449 et
441 2398 482 2451 si
516 2411 738 2463 potuero
775 2400 954 2454 dicere
993 2409 1052 2452 ut
1094 2400 1206 2468 ipse
1243 2401 1513 2454 dicebat"I
1539 2419 1553 2455 :
1579 2399 1690 2470 Ego
1721 2389 1893 2456 autem

359 2488 603 2554 stigmata
636 2487 844 2539 Dom'ni
891 2489 987 2541 mei
1013 2489 1140 2542 Jesu
1185 2489 1376 2543 Christi
1426 2491 1480 2546 in
1522 2507 1733 2560 corpore
1783 2509 1893 2547 mea

357 2585 531 2644 porto.
573 2575 708 2630 Vere
763 2587 940 2630 autem
994 2578 1080 2634 ille
1140 2581 1456 2633 ostendebat
1518 2591 1892 2637 testamentum

356 2664 449 2716 Dei
478 2679 600 2719 esse
628 2679 789 2732 super
819 2680 1034 2718 carnem
1087 2681 1259 2726 suam.
1293 2668 1380 2735 qui
1428 2669 1699 2722 dicebat“
1725 2685 1740 2724 :
1766 2669 1895 2735 Quis

359 2768 448 2804 nos
491 2752 745 2818 separabit
793 2769 823 2803 a
865 2753 1116 2805 charitate
1168 2753 1282 2817 Dei,
1329 2767 1444 2820 qua:
1493 2762 1568 2806 est
1596 2754 1648 2806 in
1694 2753 1897 2808 Christo

358 2839 531 2896 Jesu?
559 2840 882 2895 Tribulatio?
925 2859 993 2893 an
1037 2843 1320 2909 angustia?
1365 2859 1432 2895 an
1479 2842 1895 2909 periculttm?att

359 2929 606 2996 gladius?
651 2928 706 2982 Si
741 2929 883 2982 enim
944 2943 1072 2984 voce
1126 2931 1492 2983 tantummodo
1548 2932 1897 2986 contiteamur

1991 1889 2104 1926 eam
2122 1872 2186 1924 ³ο.
2221 1871 2310 1923 llle
2334 1885 2464 1938 ergo
2499 1870 2734 1937 suscepit
2762 1882 2881 1931 eos,
2912 1870 3008 1935 qui
3049 1870 3374 1937 perditum
3410 1869 3656 1932 darent,

1993 1976 2095 2016 non
2123 1961 2358 2027 suscepit
2403 1974 2524 2012 eum
2558 1960 2648 2026 qui
2695 1958 2958 2012 salvaret.
2989 1959 3309 2012 Abraham
3337 1973 3492 2012 vero
3525 1971 3658 2011 sus-

1993 2051 2134 2118 cepit
2161 2057 2216 2103 et
2241 2063 2365 2102 eum
2393 2048 2483 2116 qui
2515 2049 2704 2110 salvat,
2736 2058 2791 2100 et
2838 2064 2939 2103 eos
2993 2049 3088 2116 qui
3129 2049 3443 2117 perdunt.
3483 2046 3654 2100 Nunc

1993 2137 2268 2190 videamus
2315 2137 2584 2204 quomodo
2620 2137 3002 2205 unusquisque
3049 2137 3384 2206 suscipiat.
3465 2135 3649 2198 Vidit.

1993 2227 2164 2294 inquit
2186 2227 2250 2291 “,
2272 2228 2555 2290 Abraham,
2575 2236 2623 2280 et
2649 2229 2881 2280 occurrit
2907 2229 2987 2281 eis
3015 2227 3271 2280 obvium.
3302 2226 3653 2282 Considera

1991 2319 2237 2384 protinus
2271 2317 2552 2386 impigrum
2588 2325 2642 2371 et
2683 2317 2922 2370 alacrem
2957 2317 3014 2370 in
3044 2315 3264 2370 oliiciis
3299 2316 3645 2371 Abraham.

1992 2404 2105 2472 Ipse
2130 2405 2370 2459 occurrit
2399 2405 2708 2467 obviam,et
2749 2419 2873 2458 cum
2907 2405 3273 2459 occurrisset
3302 2423 3316 2458 :
3343 2404 3630 2459 Festiuat

1995 2492 2164 2559 inquit
2186 2491 2258 2552 ³²,
2275 2491 2342 2543 ad
2359 2491 2775 2554 tabernaculum,
2813 2499 2860 2542 et
2887 2491 3019 2543 dicit
3044 2491 3116 2543 ad
3144 2506 3402 2543 uxorem
3426 2506 3597 2543 suam
3621 2504 3645 2543 :

1993 2581 2205 2634 Festina
2251 2581 2319 2632 ad
2365 2581 2780 2632 tabernaculum.
2808 2579 2946 2635 Vide
3002 2583 3057 2634 in
3096 2582 3366 2651 singulis
3413 2591 3642 2650 quanta

1993 2671 2428 2740 sitsuscipientis
2483 2669 2760 2724 alacritas.
2798 2669 3132 2724 Festinatur
3201 2672 3262 2723 in
3329 2670 3640 2734 omnibus,

1991 2761 2169 2814 omnia
2217 2769 2598 2829 perurgentur,
2634 2758 2770 2812 nihil
2809 2775 2911 2829 per
2935 2761 3121 2813 otium
3156 2761 3430 2828 geritur.
3481 2760 3644 2814 Dixit

1991 2862 2116 2917 ergo
2145 2847 2212 2902 ad
2240 2863 2462 2917 uxprem
2495 2863 2645 2902 suam
2693 2847 2950 2902 Saram“
2983 2866 2999 2900 :
3031 2847 3282 2903 Festina
3330 2853 3412 2902 αιι
3448 2855 3641 2904 taber-

1994 2936 2260 3000 naculum,
2291 2936 2347 2989 δι
2374 2944 2653 3005 consperge
2692 2948 2798 2990 tres
2838 2954 3123 2992 mensuras
3150 2943 3548 3012 similaginis,
3584 2954 3638 2996 et

365 3018 645 3070 Dominum
679 3016 883 3081 .lesum,
916 3026 969 3071 et
1000 3032 1105 3072 non
1135 3019 1484 3072 ostendamus
1515 3026 1891 3072 testamentum
1918 3063 1958 3119 ε
1993 3026 2078 3093 [ac
2131 3025 2520 3079 subcittericias.
2574 3025 2686 3079 lloc
2743 3025 2936 3081 Graece
2989 3031 3332 3099 ἐγκρυφίας
3383 3033 3636 3095 dicitur,

357 3106 476 3173 ejus
519 3118 637 3158 esse
690 3120 854 3174 super
892 3121 1110 3160 carnem
1153 3115 1418 3172 nostram,
1446 3108 1738 3161 secundum
1778 3107 1890 3162 haec

359 3209 476 3261 qua:
499 3209 658 3263 supra
687 3197 1052 3264 exposuimus,
1086 3195 1382 3250 videbimur
1413 3197 1574 3250 etiam
1603 3212 1702 3250 nos
1721 3197 1892 3253 simile

360 3285 559 3352 aliquid
587 3286 763 3340 facere
789 3284 1008 3350 Judaeis,
1037 3287 1129 3354 qui
1155 3285 1270 3340 solo
1291 3286 1712 3342 circumcisiouis
1738 3289 1890 3356 signo

358 3373 522 3426 Deum
554 3388 612 3427 se
631 3373 874 3428 conﬁteri
905 3384 1116 3440 putant,
1149 3376 1307 3430 factis
1331 3385 1507 3429 autem
1537 3385 1748 3446 negant.
1786 3375 1892 3429 No-

357 3460 446 3513 bis
468 3471 646 3514 autem
670 3469 884 3531 praestet
916 3461 1169 3516 Dominus
1195 3464 1354 3518 corde
1381 3467 1619 3530 credere,
1645 3480 1736 3519 ore
1761 3480 1890 3518 con-

359 3549 518 3611 ﬁteri,
549 3551 799 3618 operibus
826 3550 1173 3619 comprobare
1223 3562 1595 3608 testamentum
1643 3555 1730 3609 Dei
1776 3571 1892 3609 esse

359 3654 522 3705 super
551 3655 768 3695 carnem
818 3651 1075 3707 nostram,
1105 3652 1158 3695 ut
1188 3643 1411 3697 sidentes
1465 3644 1690 3698 homines
1739 3661 1893 3711 opera

357 3726 540 3781 nostra
588 3727 742 3792 bona,
790 3729 1121 3797 magniﬁceut
1162 3727 1376 3782 Patrem
1421 3741 1662 3783 nostrum
1713 3733 1797 3798 qui
1829 3733 1881 3786 in

357 3815 494 3867 ralis
520 3824 594 3868 est
611 3817 680 3878 ’⁷,
704 3830 796 3882 per
817 3814 998 3872 Iesum
1022 3816 1293 3872 Christum
1321 3817 1602 3870 Dominum
1628 3828 1888 3884 nostrum,

357 3906 440 3956 cui
472 3915 553 3958 est
583 3905 750 3972 gloria
787 3905 838 3958 in
873 3906 1063 3959 saecula
1094 3905 1432 3961 saeculorum.
1459 3907 1646 3960 Amen.

853 4019 951 4084 71
1001 4015 1270 4070 HOMILIA
1316 4019 1400 4071 Iv.

357 4107 436 4158 De
457 4122 514 4158 eo
548 4107 682 4173 quod
710 4107 954 4171 scriptum
983 4114 1054 4156 est
1092 4106 1200 4172 (ll)
1229 4125 1240 4158 :
1287 4125 1306 4159 ι
1357 4107 1508 4161 Visus
1541 4120 1614 4162 est
1648 4109 1892 4163 Dominus

935 4173 1173 4237 Abrahtc,
1199 4192 1216 4224 ι
1249 4185 1344 4227 etc.

428 4265 478 4315 t.
509 4262 747 4321 Recitata
782 4273 866 4318 est
895 4263 1047 4317 nobis
1072 4263 1175 4317 alia
1211 4267 1344 4318 visio
1373 4267 1460 4320 Dei
1491 4267 1556 4320 ad
1595 4267 1888 4332 Abraham,

1991 3114 2129 3180 quod
2155 3113 2412 3175 occultos,
2446 3113 2527 3165 vel
2559 3115 2914 3170 absconditos
2957 3117 3180 3172 indicat
3228 3137 3460 3188 panes.
3495 3121 3636 3190 Ipse

1989 3212 2159 3254 autem
2187 3203 2437 3266 cucurrit,
2464 3201 2635 3269 inquit
2653 3201 2718 3263 “,
2745 3204 2812 3255 ad
2831 3207 2983 3257 boues
3007 3215 3059 3258 et
3094 3210 3328 3275 accepit
3354 3212 3631 3267 uitulum.

1990 3291 2094 3346 Sed
2125 3290 2338 3358 qualem
2388 3293 2612 3345 vitulum
2640 3293 2663 3346 ‘l
2693 3291 2857 3346 Forte
2891 3294 2988 3362 qui
3025 3299 3219 3362 potuit
3258 3299 3502 3366 primus
3535 3316 3636 3354 oc-

1990 3382 2243 3436 currere?
2263 3381 2377 3436 Non
2413 3383 2508 3446 ita,
2541 3385 2637 3438 sed
2661 3384 2887 3437 vitulum
2917 3389 3118 3440 bonum
3149 3399 3203 3442 et
3232 3401 3532 3446 tenerum.
3563 3393 3636 3446 Et

1992 3473 2116 3526 licet
2141 3487 2235 3540 per
2262 3480 2453 3526 cuncta
2483 3472 2832 3536 festinet,scit
2862 3481 3197 3543 tamenquae
3232 3483 3550 3549 praecipua
3575 3491 3636 3535 et

1991 3579 2178 3631 magna
2204 3573 2331 3616 sunt
2377 3562 2599 3616 Domino
2619 3562 2701 3616 vel
2739 3562 2952 3631 angelis
2995 3565 3331 3621 oll'crenda.
3375 3571 3636 3640 Accepit

1990 3666 2117 3720 ergo
2165 3650 2247 3722 vel
2297 3649 2550 3718 elegitde
2577 3664 2740 3720 grege
2777 3651 3014 3706 vitulum
3063 3655 3287 3710 bonum
3325 3669 3393 3713 et.
3457 3669 3633 3714 tene-

1993 3758 2132 3806 rum,
2163 3752 2216 3795 et
2264 3740 2484 3796 tradidit
2523 3755 2714 3808 puero.
2765 3742 2927 3807 Puer,
2987 3744 3257 3814 inquit",
3314 3750 3630 3817 festinavit

1993 3835 2162 3901 facere
2180 3845 2314 3884 eum.
2342 3828 2464 3898 Ipse
2487 3832 2680 3896 currit,
2708 3846 2846 3884 uxor
2891 3832 3150 3902 festinat,
3192 3853 3350 3906 puer
3385 3842 3633 3896 accele-

1992 3930 2096 3975 rat.
2135 3920 2319 3974 Nullus
2367 3920 2518 3987 piger
2564 3921 2734 3974 estin
2787 3923 2950 3978 domo
2993 3927 3308 3995 sapientis.
3349 3932 3628 4002 Apponit

1993 4025 2121 4080 ergo
2168 4008 2415 4067 vitulum.
2447 4019 2502 4063 et
2549 4008 2708 4063 simul
2741 4024 2863 4064 cum
2891 4026 2959 4066 eo
2987 4029 3184 4080 panes,
3214 4027 3276 4071 et
3316 4021 3626 4089 similam,

1993 4099 2086 4151 sed
2113 4105 2167 4150 et
2208 4094 2290 4148 lac
2339 4105 2393 4148 et
2421 4095 2695 4164 butyrum.
2731 4096 2857 4152 Hmc
2895 4111 3027 4154 sunt
3073 4103 3332 4162 Abrahzn
3363 4120 3430 4164 et
3457 4111 3632 4168 Sara:

1994 4183 2372 4252 hospitalitatis
2391 4185 2757 4240 olIicia.Nunc
2783 4189 3073 4246 videamus
3097 4195 3236 4261 quid
3263 4200 3463 4254 etiam
3488 4200 3627 4256 Lot.

1996 4274 2092 4327 llic
2125 4289 2296 4341 neque
2337 4275 2568 4330 similam
2600 4277 2780 4342 habet,
2825 4294 3005 4348 neque
3033 4299 3239 4352 panem
3295 4295 3625 4360 mundum,

353 4355 460 4406 hoc
489 4354 644 4406 modo
678 4369 691 4406 :
729 4352 880 4407 Visus
917 4363 1014 4414 est,
1045 4355 1300 4422 inquit”,
1342 4354 1481 4408 Deus
1522 4356 1585 4408 ab
1629 4357 1886 4411 Abraham

2018 4362 2079 4417 ed
2107 4362 2352 4416 farinam.
2378 4361 2562 4432 Neque
2591 4375 2700 4419 tres
2731 4381 3016 4425 mensuras
3040 4373 3246 4430 simila:
3285 4385 3489 4446 novit,
3521 4352 3630 4440 ne;

357 4459 471 4495 cum
519 4443 710 4496 sederet
752 4444 819 4496 ad
869 4445 1055 4496 ostium
1119 4444 1437 4500 tabernaculi
1490 4447 1569 4500 sui
1634 4447 1702 4498 ad
1735 4464 1886 4516 quer-

357 4549 474 4584 cum
528 4532 778 4585 Mambre.
820 4531 884 4585 Et
926 4549 1038 4589 ecce
1107 4537 1202 4587 uiri
1243 4548 1344 4586 tres
1424 4537 1692 4589 astiterunt
1737 4554 1891 4602 super

354 4637 508 4680 eum.
573 4627 622 4672 et
681 4621 949 4686 respiciens
1003 4621 1164 4674 oculis
1215 4622 1322 4675 suis
1392 4622 1651 4676 Abraham
1718 4628 1888 4690 uidit,

357 4721 405 4763 et
452 4712 578 4764 exiit
621 4712 673 4764 in
723 4727 990 4764 occursum
1035 4713 1133 4775 eis,
1200 4721 1306 4764 etc.
1374 4711 1726 4768 Conferamus
1780 4717 1892 4783 pri-

359 4816 486 4864 mo,
532 4801 575 4853 si
630 4801 876 4865 videtur,
934 4801 1071 4854 hanc
1127 4802 1383 4855 visionent
1443 4817 1564 4856 cum
1637 4803 1726 4856 illa
1775 4821 1892 4874 quae

357 4891 496 4943 facta
531 4899 612 4942 est
639 4890 704 4941 ad
751 4887 870 4948 Lot.
907 4888 1038 4943 Tres
1069 4890 1170 4944 viri
1202 4893 1422 4945 veniunt
1478 4891 1543 4944 ad
1595 4889 1886 4957 Abraham,

358 4987 411 5030 et
429 4986 571 5032 stant
597 4991 754 5044 super
775 4992 898 5031 eum
934 4995 950 5041 ;
988 4979 1052 5032 ad
1083 4979 1183 5033 Lot
1216 4981 1320 5033 duo
1350 4981 1585 5044 veniunt,
1623 4991 1676 5036 et
1706 4985 1892 5038 sedent

356 5065 409 5119 in
440 5065 633 5134 platea.
665 5064 792 5120 Vide
825 5067 867 5120 si
904 5081 1005 5119 non
1032 5068 1424 5137 dispensatione
1459 5069 1690 5137 Spiritus
1721 5073 1890 5126 sancti

425 5243 470 5273 “
503 5241 665 5296 lCor.
699 5259 769 5304 tv,
797 5243 884 5299 90.
960 5243 1002 5276 “
1027 5241 1138 5294 Col.
1170 5257 1250 5305 nt,
1285 5244 1334 5295 5.
1412 5243 1455 5272 ²¹
1491 5242 1504 5292 Ι
1540 5242 1661 5295 Cur.
1692 5259 1763 5306 tv,
1798 5245 1880 5298 l0.

355 5307 400 5340 ³³
426 5310 578 5364 Rom.
606 5327 716 5370 \‘lll,
747 5312 834 5366 55.
907 5314 948 5343 ³⁷
976 5311 1157 5365 Matth.
1188 5327 1234 5372 v,
1264 5310 1344 5363 16.
1419 5310 1462 5340 ’⁸
1489 5310 1678 5365 Geues.
1715 5328 1864 5372 xvm,

355 5391 506 5433 XVI“.
533 5381 585 5430 2.
663 5381 704 5411 ³²
732 5383 882 5433 ιυιιι..
907 5380 957 5433 6.
1035 5378 1078 5408 ³³
1108 5379 1234 5430 ibid.
1304 5375 1353 5409 ³³
1376 5379 1532 5433 ibid..
1567 5379 1617 5429 7.
1692 5380 1735 5410 ⁸⁵
1758 5381 1883 5432 ibid.

2018 5354 2029 5368 .
2104 5318 2146 5348 ²⁰
2170 5307 2361 5371 ϐθυυεξ
2396 5338 2515 5388 xm,
2543 5325 2576 5380 9

1758 5396 1910 5442 ιυιιι..
1944 5396 1996 5434 δ.

355 5391 506 5439 xvm,
533 5381 585 5430 2.
663 5381 704 5411 ³²
732 5383 882 5442 ibid.,
907 5380 957 5434 6.
1035 5378 1078 5408 ³³
1108 5379 1234 5430 ibid.
1304 5375 1353 5409 ³⁸
1376 5379 1532 5442 ibid.,
1567 5379 1617 5429 7.

428 5471 729 5534 (11)(Σοὰειι
767 5471 947 5524 Sancti
978 5469 1290 5524 Thcodorici
1332 5469 1536 5520 titulum
1591 5469 1778 5527 habet,
1819 5468 1889 5519 De

357 5535 712 5606 Alne/mnum
749 5542 912 5592 tribus
950 5541 1068 5594 viris
1125 5553 1250 5606 quos
1309 5539 1431 5591 vidit
1486 5539 1694 5590 meridie
1735 5537 1887 5602 juxta

357 5617 596 5668 quercum
623 5604 869 5663 Mambre.

663 5381 704 5411 ³²
732 5383 882 5444 ibid.,
907 5380 957 5434 6.

1987 4466 2091 4522 que
2119 4451 2435 4522 ἐγκρυφίας,
2461 4452 2610 4505 idest
2640 4456 2989 4512 absconditos
3015 4476 3082 4516 ac
3114 4469 3408 4535 mysticos
3437 4490 3628 4542 panes

1989 4557 2256 4613 apponere
2295 4541 2634 4595 venientibus
2664 4553 2864 4609 potest.

2057 4633 2273 4724 2.7Sed
2324 4649 2718 4703 persequamur
2767 4653 2909 4691 nunc
2967 4639 3197 4697 interim
3271 4651 3432 4717 quid
3499 4656 3628 4724 agit

1990 4722 2258 4776 Abraham
2293 4738 2413 4776 cum
2466 4725 2643 4780 tribus
2703 4729 2865 4791 viris,
2894 4729 2986 4794 qui
3047 4733 3378 4794 astiterunt
3418 4722 3628 4814 super

1993 4825 2134 4865 eum.
2167 4811 2278 4865 Hoc
2311 4811 2483 4880 ipsum
2533 4814 2653 4868 vide
2692 4816 2854 4885 quale
2895 4815 2990 4880 sit,
3043 4823 3194 4886 quod
3229 4811 3433 4895 super
3479 4811 3622 4888 eum

1997 4902 2235 4966 veniunt,
2269 4918 2375 4955 non
2399 4911 2585 4956 contra
2625 4921 2770 4960 eum.
2803 4906 3125 4976 Subjecerat
3160 4926 3223 4965 se
3243 4919 3485 4986 quippe
3514 4939 3623 4979 vo—

1995 4990 2185 5044 luntati
2222 4992 2333 5053 Dei.
2359 4992 2476 5053 ideo
2497 5009 2665 5062 super
2687 5013 2807 5054 eum
2829 5009 3004 5055 astare
3025 4999 3142 5068 (l2)
3164 5001 3396 5060 dicitur
3433 5011 3614 5069 Deus.

1997 5081 2228 5148 Apponit
2278 5095 2408 5150 ergo
2461 5097 2629 5150 panes
2683 5093 2860 5148 tribus
2904 5096 3176 5146 mensuris
3228 5093 3614 5171 similaginis

1993 5248 2355 5340 ῗιιὲξξῐιῖμιι,
2543 5260 2642 5340 η’*
2671 5263 2797 5340 Qa],
2829 5263 3100 5332 u,l9,20.
3128 5266 3185 5340 _’_'
3207 5266 3345 5340 Gal.
3387 5290 3476 5340 vr,
3511 5279 3610 5332 18.

2582 5367 2598 5382 ο
2683 5336 2732 5369 ³⁴⁵
2759 5343 2948 5400 Cenes.
2984 5348 3090 5397 XIX,
3124 5333 3206 5385 15·
3290 5337 3346 5369 ⁸³
3381 5333 3608 5403 Genus.

2069 5473 2410 5571 51?).991'3“
2457 5498 2589 5544 ωδε·
2627 5511 2802 5571 super
2846 5515 2958 5563 eum
3012 5504 3218 5552 σετανοὶ
3255 5491 3408 5551 libb.
3461 5505 3608 5562 editi

1997 5557 2145 5608 super
2166 5553 2360 5597 natura.
