3922 6242
283 495 594 559 conspersos.
611 473 730 532 Tres
755 459 890 516 viros
915 466 1180 562 suscitet
1191 480 1224 527 ι
1236 518 1260 544 ,

293 556 543 648 milaginis
572 577 716 641 panes
751 556 1080 664 conspersit,
1117 556 1418 664 Tinum
1471 556 1774 664 maga
1791 556 1923 663 In}-

304 675 510 731 sticum,
530 671 672 718 totum
687 652 1033 751 δῇθτξὶωθθὶη
1073 657 1445 730 repletum
1491 652 1603 735 est.
1629 652 1926 751 Apponitur

321 761 522 820 vitulus,
544 765 654 807 εεεθ
680 742 813 800 δὶῖωί
853 752 1336 812 ωπθωθιηιιω
1351 801 1371 815 ο
1430 767 1654 826 Vitulus
1677 742 1794 840 ipse
1819 790 1922 826 non

328 863 423 906 est
438 853 592 907 durus,
617 839 698 896 sed
722 841 882 892 bonus
903 840 964 885 (εὶ
987 841 1192 892 ωῐὶετ-
1213 842 1314 902 Et
1342 859 1497 923 quid
1526 869 1631 914 tam
1659 839 1921 927 tenerum,

335 941 567 1008 quidam
589 935 787 992 boum“,
820 937 984 995 sum
1019 937 1120 981 εει
1161 930 1310 1004 ille.
1347 951 1456 1012 qul
1509 950 1814 1002 humiliavit
1865 965 1924 1003 se

333 1043 448 1097 pro
474 1026 605 1081 nobis
627 1034 782 1089 usque
813 1015 878 1071 ad
921 1026 1211 1090 mortem,
1248 1036 1320 1083 et
1352 1037 1604 1090 animam
1644 1053 1793 1091 suam
1824 1052 1922 1105 po-

334 1120 463 1173 suit
496 1133 580 1187 pro
613 1113 786 1169 amicis
815 1108 968 1164 suis?
1003 1109 1252 1170 Vitulus
1313 1122 1418 1178 ille
1461 1128 1921 1195 saginatus,quem

333 1220 466 1273 pro
490 1213 680 1274 recepto
697 1201 984 1272 pteniteute
1009 1199 1136 1256 liiio
1187 1205 1429 1278 iugulat
1461 1223 1634 1281 paler.
1673 1214 1762 1268 Sic
1782 1216 1922 1268 enim

334 1295 502 1349 Deus
522 1296 681 1348 dilexit
704 1293 840 1347 hunc
863 1292 1162 1359 mundum,
1198 1306 1265 1350 ut
1299 1299 1510 1356 Filium
1539 1320 1692 1356 suum
1717 1306 1924 1357 unicum

333 1387 512 1438 daret
538 1400 625 1455 pro
652 1384 801 1451 huius
826 1383 1011 1436 mundi
1037 1383 1164 1437 vita
1206 1387 1283 1439 ³⁸.
1317 1387 1432 1444 Nec
1461 1403 1633 1444 tamen
1677 1392 1804 1445 latet
1835 1409 1919 1446 sa-

337 1478 590 1543 pientem
626 1491 754 1544 quos
783 1475 1116 1543 susceperit.
1145 1476 1366 1534 Tribus
1395 1483 1634 1536 occurrit
1666 1492 1719 1536 et
1758 1499 1921 1535 unum

339 1567 568 1628 adorat,
599 1576 653 1618 et
681 1567 749 1619 ad
769 1579 928 1619 unum
961 1566 1218 1633 loquitur
1261 1570 1454 1622 dicens
1479 1571 1523 1603 ”
1548 1587 1563 1622 :
1596 1570 1809 1622 Declina
1855 1570 1923 1622 ad

341 1670 578 1720 puerum
632 1664 799 1718 tuum,
826 1665 872 1706 et
903 1655 1168 1724 refrigera
1219 1667 1272 1712 te
1304 1661 1400 1711 sub
1434 1659 1634 1711 arbore.
1659 1659 1762 1711 Sed
1786 1673 1923 1723 quo-

346 1741 519 1792 modo
563 1741 712 1793 addit
761 1741 980 1806 iterum,
1059 1745 1223 1810 quasi
1303 1746 1606 1799 hominibus
1667 1746 1926 1815 loquens?

1543 388 1618 445 1N
1655 391 1950 448 GENESIM
1987 393 2264 448 HOMILIA
2297 393 2385 450 IV.

2022 609 2166 652 stans
2190 610 2298 666 post
2340 597 2533 651 ostium
2564 590 2886 656 tabernaculi
2927 607 3009 658 sui
3033 618 3144 674 post
3169 609 3448 671 Abraham.
3468 613 3564 666 Di-

2022 699 2172 741 scant
2193 688 2445 742 mulieres
2467 684 2729 752 exemplis
2752 694 3197 760 patriarcharum,
3214 699 3438 764 discant,
3476 702 3561 754 in-

2021 793 2202 846 quam,
2243 778 2494 831 mulieres
2524 778 2673 844 sequi
2707 779 2851 833 viros
2881 796 3025 835 suos.
3055 782 3236 851 Neque
3276 789 3414 840 enim
3444 790 3562 844 sine

2021 882 2182 922 eausa
2211 870 2466 935 scriptum
2493 877 2574 920 est
2599 870 2736 933 quod
2767 869 2899 924 Sara
2941 873 3118 926 stabat
3139 877 3561 941 postAbrabam.

2024 959 2115 1012 sed
2148 969 2204 1011 ut
2237 959 2632 1017 ostenderetur,
2663 959 2785 1024 quia
2827 961 2909 1012 vir
2938 961 2982 1012 si
3012 964 3263 1028 praecedit
3293 965 3356 1016 ad
3384 965 3561 1018 Domi-

2026 1063 2171 1112 num,
2199 1048 2346 1114 sequi
2387 1047 2578 1100 mulier
2609 1046 2782 1099 debet.
2818 1047 2966 1111 Quod
3017 1050 3138 1103 dico
3171 1055 3318 1119 sequi
3364 1053 3560 1107 debere

2025 1136 2320 1203 mulierem.
2355 1138 2406 1190 in
2446 1150 2510 1190 eo
2552 1137 2668 1188 dico
2695 1138 2739 1190 si
2781 1147 2958 1192 astare
2997 1139 3168 1191 virum
3199 1155 3351 1192 suum
3384 1143 3563 1196 videat

2023 1225 2151 1280 Deo.
2182 1227 2426 1293 Alioquin
2456 1227 2804 1279 ascendamus
2856 1228 2920 1280 ad
2971 1227 3214 1282 altiorem
3263 1229 3560 1298 intelligen-

2027 1316 2112 1369 tite
2146 1317 2392 1382 gradum,
2419 1324 2472 1368 et
2502 1317 2740 1368 dicamus
2767 1314 2942 1368 virum
2967 1316 3020 1369 in
3067 1318 3219 1371 nobis
3249 1334 3366 1371 esse
3399 1322 3562 1373 ratio-

2024 1405 2255 1458 nabilem
2303 1419 2536 1465 sensum,
2581 1413 2636 1457 et
2668 1405 2966 1468 mulierem,
3009 1421 3126 1473 qua:
3169 1407 3218 1460 ei
3267 1409 3414 1460 velut
3443 1410 3558 1462 viro

2023 1495 2219 1548 sociata
2262 1501 2365 1556 est,
2401 1509 2614 1549 carnem
2667 1505 2926 1548 nostram.
2967 1499 3232 1562 Sequatur
3277 1512 3407 1567 ergo
3435 1515 3560 1552 caro

2023 1598 2233 1651 semper
2253 1584 2620 1637 rationabilem
2653 1597 2886 1648 sensum,
2925 1599 3022 1639 nec
3049 1587 3100 1638 in
3141 1586 3190 1638 id
3217 1601 3449 1654 unquam
3475 1589 3561 1640 de-

2023 1673 2171 1726 sidiaa
2202 1674 2465 1736 veniatur,
2503 1683 2561 1727 ut
2613 1675 2760 1728 carni
2794 1677 2844 1728 in
2877 1677 3080 1728 luxuria
3107 1686 3160 1729 et
3203 1678 3562 1745 voluptatibus

2024 1763 2270 1823 lluitanli,
2311 1765 2361 1816 in
2395 1765 2649 1818 ditionem
2683 1767 2933 1819 redactus
2974 1767 3297 1832 obsequatur
3326 1769 3558 1821 rationa-

350 1829 686 1891 Accipiatur,
745 1830 940 1898 inquit,
970 1848 1140 1898 aqua,
1185 1844 1233 1886 et
1265 1833 1503 1888 laventur
1547 1835 1698 1902 pedes
1747 1837 1920 1888 vestri.

2025 1851 2144 1905 bilis
2174 1822 2380 1904 sensus.
2407 1851 2596 1905 Stabat
2640 1867 2766 1922 ergo
2809 1852 2936 1906 Sara
2983 1822 3558 1921 post-Abrahamﬁed

353 1916 524 1970 Docet
549 1919 772 1986 quidem
806 1928 864 1974 te
892 1935 991 1989 per
1014 1923 1134 1978 haec
1181 1925 1456 1978 Abraham
1496 1934 1646 1992 pater
1687 1927 1923 1992 gentium

350 2015 416 2060 et
444 2007 723 2074 magister,
755 2012 1032 2077 quomodo
1059 2013 1310 2082 hospites
1332 2014 1604 2081 suscipere
1634 2014 1846 2077 debeas,
1872 2024 1926 2069 et

355 2107 418 2148 nt
444 2097 587 2152 laves
621 2099 898 2168 hospitum
940 2103 1133 2170 pedes,
1170 2112 1349 2157 tamen
1381 2112 1433 2158 et
1462 2105 1633 2160 hocin
1665 2108 1924 2177 mysterio

359 2185 577 2240 dicitur.
627 2187 860 2241 Sciebat
907 2190 1056 2243 enim
1115 2190 1392 2246 Dominica
1439 2206 1773 2248 sacramenta
1819 2213 1922 2253 non

361 2276 464 2328 nisi
496 2277 549 2329 in
589 2277 846 2331 lavandis
883 2281 1118 2347 pedibus
1156 2285 1657 2338 consummantia”.
1693 2287 1798 2340 Sed
1827 2303 1925 2342 nec

363 2365 504 2418 illius
521 2368 742 2434 quidem
775 2371 1037 2436 praecepti
1065 2387 1188 2424 eum
1219 2374 1420 2439 pondus
1461 2374 1674 2440 latebat,
1709 2392 1812 2443 quo
1847 2379 1925 2430 di-

364 2453 504 2504 citur
544 2468 575 2506 a
624 2453 916 2510 Salvatore
942 2459 986 2490 ³³
1025 2475 1040 2513 :
1083 2459 1148 2513 Si
1191 2463 1281 2527 qui
1328 2479 1430 2515 non
1485 2468 1761 2529 receperint
1808 2484 1920 2528 vos,

366 2541 518 2592 etiam
543 2543 806 2607 pulverem
835 2547 929 2610 qui
958 2549 1182 2599 atllta'sit
1225 2550 1438 2615 pedibus
1470 2554 1674 2616 vestris,
1702 2557 1924 2608 excutite

367 2627 419 2678 in
448 2631 802 2684 testimonium
834 2635 966 2687 illis.
1011 2636 1175 2688 Amen
1211 2638 1325 2690 dico
1348 2639 1482 2693 vobis
1517 2643 1640 2708 quia
1676 2643 1921 2696 tolerabi-

368 2719 463 2770 lius
487 2721 584 2772 erit
625 2732 786 2775 terra:
834 2723 1195 2776 Sodomorum
1221 2735 1267 2777 et
1311 2725 1762 2782 liontorrhworum
1812 2731 1920 2802 (l3)

370 2807 420 2859 in
450 2810 533 2860 die
570 2810 768 2876 judicii
797 2828 962 2880 quant
1020 2813 1101 2866 illi
1127 2815 1340 2869 civitati.
1380 2817 1602 2872 Volebat
1639 2833 1767 2887 ergo
1790 2835 1922 2887 prte-

373 2900 568 2964 vcnire,
599 2912 654 2956 et
699 2903 891 2958 lavare
932 2905 1124 2971 pedes,
1155 2920 1223 2960 ne
1251 2907 1378 2973 quid
1405 2907 1542 2961 forte
1571 2909 1805 2976 pulveris
1840 2926 1924 2963 re-

375 2988 583 3050 sideret,
617 2993 763 3058 quod
795 2993 865 3046 ad
910 2995 1278 3049 testimoniqu
1306 2998 1685 3052 incrudelitatis
1735 3015 1923 3054 excus-

2022 1951 2078 1994 et
2106 1942 2387 2013 mysticum
2425 1941 2624 2009 aliquid
2653 1951 2854 1995 sentire
2891 1943 2939 1995 in
2974 1943 3073 1996 hoc
3095 1949 3393 2012 possumus
3413 1947 3555 2012 loco,

2023 2033 2068 2087 si
2107 2033 2382 2087 videamus
2419 2034 2683 2098 quomodo
2726 2033 2776 2084 in
2811 2033 2996 2087 Exodo
3051 2037 3386 2102 przecedehat
3422 2041 3558 2094 Dens

2025 2121 2077 2173 in
2109 2121 2354 2175 columna
2383 2122 2520 2188 ignis
2549 2135 2642 2188 per
2687 2133 2920 2185 noctem,
2948 2133 3000 2174 et
3035 2122 3088 2174 in
3117 2122 3364 2177 columna
3404 2127 3562 2181 nubis

2025 2229 2118 2281 per
2147 2214 2286 2266 diem
2310 2213 2357 2244 δ*
2390 2229 2404 2265 :
2445 2227 2496 2266 et
2529 2207 2804 2283 synagoga
2841 2216 3045 2268 Domini
3090 2218 3414 2284 sequebatur
3443 2227 3563 2284 post

2027 2301 2217 2366 ipsum.
2247 2302 2336 2355 Sic
2379 2317 2506 2370 ergo
2541 2304 2776 2371 intelligo
2811 2311 2862 2356 et
2893 2303 3080 2357 Saram
3139 2316 3376 2359 secutam
3419 2319 3561 2368 esse,

2027 2391 2105 2442 vel
2138 2391 2348 2444 stetisse
2376 2402 2492 2458 post
2513 2393 2802 2446 Abraham.
2833 2393 2967 2456 Quid
3014 2401 3131 2460 post
3177 2395 3291 2447 hate
3315 2395 3512 2446 dicitur
3539 2393 3566 2446 !

2029 2479 2094 2532 Et
2139 2491 2305 2542 erant,
2359 2482 2530 2547 inquit
2571 2481 2640 2544 ",
2693 2483 2840 2534 ambo
2891 2482 3195 2549 presbyteri,
3231 2482 3287 2534 id
3324 2492 3397 2534 est
3418 2496 3560 2534 senes

2024 2583 2070 2621 et
2096 2571 2320 2635 provecti
2345 2572 2396 2622 in
2436 2571 2612 2624 diebus
2647 2572 2775 2623 suis.
2808 2572 3071 2635 Quantum
3101 2571 3164 2624 ad
3203 2579 3411 2624 aetatem
3440 2585 3562 2624 cor-

2023 2660 2166 2726 poris
2204 2659 2624 2726 pertinet,multi
2656 2668 2781 2714 ante
2812 2662 2956 2728 ipsos
2977 2662 3437 2715 numerosioribus
3462 2678 3559 2714 an-

2022 2742 2107 2795 nis
2143 2744 2403 2796 duxerant
2433 2746 2622 2806 vitam,
2653 2760 2808 2799 nemo
2846 2756 3022 2800 tamen
3066 2748 3346 2817 presbyter
3376 2749 3561 2816 appel-

2021 2829 2160 2884 latus
2185 2843 2288 2885 est.
2318 2831 2466 2886 Unde
2493 2833 2704 2886 videtur
2736 2849 2922 2889 nomen
2946 2837 3048 2890 hoc
3083 2837 3281 2889 sanctis
3313 2851 3416 2889 nou
3445 2837 3563 2890 lon-

2021 2920 2283 2986 gaevitatis
2308 2920 2538 2986 ratione,
2566 2921 2658 2974 sed
2704 2923 3028 2975 maturitatis
3056 2923 3272 2975 ascribi.

2088 3009 2141 3062 5.
2182 3010 2316 3073 Quid
2363 3025 2490 3078 ergo
2539 3019 2659 3078 post
2705 3019 2909 3064 tantum
2953 3025 3016 3064 ac
3074 3012 3178 3065 tale
3230 3013 3556 3076 convivium,

372 3088 482 3127 ίυιη
505 3115 519 3139 ι
562 3091 751 3144 posset
804 3081 859 3134 in
919 3082 1012 3135 die
1051 3083 1237 3150 iudieii
1286 3087 1570 3138 reservari-
1630 3086 1919 3155 Proplerea
1948 3122 1988 3179 ο
2021 3101 2160 3168 quod
2185 3100 2449 3152 Abraham
2483 3099 2701 3153 Domino
2731 3110 2783 3154 et
2819 3101 3018 3168 angelis
3046 3102 3142 3155 sub
3173 3102 3364 3156 arbore
3395 3102 3561 3155 visio.

369 3178 493 3234 ergo
521 3167 652 3220 dicit
673 3170 892 3237 sapiens
924 3171 1199 3226 Abraham
1233 3174 1310 3228 “:
1341 3174 1642 3244 Accipiatur
1685 3193 1820 3244 aqua
1872 3187 1920 3231 et

370 3253 599 3307 laventur
616 3259 770 3323 pedes
799 3263 980 3312 vestri.

434 3344 486 3397 5.
515 3345 618 3399 Sed
652 3349 937 3402 videamus
953 3349 1065 3416 jam
1099 3353 1241 3419 quod
1268 3354 1428 3406 etiam
1456 3354 1508 3407 in
1550 3359 1923 3426 consequenti-

370 3433 465 3488 bus
498 3437 713 3490 dicitur.
740 3438 866 3506 Ipse
896 3452 1100 3504 autem,
1129 3443 1365 3510 inquit“,
1412 3445 1674 3498 Abraham
1717 3448 1920 3500 astabat

363 3523 435 3574 eis
455 3525 552 3576 sub
575 3526 782 3579 arbore.
802 3525 886 3579 Ad
914 3527 1283 3592 hujuscemodi
1310 3533 1659 3596 narrationes,
1692 3535 1923 3589 circum-

361 3612 504 3666 cisas
527 3628 688 3668 aures
719 3616 1075 3682 requirimus.
1096 3615 1280 3687 Neque
1313 3621 1458 3673 enim
1493 3635 1751 3676 summam
1777 3624 1922 3678 solli-

361 3701 645 3755 citudinem
674 3703 908 3771 Spiritui
937 3706 1042 3774 72
1060 3719 1246 3762 sancto
1277 3709 1440 3763 fuisse
1465 3712 1786 3766 credendum
1815 3722 1920 3776 est,

356 3800 410 3843 ut
450 3795 716 3849 scriberet
770 3796 826 3847 in
881 3795 1038 3850 libris
1088 3797 1223 3864 legis
1279 3799 1366 3851 ubi
1416 3811 1585 3855 staret
1625 3803 1917 3856 Abraham.

349 3879 491 3944 Quid
512 3888 654 3936 enim
703 3897 796 3936 me
825 3885 984 3951 juvat
1027 3886 1119 3953 qui
1159 3889 1278 3940 veni
1316 3890 1498 3944 audire
1529 3891 1652 3957 quid
1689 3893 1919 3960 Spiritus

343 3979 573 4023 sanctus
623 3973 934 4024 humanum
968 3974 1166 4028 doceat
1215 3992 1401 4044 genus,
1446 3979 1491 4031 si
1529 3981 1748 4033 audiero
1779 3983 1918 4049 quod

331 4057 616 4112 Abraham
669 4063 862 4116 stabat
921 4063 1023 4116 sub
1073 4065 1326 4118 arbore?
1363 4069 1456 4121 sed
1504 4068 1778 4123 videamus
1799 4086 1918 4139 quae

335 4148 462 4202 haec
483 4150 556 4202 sit
579 4153 774 4215 arbor,
808 4152 914 4204 sub
941 4167 1044 4219 qua
1085 4155 1272 4208 stabat
1306 4157 1592 4223 Abraham,
1641 4171 1695 4213 et
1731 4162 1916 4214 convi-

333 4238 495 4289 vium
519 4238 765 4293 Domino
798 4250 968 4307 atque
999 4243 1212 4310 angelis
1242 4246 1546 4301 exhibebat.
1574 4248 1682 4302 Sub
1709 4251 1916 4315 arbore,

330 4325 513 4393 inquit
530 4326 599 4390 δ’,
627 4327 900 4380 Humbre.
933 4328 1178 4383 Mambre
1232 4334 1284 4384 in
1333 4343 1508 4387 nostra
1539 4336 1714 4403 lingua
1747 4338 1914 4390 inter-

2021 3194 2106 3246 nis
2125 3193 2367 3246 exbibuit
2391 3193 2412 3245 ?
2443 3192 2864 3245 Proliciscuntur
2914 3193 3164 3258 hospites.
3185 3193 3443 3244 Abraham
3464 3209 3532 3245 au

2021 3295 2118 3336 tem
2145 3283 2448 3344 deducebat,
2475 3281 2725 3350 inquit“,
2752 3298 2858 3345 eos,
2883 3281 3174 3334 ambulabat
3193 3298 3308 3333 cum
3325 3283 3421 3334 eis.
3453 3281 3560 3334 Do-

2018 3373 2194 3425 minus
2234 3380 2403 3422 autent
2444 3371 2573 3422 dixit
2606 3383 2624 3420 :
2669 3369 2789 3422 Non
2833 3371 3004 3422 celabo
3040 3370 3298 3422 Abraham
3340 3386 3556 3437 puerum

2021 3474 2187 3511 meum
2215 3459 2338 3527 quid
2366 3474 2456 3525 ego
2485 3459 2694 3525 faciam.
2730 3458 2988 3509 Abraham
3041 3469 3212 3510 autem
3240 3460 3327 3525 ﬁet
3358 3462 3409 3512 in
3437 3475 3559 3527 gen-

2022 3554 2121 3598 tem
2145 3561 2383 3613 magnam
2405 3554 2456 3597 et
2481 3546 2720 3610 multam,
2747 3557 2792 3599 et
2827 3547 3186 3598 benedicentur
3227 3549 3278 3598 in
3308 3549 3419 3613 ipso
3442 3563 3557 3599 om-

2023 3649 2108 3686 nes
2133 3642 2303 3701 gentes
2321 3643 2488 3686 teme.
2513 3633 2635 3686 Scio
2667 3635 2800 3686 enim
2825 3634 2947 3700 quia
2977 3636 3236 3700 prtccipiet
3267 3635 3393 3699 ﬁliis
3425 3637 3554 3698 suis,

2020 3731 2069 3775 et
2093 3722 2364 3774 servabunt
2404 3723 2510 3773 vias
2540 3721 2764 3782 Domini,
2792 3730 2846 3772 ut
2871 3722 3066 3786 faciant
3099 3721 3363 3786 justitiam
3386 3732 3432 3774 et
3461 3723 3554 3788 juq

2021 3813 2232 3872 (licium,
2251 3820 2302 3862 ut
2332 3810 2537 3876 impleat
2566 3809 2813 3862 Dominus
2848 3811 3066 3861 Abralta'
3084 3826 3200 3874 quae
3222 3811 3463 3862 indicavit
3487 3813 3553 3864 ei.

2022 3901 2089 3954 Et
2118 3901 2252 3952 dixit
2274 3916 2294 3952 .'
2325 3898 2534 3951 Clamor
2559 3898 2900 3951 Sodomorum
2925 3907 2970 3950 et
3000 3897 3448 3950 Gontorr/tworum
3475 3913 3554 3949 re-

2019 3989 2184 4057 pletus
2219 3996 2314 4052 est,
2342 3998 2388 4041 et
2415 3997 2621 4056 peccata
2664 4000 2838 4038 eorum
2866 4001 3054 4053 magna
3103 3985 3269 4038 valde.
3304 3986 3556 4044 Descendi

2021 4095 2142 4147 ergo
2167 4087 2222 4130 ut
2247 4079 2468 4130 viderem
2489 4078 2536 4129 si
2566 4074 2845 4128 secundum
2869 4075 3143 4126 clamorem
3167 4091 3340 4127 eorum
3363 4075 3450 4143 qui
3481 4091 3564 4128 ve-.

2021 4169 2094 4222 nit
2129 4168 2196 4219 ad
2218 4182 2318 4232 me,
2341 4174 2778 4218 consummentur.
2803 4163 2898 4217 Sin
2931 4175 3189 4228 autem,ut
3226 4165 3404 4220 sciant.
3434 4163 3556 4219 Haec

2023 4256 2314 4322 Scriptura:
2337 4254 2528 4306 divina:
2555 4261 2679 4305 sunt
2716 4252 2894 4305 verba.
2937 4253 3225 4306 Videamus
3258 4266 3386 4319 ergo
3415 4267 3562 4311 nune

2022 4346 2148 4414 quid
2206 4343 2422 4410 intelligi
2471 4343 2522 4395 in
2558 4342 2640 4395 his
2678 4342 2892 4409 dignum
2937 4342 3028 4396 sit.
3063 4338 3333 4403 Descenu'i,
3360 4343 3554 4408 inquit,

327 4425 584 4480 pretatur
633 4418 774 4469 visio
804 4419 923 4470 sive
965 4421 1314 4486 perspicacia.
1354 4421 1506 4476 Vides
1543 4425 1633 4491 qui
1662 4434 1714 4477 et
1748 4428 1919 4494 qualis
1949 4418 1996 4476 D
2023 4445 2075 4486 ut
2101 4434 2317 4485 videam.
2343 4432 2562 4496 Quando
2614 4432 2678 4482 ad
2706 4431 2974 4483 Abraham
3019 4445 3271 4499 responsa
3299 4430 3556 4483 (ἰυΐρηιη-ι.

324 4516 418 4558 est
438 4505 612 4570 locus,
637 4509 696 4559 in
721 4521 835 4574 quo
856 4505 1124 4561 Dominus
1153 4517 1334 4574 potest
1361 4512 1550 4566 habere
1573 4515 1870 4568 convivium
1893 4517 1917 4569 ?

333 4594 635 4647 Detectavit
685 4609 818 4648 eum
865 4595 1008 4646 visio
1041 4606 1097 4648 et
1145 4598 1477 4664 perspicacia
1509 4604 1750 4657 Abrahar.
1787 4605 1914 4659 Erat

328 4683 475 4734 enim
503 4683 750 4736 mundus
783 4684 954 4737 corde
997 4693 1058 4736 ut
1086 4694 1285 4752 posset
1319 4687 1494 4742 videre
1528 4692 1710 4745 Deum.
1736 4695 1792 4746 ιιι
1822 4695 1912 4748 tali

333 4772 492 4824 corde
521 4782 698 4839 potest
731 4773 1004 4827 Dominus
1038 4787 1175 4826 cum
1205 4775 1408 4841 angelis
1433 4785 1536 4832 suis
1564 4781 1759 4835 habere
1783 4797 1914 4836 con-

334 4864 553 4916 vivium.
583 4864 840 4932 Denique
882 4874 1023 4916 ante
1074 4864 1366 4932 pr0pheta:
1396 4867 1629 4924 videntes
1666 4872 1918 4927 diceban-

345 4959 440 5004 ltll'.

401 5037 450 5093 4.
486 5039 624 5107 Quid
651 5049 840 5096 autem
866 5040 1016 5094 dicit
1065 5026 1337 5093 Dominus
1378 5043 1440 5094 ad
1477 5047 1784 5102 Abraham?
1817 5049 1918 5103 Ubi

336 5141 411 5196 at,
458 5134 634 5201 inquit
659 5133 729 5198 ",
779 5131 931 5185 Sara
973 5143 1138 5181 uxor
1185 5136 1280 5180 tua
1305 5131 1407 5182 iAt
1435 5133 1518 5186 ille
1557 5154 1568 5188 :
1612 5135 1772 5202 Ecce,
1805 5141 1904 5205 ait,

328 5220 756 5279 iutabernacula.
807 5218 978 5272 Dixit
1011 5225 1218 5267 autem
1273 5217 1552 5274 Dominus:
1595 5223 1805 5280 Veniens
1826 5245 1914 5281 ve-

317 5313 432 5370 ﬁ'm
461 5316 516 5370 ’.π
537 5325 794 5379 tempore
829 5306 910 5358 αα
944 5314 1009 5355 ιο
1060 5305 1361 5358 secundum
1398 5320 1587 5378 tempus
1615 5316 1730 5376 hoc,
1755 5327 1801 5369 et
1822 5319 1916 5370 Ita-

353 5427 559 5484 ssJaan.
586 5435 720 5477 νιη,
771 5412 874 5466 16.
968 5408 1026 5438 ³⁷
1053 5405 1279 5484 ϐεῐεεε.
1298 5427 1446 5484 svnt,
1465 5417 1515 5481 5,
1551 5419 1607 5472 4.

300 5499 330 5538 δ’
360 5499 468 5555 ibid.

295 5538 482 5631 "1W;
513 5563 572 5616 2.
655 5554 713 5584 η
748 5547 921 5601 Miclt
1001 5555 1053 5598 ι.
1111 5538 1177 5589 5ο

1684 5423 1728 5453 ³⁸
1745 5421 2026 5481 Joan.xm.
2096 5428 2313 5480 “Marc.
2346 5428 2531 5490 vt,ll;
2567 5427 2752 5482 Matth.
2776 5426 2943 5487 x,15.

557 5492 608 5523 ⁸³
624 5473 633 5474 ί
651 5473 899 5561 βξερεεο,
926 5489 1039 5561 "3
1053 5473 1218 5561 "-J-
1295 5477 1333 5510 "
1361 5473 1514 5549 ίιμιίὶιοέ
1535 5487 1688 5550 9.10.
1752 5473 2752 5561 ucgaa':t...,éii'"t»'é;'e;.g;."1;;;;;
2775 5473 2855 5546 ii.

2024 4531 2128 4584 tur,
2159 4535 2262 4572 non
2295 4521 2490 4572 dicitur
2536 4521 2670 4571 Deus
2701 4521 3046 4581 descendere,
3073 4521 3162 4572 sed
3199 4535 3354 4586 supra
3382 4521 3553 4586 ipsum

2020 4621 2215 4671 astare,
2242 4609 2377 4661 sicut
2399 4623 2554 4674 supra
2579 4609 2936 4675 exposuimus.
2965 4608 3268 4668 Astiterunt,
3294 4609 3461 4674 inquit
3484 4608 3553 4670 ιιι

2021 4708 2122 4750 tres
2167 4696 2267 4749 viri
2292 4711 2443 4762 super
2477 4711 2612 4748 eum.
2642 4694 2792 4747 Nunc
2840 4703 3014 4746 autem
3056 4697 3178 4761 quia
3213 4704 3550 4761 peccatorum

2019 4801 2178 4840 causa
2213 4786 2420 4851 agitur,
2468 4784 2787 4840 descendere
2839 4788 3034 4841 dicitur
3096 4787 3251 4838 Deus.
3297 4784 3427 4837 Vide
3485 4799 3552 4837 no

2018 4875 2383 4929 ascensionem
2411 4884 2466 4927 et
2495 4877 2893 4928 descensionem
2931 4875 3148 4929 localem
3175 4875 3390 4928 sentias.
3418 4874 3550 4926 Fre-

2019 4972 2245 5031 quenter
2267 4963 2406 5014 enitn
2432 4960 2544 5014 hoc-
2575 4961 2627 5014 itt
2658 4961 2852 5015 divinis
2885 4962 3075 5016 litteris
3104 4963 3386 5020 invenitur,
3413 4961 3552 5019 sicut

2023 5050 2076 5104 in
2109 5049 2321 5103 Micltaza
2348 5051 2601 5118 propheta
2631 5066 2643 5101 :
2679 5049 2830 5113 Ecce,
2857 5050 3025 5118 inquit
3051 5049 3115 5116 ⁸⁸,
3149 5049 3396 5101 Dominus
3416 5050 3550 5107 exiet

2021 5141 2082 5193 de
2105 5140 2216 5192 loco
2239 5148 2416 5192 sancto
2439 5125 2632 5202 suo,.et
2655 5141 2944 5202 descendet,
2978 5150 3024 5192 et
3060 5141 3260 5192 incedet
3284 5155 3434 5204 super
3453 5153 3550 5190 exe

2021 5231 2156 5284 celsa
2199 5240 2366 5286 teri-te.
2402 5227 2731 5282 Descendere
2767 5243 2895 5297 ergo
2927 5230 3119 5281 dicitur
3144 5229 3305 5288 Deus,
3335 5226 3550 5291 quando

2020 5336 2201 5373 curam
2252 5321 2498 5372 humana:
2537 5317 2842 5385 fragilitatis
2869 5318 3066 5371 habere
3105 5317 3364 5382 dignatur.
3395 5311 3547 5374 ρυηά

3021 5425 3065 5455 ⁸ο
3097 5421 3285 5474 Genes.
3310 5433 3462 5480 xvm,
3488 5422 3542 5476 9.

2962 5491 3007 5522 “
3031 5491 3180 5551 ibid.,
3221 5488 3283 5538 16
3305 5494 3357 5546 et
3387 5501 3546 5556 seqq.

335 5661 413 5738 (η)
447 5625 526 5710 ΕΙ
561 5634 1171 5703 σοηιοννιηεονυηι.
1196 5625 1321 5685 Haec
1346 5635 1394 5690 in
1413 5650 1558 5697 antea
1588 5646 1744 5700 editis
1772 5649 1920 5702 omis:

2022 5653 2310 5722 .uppleutur
2339 5668 2367 5708 e
2389 5654 2567 5708 codice
2614 5667 2709 5702 ms.
2749 5641 3217 5717 Sangormanensi.
