3922 6250
114 81 207 257 [

275 400 383 462 189

1542 406 1621 462 ιιι
1661 408 1955 464 GENESlM
1994 405 2274 461 "Oidile
2311 403 2369 458 V.

3478 400 3577 456 190

290 522 493 579 solum,
537 490 1111 595 ῆιιθιὶῇδ⁰¹¹¹¹¹ᾐωὶῖῗξξὶ
1149 582 1169 595 θ
1196 509 1568 577 patefecit
1608 526 1928 595 hospitibus.
1960 529 2006 585 Α
2033 538 2149 578 sum
2182 521 2418 591 respicit,
2453 503 2764 580 impositam
2820 515 2987 587 legem
3020 519 3229 587 rumpit,
3263 516 3487 571 edicitur
3518 516 3571 567 iu

300 601 608 675 Hospitalem
655 590 847 678 domum
883 573 1093 678 angeli
1149 573 1508 665 ingressis
1526 573 1934 670 ὲ

308 672 593 760 δοεβῖιῖδυε
617 684 780 737 “om”
799 672 938 771 ὶβώξ
969 672 1334 771 ωβτθδξυὲ
1364 708 1501 754 est.
1537 702 1679 766 Ouid
1709 718 1834 771 ergo
1869 703 1935 756 ad

324 784 571 852 hospitem
597 788 682 842 tlr0
702 760 1089 860 ὶιοεβῖὶδὶῖὶξὶῑῖὃ
1122 766 1389 860 Dmciis
1424 760 1622 845 (lica‘nt
1658 760 1827 860 angeli
1856 793 1933 842 vi-

333 875 560 927 deamus.
602 864 658 919 lu
705 866 938 917 montem.
968 854 1280 924 inquiunt.
1321 871 1384 903 ⁸³
1411 914 1431 938 ,
1469 880 1673 933 salvam
1699 854 1781 946 [ἇς
1817 880 1937 930 ani-

346 976 489 1012 mam
530 968 673 1018 "tam.
712 966 768 1004 ηε
813 946 939 1017 (οτίε
966 953 1541 1019 τοηιιπεσιθηάανίε.
1573 968 1698 1020 Erat
1725 967 1935 1035 quidem

341 1048 608 1118 hospitalis
631 1047 742 1108 Lot,
773 1040 862 1110 qui
907 1037 1087 1093 etiam
1126 1042 1341 1114 (sicut
1389 1055 1448 1108 ei
1479 1057 1759 1124 Scriptura
1791 1056 1937 1108 testi.

346 1142 586 1193 monium
622 1135 751 1203 tulit)
790 1134 855 1188 ab
885 1131 1127 1186 interitu
1177 1134 1411 1207 latuit,
1461 1146 1666 1216 angelis
1711 1145 1938 1212 hospitio

342 1231 602 1298 rcc'eptis.
630 1228 729 1283 Sed
758 1241 858 1280 non
889 1231 1013 1276 erat
1041 1223 1128 1279 ita
1185 1231 1538 1297 perfectus,
1576 1244 1631 1287 ut
1659 1235 1837 1288 statim
1875 1235 1938 1287 de

342 1318 607 1372 Sodomis
631 1318 805 1373 exiens
854 1326 1099 1371 montem
1143 1333 1358 1389 posset
1406 1325 1721 1379 ascendere.
1766 1323 1940 1376 Perfe-

344 1415 584 1461 ctorum
613 1423 831 1476 namque
875 1417 959 1461 est
1006 1408 1209 1465 dicere
1240 1413 1292 1444 “
1330 1428 1344 1460 :
1386 1413 1574 1467 Levari
1602 1412 1775 1466 oculos
1803 1427 1939 1463 meos

347 1498 418 1549 in
462 1506 644 1551 montes
669 1502 799 1551 unde
821 1497 986 1551 veniet
1016 1500 1302 1554 auxilium
1324 1502 1477 1555 mihi.
1497 1503 1596 1556 Iste
1615 1515 1740 1571 ergo
1769 1515 1940 1567 neque

349 1586 506 1640 talis
532 1597 645 1640 erat
678 1588 767 1656 qui
795 1588 933 1642 inter
952 1587 1286 1647 Sodomitas
1315 1593 1495 1661 perire
1522 1592 1941 1658 deberet,ncque

355 1683 559 1732 tantus
579 1688 693 1731 erat
719 1680 809 1747 qui
835 1696 956 1733 cum
981 1679 1276 1735 Abraham
1303 1684 1359 1736 in
1375 1683 1752 1737 excelsioribus
1766 1688 1943 1747 posset

360 1765 637 1824 habitare.
656 1768 718 1822 Si
732 1769 878 1822 enim
892 1769 1091 1824 fuisset
1103 1771 1256 1837 talis,
1279 1786 1548 1839 nunquam
1563 1772 1625 1823 ad
1643 1786 1761 1822 eum
1792 1769 1938 1821 dice-

364 1866 458 1908 ret
478 1858 752 1911 Abraham
787 1858 833 1890 ⁶⁰
867 1874 885 1911 :
918 1858 981 1913 Si
1005 1868 1062 1911 tu
1083 1861 1155 1912 ad
1173 1862 1440 1923 dextram,
1455 1877 1545 1929 ego
1566 1861 1633 1912 ad
1648 1861 1936 1919 sinistram,

367 1956 463 1997 aut
476 1947 521 1999 si
538 1959 590 1999 tu
602 1948 672 2000 ad
688 1948 990 2014 sinistram,
1009 1966 1104 2017 ego
1122 1951 1192 2003 ad
1209 1950 1479 2013 dextram;
1514 1962 1611 2002 nec
1644 1948 1940 2001 habitacula

370 2032 426 2084 ei
444 2032 764 2086 Sodomitica
786 2034 1144 2100 placuissent.
1179 2037 1307 2090 Erat
1333 2053 1461 2104 ergo
1491 2037 1695 2090 medius
1726 2036 1940 2103 quidam

374 2120 515 2172 inter
532 2138 581 2189 ρι
599 2124 802 2177 rfectos
822 2134 878 2177 et
895 2125 1158 2190 perditos.
1178 2124 1243 2177 Et
1258 2127 1430 2181 sciens
1458 2140 1561 2179 non
1576 2127 1856 2179 convenire
1874 2124 1946 2176 vi-

374 2209 528 2264 ribus
540 2214 744 2272 suis,ut
756 2215 1083 2269 ascenderet
1101 2216 1156 2268 in
1175 2225 1428 2277 montem,
1449 2216 1689 2282 religiose
1700 2229 1748 2268 et
1766 2214 1941 2267 humi-

376 2298 498 2353 liter
514 2311 740 2356 excusat
764 2317 825 2356 se
843 2306 1034 2358 dicens
1046 2305 1086 2334 ‘“
1111 2322 1126 2357 :
1152 2304 1272 2356 Non
1299 2321 1503 2372 possum
1521 2307 1573 2357 in
1599 2315 1818 2357 montem
1837 2304 1943 2357 sal-

379 2404 470 2438 tus
502 2390 638 2455 ﬁeri,
659 2395 752 2442 sed
769 2407 888 2443 ecce
915 2392 1029 2443 Ita'c
1060 2393 1250 2445 civitas
1272 2392 1459 2460 pusilla
1482 2402 1574 2455 est,
1599 2404 1643 2445 et
1669 2394 1750 2443 hic
1778 2391 1945 2444 salva-

384 2474 495 2539 bor,
547 2486 594 2528 et
654 2494 760 2530 non
815 2487 894 2531 est
962 2480 1210 2546 pusilla?
1263 2481 1533 2548 Ingressus
1588 2497 1713 2541 vero
1778 2481 1945 2548 Segor

386 2565 644 2619 civitatem
687 2571 977 2636 pusillam,
1044 2571 1099 2624 in
1147 2586 1209 2624 ea
1249 2572 1504 2627 salvator.
1558 2573 1621 2626 Et
1656 2581 1773 2642 post
1832 2572 1944 2625 hzcc

389 2668 502 2706 cum
535 2657 754 2711 filiabus
788 2661 1048 2714 ascendit
1096 2662 1147 2714 in
1185 2672 1441 2716 montem.
1483 2661 1666 2730 Neque
1701 2664 1842 2718 enim
1877 2663 1942 2717 de

389 2740 630 2799 Sodomis
660 2751 966 2803 ascendere
991 2749 1107 2821 (2i)
1148 2761 1360 2818 poterat
1387 2752 1441 2805 in
1472 2764 1728 2816 montem,
1758 2767 1944 2820 quam-

389 2833 467 2888 vis
510 2838 771 2904 scriptum
824 2839 900 2891 sit
954 2839 1025 2892 de
1061 2849 1202 2892 terra
1235 2824 1586 2894 Sodomorum
1634 2842 1941 2909 priusquam

391 2926 822 2992 subverteretur,
852 2945 920 2984 eo
957 2940 1209 2999 tempore
1256 2946 1362 2999 quo
1404 2932 1502 2985 Lot
1561 2931 1942 2985 habitationem

388 3015 502 3082 ejus
532 3018 711 3086 elegit.
750 3019 925 3073 fuisse
949 3022 1094 3073 sicut
1117 3022 1397 3089 paradisus
1415 3020 1527 3083 Dei,
1560 3031 1614 3073 et
1643 3023 1784 3075 sicut
1804 3031 1942 3075 terra

2033 621 2259 669 statuam
2280 611 2424 665 salis.
2442 606 2775 659 Pulamttsne
2793 613 2993 661 tantum
3016 607 3231 660 sceleris
3254 607 3304 659 in
3330 607 3430 659 hoc
3451 616 3575 658 esse

2033 703 2407 764 commisso,ut
2437 696 2565 767 quia
2600 696 2836 761 respexit
2864 698 3053 750 mulier
3073 736 3087 759 ,
3117 695 3386 748 interitum
3409 705 3570 761 quem

2034 791 2212 844 divino
2265 788 2528 842 beneficio
2578 781 2814 852 effugere
2872 786 3172 847 videbatur,
3234 778 3571 835 incurreret?

2034 879 2172 945 Quid
2195 880 2333 933 enim
2360 886 2565 930 tantum
2607 874 2849 928 criminis
2882 874 3089 934 habuit.
3115 872 3160 926 si
3196 870 3419 924 sollicita
3449 882 3573 921 mu-

2036 967 2183 1021 lieris
2223 981 2374 1019 mens
2404 975 2694 1019 retrorsum
2728 964 2870 1015 unde
2900 962 3061 1014 nimio
3093 958 3423 1011 ﬂammarum
3454 972 3573 1011 cre-

2036 1061 2150 1130 pitu
2194 1058 2498 1112 terrebatur
2536 1054 2784 1122 aspexit?
2808 1052 2910 1106 Sed
2934 1052 3054 1119 quia
3085 1051 3165 1103 lex
3192 1048 3445 1117 spiritalis
3466 1057 3570 1111 est,

2036 1160 2089 1204 et
2117 1163 2235 1217 qua:
2265 1145 2648 1214 contingebant
2689 1142 2923 1209 antiquis
2945 1179 2959 1203 ,
3014 1140 3065 1191 in
3103 1140 3268 1207 ligura
3303 1136 3405 1190 illis
3443 1150 3574 1189 con-

2039 1240 2328 1306 tingebant,
2365 1237 2635 1288 videamus
2681 1248 2750 1287 ne
2793 1232 2931 1286 forte
2955 1230 3171 1297 Lot,qui
3213 1242 3315 1280 non
3339 1224 3572 1292 respexit

2038 1336 2158 1394 post
2203 1340 2281 1389 se,
2334 1321 2669 1377 rationabilis
2702 1321 2776 1375 sit
2820 1333 3008 1373 sensus
3044 1326 3095 1372 et
3126 1317 3338 1369 animus
3365 1312 3571 1375 virilis,

2038 1428 2175 1468 uxor
2204 1422 2380 1466 autem
2415 1412 2500 1464 hic
2531 1410 2712 1463 carnis
2756 1407 3038 1475 imaginem
3078 1415 3274 1459 teneat.
3315 1402 3452 1457 Caro
3493 1409 3574 1454 est

2039 1505 2204 1568 enim,
2234 1516 2351 1569 qua:
2382 1500 2601 1567 respicit
2627 1513 2836 1565 semper
2868 1498 2932 1549 ad
2965 1496 3111 1557 vitia,
3148 1511 3284 1562 quae,
3311 1508 3429 1545 cum
3459 1490 3575 1542 ani-

2041 1607 2159 1646 mus
2199 1592 2369 1643 tendit
2396 1590 2459 1641 ad
2489 1599 2740 1650 salutem,
2774 1586 2862 1639 illa
2910 1595 3202 1638 retrorsum
3237 1581 3470 1648 respicit,
3519 1583 3575 1629 et

2039 1681 2341 1746 voluptates
2370 1678 2614 1745 requirit.
2640 1677 2764 1729 lude
2797 1677 3023 1742 denique
3069 1681 3121 1727 et
3146 1672 3398 1724 Dominus
3427 1653 3572 1721 dice-

2041 1769 2196 1824 bat"
2228 1786 2241 1820 :
2276 1767 2441 1820 Nemo
2496 1771 2698 1819 mittens
2731 1780 2940 1819 manum
2970 1779 3115 1815 suam
3151 1763 3217 1813 ad
3236 1771 3489 1817 aratrum,
3525 1764 3574 1809 et

2044 1870 2179 1911 retro
2216 1858 2510 1923 respiciens,
2542 1868 2687 1923 aptus
2718 1863 2789 1907 est
2823 1868 2975 1919 regno
3002 1851 3115 1905 Dei.
3150 1851 3214 1902 Et
3241 1848 3386 1902 addit
3413 1865 3427 1899 :
3461 1846 3575 1898 Me-

2043 1959 2261 2001 mentote
2300 1946 2473 1999 uxoris
2495 1945 2610 1997 Lat.
2639 1944 2787 2009 Quod
2810 1956 2985 1996 autem
3019 1941 3073 1994 lit
3098 1940 3402 1993 staticulum
3425 1937 3573 1997 salis,

2043 2036 2369 2103 insipientia:
2420 2033 2533 2101 eius
2568 2034 2823 2086 indicium
2871 2033 3079 2086 videtur
3127 2030 3445 2098 expositum.
3485 2012 3594 2079 Sal‘

2042 2125 2182 2176 enim
2224 2124 2518 2191 prodeuntia:
2558 2122 2675 2175 loco
2710 2120 2943 2190 ponitur,
2983 2134 3100 2187 qua:
3141 2119 3188 2171 ei
3235 2116 3417 2170 defuit.
3453 2114 3578 2168 Pcr-

2046 2213 2213 2266 tendit
2244 2227 2374 2282 ergo
2404 2212 2503 2266 Lot
2536 2213 2588 2265 in
2615 2210 2800 2277 Segor,
2837 2209 3014 2276 ibique
3043 2208 3309 2276 paulisper
3341 2204 3578 2260 collectis

2041 2302 2263 2366 viribus,
2297 2316 2431 2368 quas
2464 2303 2514 2353 in
2540 2299 2785 2353 Sodomis
2814 2298 3012 2351 habere
3040 2312 3145 2350 non
3170 2297 3361 2364 potuit,
3386 2309 3577 2348 ascen-

2042 2390 2120 2441 dit
2170 2390 2220 2441 in
2256 2398 2606 2452 montem,ct
2651 2387 2722 2440 ibi
2768 2385 3031 2439 habitavit
3081 2384 3244 2455 (sicut
3293 2384 3578 2450 Scriptura

2043 2476 2191 2546 dicit)
2224 2478 2354 2545 ipse,
2383 2486 2435 2530 et
2468 2478 2585 2530 dua:
2614 2476 2732 2528 tilize
2757 2475 2872 2543 ejus
2894 2488 3013 2527 cum
3042 2487 3124 2527 eo.

2111 2568 2163 2621 ὅ.
2195 2567 2322 2620 Post
2350 2568 2460 2621 haec
2481 2567 2592 2636 jam
2623 2566 2849 2619 refertur
2871 2564 2956 2617 illa
2993 2563 3343 2617 famosissima
3377 2560 3576 2625 fabula,

2044 2658 2094 2711 in
2126 2672 2227 2724 qua
2256 2657 2512 2710 scribitur
2539 2656 2675 2709 tilias
2701 2657 2814 2725 ejus
2849 2663 2963 2707 arte
3004 2652 3206 2706 furatas
3238 2650 3576 2704 concubitum

2047 2750 2237 2817 patris.
2288 2748 2341 2800 In
2389 2762 2494 2815 quo
2531 2747 2710 2799 nescio
2740 2746 2784 2797 si
2817 2744 2936 2813 quis
2977 2751 3151 2811 potest
3196 2754 3454 2793 excusare
3505 2740 3578 2790 ita

2042 2838 2162 2900 Lot,
2193 2845 2248 2890 nt
2273 2852 2392 2891 eum
2420 2837 2707 2889 immunem
2731 2834 2889 2887 faciat
2919 2847 2949 2884 a
2981 2840 3224 2899 peccato.
3257 2829 3434 2897 Neque
3463 2842 3581 2881 rart-

2044 2943 2160 2982 sum
2200 2929 2269 2979 ita
2301 2942 2421 2979 eum
2470 2924 2825 2976 accusandum
2861 2931 3019 2990 puto,
3057 2929 3116 2971 ιιι
3148 2928 3251 2971 tam
3294 2917 3470 2986 gravis
3500 2919 3580 2970 in-

2044 3017 2176 3071 cesti
2210 3016 2322 3069 ﬁeri
2369 3014 2562 3068 debeat
2604 3028 2747 3066 rcus.
2787 3011 2898 3064 Non
2927 3010 3071 3063 enim
3104 3008 3314 3060 invenio
3352 3022 3471 3060 eum
3498 3008 3581 3059 in-

390 3103 601 3175 Egypti
634 3109 725 3159 σι’.
752 3107 820 3160 Ει
863 3118 1047 3161 tamen
1079 3110 1162 3176 (ut
1194 3125 1354 3176 parvo
1383 3111 1611 3177 quodam
1632 3120 1947 3163 utamurex-
1971 3119 2014 3175 ο
2046 3103 2297 3155 sidiatum
2328 3114 2483 3165 esse,
2521 3108 2614 3151 aut
2661 3098 2922 3152 violenter
2959 3097 3222 3164 eripuisse
3266 3095 3577 3162 pudicitiam

389 3195 558 3264 cessa)
597 3212 849 3265 quamam
878 3199 1096 3251 videtur
1127 3213 1245 3252 esse
1279 3199 1524 3253 vicinitas
1557 3200 1807 3266 paradiso
1839 3199 1946 3270 74

393 3283 500 3349 Dei,
524 3296 576 3339 et
605 3287 1028 3357 terraeAigypti,
1057 3298 1116 3341 ιιι
1142 3305 1204 3341 ex
1240 3304 1390 3356 aequo
1423 3290 1506 3342 his
1545 3288 1776 3342 Sodoma
1805 3304 1948 3343 com-

390 3377 647 3437 paretur?
682 3376 790 3429 Sed
824 3392 930 3441 ego
958 3378 1031 3429 ita
1062 3387 1191 3445 puto
1218 3380 1357 3445 quod
1389 3389 1674 3447 antequam
1702 3387 1949 3447 peccaret

391 3464 637 3527 Sodoma,
672 3480 797 3519 cum
829 3466 1013 3518 adhuc
1044 3449 1452 3533 simplicitatem
1484 3467 1610 3519 vita:
1638 3467 1949 3521 incontami-

388 3553 578 3607 nabilis
625 3554 955 3617 custodiret,
1014 3564 1132 3607 erat
1187 3557 1324 3610 sicut
1363 3556 1643 3623 paradisus
1681 3555 1808 3620 Dei;
1859 3556 1945 3609 ubi

386 3652 515 3693 vero
543 3641 847 3694 decolorari
884 3641 1055 3707 coepit
1089 3653 1142 3694 et
1181 3653 1523 3709 peccatorum
1566 3642 1788 3695 maculis
1850 3644 1944 3693 ob-

382 3733 609 3795 scurari,
647 3732 791 3783 sicut
824 3740 973 3782 terra
1004 3730 1225 3800 Egypti
1254 3731 1392 3785 facta
1427 3741 1528 3784 est.
1576 3731 1678 3785 Sed
1725 3740 1777 3784 et
1822 3731 1947 3783 illud

378 3823 709 3888 requirimus
735 3824 1003 3889 quoniam
1034 3824 1253 3891 quidem
1284 3825 1539 3890 propheta
1572 3823 1700 3887 dicit
1727 3822 1791 3885 “,
1822 3822 1946 3888 quia

375 3907 681 3960 restituetur
710 3924 874 3960 soror
899 3918 992 3960 tua
1026 3910 1265 3963 Sodoma
1303 3911 1356 3962 in
1407 3911 1710 3978 antiquum,
1747 3919 1948 3961 utrum-

366 4009 500 4047 nam
533 3998 814 4051 restitutio
839 3998 964 4067 ejus
1013 3998 1179 4051 etiam
1212 3997 1315 4051 hoc
1348 3999 1605 4066 recipiat,
1631 4007 1688 4049 ut
1715 3998 1788 4050 sit
1812 3998 1950 4049 sient

358 4085 659 4150 paradisus
692 4084 819 4149 Dei,
847 4100 918 4137 an
948 4086 1124 4139 solum
1153 4086 1226 4138 sit
1251 4085 1391 4139 sicut
1418 4097 1560 4137 terra
1591 4084 1821 4153 Egypti.
1840 4084 1948 4151 Ego

354 4171 589 4239 quidem
623 4174 844 4238 dubito,
887 4177 937 4229 si
960 4177 1235 4230 iutantum
1270 4184 1517 4242 poterunt
1544 4174 1651 4243 (Ἡ)
1692 4175 1949 4226 Sodomo-

359 4276 496 4313 rum
527 4274 754 4328 peccata
791 4266 1050 4332 decoqui,
1083 4272 1139 4318 et.
1164 4279 1232 4317 eo
1265 4278 1432 4332 usque
1461 4265 1662 4318 scelera
1693 4263 1946 4331 purgari,

358 4363 428 4402 ut
458 4355 740 4407 restitutio
779 4369 971 4407 eorum
1002 4364 1150 4407 tanta
1185 4355 1278 4416 sit,
1321 4369 1438 4421 qua:
1460 4370 1562 4407 non
1594 4354 1760 4407 solum
1792 4364 1945 4406 terra:

351 4433 611 4506 Ᾰίειριί,
662 4454 860 4492 verum
911 4441 1078 4494 etiam
1141 4440 1241 4494 Dei
1294 4418 1544 4507 paradiso
1586 4451 1942 4509 comparetur.
1972 4418 2021 4476 D

356 4520 576 4591 Urgent
607 4535 799 4579 tamen
827 4541 928 4580 nos
962 4528 1057 4593 qui
1102 4528 1214 4580 hoc
1238 4528 1554 4582 continuare
1577 4529 1761 4583 volunt
1790 4545 1855 4583 ex
1881 4543 1946 4584 eo

354 4615 635 4682 pracipue
680 4621 949 4669 sermone
986 4616 1085 4683 qui
1133 4617 1360 4670 additus
1398 4618 1519 4672 huic
1548 4616 1947 4687 repromissioni

357 4702 579 4755 videtur
616 4720 630 4753 :
662 4719 776 4757 non
813 4705 962 4757 enim
996 4704 1165 4766 dixit,
1192 4704 1321 4772 quia
1353 4708 1652 4762 restituetur
1690 4709 1943 4775 Sodoma,

360 4800 407 4841 et
459 4794 744 4855 cessavit;
780 4792 879 4846 sed
929 4793 1054 4845 ait:
1097 4791 1426 4846 Restititetur
1458 4795 1681 4850 Sodoma
1720 4799 1774 4851 in
1804 4801 1948 4851 anti-

367 4895 544 4947 quam.
585 4881 654 4933 Et
710 4889 1053 4933 asseverant
1112 4881 1401 4947 antiquam
1456 4882 1570 4949 eius
1615 4895 1809 4938 statum
1837 4901 1941 4940 non

370 4965 523 5021 fuisse
544 4979 603 5021 ut
626 4978 836 5022 terram
861 4966 1131 5036 Egypti.
1160 4968 1264 5020 sed
1288 4977 1343 5021 ut
1372 4970 1666 5037 paradisum
1693 4975 1807 5028 Dei.

420 5058 468 5111 2.
494 5057 602 5113 Sed
629 5060 931 5112 redeamus
968 5057 1049 5108 ad
1095 5055 1231 5116 Lot,
1258 5057 1345 5123 qui
1375 5072 1489 5112 cum
1533 5077 1696 5117 uxore
1719 5074 1774 5117 et
1804 5063 1942 5117 tilia-

358 5148 440 5203 bus
462 5149 744 5203 interitum
780 5147 1023 5216 fugiens
1069 5144 1455 5208 Sodomorum,
1485 5161 1697 5219 accepto
1724 5154 1789 5206 ab
1836 5169 1936 5207 an-

347 5240 462 5310 gelis
484 5242 775 5302 mandato,
807 5250 884 5289 ne
913 5242 1261 5285 retrorsum
1288 5235 1582 5303 respiceret,
1616 5243 1863 5296 tendebat
1886 5259 1937 5295 tn

336 5337 500 5407 Segor.
528 5331 645 5386 Sed
677 5339 835 5381 uxor
866 5322 1008 5388 ejus
1036 5319 1340 5373 immemor
1364 5322 1417 5375 fit
1441 5330 1707 5395 praecepti,
1740 5341 1941 5384 retror-

382 5474 654 5528 nGenes,
694 5472 823 5512 xIx,
865 5452 979 5502 17-
1031 5441 1127 5528 ﬁ“;
1170 5439 1411 5528 Ιίξξιλςχ,
1441 5444 1487 5495 1.

325 5507 401 5611 xw"
420 5507 667 5598 ἐξέγνῦ
694 5507 857 5580 [ηιξ.
898 5529 990 5571 ix,
1030 5508 1141 5558 62.
1230 5507 1277 5537 “
1301 5507 1478 5563 Genes.
1509 5528 1611 5573 xix,
1637 5512 1721 5564 55.

366 5596 463 5702 (ἐπὶ)
505 5625 793 5690 Quatuor
849 5613 1012 5656 mss.
1072 5596 1379 5649 ascendere.
1422 5599 1568 5653 Lihb.
1609 5610 1765 5654 antea
1797 5599 1949 5661 editi,

319 5702 491 5769 asinali

1575 5444 1616 5476 ³⁰
1644 5443 1836 5496 Gencs.
1870 5459 1984 5509 xm,
2014 5444 2066 5498 9.

2050 3192 2294 3251 filiarum,
2341 3188 2432 3243 sed
2473 3187 2640 3255 magis
2691 3186 2912 3240 insidias
2942 3198 3190 3252 passum,
3240 3194 3293 3237 et
3330 3192 3443 3236 arte
3472 3182 3580 3235 cir-

2050 3278 2450 3345 cumscriptum.
2476 3277 2578 3330 Sed
2607 3291 2781 3343 neque
2797 3289 3009 3328 rursum
3039 3274 3435 3327 circumventus
3456 3270 3584 3324 fuis-

2048 3380 2130 3423 set
2155 3383 2183 3420 a
2212 3367 2419 3436 puellis,
2459 3367 2559 3419 nisi
2599 3366 2852 3419 inebriari
2884 3365 3163 3432 potuisset.
3194 3361 3346 3416 Unde
3374 3362 3581 3414 videtur

2047 3459 2175 3511 mihi
2201 3458 2253 3510 in
2279 3466 2430 3525 parte
2467 3456 2765 3523 culpabilis,
2821 3456 2871 3506 in
2901 3466 3050 3522 parte
3080 3451 3401 3506 excusabilis
3433 3452 3580 3502 inve-

2047 3550 2171 3602 niri.
2206 3547 2456 3600 Excusari
2493 3559 2727 3611 namque
2755 3552 2950 3611 potest,
2975 3543 3114 3610 quod
3143 3556 3170 3592 a
3200 3541 3583 3606 conrupiscen-

2050 3636 2133 3688 tia:
2160 3643 2214 3686 et
2243 3633 2527 3700 voluptatis
2560 3632 2786 3683 crimine
2840 3629 2974 3681 liber
3003 3639 3108 3689 est,
3136 3636 3191 3680 et
3234 3627 3359 3694 quia
3409 3639 3583 3693 neque

2048 3725 2160 3791 ipse
2212 3721 2438 3775 voluisse
2477 3722 2733 3787 arguitur,
2784 3732 2955 3784 neque
2990 3717 3293 3769 volentibus
3349 3729 3581 3766 consen-

2047 3812 2197 3865 sisse.
2242 3810 2493 3876 Subjacet
2534 3823 2660 3861 vero
2710 3808 2901 3874 culpaz,
2956 3807 3096 3874 quod
3152 3804 3322 3871 decipi
3378 3804 3580 3870 potuit,

2047 3898 2186 3966 quod
2221 3898 2347 3951 vino
2389 3899 2549 3950 nimis
2590 3895 2837 3957 indulsit,
2881 3905 2935 3946 et
2975 3896 3075 3947 hoc
3127 3908 3228 3945 non
3266 3891 3448 3953 semel,
3489 3891 3581 3943 sed

2048 3987 2239 4039 iterum
2294 3986 2440 4039 fecit.
2487 3985 2618 4037 Nam
2665 3994 2716 4037 et
2765 3986 2877 4052 ipsa
2910 3983 3182 4050 Scriptura
3215 3981 3340 4033 mihi
3379 3981 3585 4033 videtur

2046 4090 2140 4144 pro
2191 4090 2256 4128 eo
2301 4075 2690 4144 quodammodo
2742 4073 3086 4137 satisfacere,
3139 4088 3260 4126 cum
3319 4071 3567 4124 dicit“:

2050 4164 2325 4217 Nesciebat
2345 4180 2478 4217 emm
2497 4182 2609 4218 cum
2632 4164 2873 4215 dormiret
2890 4158 3004 4216 cum
3021 4164 3113 4225 eis,
3131 4174 3175 4215 et
3206 4178 3320 4214 rum
3333 4171 3583 4229 surgeret.

2047 4253 2122 4307 De
2165 4254 2373 4308 ﬁliabus
2409 4255 2508 4307 hoc
2539 4269 2639 4306 non
2669 4254 3009 4318 dicitur,qu:e
3049 4252 3223 4306 studio
3268 4262 3320 4303 et
3355 4261 3468 4303 art-te
3495 4251 3585 4303 de-

2049 4342 2253 4408 cipiunt
2290 4351 2516 4409 patrem.
2576 4341 2668 4395 Ille
2702 4353 2877 4395 tamen
2938 4342 3201 4395 iutantum
3251 4339 3455 4406 sopitus
3504 4349 3586 4393 est

2047 4433 2188 4493 vino,
2216 4440 2274 4484 ut
2291 4431 2517 4485 nesciret
2541 4430 2805 4486 dormisse
2821 4446 2879 4486 se
2901 4446 3020 4485 cum
3056 4430 3158 4483 tilia
3180 4432 3382 4497 priore,
3414 4442 3586 4499 neque

2049 4537 2169 4576 cum
2203 4521 2310 4574 lilia
2334 4522 2571 4588 juniore.
2596 4521 2791 4574 Audite
2816 4522 3046 4575 ebrietas
3069 4521 3192 4587 quid
3221 4528 3363 4588 agat,
3406 4518 3585 4572 audite

2032 4606 2305 4686 quantum
2352 4617 2607 4671 facinoris
2648 4618 2909 4672 cenciliet
2945 4614 3274 4669 temulentia.
3309 4612 3499 4665 Audite
3531 4618 3584 4664 et

2047 4719 2255 4774 cavete,
2285 4724 2374 4763 vos
2401 4709 2593 4780 quibus
2620 4710 2761 4763 istud
2795 4708 2991 4762 malum
3024 4706 3197 4760 nonin
3223 4704 3464 4765 crimine,
3491 4702 3585 4755 sed

2048 4802 2100 4854 in
2127 4816 2224 4854 usu
2252 4809 2353 4855 est.
2391 4801 2638 4854 Ebrietas
2666 4800 2866 4868 decipit
2888 4812 3046 4866 quem
3084 4795 3317 4849 Sodoma
3347 4806 3450 4845 non
3500 4792 3587 4844 deo

2045 4891 2203 4957 cepit.
2233 4887 2420 4943 Uritur
2447 4890 2535 4943 ille
2554 4888 2782 4942 ﬂammis
2806 4887 3089 4940 mulierum
3118 4899 3273 4952 quem
3300 4881 3586 4949 sulphurea

2046 4980 2255 5034 flamma
2288 4993 2395 5032 non
2430 4978 2584 5032 ussit.
2615 4977 2743 5030 Erat
2768 4991 2895 5044 ergo
2937 4974 3039 5028 Lot
3084 4982 3222 5037 arte,
3255 4984 3358 5023 non
3399 4970 3588 5022 volun-

2048 5080 2154 5125 tate
2182 5070 2453 5138 deceptus.
2486 5068 2610 5122 Ideo
2637 5067 2840 5120 medius
2865 5065 3082 5135 quidam
3105 5071 3188 5116 est
3222 5062 3363 5114 inter
3391 5072 3584 5126 pecca-

2048 5167 2191 5211 tores
2222 5165 2279 5209 et
2329 5156 2543 5225 justos:
2581 5156 2776 5222 quippe
2828 5154 2917 5221 qui
2972 5166 3037 5204 ex
3084 5150 3315 5202 Abrahae
3365 5143 3588 5211 quidem

2047 5246 2362 5316 cognatione
2393 5244 2745 5305 descenderit,
2780 5243 2832 5295 in
2866 5238 3118 5294 Sodomis
3169 5246 3342 5288 tamen
3370 5228 3584 5281 habita»

2046 5335 2204 5389 verit.
2237 5332 2368 5387 Nam
2393 5342 2447 5387 et
2485 5332 2586 5387 hoc
2627 5331 2768 5401 quod
2796 5330 2973 5385 evadit
3013 5340 3078 5378 ex
3128 5320 3375 5376 Sodomis
3419 5316 3584 5383 (sicut

2150 5447 2192 5475 ⁵⁸
2225 5442 2415 5498 Gcnes.
2449 5460 2556 5507 nx,
2581 5443 2669 5497 20.
2755 5444 2820 5475 ⁶¹⁶
2846 5443 2978 5496 Gen.
3008 5454 3122 5500 xui,
3157 5439 3239 5490 10.
3315 5436 3358 5464 ⁵³
3388 5436 3586 5494 Ezcch.

2126 5600 2231 5666 (22)
2266 5598 2621 5653 Poterant.Sic
2653 5612 2776 5666 mss.
2809 5593 2946 5646 Libri
2982 5605 3105 5642 vero
3133 5588 3277 5650 editi,
3304 5592 3584 5654 potuerint.

2060 5667 2195 5719 infra
2218 5665 2408 5735 Qttator
2431 5682 2577 5728 mss,
2607 5665 2848 5732 urgebunt
2881 5669 3048 5710 tamen
3079 5670 3182 5705 nos.
3316 5704 3327 5707 _
3506 5668 3509 5671 ·
