  <div class='ocr_page' id='page_1' title='image "/cluster/home/n/w/nwhite01/storage/ocr_20150623/12 (Origen; pt. 2)/nyp.33433081862272/104.png"; bbox 0 0 3922 6238; ppageno 0'>
   <div class='ocr_carea' id='block_1_1' title="bbox 259 310 1832 370">
    <p class='ocr_par' dir='ltr' id='par_1_1' title="bbox 259 310 1832 370">
     <span class='ocr_line' id='line_1_1' title="bbox 259 310 1832 370; baseline 0.004 -8"><span class='ocrx_word' id='word_1_1' title='bbox 259 310 366 362; x_wconf 75' lang='grc'><strong>195</strong></span> <span class='ocrx_word' id='word_1_2' title='bbox 1513 311 1578 366; x_wconf 82' lang='grc' dir='ltr'><strong>ΙΝ</strong></span> <span class='ocrx_word' id='word_1_3' title='bbox 1613 315 1832 370; x_wconf 73' lang='lat' dir='ltr'><strong>CENES</strong></span> 
     </span>
    </p>
   </div>
   <div class='ocr_carea' id='block_1_2' title="bbox 1938 310 3496 370">
    <p class='ocr_par' dir='ltr' id='par_1_2' title="bbox 1946 311 3496 368">
     <span class='ocr_line' id='line_1_2' title="bbox 1946 311 3496 368; baseline 0.003 -4"><span class='ocrx_word' id='word_1_4' title='bbox 1946 311 2223 365; x_wconf 75' lang='lat' dir='ltr'><strong>HOMIIJA</strong></span> <span class='ocrx_word' id='word_1_5' title='bbox 2266 311 2354 364; x_wconf 69' lang='lat' dir='ltr'><strong>Vl.</strong></span> <span class='ocrx_word' id='word_1_6' title='bbox 3396 316 3496 368; x_wconf 67' lang='lat' dir='ltr'><strong>4M</strong></span> 
     </span>
    </p>
   </div>
   <div class='ocr_carea' id='block_1_3' title="bbox 265 383 3493 500">
    <p class='ocr_par' dir='ltr' id='par_1_3' title="bbox 265 383 3493 500">
     <span class='ocr_line' id='line_1_3' title="bbox 265 383 3493 500; baseline 0.001 -18"><span class='ocrx_word' id='word_1_7' title='bbox 265 440 382 482; x_wconf 84' lang='lat' dir='ltr'><strong>tam</strong></span> <span class='ocrx_word' id='word_1_8' title='bbox 407 383 1135 500; x_wconf 42' lang='grc' dir='ltr'><strong>ριοςειιὶεω.τῖίξθξξὶξξξὶξηιῦῑ</strong></span> <span class='ocrx_word' id='word_1_9' title='bbox 1156 406 1232 464; x_wconf 81' lang='lat' dir='ltr'><strong>in</strong></span> <span class='ocrx_word' id='word_1_10' title='bbox 1265 415 1600 486; x_wconf 75' lang='lat' dir='ltr'><strong>Ecclesium</strong></span> <span class='ocrx_word' id='word_1_11' title='bbox 1619 433 1862 488; x_wconf 84' lang='lat' dir='ltr'><strong>Domini?</strong></span> <span class='ocrx_word' id='word_1_12' title='bbox 1889 433 1936 490; x_wconf 78' lang='grc' dir='ltr'><strong>Α</strong></span> <span class='ocrx_word' id='word_1_13' title='bbox 1963 442 2065 481; x_wconf 91' lang='lat' dir='ltr'><strong>non</strong></span> <span class='ocrx_word' id='word_1_14' title='bbox 2099 428 2258 480; x_wconf 89' lang='lat' dir='ltr'><strong>intrat</strong></span> <span class='ocrx_word' id='word_1_15' title='bbox 2287 427 2338 479; x_wconf 93' lang='lat' dir='ltr'><strong>in</strong></span> <span class='ocrx_word' id='word_1_16' title='bbox 2371 423 2661 478; x_wconf 70' lang='lat' dir='ltr'><strong>Ecclesium</strong></span> <span class='ocrx_word' id='word_1_17' title='bbox 2691 423 2920 488; x_wconf 95' lang='lat' dir='ltr'><strong>Christi,</strong></span> <span class='ocrx_word' id='word_1_18' title='bbox 2955 441 3051 481; x_wconf 92' lang='lat' dir='ltr'><strong>nec</strong></span> <span class='ocrx_word' id='word_1_19' title='bbox 3079 429 3230 483; x_wconf 87' lang='lat' dir='ltr'><strong>tertia</strong></span> <span class='ocrx_word' id='word_1_20' title='bbox 3268 443 3493 500; x_wconf 56' lang='lat' dir='ltr'><strong>genere-</strong></span> 
     </span>
    </p>
   </div>
   <div class='ocr_carea' id='block_1_4' title="bbox 268 486 3492 593">
    <p class='ocr_par' dir='ltr' id='par_1_4' title="bbox 268 486 3492 593">
     <span class='ocr_line' id='line_1_4' title="bbox 268 486 3492 593; baseline 0.006 -23"><span class='ocrx_word' id='word_1_21' title='bbox 268 518 391 570; x_wconf 79' lang='lat' dir='ltr'><strong>Nos</strong></span> <span class='ocrx_word' id='word_1_22' title='bbox 409 486 606 574; x_wconf 38' lang='lat' dir='ltr'><strong>autem.</strong></span> <span class='ocrx_word' id='word_1_23' title='bbox 635 498 770 593; x_wconf 60' lang='grc' dir='ltr'>ιπιξιξι</span> <span class='ocrx_word' id='word_1_24' title='bbox 794 486 986 593; x_wconf 25' lang='lat' dir='ltr'><strong>“vita</strong></span> <span class='ocrx_word' id='word_1_25' title='bbox 1005 500 1411 593; x_wconf 27' lang='lat' dir='ltr'><strong>Ap°§sumus</strong></span> <span class='ocrx_word' id='word_1_26' title='bbox 1436 559 1453 582; x_wconf 92' lang='lat'><strong>,</strong></span> <span class='ocrx_word' id='word_1_27' title='bbox 1502 521 1599 576; x_wconf 81' lang='lat' dir='ltr'><strong>Lot</strong></span> <span class='ocrx_word' id='word_1_28' title='bbox 1646 526 1865 593; x_wconf 88' lang='lat' dir='ltr'><strong>ﬁguram</strong></span> <span class='ocrx_word' id='word_1_29' title='bbox 1969 517 2109 569; x_wconf 74' lang='grc' dir='ltr'><strong>ιίοηθ</strong></span> <span class='ocrx_word' id='word_1_30' title='bbox 2135 531 2230 583; x_wconf 73' lang='grc' dir='ltr'><strong>ρτο</strong></span> <span class='ocrx_word' id='word_1_31' title='bbox 2257 514 2536 579; x_wconf 68' lang='grc' dir='ltr'><strong>Ττίηίιείῑθν</strong></span> <span class='ocrx_word' id='word_1_32' title='bbox 2565 528 2661 566; x_wconf 75' lang='lat' dir='ltr'><strong>&quot;“C</strong></span> <span class='ocrx_word' id='word_1_33' title='bbox 2687 525 2878 580; x_wconf 72' lang='lat' dir='ltr'><strong>‘l“~”&quot;a</strong></span> <span class='ocrx_word' id='word_1_34' title='bbox 2907 529 3001 581; x_wconf 81' lang='grc' dir='ltr'><strong>β¹¹ο</strong></span> <span class='ocrx_word' id='word_1_35' title='bbox 3028 486 3321 586; x_wconf 60' lang='grc' dir='ltr'><strong>Ενειηεειῖῖε</strong></span> <span class='ocrx_word' id='word_1_36' title='bbox 3340 562 3356 586; x_wconf 72' lang='grc' dir='ltr'><strong>ν</strong></span> <span class='ocrx_word' id='word_1_37' title='bbox 3393 537 3492 576; x_wconf 69' lang='lat' dir='ltr'><strong>nec</strong></span> 
     </span>
    </p>
   </div>
   <div class='ocr_carea' id='block_1_5' title="bbox 273 576 3490 681">
    <p class='ocr_par' dir='ltr' id='par_1_5' title="bbox 273 576 3490 681">
     <span class='ocr_line' id='line_1_5' title="bbox 273 576 3490 681; baseline 0.005 -33"><span class='ocrx_word' id='word_1_38' title='bbox 273 607 528 676; x_wconf 63' lang='lat' dir='ltr'><strong>ponimus</strong></span> <span class='ocrx_word' id='word_1_39' title='bbox 551 599 682 666; x_wconf 80' lang='lat' dir='ltr'><strong>legis.</strong></span> <span class='ocrx_word' id='word_1_40' title='bbox 706 586 806 681; x_wconf 65' lang='lat' dir='ltr'><strong>Nec</strong></span> <span class='ocrx_word' id='word_1_41' title='bbox 843 576 1108 681; x_wconf 45' lang='lat' dir='ltr'><strong>“debuit</strong></span> <span class='ocrx_word' id='word_1_42' title='bbox 1148 591 1564 676; x_wconf 69' lang='lat' dir='ltr'><strong>incongruum</strong></span> <span class='ocrx_word' id='word_1_43' title='bbox 1593 576 1735 681; x_wconf 66' lang='grc' dir='ltr'><strong>φηῖα</strong></span> <span class='ocrx_word' id='word_1_44' title='bbox 1783 617 1861 669; x_wconf 68' lang='lat' dir='ltr'><strong>re.</strong></span> <span class='ocrx_word' id='word_1_45' title='bbox 1966 604 2018 656; x_wconf 92' lang='lat' dir='ltr'><strong>in</strong></span> <span class='ocrx_word' id='word_1_46' title='bbox 2045 603 2295 658; x_wconf 63' lang='lat' dir='ltr'><strong>saeculum</strong></span> <span class='ocrx_word' id='word_1_47' title='bbox 2321 642 2336 666; x_wconf 91' lang='lat'><strong>,</strong></span> <span class='ocrx_word' id='word_1_48' title='bbox 2367 603 2468 656; x_wconf 89' lang='lat' dir='ltr'><strong>nisi</strong></span> <span class='ocrx_word' id='word_1_49' title='bbox 2498 603 2632 655; x_wconf 81' lang='lat' dir='ltr'><strong>forte</strong></span> <span class='ocrx_word' id='word_1_50' title='bbox 2659 612 2777 670; x_wconf 91' lang='lat' dir='ltr'><strong>post</strong></span> <span class='ocrx_word' id='word_1_51' title='bbox 2805 618 3035 670; x_wconf 62' lang='lat' dir='ltr'><strong>praesens</strong></span> <span class='ocrx_word' id='word_1_52' title='bbox 3065 608 3340 670; x_wconf 56' lang='lat' dir='ltr'><strong>sarculum,</strong></span> <span class='ocrx_word' id='word_1_53' title='bbox 3371 603 3490 662; x_wconf 86' lang='lat' dir='ltr'><strong>cum</strong></span> 
     </span>
    </p>
   </div>
   <div class='ocr_carea' id='block_1_6' title="bbox 277 675 3490 764">
    <p class='ocr_par' dir='ltr' id='par_1_6' title="bbox 277 675 3490 764">
     <span class='ocr_line' id='line_1_6' title="bbox 277 675 3490 764; baseline 0.001 -18"><span class='ocrx_word' id='word_1_54' title='bbox 277 675 471 749; x_wconf 74' lang='lat' dir='ltr'><strong>mineo</strong></span> <span class='ocrx_word' id='word_1_55' title='bbox 499 704 666 763; x_wconf 81' lang='lat' dir='ltr'><strong>genere</strong></span> <span class='ocrx_word' id='word_1_56' title='bbox 689 680 812 753; x_wconf 85' lang='lat' dir='ltr'><strong>apud</strong></span> <span class='ocrx_word' id='word_1_57' title='bbox 835 689 930 731; x_wconf 83' lang='lat' dir='ltr'><strong>nos</strong></span> <span class='ocrx_word' id='word_1_58' title='bbox 956 675 1321 748; x_wconf 85' lang='lat' dir='ltr'><strong>declinatur</strong></span> <span class='ocrx_word' id='word_1_59' title='bbox 1358 675 1473 764; x_wconf 80' lang='lat' dir='ltr'><strong>lex,</strong></span> <span class='ocrx_word' id='word_1_60' title='bbox 1503 675 1627 757; x_wconf 80' lang='lat' dir='ltr'><strong>cum</strong></span> <span class='ocrx_word' id='word_1_61' title='bbox 1658 721 1863 759; x_wconf 81' lang='lat' dir='ltr'><strong>mascu-</strong></span> <span class='ocrx_word' id='word_1_62' title='bbox 1963 691 2236 760; x_wconf 81' lang='lat' dir='ltr'><strong>Plenitudo</strong></span> <span class='ocrx_word' id='word_1_63' title='bbox 2281 693 2515 760; x_wconf 88' lang='lat' dir='ltr'><strong>gentium</strong></span> <span class='ocrx_word' id='word_1_64' title='bbox 2565 691 2873 754; x_wconf 90' lang='lat' dir='ltr'><strong>introierit,</strong></span> <span class='ocrx_word' id='word_1_65' title='bbox 2907 700 2960 744; x_wconf 92' lang='lat' dir='ltr'><strong>et</strong></span> <span class='ocrx_word' id='word_1_66' title='bbox 2997 693 3077 746; x_wconf 90' lang='lat' dir='ltr'><strong>sic</strong></span> <span class='ocrx_word' id='word_1_67' title='bbox 3105 696 3279 749; x_wconf 91' lang='lat' dir='ltr'><strong>omnis</strong></span> <span class='ocrx_word' id='word_1_68' title='bbox 3326 696 3490 750; x_wconf 90' lang='lat' dir='ltr'><strong>lsrael</strong></span> 
     </span>
    </p>
   </div>
   <div class='ocr_carea' id='block_1_7' title="bbox 277 767 3490 864">
    <p class='ocr_par' dir='ltr' id='par_1_7' title="bbox 277 767 3490 864">
     <span class='ocr_line' id='line_1_7' title="bbox 277 767 3490 864; baseline 0.001 -27"><span class='ocrx_word' id='word_1_69' title='bbox 277 785 453 837; x_wconf 90' lang='lat' dir='ltr'><strong>linum</strong></span> <span class='ocrx_word' id='word_1_70' title='bbox 489 798 642 852; x_wconf 85' lang='lat' dir='ltr'><strong>genus</strong></span> <span class='ocrx_word' id='word_1_71' title='bbox 665 782 828 832; x_wconf 83' lang='lat' dir='ltr'><strong>servet</strong></span> <span class='ocrx_word' id='word_1_72' title='bbox 849 771 902 824; x_wconf 90' lang='lat' dir='ltr'><strong>in</strong></span> <span class='ocrx_word' id='word_1_73' title='bbox 931 767 1168 830; x_wconf 60' lang='lat' dir='ltr'><strong>Graeco.</strong></span> <span class='ocrx_word' id='word_1_74' title='bbox 1214 781 1420 853; x_wconf 81' lang='lat' dir='ltr'><strong>Hujus</strong></span> <span class='ocrx_word' id='word_1_75' title='bbox 1452 809 1667 847; x_wconf 85' lang='lat' dir='ltr'><strong>uxorem</strong></span> <span class='ocrx_word' id='word_1_76' title='bbox 1701 811 1865 864; x_wconf 83' lang='lat' dir='ltr'><strong>popu.</strong></span> <span class='ocrx_word' id='word_1_77' title='bbox 1961 782 2137 836; x_wconf 88' lang='lat' dir='ltr'><strong>salvus</strong></span> <span class='ocrx_word' id='word_1_78' title='bbox 2184 782 2341 834; x_wconf 80' lang='lat' dir='ltr'><strong>fuerit</strong></span> <span class='ocrx_word' id='word_1_79' title='bbox 2368 782 2540 834; x_wconf 79' lang='lat' dir='ltr'><strong>factus</strong></span> <span class='ocrx_word' id='word_1_80' title='bbox 2616 782 2754 843; x_wconf 68' lang='lat' dir='ltr'><strong>llazc,</strong></span> <span class='ocrx_word' id='word_1_81' title='bbox 2785 792 2842 834; x_wconf 90' lang='lat' dir='ltr'><strong>ttt</strong></span> <span class='ocrx_word' id='word_1_82' title='bbox 2882 783 3171 850; x_wconf 78' lang='lat' dir='ltr'><strong>potuimus,</strong></span> <span class='ocrx_word' id='word_1_83' title='bbox 3203 788 3490 842; x_wconf 88' lang='lat' dir='ltr'><strong>secundum</strong></span> 
     </span>
    </p>
   </div>
   <div class='ocr_carea' id='block_1_8' title="bbox 276 864 3493 951">
    <p class='ocr_par' dir='ltr' id='par_1_8' title="bbox 276 864 3493 951">
     <span class='ocr_line' id='line_1_8' title="bbox 276 864 3493 951; baseline 0 -24"><span class='ocrx_word' id='word_1_84' title='bbox 276 876 388 927; x_wconf 88' lang='lat' dir='ltr'><strong>lum</strong></span> <span class='ocrx_word' id='word_1_85' title='bbox 431 875 577 928; x_wconf 91' lang='lat' dir='ltr'><strong>illum</strong></span> <span class='ocrx_word' id='word_1_86' title='bbox 610 871 836 941; x_wconf 89' lang='lat' dir='ltr'><strong>ponimus</strong></span> <span class='ocrx_word' id='word_1_87' title='bbox 859 905 874 928; x_wconf 85' lang='lat'><strong>.</strong></span> <span class='ocrx_word' id='word_1_88' title='bbox 901 864 992 932; x_wconf 81' lang='lat' dir='ltr'><strong>qui</strong></span> <span class='ocrx_word' id='word_1_89' title='bbox 1021 866 1094 921; x_wconf 89' lang='lat' dir='ltr'><strong>de</strong></span> <span class='ocrx_word' id='word_1_90' title='bbox 1149 871 1416 947; x_wconf 60' lang='lat' dir='ltr'><strong>Egypm</strong></span> <span class='ocrx_word' id='word_1_91' title='bbox 1458 886 1758 951; x_wconf 55' lang='lat' dir='ltr'><strong>profectus.</strong></span> <span class='ocrx_word' id='word_1_92' title='bbox 1805 895 1860 942; x_wconf 67' lang='grc' dir='ltr'>ει</span> <span class='ocrx_word' id='word_1_93' title='bbox 1959 871 2297 939; x_wconf 85' lang='lat' dir='ltr'><strong>allegoricam</strong></span> <span class='ocrx_word' id='word_1_94' title='bbox 2332 870 2733 940; x_wconf 81' lang='lat' dir='ltr'><strong>intelligentiam</strong></span> <span class='ocrx_word' id='word_1_95' title='bbox 2765 870 2832 924; x_wconf 88' lang='lat' dir='ltr'><strong>de</strong></span> <span class='ocrx_word' id='word_1_96' title='bbox 2859 870 2957 924; x_wconf 86' lang='lat' dir='ltr'><strong>Lot</strong></span> <span class='ocrx_word' id='word_1_97' title='bbox 2984 882 3039 925; x_wconf 91' lang='lat' dir='ltr'><strong>et</strong></span> <span class='ocrx_word' id='word_1_98' title='bbox 3068 887 3231 926; x_wconf 85' lang='lat' dir='ltr'><strong>uxore</strong></span> <span class='ocrx_word' id='word_1_99' title='bbox 3255 874 3398 939; x_wconf 88' lang='lat' dir='ltr'><strong>ejus,</strong></span> <span class='ocrx_word' id='word_1_100' title='bbox 3431 890 3493 928; x_wconf 88' lang='lat' dir='ltr'><strong>ac</strong></span> 
     </span>
    </p>
   </div>
   <div class='ocr_carea' id='block_1_9' title="bbox 272 960 3489 1044">
    <p class='ocr_par' dir='ltr' id='par_1_9' title="bbox 272 960 3489 1044">
     <span class='ocr_line' id='line_1_9' title="bbox 272 960 3489 1044; baseline 0 -29"><span class='ocrx_word' id='word_1_101' title='bbox 272 963 339 1015; x_wconf 90' lang='lat' dir='ltr'><strong>de</strong></span> <span class='ocrx_word' id='word_1_102' title='bbox 369 965 512 1017; x_wconf 90' lang='lat' dir='ltr'><strong>mari</strong></span> <span class='ocrx_word' id='word_1_103' title='bbox 539 962 732 1024; x_wconf 78' lang='lat' dir='ltr'><strong>Rubro,</strong></span> <span class='ocrx_word' id='word_1_104' title='bbox 761 973 821 1013; x_wconf 88' lang='lat' dir='ltr'><strong>ac</strong></span> <span class='ocrx_word' id='word_1_105' title='bbox 843 961 1242 1025; x_wconf 80' lang='lat' dir='ltr'><strong>persecutione</strong></span> <span class='ocrx_word' id='word_1_106' title='bbox 1277 968 1582 1028; x_wconf 84' lang='lat' dir='ltr'><strong>Pharaonis</strong></span> <span class='ocrx_word' id='word_1_107' title='bbox 1607 984 1855 1044; x_wconf 80' lang='lat' dir='ltr'><strong>tanquam</strong></span> <span class='ocrx_word' id='word_1_108' title='bbox 1957 961 2021 1014; x_wconf 86' lang='lat' dir='ltr'><strong>de</strong></span> <span class='ocrx_word' id='word_1_109' title='bbox 2051 960 2259 1014; x_wconf 84' lang='lat' dir='ltr'><strong>ﬁliabus</strong></span> <span class='ocrx_word' id='word_1_110' title='bbox 2285 960 2664 1027; x_wconf 88' lang='lat' dir='ltr'><strong>exculpsimus,</strong></span> <span class='ocrx_word' id='word_1_111' title='bbox 2696 961 2830 1015; x_wconf 85' lang='lat' dir='ltr'><strong>nihil</strong></span> <span class='ocrx_word' id='word_1_112' title='bbox 2855 961 3264 1028; x_wconf 72' lang='lat' dir='ltr'><strong>prtejndicantes</strong></span> <span class='ocrx_word' id='word_1_113' title='bbox 3295 964 3378 1018; x_wconf 87' lang='lat' dir='ltr'><strong>his</strong></span> <span class='ocrx_word' id='word_1_114' title='bbox 3401 967 3489 1032; x_wconf 89' lang='lat' dir='ltr'><strong>qui</strong></span> 
     </span>
    </p>
   </div>
   <div class='ocr_carea' id='block_1_10' title="bbox 271 1047 3220 1123">
    <p class='ocr_par' dir='ltr' id='par_1_10' title="bbox 271 1047 3220 1123">
     <span class='ocr_line' id='line_1_10' title="bbox 271 1047 3220 1123; baseline 0.001 -21"><span class='ocrx_word' id='word_1_115' title='bbox 271 1051 340 1103; x_wconf 88' lang='lat' dir='ltr'><strong>de</strong></span> <span class='ocrx_word' id='word_1_116' title='bbox 382 1051 732 1105; x_wconf 86' lang='lat' dir='ltr'><strong>Sodomiticis</strong></span> <span class='ocrx_word' id='word_1_117' title='bbox 775 1048 984 1118; x_wconf 78' lang='lat' dir='ltr'><strong>ignibus</strong></span> <span class='ocrx_word' id='word_1_118' title='bbox 1031 1047 1323 1111; x_wconf 88' lang='lat' dir='ltr'><strong>liberatus</strong></span> <span class='ocrx_word' id='word_1_119' title='bbox 1354 1098 1371 1123; x_wconf 89' lang='lat'><strong>,</strong></span> <span class='ocrx_word' id='word_1_120' title='bbox 1415 1077 1623 1115; x_wconf 80' lang='lat' dir='ltr'><strong>rursum</strong></span> <span class='ocrx_word' id='word_1_121' title='bbox 1665 1079 1857 1120; x_wconf 65' lang='lat' dir='ltr'><strong>carnes</strong></span> <span class='ocrx_word' id='word_1_122' title='bbox 1955 1051 2223 1104; x_wconf 78' lang='lat' dir='ltr'><strong>sacratius</strong></span> <span class='ocrx_word' id='word_1_123' title='bbox 2249 1050 2447 1118; x_wconf 89' lang='lat' dir='ltr'><strong>aliquid</strong></span> <span class='ocrx_word' id='word_1_124' title='bbox 2477 1050 2543 1103; x_wconf 90' lang='lat' dir='ltr'><strong>de</strong></span> <span class='ocrx_word' id='word_1_125' title='bbox 2579 1051 2680 1104; x_wconf 89' lang='lat' dir='ltr'><strong>hoc</strong></span> <span class='ocrx_word' id='word_1_126' title='bbox 2707 1051 2907 1104; x_wconf 87' lang='lat' dir='ltr'><strong>sentire</strong></span> <span class='ocrx_word' id='word_1_127' title='bbox 2934 1053 3220 1119; x_wconf 82' lang='lat' dir='ltr'><strong>potuerint.</strong></span> 
     </span>
    </p>
   </div>
   <div class='ocr_carea' id='block_1_11' title="bbox 270 1139 3491 1220">
    <p class='ocr_par' dir='ltr' id='par_1_11' title="bbox 270 1139 3491 1220">
     <span class='ocr_line' id='line_1_11' title="bbox 270 1139 3491 1220; baseline 0.004 -22"><span class='ocrx_word' id='word_1_128' title='bbox 270 1151 323 1198; x_wconf 89' lang='lat' dir='ltr'><strong>et</strong></span> <span class='ocrx_word' id='word_1_129' title='bbox 349 1142 494 1196; x_wconf 80' lang='lat' dir='ltr'><strong>ollas</strong></span> <span class='ocrx_word' id='word_1_130' title='bbox 517 1142 758 1211; x_wconf 67' lang='lat' dir='ltr'><strong>Egypti,</strong></span> <span class='ocrx_word' id='word_1_131' title='bbox 788 1150 840 1196; x_wconf 89' lang='lat' dir='ltr'><strong>et</strong></span> <span class='ocrx_word' id='word_1_132' title='bbox 866 1155 1027 1210; x_wconf 81' lang='lat' dir='ltr'><strong>cepas</strong></span> <span class='ocrx_word' id='word_1_133' title='bbox 1054 1154 1852 1220; x_wconf 87' lang='lat' dir='ltr'><strong>cucumeresqttedesiderans,</strong></span> <span class='ocrx_word' id='word_1_134' title='bbox 2022 1143 2074 1194; x_wconf 76' lang='grc' dir='ltr'><strong>6ο</strong></span> <span class='ocrx_word' id='word_1_135' title='bbox 2130 1139 2280 1205; x_wconf 76' lang='grc' dir='ltr'><strong>Ουοά</strong></span> <span class='ocrx_word' id='word_1_136' title='bbox 2331 1153 2457 1192; x_wconf 63' lang='lat' dir='ltr'><strong>vero</strong></span> <span class='ocrx_word' id='word_1_137' title='bbox 2504 1139 2554 1191; x_wconf 78' lang='grc' dir='ltr'><strong>Ῐη</strong></span> <span class='ocrx_word' id='word_1_138' title='bbox 2621 1140 2810 1192; x_wconf 57' lang='lat' dir='ltr'><strong>more&quot;</strong></span> <span class='ocrx_word' id='word_1_139' title='bbox 2866 1141 2981 1194; x_wconf 72' lang='grc' dir='ltr'><strong>Ιοοο</strong></span> <span class='ocrx_word' id='word_1_140' title='bbox 3027 1143 3270 1209; x_wconf 64' lang='lat' dir='ltr'><strong>Superius</strong></span> <span class='ocrx_word' id='word_1_141' title='bbox 3318 1143 3491 1211; x_wconf 69' lang='lat' dir='ltr'><strong>ipsum</strong></span> 
     </span>
    </p>
   </div>
   <div class='ocr_carea' id='block_1_12' title="bbox 271 1229 3498 1303">
    <p class='ocr_par' dir='ltr' id='par_1_12' title="bbox 271 1229 3498 1303">
     <span class='ocr_line' id='line_1_12' title="bbox 271 1229 3498 1303; baseline 0.002 -21"><span class='ocrx_word' id='word_1_142' title='bbox 271 1243 422 1286; x_wconf 89' lang='lat' dir='ltr'><strong>retro</strong></span> <span class='ocrx_word' id='word_1_143' title='bbox 452 1233 742 1300; x_wconf 82' lang='lat' dir='ltr'><strong>respexit,</strong></span> <span class='ocrx_word' id='word_1_144' title='bbox 776 1239 829 1285; x_wconf 89' lang='lat' dir='ltr'><strong>et</strong></span> <span class='ocrx_word' id='word_1_145' title='bbox 871 1231 1067 1285; x_wconf 81' lang='lat' dir='ltr'><strong>cecidit</strong></span> <span class='ocrx_word' id='word_1_146' title='bbox 1105 1234 1162 1287; x_wconf 90' lang='lat' dir='ltr'><strong>in</strong></span> <span class='ocrx_word' id='word_1_147' title='bbox 1204 1235 1430 1292; x_wconf 86' lang='lat' dir='ltr'><strong>deserto</strong></span> <span class='ocrx_word' id='word_1_148' title='bbox 1453 1281 1468 1303; x_wconf 91' lang='lat'><strong>,</strong></span> <span class='ocrx_word' id='word_1_149' title='bbox 1500 1241 1668 1296; x_wconf 81' lang='lat' dir='ltr'><strong>factus</strong></span> <span class='ocrx_word' id='word_1_150' title='bbox 1695 1246 1852 1298; x_wconf 80' lang='lat' dir='ltr'><strong>etiam</strong></span> <span class='ocrx_word' id='word_1_151' title='bbox 1953 1230 2164 1298; x_wconf 88' lang='lat' dir='ltr'><strong>quidem</strong></span> <span class='ocrx_word' id='word_1_152' title='bbox 2193 1229 2292 1284; x_wconf 85' lang='lat' dir='ltr'><strong>Lot</strong></span> <span class='ocrx_word' id='word_1_153' title='bbox 2324 1229 2388 1282; x_wconf 87' lang='lat' dir='ltr'><strong>ad</strong></span> <span class='ocrx_word' id='word_1_154' title='bbox 2418 1229 2789 1284; x_wconf 78' lang='lat' dir='ltr'><strong>rationabilem</strong></span> <span class='ocrx_word' id='word_1_155' title='bbox 2821 1247 3034 1286; x_wconf 86' lang='lat' dir='ltr'><strong>sensum</strong></span> <span class='ocrx_word' id='word_1_156' title='bbox 3063 1244 3114 1287; x_wconf 90' lang='lat' dir='ltr'><strong>et</strong></span> <span class='ocrx_word' id='word_1_157' title='bbox 3143 1236 3350 1288; x_wconf 80' lang='lat' dir='ltr'><strong>virilem</strong></span> <span class='ocrx_word' id='word_1_158' title='bbox 3384 1239 3498 1291; x_wconf 86' lang='lat' dir='ltr'><strong>ani-</strong></span> 
     </span>
    </p>
   </div>
   <div class='ocr_carea' id='block_1_13' title="bbox 269 1317 1832 1394">
    <p class='ocr_par' dir='ltr' id='par_1_13' title="bbox 269 1317 1832 1394">
     <span class='ocr_line' id='line_1_13' title="bbox 269 1317 1832 1394; baseline 0.008 -24"><span class='ocrx_word' id='word_1_159' title='bbox 269 1320 384 1386; x_wconf 91' lang='lat' dir='ltr'><strong>ipse</strong></span> <span class='ocrx_word' id='word_1_160' title='bbox 418 1317 887 1384; x_wconf 76' lang='lat' dir='ltr'><strong>concupiscentiae</strong></span> <span class='ocrx_word' id='word_1_161' title='bbox 915 1331 1126 1372; x_wconf 90' lang='lat' dir='ltr'><strong>memor</strong></span> <span class='ocrx_word' id='word_1_162' title='bbox 1162 1320 1218 1374; x_wconf 91' lang='lat' dir='ltr'><strong>in</strong></span> <span class='ocrx_word' id='word_1_163' title='bbox 1251 1336 1456 1376; x_wconf 91' lang='lat' dir='ltr'><strong>eremo.</strong></span> <span class='ocrx_word' id='word_1_164' title='bbox 1507 1324 1579 1377; x_wconf 90' lang='lat' dir='ltr'><strong>lbi</strong></span> <span class='ocrx_word' id='word_1_165' title='bbox 1608 1340 1736 1394; x_wconf 82' lang='lat' dir='ltr'><strong>ergo</strong></span> <span class='ocrx_word' id='word_1_166' title='bbox 1771 1328 1832 1382; x_wconf 78' lang='lat' dir='ltr'><strong>let</strong></span> 
     </span>
    </p>
   </div>
   <div class='ocr_carea' id='block_1_14' title="bbox 1938 1317 3490 1394">
    <p class='ocr_par' dir='ltr' id='par_1_14' title="bbox 1955 1320 3490 1394">
     <span class='ocr_line' id='line_1_14' title="bbox 1955 1320 3490 1394; baseline 0.006 -24"><span class='ocrx_word' id='word_1_167' title='bbox 1955 1333 2096 1371; x_wconf 90' lang='lat' dir='ltr'><strong>mum</strong></span> <span class='ocrx_word' id='word_1_168' title='bbox 2123 1321 2400 1380; x_wconf 77' lang='lat' dir='ltr'><strong>traximus,</strong></span> <span class='ocrx_word' id='word_1_169' title='bbox 2433 1333 2650 1371; x_wconf 84' lang='lat' dir='ltr'><strong>uxorem</strong></span> <span class='ocrx_word' id='word_1_170' title='bbox 2676 1334 2802 1373; x_wconf 88' lang='lat' dir='ltr'><strong>vero</strong></span> <span class='ocrx_word' id='word_1_171' title='bbox 2830 1320 2958 1384; x_wconf 78' lang='lat' dir='ltr'><strong>ejus,</strong></span> <span class='ocrx_word' id='word_1_172' title='bbox 2989 1337 3108 1390; x_wconf 70' lang='lat' dir='ltr'><strong>qua:</strong></span> <span class='ocrx_word' id='word_1_173' title='bbox 3133 1335 3282 1377; x_wconf 90' lang='lat' dir='ltr'><strong>retro</strong></span> <span class='ocrx_word' id='word_1_174' title='bbox 3313 1341 3490 1394; x_wconf 83' lang='lat' dir='ltr'><strong>respe-</strong></span> 
     </span>
    </p>
   </div>
   <div class='ocr_carea' id='block_1_15' title="bbox 264 1406 3490 1484">
    <p class='ocr_par' dir='ltr' id='par_1_15' title="bbox 264 1406 3490 1484">
     <span class='ocr_line' id='line_1_15' title="bbox 264 1406 3490 1484; baseline 0.002 -26"><span class='ocrx_word' id='word_1_175' title='bbox 264 1407 510 1475; x_wconf 85' lang='lat' dir='ltr'><strong>primum</strong></span> <span class='ocrx_word' id='word_1_176' title='bbox 559 1406 716 1460; x_wconf 92' lang='lat' dir='ltr'><strong>illum</strong></span> <span class='ocrx_word' id='word_1_177' title='bbox 750 1407 1011 1476; x_wconf 88' lang='lat' dir='ltr'><strong>populum</strong></span> <span class='ocrx_word' id='word_1_178' title='bbox 1047 1417 1307 1476; x_wconf 86' lang='lat' dir='ltr'><strong>tanquam</strong></span> <span class='ocrx_word' id='word_1_179' title='bbox 1354 1410 1454 1464; x_wconf 91' lang='lat' dir='ltr'><strong>Lot</strong></span> <span class='ocrx_word' id='word_1_180' title='bbox 1494 1423 1638 1466; x_wconf 90' lang='lat' dir='ltr'><strong>retro</strong></span> <span class='ocrx_word' id='word_1_181' title='bbox 1679 1417 1851 1484; x_wconf 79' lang='lat' dir='ltr'><strong>respi-</strong></span> <span class='ocrx_word' id='word_1_182' title='bbox 1952 1406 2112 1467; x_wconf 78' lang='lat' dir='ltr'><strong>xerit,</strong></span> <span class='ocrx_word' id='word_1_183' title='bbox 2143 1421 2356 1459; x_wconf 91' lang='lat' dir='ltr'><strong>carnem</strong></span> <span class='ocrx_word' id='word_1_184' title='bbox 2385 1408 2832 1474; x_wconf 88' lang='lat' dir='ltr'><strong>concupiscentiis</strong></span> <span class='ocrx_word' id='word_1_185' title='bbox 2863 1419 2915 1462; x_wconf 93' lang='lat' dir='ltr'><strong>et</strong></span> <span class='ocrx_word' id='word_1_186' title='bbox 2945 1411 3308 1478; x_wconf 80' lang='lat' dir='ltr'><strong>voluptatibus</strong></span> <span class='ocrx_word' id='word_1_187' title='bbox 3341 1416 3490 1468; x_wconf 89' lang='lat' dir='ltr'><strong>dedi-</strong></span> 
     </span>
    </p>
   </div>
   <div class='ocr_carea' id='block_1_16' title="bbox 263 1493 1832 1566">
    <p class='ocr_par' dir='ltr' id='par_1_16' title="bbox 263 1498 1832 1566">
     <span class='ocr_line' id='line_1_16' title="bbox 263 1498 1832 1566; baseline 0.008 -18"><span class='ocrx_word' id='word_1_188' title='bbox 263 1500 504 1550; x_wconf 89' lang='lat' dir='ltr'><strong>eientem</strong></span> <span class='ocrx_word' id='word_1_189' title='bbox 539 1498 802 1563; x_wconf 84' lang='lat' dir='ltr'><strong>perdidit,</strong></span> <span class='ocrx_word' id='word_1_190' title='bbox 840 1513 904 1552; x_wconf 87' lang='lat' dir='ltr'><strong>ac</strong></span> <span class='ocrx_word' id='word_1_191' title='bbox 939 1498 1159 1566; x_wconf 82' lang='lat' dir='ltr'><strong>reliquit</strong></span> <span class='ocrx_word' id='word_1_192' title='bbox 1192 1515 1436 1554; x_wconf 92' lang='lat' dir='ltr'><strong>uxorem.</strong></span> <span class='ocrx_word' id='word_1_193' title='bbox 1475 1502 1598 1556; x_wconf 90' lang='lat' dir='ltr'><strong>Inde</strong></span> <span class='ocrx_word' id='word_1_194' title='bbox 1628 1507 1832 1560; x_wconf 76' lang='lat' dir='ltr'><strong>venient</strong></span> 
     </span>
    </p>
   </div>
   <div class='ocr_carea' id='block_1_17' title="bbox 1938 1493 3488 1566">
    <p class='ocr_par' dir='ltr' id='par_1_17' title="bbox 1949 1493 3488 1566">
     <span class='ocr_line' id='line_1_17' title="bbox 1949 1493 3488 1566; baseline 0.005 -20"><span class='ocrx_word' id='word_1_195' title='bbox 1949 1501 2052 1546; x_wconf 91' lang='lat' dir='ltr'><strong>tam</strong></span> <span class='ocrx_word' id='word_1_196' title='bbox 2081 1493 2332 1557; x_wconf 82' lang='lat' dir='ltr'><strong>diximus,</strong></span> <span class='ocrx_word' id='word_1_197' title='bbox 2369 1509 2472 1548; x_wconf 91' lang='lat' dir='ltr'><strong>non</strong></span> <span class='ocrx_word' id='word_1_198' title='bbox 2505 1495 2831 1565; x_wconf 89' lang='lat' dir='ltr'><strong>negligenter</strong></span> <span class='ocrx_word' id='word_1_199' title='bbox 2859 1497 2993 1560; x_wconf 72' lang='lat' dir='ltr'><strong>hmc,</strong></span> <span class='ocrx_word' id='word_1_200' title='bbox 3020 1513 3052 1551; x_wconf 92' lang='grc' dir='ltr'><strong>ο</strong></span> <span class='ocrx_word' id='word_1_201' title='bbox 3077 1503 3311 1566; x_wconf 85' lang='lat' dir='ltr'><strong>auditor,</strong></span> <span class='ocrx_word' id='word_1_202' title='bbox 3341 1504 3488 1555; x_wconf 72' lang='lat' dir='ltr'><strong>exci-</strong></span> 
     </span>
    </p>
   </div>
   <div class='ocr_carea' id='block_1_18' title="bbox 262 1582 3488 1654">
    <p class='ocr_par' dir='ltr' id='par_1_18' title="bbox 262 1582 3488 1654">
     <span class='ocr_line' id='line_1_18' title="bbox 262 1582 3488 1654; baseline 0.002 -19"><span class='ocrx_word' id='word_1_203' title='bbox 262 1582 362 1636; x_wconf 85' lang='lat' dir='ltr'><strong>Lot</strong></span> <span class='ocrx_word' id='word_1_204' title='bbox 395 1583 619 1636; x_wconf 82' lang='lat' dir='ltr'><strong>habitat</strong></span> <span class='ocrx_word' id='word_1_205' title='bbox 672 1585 729 1636; x_wconf 89' lang='lat' dir='ltr'><strong>in</strong></span> <span class='ocrx_word' id='word_1_206' title='bbox 763 1584 935 1651; x_wconf 86' lang='lat' dir='ltr'><strong>Segor</strong></span> <span class='ocrx_word' id='word_1_207' title='bbox 964 1627 978 1648; x_wconf 89' lang='lat'><strong>,</strong></span> <span class='ocrx_word' id='word_1_208' title='bbox 1012 1587 1076 1637; x_wconf 91' lang='lat' dir='ltr'><strong>de</strong></span> <span class='ocrx_word' id='word_1_209' title='bbox 1109 1602 1211 1654; x_wconf 85' lang='lat' dir='ltr'><strong>qua</strong></span> <span class='ocrx_word' id='word_1_210' title='bbox 1245 1589 1374 1641; x_wconf 84' lang='lat' dir='ltr'><strong>dicit</strong></span> <span class='ocrx_word' id='word_1_211' title='bbox 1398 1589 1471 1641; x_wconf 80' lang='lat' dir='ltr'><strong>“z</strong></span> <span class='ocrx_word' id='word_1_212' title='bbox 1504 1588 1694 1644; x_wconf 79' lang='lat' dir='ltr'><strong>Civitas</strong></span> <span class='ocrx_word' id='word_1_213' title='bbox 1738 1595 1849 1646; x_wconf 74' lang='grc' dir='ltr'>Ιιιεσ</span> <span class='ocrx_word' id='word_1_214' title='bbox 1949 1585 2080 1650; x_wconf 89' lang='lat' dir='ltr'><strong>pias.</strong></span> <span class='ocrx_word' id='word_1_215' title='bbox 2112 1583 2406 1637; x_wconf 81' lang='lat' dir='ltr'><strong>Observare</strong></span> <span class='ocrx_word' id='word_1_216' title='bbox 2449 1584 2592 1636; x_wconf 92' lang='lat' dir='ltr'><strong>enim</strong></span> <span class='ocrx_word' id='word_1_217' title='bbox 2623 1586 2787 1639; x_wconf 85' lang='lat' dir='ltr'><strong>debes</strong></span> <span class='ocrx_word' id='word_1_218' title='bbox 2816 1601 2882 1640; x_wconf 91' lang='lat' dir='ltr'><strong>ne</strong></span> <span class='ocrx_word' id='word_1_219' title='bbox 2912 1587 3046 1641; x_wconf 79' lang='lat' dir='ltr'><strong>forte</strong></span> <span class='ocrx_word' id='word_1_220' title='bbox 3075 1590 3237 1647; x_wconf 87' lang='lat' dir='ltr'><strong>etiam</strong></span> <span class='ocrx_word' id='word_1_221' title='bbox 3259 1606 3377 1642; x_wconf 88' lang='lat' dir='ltr'><strong>cum</strong></span> <span class='ocrx_word' id='word_1_222' title='bbox 3409 1593 3488 1643; x_wconf 79' lang='lat' dir='ltr'><strong>ef-</strong></span> 
     </span>
    </p>
   </div>
   <div class='ocr_carea' id='block_1_19' title="bbox 259 1670 3487 1744">
    <p class='ocr_par' dir='ltr' id='par_1_19' title="bbox 259 1670 3487 1744">
     <span class='ocr_line' id='line_1_19' title="bbox 259 1670 3487 1744; baseline 0.004 -22"><span class='ocrx_word' id='word_1_223' title='bbox 259 1671 484 1739; x_wconf 78' lang='lat' dir='ltr'><strong>pusilla,</strong></span> <span class='ocrx_word' id='word_1_224' title='bbox 518 1682 570 1723; x_wconf 84' lang='lat' dir='ltr'><strong>et</strong></span> <span class='ocrx_word' id='word_1_225' title='bbox 609 1672 913 1724; x_wconf 80' lang='lat' dir='ltr'><strong>salvabitur</strong></span> <span class='ocrx_word' id='word_1_226' title='bbox 946 1673 1127 1724; x_wconf 79' lang='lat' dir='ltr'><strong>anima</strong></span> <span class='ocrx_word' id='word_1_227' title='bbox 1163 1689 1276 1725; x_wconf 86' lang='lat' dir='ltr'><strong>mea</strong></span> <span class='ocrx_word' id='word_1_228' title='bbox 1307 1675 1359 1726; x_wconf 85' lang='lat' dir='ltr'><strong>in</strong></span> <span class='ocrx_word' id='word_1_229' title='bbox 1391 1675 1522 1742; x_wconf 84' lang='lat' dir='ltr'><strong>ipsa,</strong></span> <span class='ocrx_word' id='word_1_230' title='bbox 1559 1684 1606 1728; x_wconf 87' lang='lat' dir='ltr'><strong>et</strong></span> <span class='ocrx_word' id='word_1_231' title='bbox 1646 1693 1746 1730; x_wconf 82' lang='grc' dir='ltr'><strong>ηοη</strong></span> <span class='ocrx_word' id='word_1_232' title='bbox 1771 1687 1844 1730; x_wconf 76' lang='grc' dir='ltr'><strong>εει</strong></span> <span class='ocrx_word' id='word_1_233' title='bbox 1883 1731 1919 1744; x_wconf 51' lang='lat' dir='ltr'><strong>n</strong></span> <span class='ocrx_word' id='word_1_234' title='bbox 1950 1670 2150 1737; x_wconf 76' lang='lat' dir='ltr'><strong>fugeris</strong></span> <span class='ocrx_word' id='word_1_235' title='bbox 2175 1670 2413 1724; x_wconf 83' lang='lat' dir='ltr'><strong>ﬂammas</strong></span> <span class='ocrx_word' id='word_1_236' title='bbox 2450 1673 2714 1738; x_wconf 69' lang='lat' dir='ltr'><strong>smcnli,et</strong></span> <span class='ocrx_word' id='word_1_237' title='bbox 2748 1676 2988 1728; x_wconf 87' lang='lat' dir='ltr'><strong>incendia</strong></span> <span class='ocrx_word' id='word_1_238' title='bbox 3018 1678 3196 1730; x_wconf 90' lang='lat' dir='ltr'><strong>carnis</strong></span> <span class='ocrx_word' id='word_1_239' title='bbox 3226 1682 3487 1744; x_wconf 82' lang='lat' dir='ltr'><strong>evaseris,</strong></span> 
     </span>
    </p>
   </div>
   <div class='ocr_carea' id='block_1_20' title="bbox 259 1759 3484 1832">
    <p class='ocr_par' dir='ltr' id='par_1_20' title="bbox 259 1759 3484 1832">
     <span class='ocr_line' id='line_1_20' title="bbox 259 1759 3484 1832; baseline 0.003 -20"><span class='ocrx_word' id='word_1_240' title='bbox 259 1761 454 1828; x_wconf 78' lang='lat' dir='ltr'><strong>pusilla</strong></span> <span class='ocrx_word' id='word_1_241' title='bbox 481 1761 510 1812; x_wconf 71' lang='grc'><strong><em>7</em></strong></span> <span class='ocrx_word' id='word_1_242' title='bbox 541 1759 681 1826; x_wconf 65' lang='lat' dir='ltr'><strong>Quae</strong></span> <span class='ocrx_word' id='word_1_243' title='bbox 708 1775 841 1827; x_wconf 88' lang='lat' dir='ltr'><strong>ergo</strong></span> <span class='ocrx_word' id='word_1_244' title='bbox 869 1769 977 1824; x_wconf 86' lang='lat' dir='ltr'><strong>est,</strong></span> <span class='ocrx_word' id='word_1_245' title='bbox 1008 1769 1268 1828; x_wconf 89' lang='lat' dir='ltr'><strong>quantum</strong></span> <span class='ocrx_word' id='word_1_246' title='bbox 1297 1762 1362 1814; x_wconf 91' lang='lat' dir='ltr'><strong>ad</strong></span> <span class='ocrx_word' id='word_1_247' title='bbox 1392 1761 1554 1828; x_wconf 88' lang='lat' dir='ltr'><strong>legem</strong></span> <span class='ocrx_word' id='word_1_248' title='bbox 1578 1765 1846 1830; x_wconf 91' lang='lat' dir='ltr'><strong>pertinet,</strong></span> <span class='ocrx_word' id='word_1_249' title='bbox 1878 1759 1920 1784; x_wconf 80' lang='grc' dir='ltr'><strong><em>υ</em></strong></span> <span class='ocrx_word' id='word_1_250' title='bbox 1948 1760 2106 1811; x_wconf 89' lang='lat' dir='ltr'><strong>etiam</strong></span> <span class='ocrx_word' id='word_1_251' title='bbox 2139 1773 2258 1813; x_wconf 91' lang='lat' dir='ltr'><strong>cum</strong></span> <span class='ocrx_word' id='word_1_252' title='bbox 2289 1760 2530 1828; x_wconf 91' lang='lat' dir='ltr'><strong>pusillam</strong></span> <span class='ocrx_word' id='word_1_253' title='bbox 2569 1771 2624 1815; x_wconf 90' lang='lat' dir='ltr'><strong>et</strong></span> <span class='ocrx_word' id='word_1_254' title='bbox 2656 1777 2761 1816; x_wconf 90' lang='lat' dir='ltr'><strong>non</strong></span> <span class='ocrx_word' id='word_1_255' title='bbox 2806 1765 3053 1832; x_wconf 87' lang='lat' dir='ltr'><strong>pusillam</strong></span> <span class='ocrx_word' id='word_1_256' title='bbox 3084 1769 3352 1822; x_wconf 90' lang='lat' dir='ltr'><strong>civitatem</strong></span> <span class='ocrx_word' id='word_1_257' title='bbox 3386 1771 3484 1824; x_wconf 82' lang='lat' dir='ltr'><strong>Se-</strong></span> 
     </span>
    </p>
   </div>
   <div class='ocr_carea' id='block_1_21' title="bbox 262 1847 3485 1923">
    <p class='ocr_par' dir='ltr' id='par_1_21' title="bbox 262 1847 3485 1923">
     <span class='ocr_line' id='line_1_21' title="bbox 262 1847 3485 1923; baseline 0.003 -22"><span class='ocrx_word' id='word_1_258' title='bbox 262 1849 458 1902; x_wconf 84' lang='lat' dir='ltr'><strong>eivitas</strong></span> <span class='ocrx_word' id='word_1_259' title='bbox 491 1848 708 1916; x_wconf 85' lang='lat' dir='ltr'><strong>pusilla</strong></span> <span class='ocrx_word' id='word_1_260' title='bbox 743 1855 802 1900; x_wconf 91' lang='lat' dir='ltr'><strong>et</strong></span> <span class='ocrx_word' id='word_1_261' title='bbox 851 1862 959 1900; x_wconf 91' lang='lat' dir='ltr'><strong>non</strong></span> <span class='ocrx_word' id='word_1_262' title='bbox 1004 1847 1194 1916; x_wconf 81' lang='lat' dir='ltr'><strong>pusilla</strong></span> <span class='ocrx_word' id='word_1_263' title='bbox 1215 1887 1230 1908; x_wconf 89' lang='lat'><strong>,</strong></span> <span class='ocrx_word' id='word_1_264' title='bbox 1260 1847 1558 1902; x_wconf 82' lang='lat' dir='ltr'><strong>videamus.</strong></span> <span class='ocrx_word' id='word_1_265' title='bbox 1587 1849 1788 1903; x_wconf 86' lang='lat' dir='ltr'><strong>Civitas</strong></span> <span class='ocrx_word' id='word_1_266' title='bbox 1818 1867 1846 1904; x_wconf 90' lang='lat' dir='ltr'><strong>a</strong></span> <span class='ocrx_word' id='word_1_267' title='bbox 1948 1862 2064 1916; x_wconf 88' lang='lat' dir='ltr'><strong>gor,</strong></span> <span class='ocrx_word' id='word_1_268' title='bbox 2093 1849 2180 1914; x_wconf 90' lang='lat' dir='ltr'><strong>qui</strong></span> <span class='ocrx_word' id='word_1_269' title='bbox 2209 1857 2284 1902; x_wconf 90' lang='lat' dir='ltr'><strong>est</strong></span> <span class='ocrx_word' id='word_1_270' title='bbox 2313 1851 2519 1904; x_wconf 90' lang='lat' dir='ltr'><strong>medius</strong></span> <span class='ocrx_word' id='word_1_271' title='bbox 2547 1852 2764 1918; x_wconf 89' lang='lat' dir='ltr'><strong>quidam</strong></span> <span class='ocrx_word' id='word_1_272' title='bbox 2794 1862 2847 1905; x_wconf 92' lang='lat' dir='ltr'><strong>et</strong></span> <span class='ocrx_word' id='word_1_273' title='bbox 2872 1854 3044 1908; x_wconf 84' lang='lat' dir='ltr'><strong>civilis</strong></span> <span class='ocrx_word' id='word_1_274' title='bbox 3075 1856 3366 1923; x_wconf 76' lang='lat' dir='ltr'><strong>proiectus,</strong></span> <span class='ocrx_word' id='word_1_275' title='bbox 3397 1875 3485 1911; x_wconf 84' lang='lat' dir='ltr'><strong>su-</strong></span> 
     </span>
    </p>
   </div>
   <div class='ocr_carea' id='block_1_22' title="bbox 262 1937 3484 2016">
    <p class='ocr_par' dir='ltr' id='par_1_22' title="bbox 262 1937 3484 2016">
     <span class='ocr_line' id='line_1_22' title="bbox 262 1937 3484 2016; baseline 0.002 -22"><span class='ocrx_word' id='word_1_276' title='bbox 262 1939 698 1994; x_wconf 84' lang='lat' dir='ltr'><strong>conversatione</strong></span> <span class='ocrx_word' id='word_1_277' title='bbox 725 1937 1025 1990; x_wconf 87' lang='lat' dir='ltr'><strong>multorum</strong></span> <span class='ocrx_word' id='word_1_278' title='bbox 1051 1939 1193 1991; x_wconf 90' lang='lat' dir='ltr'><strong>dicta</strong></span> <span class='ocrx_word' id='word_1_279' title='bbox 1224 1945 1326 2000; x_wconf 90' lang='lat' dir='ltr'><strong>est,</strong></span> <span class='ocrx_word' id='word_1_280' title='bbox 1356 1953 1449 2005; x_wconf 92' lang='lat' dir='ltr'><strong>pro</strong></span> <span class='ocrx_word' id='word_1_281' title='bbox 1475 1953 1540 1993; x_wconf 89' lang='lat' dir='ltr'><strong>eo</strong></span> <span class='ocrx_word' id='word_1_282' title='bbox 1569 1941 1706 2007; x_wconf 88' lang='lat' dir='ltr'><strong>quod</strong></span> <span class='ocrx_word' id='word_1_283' title='bbox 1735 1941 1850 2007; x_wconf 86' lang='lat' dir='ltr'><strong>plu-</strong></span> <span class='ocrx_word' id='word_1_284' title='bbox 1944 1939 2232 2005; x_wconf 87' lang='lat' dir='ltr'><strong>peraveris,</strong></span> <span class='ocrx_word' id='word_1_285' title='bbox 2260 1948 2314 1992; x_wconf 90' lang='lat' dir='ltr'><strong>et</strong></span> <span class='ocrx_word' id='word_1_286' title='bbox 2343 1942 2406 1993; x_wconf 89' lang='lat' dir='ltr'><strong>ad</strong></span> <span class='ocrx_word' id='word_1_287' title='bbox 2434 1941 2668 1994; x_wconf 70' lang='lat' dir='ltr'><strong>scientiae</strong></span> <span class='ocrx_word' id='word_1_288' title='bbox 2692 1943 3053 2008; x_wconf 80' lang='lat' dir='ltr'><strong>altitudinem,</strong></span> <span class='ocrx_word' id='word_1_289' title='bbox 3083 1947 3223 1999; x_wconf 89' lang='lat' dir='ltr'><strong>velut</strong></span> <span class='ocrx_word' id='word_1_290' title='bbox 3251 1949 3315 2001; x_wconf 86' lang='lat' dir='ltr'><strong>ad</strong></span> <span class='ocrx_word' id='word_1_291' title='bbox 3341 1965 3484 2016; x_wconf 80' lang='lat' dir='ltr'><strong>quae-</strong></span> 
     </span>
    </p>
   </div>
   <div class='ocr_carea' id='block_1_23' title="bbox 266 2026 3484 2094">
    <p class='ocr_par' dir='ltr' id='par_1_23' title="bbox 266 2026 3484 2094">
     <span class='ocr_line' id='line_1_23' title="bbox 266 2026 3484 2094; baseline 0.004 -13"><span class='ocrx_word' id='word_1_292' title='bbox 266 2029 527 2081; x_wconf 85' lang='lat' dir='ltr'><strong>rimorum</strong></span> <span class='ocrx_word' id='word_1_293' title='bbox 562 2027 623 2079; x_wconf 91' lang='lat' dir='ltr'><strong>in</strong></span> <span class='ocrx_word' id='word_1_294' title='bbox 655 2040 828 2079; x_wconf 87' lang='lat' dir='ltr'><strong>unum</strong></span> <span class='ocrx_word' id='word_1_295' title='bbox 864 2026 1167 2078; x_wconf 85' lang='lat' dir='ltr'><strong>constituat</strong></span> <span class='ocrx_word' id='word_1_296' title='bbox 1197 2033 1254 2078; x_wconf 90' lang='lat' dir='ltr'><strong>et</strong></span> <span class='ocrx_word' id='word_1_297' title='bbox 1287 2027 1561 2079; x_wconf 89' lang='lat' dir='ltr'><strong>contineat</strong></span> <span class='ocrx_word' id='word_1_298' title='bbox 1593 2029 1751 2081; x_wconf 86' lang='lat' dir='ltr'><strong>vitas.</strong></span> <span class='ocrx_word' id='word_1_299' title='bbox 1785 2028 1845 2082; x_wconf 84' lang='lat' dir='ltr'><strong>lli</strong></span> <span class='ocrx_word' id='word_1_300' title='bbox 1946 2033 2064 2085; x_wconf 88' lang='lat' dir='ltr'><strong>dam</strong></span> <span class='ocrx_word' id='word_1_301' title='bbox 2089 2033 2364 2086; x_wconf 87' lang='lat' dir='ltr'><strong>cacumina</strong></span> <span class='ocrx_word' id='word_1_302' title='bbox 2397 2035 2592 2087; x_wconf 88' lang='lat' dir='ltr'><strong>montis</strong></span> <span class='ocrx_word' id='word_1_303' title='bbox 2621 2037 2958 2091; x_wconf 89' lang='lat' dir='ltr'><strong>ascenderis:</strong></span> <span class='ocrx_word' id='word_1_304' title='bbox 2989 2038 3108 2092; x_wconf 85' lang='lat' dir='ltr'><strong>vide</strong></span> <span class='ocrx_word' id='word_1_305' title='bbox 3138 2054 3204 2093; x_wconf 91' lang='lat' dir='ltr'><strong>ne</strong></span> <span class='ocrx_word' id='word_1_306' title='bbox 3229 2040 3319 2092; x_wconf 92' lang='lat' dir='ltr'><strong>tihi</strong></span> <span class='ocrx_word' id='word_1_307' title='bbox 3351 2041 3484 2094; x_wconf 91' lang='lat' dir='ltr'><strong>insi-</strong></span> 
     </span>
    </p>
   </div>
   <div class='ocr_carea' id='block_1_24' title="bbox 265 2112 3483 2192">
    <p class='ocr_par' dir='ltr' id='par_1_24' title="bbox 265 2112 3483 2192">
     <span class='ocr_line' id='line_1_24' title="bbox 265 2112 3483 2192; baseline 0.005 -25"><span class='ocrx_word' id='word_1_308' title='bbox 265 2129 389 2182; x_wconf 87' lang='lat' dir='ltr'><strong>ergo</strong></span> <span class='ocrx_word' id='word_1_309' title='bbox 417 2115 512 2181; x_wconf 85' lang='lat' dir='ltr'><strong>qui</strong></span> <span class='ocrx_word' id='word_1_310' title='bbox 551 2114 613 2166; x_wconf 89' lang='lat' dir='ltr'><strong>iu</strong></span> <span class='ocrx_word' id='word_1_311' title='bbox 650 2112 769 2181; x_wconf 86' lang='lat' dir='ltr'><strong>lege</strong></span> <span class='ocrx_word' id='word_1_312' title='bbox 805 2123 1235 2177; x_wconf 85' lang='lat' dir='ltr'><strong>conversantur,</strong></span> <span class='ocrx_word' id='word_1_313' title='bbox 1285 2113 1523 2180; x_wconf 86' lang='lat' dir='ltr'><strong>pusillam</strong></span> <span class='ocrx_word' id='word_1_314' title='bbox 1554 2114 1748 2168; x_wconf 82' lang='lat' dir='ltr'><strong>habent</strong></span> <span class='ocrx_word' id='word_1_315' title='bbox 1793 2124 1848 2170; x_wconf 88' lang='lat' dir='ltr'><strong>et</strong></span> <span class='ocrx_word' id='word_1_316' title='bbox 1951 2119 2162 2172; x_wconf 91' lang='lat' dir='ltr'><strong>dientnr</strong></span> <span class='ocrx_word' id='word_1_317' title='bbox 2193 2121 2310 2174; x_wconf 74' lang='lat' dir='ltr'><strong>dua:</strong></span> <span class='ocrx_word' id='word_1_318' title='bbox 2336 2122 2454 2175; x_wconf 72' lang='lat' dir='ltr'><strong>ﬁlia:</strong></span> <span class='ocrx_word' id='word_1_319' title='bbox 2481 2123 2613 2186; x_wconf 71' lang='lat' dir='ltr'><strong>istae,</strong></span> <span class='ocrx_word' id='word_1_320' title='bbox 2643 2139 2758 2191; x_wconf 74' lang='lat' dir='ltr'><strong>qute</strong></span> <span class='ocrx_word' id='word_1_321' title='bbox 2795 2139 2824 2178; x_wconf 92' lang='lat' dir='ltr'><strong>a</strong></span> <span class='ocrx_word' id='word_1_322' title='bbox 2854 2134 2904 2179; x_wconf 91' lang='lat' dir='ltr'><strong>te</strong></span> <span class='ocrx_word' id='word_1_323' title='bbox 2931 2141 3032 2180; x_wconf 92' lang='lat' dir='ltr'><strong>non</strong></span> <span class='ocrx_word' id='word_1_324' title='bbox 3065 2128 3360 2192; x_wconf 90' lang='lat' dir='ltr'><strong>discedunt,</strong></span> <span class='ocrx_word' id='word_1_325' title='bbox 3391 2131 3483 2183; x_wconf 91' lang='lat' dir='ltr'><strong>sed</strong></span> 
     </span>
    </p>
   </div>
   <div class='ocr_carea' id='block_1_25' title="bbox 268 2201 3484 2277">
    <p class='ocr_par' dir='ltr' id='par_1_25' title="bbox 268 2201 3484 2277">
     <span class='ocr_line' id='line_1_25' title="bbox 268 2201 3484 2277; baseline 0.004 -21"><span class='ocrx_word' id='word_1_326' title='bbox 268 2219 480 2272; x_wconf 81' lang='lat' dir='ltr'><strong>parvam</strong></span> <span class='ocrx_word' id='word_1_327' title='bbox 514 2201 1011 2257; x_wconf 83' lang='lat' dir='ltr'><strong>conversationem</strong></span> <span class='ocrx_word' id='word_1_328' title='bbox 1035 2241 1051 2266; x_wconf 92' lang='lat'><strong>,</strong></span> <span class='ocrx_word' id='word_1_329' title='bbox 1097 2201 1333 2268; x_wconf 88' lang='lat' dir='ltr'><strong>qnandiu</strong></span> <span class='ocrx_word' id='word_1_330' title='bbox 1374 2202 1664 2254; x_wconf 85' lang='lat' dir='ltr'><strong>secundum</strong></span> <span class='ocrx_word' id='word_1_331' title='bbox 1702 2201 1843 2256; x_wconf 88' lang='lat' dir='ltr'><strong>litte-</strong></span> <span class='ocrx_word' id='word_1_332' title='bbox 1944 2219 2236 2275; x_wconf 86' lang='lat' dir='ltr'><strong>sequuntur</strong></span> <span class='ocrx_word' id='word_1_333' title='bbox 2257 2218 2309 2262; x_wconf 89' lang='lat' dir='ltr'><strong>te</strong></span> <span class='ocrx_word' id='word_1_334' title='bbox 2337 2211 2495 2264; x_wconf 89' lang='lat' dir='ltr'><strong>etiam</strong></span> <span class='ocrx_word' id='word_1_335' title='bbox 2518 2226 2637 2263; x_wconf 90' lang='lat' dir='ltr'><strong>cum</strong></span> <span class='ocrx_word' id='word_1_336' title='bbox 2663 2213 2910 2266; x_wconf 87' lang='lat' dir='ltr'><strong>ascendis</strong></span> <span class='ocrx_word' id='word_1_337' title='bbox 2947 2214 2997 2266; x_wconf 92' lang='lat' dir='ltr'><strong>in</strong></span> <span class='ocrx_word' id='word_1_338' title='bbox 3037 2223 3292 2277; x_wconf 90' lang='lat' dir='ltr'><strong>montem,</strong></span> <span class='ocrx_word' id='word_1_339' title='bbox 3324 2217 3374 2268; x_wconf 89' lang='lat' dir='ltr'><strong>id</strong></span> <span class='ocrx_word' id='word_1_340' title='bbox 3403 2227 3484 2270; x_wconf 87' lang='lat' dir='ltr'><strong>est</strong></span> 
     </span>
    </p>
   </div>
   <div class='ocr_carea' id='block_1_26' title="bbox 269 2290 3485 2370">
    <p class='ocr_par' dir='ltr' id='par_1_26' title="bbox 269 2290 3485 2370">
     <span class='ocr_line' id='line_1_26' title="bbox 269 2290 3485 2370; baseline 0.004 -26"><span class='ocrx_word' id='word_1_341' title='bbox 269 2309 378 2346; x_wconf 84' lang='lat' dir='ltr'><strong>ram</strong></span> <span class='ocrx_word' id='word_1_342' title='bbox 409 2293 737 2362; x_wconf 86' lang='lat' dir='ltr'><strong>intelligunt</strong></span> <span class='ocrx_word' id='word_1_343' title='bbox 772 2291 970 2360; x_wconf 85' lang='lat' dir='ltr'><strong>legem.</strong></span> <span class='ocrx_word' id='word_1_344' title='bbox 1012 2290 1156 2343; x_wconf 77' lang='lat' dir='ltr'><strong>Nihil</strong></span> <span class='ocrx_word' id='word_1_345' title='bbox 1189 2291 1328 2344; x_wconf 90' lang='lat' dir='ltr'><strong>enim</strong></span> <span class='ocrx_word' id='word_1_346' title='bbox 1365 2292 1562 2358; x_wconf 84' lang='lat' dir='ltr'><strong>grande</strong></span> <span class='ocrx_word' id='word_1_347' title='bbox 1592 2301 1694 2352; x_wconf 89' lang='lat' dir='ltr'><strong>est,</strong></span> <span class='ocrx_word' id='word_1_348' title='bbox 1724 2292 1845 2346; x_wconf 82' lang='lat' dir='ltr'><strong>sab-</strong></span> <span class='ocrx_word' id='word_1_349' title='bbox 1942 2314 2075 2350; x_wconf 83' lang='lat' dir='ltr'><strong>vana</strong></span> <span class='ocrx_word' id='word_1_350' title='bbox 2109 2299 2296 2366; x_wconf 85' lang='lat' dir='ltr'><strong>gloria,</strong></span> <span class='ocrx_word' id='word_1_351' title='bbox 2337 2311 2390 2350; x_wconf 90' lang='lat' dir='ltr'><strong>et</strong></span> <span class='ocrx_word' id='word_1_352' title='bbox 2425 2300 2592 2366; x_wconf 88' lang='lat' dir='ltr'><strong>major</strong></span> <span class='ocrx_word' id='word_1_353' title='bbox 2627 2315 2780 2353; x_wconf 89' lang='lat' dir='ltr'><strong>soror</strong></span> <span class='ocrx_word' id='word_1_354' title='bbox 2809 2302 2923 2370; x_wconf 86' lang='lat' dir='ltr'><strong>ejus</strong></span> <span class='ocrx_word' id='word_1_355' title='bbox 2955 2303 3226 2370; x_wconf 90' lang='lat' dir='ltr'><strong>superbia.</strong></span> <span class='ocrx_word' id='word_1_356' title='bbox 3256 2304 3384 2357; x_wconf 82' lang='lat' dir='ltr'><strong>Vide</strong></span> <span class='ocrx_word' id='word_1_357' title='bbox 3418 2320 3485 2357; x_wconf 87' lang='lat' dir='ltr'><strong>ne</strong></span> 
     </span>
    </p>
   </div>
   <div class='ocr_carea' id='block_1_27' title="bbox 271 2380 3482 2455">
    <p class='ocr_par' dir='ltr' id='par_1_27' title="bbox 271 2380 3482 2455">
     <span class='ocr_line' id='line_1_27' title="bbox 271 2380 3482 2455; baseline 0.003 -20"><span class='ocrx_word' id='word_1_358' title='bbox 271 2383 384 2435; x_wconf 71' lang='lat' dir='ltr'><strong>bats</strong></span> <span class='ocrx_word' id='word_1_359' title='bbox 409 2423 424 2447; x_wconf 96' lang='lat'><strong>,</strong></span> <span class='ocrx_word' id='word_1_360' title='bbox 453 2391 507 2436; x_wconf 90' lang='lat' dir='ltr'><strong>et</strong></span> <span class='ocrx_word' id='word_1_361' title='bbox 541 2382 886 2436; x_wconf 83' lang='lat' dir='ltr'><strong>neomenias</strong></span> <span class='ocrx_word' id='word_1_362' title='bbox 916 2418 932 2444; x_wconf 91' lang='lat'><strong>,</strong></span> <span class='ocrx_word' id='word_1_363' title='bbox 966 2387 1022 2432; x_wconf 90' lang='lat' dir='ltr'><strong>et</strong></span> <span class='ocrx_word' id='word_1_364' title='bbox 1053 2380 1514 2434; x_wconf 87' lang='lat' dir='ltr'><strong>circumcisiouem</strong></span> <span class='ocrx_word' id='word_1_365' title='bbox 1545 2381 1758 2445; x_wconf 82' lang='lat' dir='ltr'><strong>carnis,</strong></span> <span class='ocrx_word' id='word_1_366' title='bbox 1793 2391 1845 2436; x_wconf 90' lang='lat' dir='ltr'><strong>et</strong></span> <span class='ocrx_word' id='word_1_367' title='bbox 1943 2386 2056 2439; x_wconf 63' lang='lat' dir='ltr'><strong>ista:</strong></span> <span class='ocrx_word' id='word_1_368' title='bbox 2090 2387 2207 2438; x_wconf 69' lang='lat' dir='ltr'><strong>ﬁlia:</strong></span> <span class='ocrx_word' id='word_1_369' title='bbox 2243 2397 2292 2439; x_wconf 91' lang='lat' dir='ltr'><strong>te</strong></span> <span class='ocrx_word' id='word_1_370' title='bbox 2331 2389 2557 2455; x_wconf 85' lang='lat' dir='ltr'><strong>sopitum</strong></span> <span class='ocrx_word' id='word_1_371' title='bbox 2602 2404 2664 2442; x_wconf 86' lang='lat' dir='ltr'><strong>ac</strong></span> <span class='ocrx_word' id='word_1_372' title='bbox 2695 2389 3074 2454; x_wconf 88' lang='lat' dir='ltr'><strong>dormientem,</strong></span> <span class='ocrx_word' id='word_1_373' title='bbox 3102 2392 3225 2444; x_wconf 90' lang='lat' dir='ltr'><strong>dum</strong></span> <span class='ocrx_word' id='word_1_374' title='bbox 3256 2394 3348 2445; x_wconf 88' lang='lat' dir='ltr'><strong>tibi</strong></span> <span class='ocrx_word' id='word_1_375' title='bbox 3385 2409 3482 2446; x_wconf 91' lang='lat' dir='ltr'><strong>nec</strong></span> 
     </span>
    </p>
   </div>
   <div class='ocr_carea' id='block_1_28' title="bbox 270 2472 3485 2548">
    <p class='ocr_par' dir='ltr' id='par_1_28' title="bbox 270 2472 3485 2548">
     <span class='ocr_line' id='line_1_28' title="bbox 270 2472 3485 2548; baseline 0.002 -19"><span class='ocrx_word' id='word_1_376' title='bbox 270 2476 509 2530; x_wconf 85' lang='lat' dir='ltr'><strong>ciborum</strong></span> <span class='ocrx_word' id='word_1_377' title='bbox 540 2474 944 2528; x_wconf 83' lang='lat' dir='ltr'><strong>distinctiones</strong></span> <span class='ocrx_word' id='word_1_378' title='bbox 973 2472 1266 2527; x_wconf 87' lang='lat' dir='ltr'><strong>carnaliter</strong></span> <span class='ocrx_word' id='word_1_379' title='bbox 1294 2473 1596 2526; x_wconf 88' lang='lat' dir='ltr'><strong>observare.</strong></span> <span class='ocrx_word' id='word_1_380' title='bbox 1629 2472 1684 2526; x_wconf 90' lang='lat' dir='ltr'><strong>Si</strong></span> <span class='ocrx_word' id='word_1_381' title='bbox 1715 2488 1842 2528; x_wconf 88' lang='lat' dir='ltr'><strong>vero</strong></span> <span class='ocrx_word' id='word_1_382' title='bbox 1941 2477 2138 2530; x_wconf 83' lang='lat' dir='ltr'><strong>sentire</strong></span> <span class='ocrx_word' id='word_1_383' title='bbox 2183 2493 2279 2530; x_wconf 91' lang='lat' dir='ltr'><strong>nec</strong></span> <span class='ocrx_word' id='word_1_384' title='bbox 2331 2479 2628 2546; x_wconf 87' lang='lat' dir='ltr'><strong>intelligere</strong></span> <span class='ocrx_word' id='word_1_385' title='bbox 2663 2479 2858 2532; x_wconf 90' lang='lat' dir='ltr'><strong>videris</strong></span> <span class='ocrx_word' id='word_1_386' title='bbox 2890 2517 2904 2542; x_wconf 91' lang='lat'><strong>,</strong></span> <span class='ocrx_word' id='word_1_387' title='bbox 2955 2480 3322 2548; x_wconf 83' lang='lat' dir='ltr'><strong>complexibus</strong></span> <span class='ocrx_word' id='word_1_388' title='bbox 3370 2485 3485 2536; x_wconf 88' lang='lat' dir='ltr'><strong>suis</strong></span> 
     </span>
    </p>
   </div>
   <div class='ocr_carea' id='block_1_29' title="bbox 273 2561 3484 2634">
    <p class='ocr_par' dir='ltr' id='par_1_29' title="bbox 273 2561 3484 2634">
     <span class='ocr_line' id='line_1_29' title="bbox 273 2561 3484 2634; baseline 0 -14"><span class='ocrx_word' id='word_1_389' title='bbox 273 2567 582 2633; x_wconf 80' lang='lat' dir='ltr'><strong>spiritaliter</strong></span> <span class='ocrx_word' id='word_1_390' title='bbox 621 2564 940 2632; x_wconf 87' lang='lat' dir='ltr'><strong>intelligere</strong></span> <span class='ocrx_word' id='word_1_391' title='bbox 969 2563 1092 2629; x_wconf 88' lang='lat' dir='ltr'><strong>quis</strong></span> <span class='ocrx_word' id='word_1_392' title='bbox 1133 2561 1385 2627; x_wconf 65' lang='lat' dir='ltr'><strong>cmperit,</strong></span> <span class='ocrx_word' id='word_1_393' title='bbox 1436 2562 1560 2629; x_wconf 74' lang='lat' dir='ltr'><strong>ipsa:</strong></span> <span class='ocrx_word' id='word_1_394' title='bbox 1609 2562 1712 2616; x_wconf 61' lang='lat' dir='ltr'><strong>illa;</strong></span> <span class='ocrx_word' id='word_1_395' title='bbox 1743 2563 1842 2616; x_wconf 89' lang='lat' dir='ltr'><strong>ob-</strong></span> <span class='ocrx_word' id='word_1_396' title='bbox 1941 2564 2226 2632; x_wconf 86' lang='lat' dir='ltr'><strong>stringant.</strong></span> <span class='ocrx_word' id='word_1_397' title='bbox 2257 2565 2383 2629; x_wconf 69' lang='lat' dir='ltr'><strong>Quae</strong></span> <span class='ocrx_word' id='word_1_398' title='bbox 2417 2565 2616 2619; x_wconf 84' lang='lat' dir='ltr'><strong>idcirco</strong></span> <span class='ocrx_word' id='word_1_399' title='bbox 2651 2564 2770 2618; x_wconf 68' lang='lat' dir='ltr'><strong>ﬁliae</strong></span> <span class='ocrx_word' id='word_1_400' title='bbox 2798 2566 3067 2630; x_wconf 89' lang='lat' dir='ltr'><strong>dicuntur,</strong></span> <span class='ocrx_word' id='word_1_401' title='bbox 3107 2567 3229 2634; x_wconf 89' lang='lat' dir='ltr'><strong>quia</strong></span> <span class='ocrx_word' id='word_1_402' title='bbox 3261 2583 3362 2620; x_wconf 91' lang='lat' dir='ltr'><strong>non</strong></span> <span class='ocrx_word' id='word_1_403' title='bbox 3387 2583 3484 2620; x_wconf 87' lang='lat' dir='ltr'><strong>no-</strong></span> 
     </span>
    </p>
   </div>
   <div class='ocr_carea' id='block_1_30' title="bbox 277 2651 3484 2724">
    <p class='ocr_par' dir='ltr' id='par_1_30' title="bbox 277 2651 3484 2724">
     <span class='ocr_line' id='line_1_30' title="bbox 277 2651 3484 2724; baseline -0 -13"><span class='ocrx_word' id='word_1_404' title='bbox 277 2658 576 2722; x_wconf 61' lang='lat' dir='ltr'><strong>servantiae,</strong></span> <span class='ocrx_word' id='word_1_405' title='bbox 617 2671 751 2724; x_wconf 74' lang='lat' dir='ltr'><strong>qua:</strong></span> <span class='ocrx_word' id='word_1_406' title='bbox 781 2654 1084 2708; x_wconf 87' lang='lat' dir='ltr'><strong>secundum</strong></span> <span class='ocrx_word' id='word_1_407' title='bbox 1112 2651 1345 2705; x_wconf 87' lang='lat' dir='ltr'><strong>litteram</strong></span> <span class='ocrx_word' id='word_1_408' title='bbox 1377 2651 1579 2719; x_wconf 72' lang='lat' dir='ltr'><strong>pusillae</strong></span> <span class='ocrx_word' id='word_1_409' title='bbox 1607 2661 1764 2705; x_wconf 83' lang='lat' dir='ltr'><strong>erant</strong></span> <span class='ocrx_word' id='word_1_410' title='bbox 1789 2660 1843 2705; x_wconf 89' lang='lat' dir='ltr'><strong>et</strong></span> <span class='ocrx_word' id='word_1_411' title='bbox 1939 2653 2022 2706; x_wconf 91' lang='lat' dir='ltr'><strong>bis</strong></span> <span class='ocrx_word' id='word_1_412' title='bbox 2060 2653 2393 2706; x_wconf 83' lang='lat' dir='ltr'><strong>extrinsecus</strong></span> <span class='ocrx_word' id='word_1_413' title='bbox 2438 2655 2840 2720; x_wconf 90' lang='lat' dir='ltr'><strong>superveniunt,</strong></span> <span class='ocrx_word' id='word_1_414' title='bbox 2890 2656 2982 2708; x_wconf 90' lang='lat' dir='ltr'><strong>sed</strong></span> <span class='ocrx_word' id='word_1_415' title='bbox 3035 2656 3099 2708; x_wconf 91' lang='lat' dir='ltr'><strong>de</strong></span> <span class='ocrx_word' id='word_1_416' title='bbox 3131 2656 3287 2710; x_wconf 89' lang='lat' dir='ltr'><strong>nobis</strong></span> <span class='ocrx_word' id='word_1_417' title='bbox 3314 2668 3370 2709; x_wconf 91' lang='lat' dir='ltr'><strong>et</strong></span> <span class='ocrx_word' id='word_1_418' title='bbox 3417 2660 3484 2710; x_wconf 86' lang='lat' dir='ltr'><strong>de</strong></span> 
     </span>
    </p>
   </div>
   <div class='ocr_carea' id='block_1_31' title="bbox 274 2741 3480 2817">
    <p class='ocr_par' dir='ltr' id='par_1_31' title="bbox 274 2741 3480 2817">
     <span class='ocr_line' id='line_1_31' title="bbox 274 2741 3480 2817; baseline 0 -16"><span class='ocrx_word' id='word_1_419' title='bbox 274 2761 462 2815; x_wconf 66' lang='lat' dir='ltr'><strong>parvae,</strong></span> <span class='ocrx_word' id='word_1_420' title='bbox 500 2745 816 2799; x_wconf 88' lang='lat' dir='ltr'><strong>secundum</strong></span> <span class='ocrx_word' id='word_1_421' title='bbox 863 2742 1115 2809; x_wconf 89' lang='lat' dir='ltr'><strong>spiritum</strong></span> <span class='ocrx_word' id='word_1_422' title='bbox 1157 2756 1260 2794; x_wconf 83' lang='lat' dir='ltr'><strong>non</strong></span> <span class='ocrx_word' id='word_1_423' title='bbox 1303 2748 1458 2793; x_wconf 91' lang='lat' dir='ltr'><strong>erunt</strong></span> <span class='ocrx_word' id='word_1_424' title='bbox 1503 2755 1708 2809; x_wconf 67' lang='lat' dir='ltr'><strong>parvas.</strong></span> <span class='ocrx_word' id='word_1_425' title='bbox 1748 2741 1839 2794; x_wconf 88' lang='lat' dir='ltr'><strong>sed</strong></span> <span class='ocrx_word' id='word_1_426' title='bbox 1938 2756 2152 2799; x_wconf 88' lang='lat' dir='ltr'><strong>actutttn</strong></span> <span class='ocrx_word' id='word_1_427' title='bbox 2185 2754 2486 2799; x_wconf 90' lang='lat' dir='ltr'><strong>nostrorum</strong></span> <span class='ocrx_word' id='word_1_428' title='bbox 2535 2745 2918 2814; x_wconf 83' lang='lat' dir='ltr'><strong>velutqnadam</strong></span> <span class='ocrx_word' id='word_1_429' title='bbox 2956 2746 3258 2816; x_wconf 85' lang='lat' dir='ltr'><strong>integritate</strong></span> <span class='ocrx_word' id='word_1_430' title='bbox 3291 2762 3480 2817; x_wconf 86' lang='lat' dir='ltr'><strong>proce-</strong></span> 
     </span>
    </p>
   </div>
   <div class='ocr_carea' id='block_1_32' title="bbox 275 2830 3481 2906">
    <p class='ocr_par' dir='ltr' id='par_1_32' title="bbox 275 2830 3481 2906">
     <span class='ocr_line' id='line_1_32' title="bbox 275 2830 3481 2906; baseline -0 -15"><span class='ocrx_word' id='word_1_431' title='bbox 275 2853 489 2906; x_wconf 72' lang='lat' dir='ltr'><strong>magnte.</strong></span> <span class='ocrx_word' id='word_1_432' title='bbox 518 2835 796 2890; x_wconf 82' lang='lat' dir='ltr'><strong>Ascendit</strong></span> <span class='ocrx_word' id='word_1_433' title='bbox 829 2848 965 2902; x_wconf 82' lang='lat' dir='ltr'><strong>ergo</strong></span> <span class='ocrx_word' id='word_1_434' title='bbox 994 2841 1115 2900; x_wconf 89' lang='lat' dir='ltr'><strong>post</strong></span> <span class='ocrx_word' id='word_1_435' title='bbox 1145 2833 1258 2886; x_wconf 66' lang='lat' dir='ltr'><strong>haec</strong></span> <span class='ocrx_word' id='word_1_436' title='bbox 1290 2830 1391 2884; x_wconf 89' lang='lat' dir='ltr'><strong>Lot</strong></span> <span class='ocrx_word' id='word_1_437' title='bbox 1423 2832 1476 2884; x_wconf 91' lang='lat' dir='ltr'><strong>in</strong></span> <span class='ocrx_word' id='word_1_438' title='bbox 1507 2841 1764 2892; x_wconf 91' lang='lat' dir='ltr'><strong>montem,</strong></span> <span class='ocrx_word' id='word_1_439' title='bbox 1789 2838 1842 2884; x_wconf 86' lang='lat' dir='ltr'><strong>et</strong></span> <span class='ocrx_word' id='word_1_440' title='bbox 1939 2833 2088 2884; x_wconf 88' lang='lat' dir='ltr'><strong>dunt.</strong></span> <span class='ocrx_word' id='word_1_441' title='bbox 2119 2832 2291 2901; x_wconf 78' lang='lat' dir='ltr'><strong>Vigila</strong></span> <span class='ocrx_word' id='word_1_442' title='bbox 2318 2847 2446 2902; x_wconf 89' lang='lat' dir='ltr'><strong>ergo</strong></span> <span class='ocrx_word' id='word_1_443' title='bbox 2480 2844 2735 2901; x_wconf 87' lang='lat' dir='ltr'><strong>quantum</strong></span> <span class='ocrx_word' id='word_1_444' title='bbox 2766 2847 2937 2903; x_wconf 88' lang='lat' dir='ltr'><strong>potes,</strong></span> <span class='ocrx_word' id='word_1_445' title='bbox 2971 2845 3026 2889; x_wconf 92' lang='lat' dir='ltr'><strong>et</strong></span> <span class='ocrx_word' id='word_1_446' title='bbox 3053 2837 3273 2890; x_wconf 89' lang='lat' dir='ltr'><strong>observa</strong></span> <span class='ocrx_word' id='word_1_447' title='bbox 3306 2853 3372 2892; x_wconf 90' lang='lat' dir='ltr'><strong>ne</strong></span> <span class='ocrx_word' id='word_1_448' title='bbox 3417 2841 3481 2891; x_wconf 89' lang='lat' dir='ltr'><strong>de</strong></span> 
     </span>
    </p>
   </div>
   <div class='ocr_carea' id='block_1_33' title="bbox 275 2920 1840 2991">
    <p class='ocr_par' dir='ltr' id='par_1_33' title="bbox 275 2920 1840 2991">
     <span class='ocr_line' id='line_1_33' title="bbox 275 2920 1840 2991; baseline -0.004 -11"><span class='ocrx_word' id='word_1_449' title='bbox 275 2927 342 2980; x_wconf 87' lang='lat' dir='ltr'><strong>ibi</strong></span> <span class='ocrx_word' id='word_1_450' title='bbox 367 2926 572 2980; x_wconf 88' lang='lat' dir='ltr'><strong>habitat</strong></span> <span class='ocrx_word' id='word_1_451' title='bbox 607 2924 672 2976; x_wconf 83' lang='lat' dir='ltr'><strong>in</strong></span> <span class='ocrx_word' id='word_1_452' title='bbox 701 2924 968 2991; x_wconf 90' lang='lat' dir='ltr'><strong>spelunca</strong></span> <span class='ocrx_word' id='word_1_453' title='bbox 995 2961 1012 2986; x_wconf 94' lang='lat'><strong>,</strong></span> <span class='ocrx_word' id='word_1_454' title='bbox 1042 2929 1101 2974; x_wconf 91' lang='lat' dir='ltr'><strong>ut</strong></span> <span class='ocrx_word' id='word_1_455' title='bbox 1135 2921 1262 2975; x_wconf 89' lang='lat' dir='ltr'><strong>dicit</strong></span> <span class='ocrx_word' id='word_1_456' title='bbox 1297 2920 1572 2987; x_wconf 79' lang='lat' dir='ltr'><strong>Scriptura</strong></span> <span class='ocrx_word' id='word_1_457' title='bbox 1597 2961 1612 2985; x_wconf 93' lang='lat'><strong>,</strong></span> <span class='ocrx_word' id='word_1_458' title='bbox 1646 2920 1758 2986; x_wconf 90' lang='lat' dir='ltr'><strong>ipse</strong></span> <span class='ocrx_word' id='word_1_459' title='bbox 1787 2929 1840 2973; x_wconf 90' lang='lat' dir='ltr'><strong>et</strong></span> 
     </span>
    </p>
   </div>
   <div class='ocr_carea' id='block_1_34' title="bbox 276 3009 1836 3082">
    <p class='ocr_par' dir='ltr' id='par_1_34' title="bbox 276 3009 1836 3082">
     <span class='ocr_line' id='line_1_34' title="bbox 276 3009 1836 3082; baseline -0.005 -14"><span class='ocrx_word' id='word_1_460' title='bbox 276 3018 384 3068; x_wconf 77' lang='lat' dir='ltr'><strong>dua:</strong></span> <span class='ocrx_word' id='word_1_461' title='bbox 427 3016 548 3068; x_wconf 71' lang='lat' dir='ltr'><strong>ﬁlia-</strong></span> <span class='ocrx_word' id='word_1_462' title='bbox 577 3015 728 3082; x_wconf 85' lang='lat' dir='ltr'><strong>ejus.</strong></span> <span class='ocrx_word' id='word_1_463' title='bbox 759 3013 826 3065; x_wconf 87' lang='lat' dir='ltr'><strong>Et</strong></span> <span class='ocrx_word' id='word_1_464' title='bbox 852 3010 1169 3064; x_wconf 89' lang='lat' dir='ltr'><strong>ascendisse</strong></span> <span class='ocrx_word' id='word_1_465' title='bbox 1193 3009 1276 3063; x_wconf 89' lang='lat' dir='ltr'><strong>lex</strong></span> <span class='ocrx_word' id='word_1_466' title='bbox 1309 3009 1536 3073; x_wconf 88' lang='lat' dir='ltr'><strong>putanda</strong></span> <span class='ocrx_word' id='word_1_467' title='bbox 1567 3015 1687 3073; x_wconf 91' lang='lat' dir='ltr'><strong>est,</strong></span> <span class='ocrx_word' id='word_1_468' title='bbox 1718 3022 1836 3060; x_wconf 91' lang='lat' dir='ltr'><strong>cum</strong></span> 
     </span>
    </p>
   </div>
   <div class='ocr_carea' id='block_1_35' title="bbox 276 3099 1840 3175">
    <p class='ocr_par' dir='ltr' id='par_1_35' title="bbox 276 3099 1840 3175">
     <span class='ocr_line' id='line_1_35' title="bbox 276 3099 1840 3175; baseline -0.005 -17"><span class='ocrx_word' id='word_1_469' title='bbox 276 3107 319 3158; x_wconf 88' lang='lat' dir='ltr'><strong>ei</strong></span> <span class='ocrx_word' id='word_1_470' title='bbox 359 3121 451 3175; x_wconf 83' lang='lat' dir='ltr'><strong>per</strong></span> <span class='ocrx_word' id='word_1_471' title='bbox 485 3105 756 3174; x_wconf 89' lang='lat' dir='ltr'><strong>templum</strong></span> <span class='ocrx_word' id='word_1_472' title='bbox 810 3117 840 3154; x_wconf 89' lang='lat' dir='ltr'><strong>a</strong></span> <span class='ocrx_word' id='word_1_473' title='bbox 883 3100 1172 3154; x_wconf 88' lang='lat' dir='ltr'><strong>Salomone</strong></span> <span class='ocrx_word' id='word_1_474' title='bbox 1215 3107 1578 3153; x_wconf 89' lang='lat' dir='ltr'><strong>constructum</strong></span> <span class='ocrx_word' id='word_1_475' title='bbox 1618 3099 1840 3152; x_wconf 87' lang='lat' dir='ltr'><strong>accessit</strong></span> 
     </span>
    </p>
   </div>
   <div class='ocr_carea' id='block_1_36' title="bbox 275 3187 1838 3259">
    <p class='ocr_par' dir='ltr' id='par_1_36' title="bbox 275 3187 1838 3259">
     <span class='ocr_line' id='line_1_36' title="bbox 275 3187 1838 3259; baseline -0.004 -12"><span class='ocrx_word' id='word_1_476' title='bbox 275 3206 520 3259; x_wconf 89' lang='lat' dir='ltr'><strong>ornatus,</strong></span> <span class='ocrx_word' id='word_1_477' title='bbox 549 3209 684 3248; x_wconf 90' lang='lat' dir='ltr'><strong>cum</strong></span> <span class='ocrx_word' id='word_1_478' title='bbox 723 3192 873 3245; x_wconf 80' lang='lat' dir='ltr'><strong>facta</strong></span> <span class='ocrx_word' id='word_1_479' title='bbox 907 3199 991 3244; x_wconf 91' lang='lat' dir='ltr'><strong>est</strong></span> <span class='ocrx_word' id='word_1_480' title='bbox 1019 3190 1236 3257; x_wconf 85' lang='lat' dir='ltr'><strong>quidem</strong></span> <span class='ocrx_word' id='word_1_481' title='bbox 1266 3192 1453 3242; x_wconf 88' lang='lat' dir='ltr'><strong>domus</strong></span> <span class='ocrx_word' id='word_1_482' title='bbox 1486 3187 1579 3241; x_wconf 86' lang='lat' dir='ltr'><strong>Dei</strong></span> <span class='ocrx_word' id='word_1_483' title='bbox 1605 3227 1622 3251; x_wconf 94' lang='lat'><strong>,</strong></span> <span class='ocrx_word' id='word_1_484' title='bbox 1653 3190 1838 3241; x_wconf 87' lang='lat' dir='ltr'><strong>domus</strong></span> 
     </span>
    </p>
   </div>
   <div class='ocr_carea' id='block_1_37' title="bbox 275 3277 1838 3346">
    <p class='ocr_par' dir='ltr' id='par_1_37' title="bbox 275 3277 1838 3346">
     <span class='ocr_line' id='line_1_37' title="bbox 275 3277 1838 3346; baseline -0.006 -9"><span class='ocrx_word' id='word_1_485' title='bbox 275 3285 565 3346; x_wconf 89' lang='lat' dir='ltr'><strong>orationis,</strong></span> <span class='ocrx_word' id='word_1_486' title='bbox 620 3283 761 3336; x_wconf 84' lang='lat' dir='ltr'><strong>mali</strong></span> <span class='ocrx_word' id='word_1_487' title='bbox 814 3289 1000 3332; x_wconf 87' lang='lat' dir='ltr'><strong>autem</strong></span> <span class='ocrx_word' id='word_1_488' title='bbox 1052 3278 1388 3331; x_wconf 85' lang='lat' dir='ltr'><strong>habitatores</strong></span> <span class='ocrx_word' id='word_1_489' title='bbox 1433 3277 1672 3330; x_wconf 81' lang='lat' dir='ltr'><strong>fecerunt</strong></span> <span class='ocrx_word' id='word_1_490' title='bbox 1723 3291 1838 3330; x_wconf 87' lang='lat' dir='ltr'><strong>eam</strong></span> 
     </span>
    </p>
   </div>
   <div class='ocr_carea' id='block_1_38' title="bbox 275 3367 1838 3438">
    <p class='ocr_par' dir='ltr' id='par_1_38' title="bbox 275 3367 1838 3438">
     <span class='ocr_line' id='line_1_38' title="bbox 275 3367 1838 3438; baseline -0.005 -12"><span class='ocrx_word' id='word_1_491' title='bbox 275 3375 568 3438; x_wconf 83' lang='lat' dir='ltr'><strong>speluncam</strong></span> <span class='ocrx_word' id='word_1_492' title='bbox 609 3373 898 3425; x_wconf 82' lang='lat' dir='ltr'><strong>latronum</strong></span> <span class='ocrx_word' id='word_1_493' title='bbox 929 3370 1001 3421; x_wconf 74' lang='grc' dir='ltr'><strong>τ’.</strong></span> <span class='ocrx_word' id='word_1_494' title='bbox 1034 3367 1302 3420; x_wconf 84' lang='lat' dir='ltr'><strong>Habitavit</strong></span> <span class='ocrx_word' id='word_1_495' title='bbox 1343 3381 1472 3436; x_wconf 89' lang='lat' dir='ltr'><strong>ergo</strong></span> <span class='ocrx_word' id='word_1_496' title='bbox 1507 3367 1556 3419; x_wconf 93' lang='lat' dir='ltr'><strong>in</strong></span> <span class='ocrx_word' id='word_1_497' title='bbox 1587 3368 1838 3435; x_wconf 89' lang='lat' dir='ltr'><strong>spelunca</strong></span> 
     </span>
    </p>
   </div>
   <div class='ocr_carea' id='block_1_39' title="bbox 275 3456 1842 3528">
    <p class='ocr_par' dir='ltr' id='par_1_39' title="bbox 275 3456 1842 3528">
     <span class='ocr_line' id='line_1_39' title="bbox 275 3456 1842 3528; baseline -0.003 -15"><span class='ocrx_word' id='word_1_498' title='bbox 275 3459 363 3513; x_wconf 83' lang='lat' dir='ltr'><strong>Lot</strong></span> <span class='ocrx_word' id='word_1_499' title='bbox 385 3473 437 3515; x_wconf 90' lang='lat' dir='ltr'><strong>et</strong></span> <span class='ocrx_word' id='word_1_500' title='bbox 459 3464 573 3515; x_wconf 71' lang='lat' dir='ltr'><strong>dua:</strong></span> <span class='ocrx_word' id='word_1_501' title='bbox 605 3461 736 3513; x_wconf 70' lang='lat' dir='ltr'><strong>ﬁlia:</strong></span> <span class='ocrx_word' id='word_1_502' title='bbox 780 3461 923 3528; x_wconf 84' lang='lat' dir='ltr'><strong>ejus.</strong></span> <span class='ocrx_word' id='word_1_503' title='bbox 957 3457 1099 3510; x_wconf 88' lang='lat' dir='ltr'><strong>Duas</strong></span> <span class='ocrx_word' id='word_1_504' title='bbox 1126 3457 1223 3510; x_wconf 86' lang='lat' dir='ltr'><strong>has</strong></span> <span class='ocrx_word' id='word_1_505' title='bbox 1262 3457 1400 3510; x_wconf 87' lang='lat' dir='ltr'><strong>tilias</strong></span> <span class='ocrx_word' id='word_1_506' title='bbox 1423 3456 1695 3509; x_wconf 88' lang='lat' dir='ltr'><strong>evidenter</strong></span> <span class='ocrx_word' id='word_1_507' title='bbox 1726 3469 1842 3523; x_wconf 90' lang='lat' dir='ltr'><strong>pro-</strong></span> 
     </span>
    </p>
   </div>
   <div class='ocr_carea' id='block_1_40' title="bbox 275 3544 1840 3618">
    <p class='ocr_par' dir='ltr' id='par_1_40' title="bbox 275 3544 1840 3618">
     <span class='ocr_line' id='line_1_40' title="bbox 275 3544 1840 3618; baseline -0.004 -16"><span class='ocrx_word' id='word_1_508' title='bbox 275 3554 422 3618; x_wconf 88' lang='lat' dir='ltr'><strong>pheta</strong></span> <span class='ocrx_word' id='word_1_509' title='bbox 465 3550 733 3604; x_wconf 84' lang='lat' dir='ltr'><strong>describit</strong></span> <span class='ocrx_word' id='word_1_510' title='bbox 765 3548 814 3579; x_wconf 83' lang='lat'>&quot;</span> <span class='ocrx_word' id='word_1_511' title='bbox 834 3586 850 3610; x_wconf 88' lang='lat'><strong>,</strong></span> <span class='ocrx_word' id='word_1_512' title='bbox 900 3546 1091 3601; x_wconf 87' lang='lat' dir='ltr'><strong>dicens</strong></span> <span class='ocrx_word' id='word_1_513' title='bbox 1119 3544 1321 3600; x_wconf 91' lang='lat' dir='ltr'><strong>Oollam</strong></span> <span class='ocrx_word' id='word_1_514' title='bbox 1359 3555 1412 3597; x_wconf 89' lang='lat' dir='ltr'><strong>et</strong></span> <span class='ocrx_word' id='word_1_515' title='bbox 1442 3545 1678 3598; x_wconf 82' lang='lat' dir='ltr'><strong>Oolibant</strong></span> <span class='ocrx_word' id='word_1_516' title='bbox 1709 3545 1840 3597; x_wconf 81' lang='lat' dir='ltr'><strong>duas</strong></span> 
     </span>
    </p>
   </div>
   <div class='ocr_carea' id='block_1_41' title="bbox 269 3631 1904 3706">
    <p class='ocr_par' dir='ltr' id='par_1_41' title="bbox 269 3631 1904 3706">
     <span class='ocr_line' id='line_1_41' title="bbox 269 3631 1904 3706; baseline -0.005 -14"><span class='ocrx_word' id='word_1_517' title='bbox 269 3652 472 3693; x_wconf 77' lang='lat' dir='ltr'><strong>sorores</strong></span> <span class='ocrx_word' id='word_1_518' title='bbox 493 3655 654 3706; x_wconf 87' lang='lat' dir='ltr'><strong>esse;</strong></span> <span class='ocrx_word' id='word_1_519' title='bbox 689 3648 750 3694; x_wconf 91' lang='lat' dir='ltr'><strong>et</strong></span> <span class='ocrx_word' id='word_1_520' title='bbox 779 3652 904 3692; x_wconf 88' lang='lat' dir='ltr'><strong>esse</strong></span> <span class='ocrx_word' id='word_1_521' title='bbox 924 3636 1140 3705; x_wconf 88' lang='lat' dir='ltr'><strong>quidem</strong></span> <span class='ocrx_word' id='word_1_522' title='bbox 1155 3634 1354 3688; x_wconf 86' lang='lat' dir='ltr'><strong>Oollam</strong></span> <span class='ocrx_word' id='word_1_523' title='bbox 1383 3633 1674 3689; x_wconf 81' lang='lat' dir='ltr'><strong>Jerusalem</strong></span> <span class='ocrx_word' id='word_1_524' title='bbox 1701 3631 1835 3702; x_wconf 69' lang='lat'><strong>(26),</strong></span> <span class='ocrx_word' id='word_1_525' title='bbox 1896 3693 1904 3702; x_wconf 32' lang='grc' dir='ltr'>α</span> 
     </span>
    </p>
   </div>
   <div class='ocr_carea' id='block_1_42' title="bbox 269 3723 1839 3791">
    <p class='ocr_par' dir='ltr' id='par_1_42' title="bbox 269 3723 1839 3791">
     <span class='ocr_line' id='line_1_42' title="bbox 269 3723 1839 3791; baseline -0.003 -12"><span class='ocrx_word' id='word_1_526' title='bbox 269 3739 320 3779; x_wconf 89' lang='lat' dir='ltr'><strong>et</strong></span> <span class='ocrx_word' id='word_1_527' title='bbox 345 3727 587 3780; x_wconf 85' lang='lat' dir='ltr'><strong>Oolibam</strong></span> <span class='ocrx_word' id='word_1_528' title='bbox 622 3738 752 3780; x_wconf 80' lang='lat' dir='ltr'><strong>e‘sse</strong></span> <span class='ocrx_word' id='word_1_529' title='bbox 781 3725 1116 3778; x_wconf 85' lang='lat' dir='ltr'><strong>Samariam.</strong></span> <span class='ocrx_word' id='word_1_530' title='bbox 1147 3723 1202 3775; x_wconf 93' lang='lat' dir='ltr'><strong>In</strong></span> <span class='ocrx_word' id='word_1_531' title='bbox 1230 3724 1363 3775; x_wconf 89' lang='lat' dir='ltr'><strong>duas</strong></span> <span class='ocrx_word' id='word_1_532' title='bbox 1387 3737 1515 3791; x_wconf 81' lang='lat' dir='ltr'><strong>ergo</strong></span> <span class='ocrx_word' id='word_1_533' title='bbox 1541 3731 1715 3789; x_wconf 86' lang='lat' dir='ltr'><strong>partes</strong></span> <span class='ocrx_word' id='word_1_534' title='bbox 1747 3735 1839 3787; x_wconf 56' lang='lat' dir='ltr'><strong>pou</strong></span> 
     </span>
    </p>
   </div>
   <div class='ocr_carea' id='block_1_43' title="bbox 267 3812 1836 3887">
    <p class='ocr_par' dir='ltr' id='par_1_43' title="bbox 267 3812 1836 3887">
     <span class='ocr_line' id='line_1_43' title="bbox 267 3812 1836 3887; baseline -0.003 -20"><span class='ocrx_word' id='word_1_535' title='bbox 267 3817 415 3882; x_wconf 84' lang='lat' dir='ltr'><strong>polus</strong></span> <span class='ocrx_word' id='word_1_536' title='bbox 451 3817 560 3887; x_wconf 77' lang='lat'><strong>&#39;76</strong></span> <span class='ocrx_word' id='word_1_537' title='bbox 587 3818 804 3870; x_wconf 88' lang='lat' dir='ltr'><strong>divisus</strong></span> <span class='ocrx_word' id='word_1_538' title='bbox 825 3857 841 3880; x_wconf 95' lang='lat'><strong>,</strong></span> <span class='ocrx_word' id='word_1_539' title='bbox 873 3816 1009 3867; x_wconf 89' lang='lat' dir='ltr'><strong>duas</strong></span> <span class='ocrx_word' id='word_1_540' title='bbox 1050 3813 1178 3866; x_wconf 82' lang='lat' dir='ltr'><strong>iecit</strong></span> <span class='ocrx_word' id='word_1_541' title='bbox 1209 3812 1344 3866; x_wconf 87' lang='lat' dir='ltr'><strong>ﬁlias</strong></span> <span class='ocrx_word' id='word_1_542' title='bbox 1382 3812 1533 3881; x_wconf 89' lang='lat' dir='ltr'><strong>legis.</strong></span> <span class='ocrx_word' id='word_1_543' title='bbox 1566 3812 1682 3864; x_wconf 68' lang='lat' dir='ltr'><strong>Ista:</strong></span> <span class='ocrx_word' id='word_1_544' title='bbox 1713 3826 1836 3864; x_wconf 90' lang='lat' dir='ltr'><strong>car-</strong></span> 
     </span>
    </p>
   </div>
   <div class='ocr_carea' id='block_1_44' title="bbox 267 3903 1838 3976">
    <p class='ocr_par' dir='ltr' id='par_1_44' title="bbox 267 3903 1838 3976">
     <span class='ocr_line' id='line_1_44' title="bbox 267 3903 1838 3976; baseline -0.003 -17"><span class='ocrx_word' id='word_1_545' title='bbox 267 3906 432 3961; x_wconf 84' lang='lat' dir='ltr'><strong>nalem</strong></span> <span class='ocrx_word' id='word_1_546' title='bbox 460 3909 752 3976; x_wconf 89' lang='lat' dir='ltr'><strong>cupientes</strong></span> <span class='ocrx_word' id='word_1_547' title='bbox 789 3905 1112 3975; x_wconf 85' lang='lat' dir='ltr'><strong>progeniem</strong></span> <span class='ocrx_word' id='word_1_548' title='bbox 1143 3918 1462 3972; x_wconf 86' lang='lat' dir='ltr'><strong>propagare,</strong></span> <span class='ocrx_word' id='word_1_549' title='bbox 1495 3912 1548 3955; x_wconf 90' lang='lat' dir='ltr'><strong>et</strong></span> <span class='ocrx_word' id='word_1_550' title='bbox 1576 3903 1718 3954; x_wconf 88' lang='lat' dir='ltr'><strong>vires</strong></span> <span class='ocrx_word' id='word_1_551' title='bbox 1754 3917 1838 3954; x_wconf 87' lang='lat' dir='ltr'><strong>re-</strong></span> 
     </span>
    </p>
   </div>
   <div class='ocr_carea' id='block_1_45' title="bbox 266 3993 1837 4064">
    <p class='ocr_par' dir='ltr' id='par_1_45' title="bbox 266 3993 1837 4064">
     <span class='ocr_line' id='line_1_45' title="bbox 266 3993 1837 4064; baseline -0.001 -18"><span class='ocrx_word' id='word_1_552' title='bbox 266 3998 346 4064; x_wconf 87' lang='lat' dir='ltr'><strong>gni</strong></span> <span class='ocrx_word' id='word_1_553' title='bbox 375 3999 655 4050; x_wconf 87' lang='lat' dir='ltr'><strong>terrestris</strong></span> <span class='ocrx_word' id='word_1_554' title='bbox 685 4009 985 4050; x_wconf 87' lang='lat' dir='ltr'><strong>numerosa</strong></span> <span class='ocrx_word' id='word_1_555' title='bbox 1015 3993 1328 4062; x_wconf 88' lang='lat' dir='ltr'><strong>posteritate</strong></span> <span class='ocrx_word' id='word_1_556' title='bbox 1359 3993 1589 4055; x_wconf 85' lang='lat' dir='ltr'><strong>munire,</strong></span> <span class='ocrx_word' id='word_1_557' title='bbox 1625 3994 1837 4059; x_wconf 90' lang='lat' dir='ltr'><strong>sopien-</strong></span> 
     </span>
    </p>
   </div>
   <div class='ocr_carea' id='block_1_46' title="bbox 263 4081 1832 4154">
    <p class='ocr_par' dir='ltr' id='par_1_46' title="bbox 263 4081 1832 4154">
     <span class='ocr_line' id='line_1_46' title="bbox 263 4081 1832 4154; baseline -0.001 -17"><span class='ocrx_word' id='word_1_558' title='bbox 263 4097 338 4138; x_wconf 82' lang='lat' dir='ltr'><strong>tes</strong></span> <span class='ocrx_word' id='word_1_559' title='bbox 372 4095 580 4154; x_wconf 85' lang='lat' dir='ltr'><strong>patrem</strong></span> <span class='ocrx_word' id='word_1_560' title='bbox 610 4095 662 4139; x_wconf 89' lang='lat' dir='ltr'><strong>et</strong></span> <span class='ocrx_word' id='word_1_561' title='bbox 698 4099 955 4140; x_wconf 90' lang='lat' dir='ltr'><strong>somnum</strong></span> <span class='ocrx_word' id='word_1_562' title='bbox 980 4084 1030 4136; x_wconf 88' lang='lat' dir='ltr'><strong>ei</strong></span> <span class='ocrx_word' id='word_1_563' title='bbox 1058 4081 1398 4144; x_wconf 88' lang='lat' dir='ltr'><strong>.inducentes,</strong></span> <span class='ocrx_word' id='word_1_564' title='bbox 1435 4083 1487 4136; x_wconf 92' lang='lat' dir='ltr'><strong>id</strong></span> <span class='ocrx_word' id='word_1_565' title='bbox 1515 4094 1596 4135; x_wconf 90' lang='lat' dir='ltr'><strong>est</strong></span> <span class='ocrx_word' id='word_1_566' title='bbox 1637 4098 1832 4151; x_wconf 87' lang='lat' dir='ltr'><strong>cogen-</strong></span> 
     </span>
    </p>
   </div>
   <div class='ocr_carea' id='block_1_47' title="bbox 259 4172 1832 4242">
    <p class='ocr_par' dir='ltr' id='par_1_47' title="bbox 259 4172 1832 4242">
     <span class='ocr_line' id='line_1_47' title="bbox 259 4172 1832 4242; baseline -0.001 -17"><span class='ocrx_word' id='word_1_567' title='bbox 259 4183 335 4226; x_wconf 80' lang='lat' dir='ltr'><strong>tes</strong></span> <span class='ocrx_word' id='word_1_568' title='bbox 363 4185 418 4226; x_wconf 89' lang='lat' dir='ltr'><strong>et</strong></span> <span class='ocrx_word' id='word_1_569' title='bbox 454 4176 753 4230; x_wconf 89' lang='lat' dir='ltr'><strong>obruentes</strong></span> <span class='ocrx_word' id='word_1_570' title='bbox 803 4173 927 4242; x_wconf 87' lang='lat' dir='ltr'><strong>ejus</strong></span> <span class='ocrx_word' id='word_1_571' title='bbox 959 4173 1257 4241; x_wconf 76' lang='lat' dir='ltr'><strong>Spiritalem</strong></span> <span class='ocrx_word' id='word_1_572' title='bbox 1302 4186 1540 4234; x_wconf 89' lang='lat' dir='ltr'><strong>sensum,</strong></span> <span class='ocrx_word' id='word_1_573' title='bbox 1570 4172 1735 4226; x_wconf 86' lang='lat' dir='ltr'><strong>solam</strong></span> <span class='ocrx_word' id='word_1_574' title='bbox 1769 4189 1832 4225; x_wconf 81' lang='lat' dir='ltr'><strong>ex</strong></span> 
     </span>
    </p>
   </div>
   <div class='ocr_carea' id='block_1_48' title="bbox 257 4259 1832 4332">
    <p class='ocr_par' dir='ltr' id='par_1_48' title="bbox 257 4259 1832 4332">
     <span class='ocr_line' id='line_1_48' title="bbox 257 4259 1832 4332; baseline -0.001 -17"><span class='ocrx_word' id='word_1_575' title='bbox 257 4277 317 4316; x_wconf 89' lang='lat' dir='ltr'><strong>eo</strong></span> <span class='ocrx_word' id='word_1_576' title='bbox 352 4265 537 4317; x_wconf 89' lang='lat' dir='ltr'><strong>carnis</strong></span> <span class='ocrx_word' id='word_1_577' title='bbox 568 4263 997 4332; x_wconf 88' lang='lat' dir='ltr'><strong>intelligentiam</strong></span> <span class='ocrx_word' id='word_1_578' title='bbox 1049 4262 1294 4314; x_wconf 90' lang='lat' dir='ltr'><strong>trahunt.</strong></span> <span class='ocrx_word' id='word_1_579' title='bbox 1330 4259 1458 4312; x_wconf 88' lang='lat' dir='ltr'><strong>Inde</strong></span> <span class='ocrx_word' id='word_1_580' title='bbox 1487 4262 1832 4328; x_wconf 85' lang='lat' dir='ltr'><strong>concipiunt,</strong></span> 
     </span>
    </p>
   </div>
   <div class='ocr_carea' id='block_1_49' title="bbox 1939 2919 3476 2990">
    <p class='ocr_par' dir='ltr' id='par_1_49' title="bbox 1939 2919 3476 2990">
     <span class='ocr_line' id='line_1_49' title="bbox 1939 2919 3476 2990; baseline 0.005 -20"><span class='ocrx_word' id='word_1_581' title='bbox 1939 2919 2018 2971; x_wconf 91' lang='lat' dir='ltr'><strong>his</strong></span> <span class='ocrx_word' id='word_1_582' title='bbox 2044 2934 2265 2988; x_wconf 80' lang='lat' dir='ltr'><strong>generes</strong></span> <span class='ocrx_word' id='word_1_583' title='bbox 2294 2920 2463 2986; x_wconf 88' lang='lat' dir='ltr'><strong>ﬁlios;</strong></span> <span class='ocrx_word' id='word_1_584' title='bbox 2499 2921 2620 2988; x_wconf 87' lang='lat' dir='ltr'><strong>quia</strong></span> <span class='ocrx_word' id='word_1_585' title='bbox 2649 2922 2738 2988; x_wconf 88' lang='lat' dir='ltr'><strong>qtti</strong></span> <span class='ocrx_word' id='word_1_586' title='bbox 2769 2921 2832 2974; x_wconf 92' lang='lat' dir='ltr'><strong>de</strong></span> <span class='ocrx_word' id='word_1_587' title='bbox 2862 2921 2945 2975; x_wconf 91' lang='lat' dir='ltr'><strong>his</strong></span> <span class='ocrx_word' id='word_1_588' title='bbox 2978 2924 3086 2975; x_wconf 90' lang='lat' dir='ltr'><strong>nati</strong></span> <span class='ocrx_word' id='word_1_589' title='bbox 3123 2922 3343 2990; x_wconf 78' lang='lat' dir='ltr'><strong>fuerint,</strong></span> <span class='ocrx_word' id='word_1_590' title='bbox 3374 2940 3476 2978; x_wconf 89' lang='lat' dir='ltr'><strong>non</strong></span> 
     </span>
    </p>
   </div>
   <div class='ocr_carea' id='block_1_50' title="bbox 1940 3007 3481 3076">
    <p class='ocr_par' dir='ltr' id='par_1_50' title="bbox 1940 3007 3481 3076">
     <span class='ocr_line' id='line_1_50' title="bbox 1940 3007 3481 3076; baseline 0.005 -18"><span class='ocrx_word' id='word_1_591' title='bbox 1940 3007 2232 3060; x_wconf 80' lang='lat' dir='ltr'><strong>introibant</strong></span> <span class='ocrx_word' id='word_1_592' title='bbox 2278 3009 2328 3060; x_wconf 92' lang='lat' dir='ltr'><strong>in</strong></span> <span class='ocrx_word' id='word_1_593' title='bbox 2368 3009 2658 3062; x_wconf 87' lang='lat' dir='ltr'><strong>Ecclesiam</strong></span> <span class='ocrx_word' id='word_1_594' title='bbox 2705 3009 2934 3063; x_wconf 91' lang='lat' dir='ltr'><strong>Domini.</strong></span> <span class='ocrx_word' id='word_1_595' title='bbox 2973 3010 3050 3063; x_wconf 89' lang='lat' dir='ltr'><strong>Tu</strong></span> <span class='ocrx_word' id='word_1_596' title='bbox 3088 3019 3290 3076; x_wconf 89' lang='lat' dir='ltr'><strong>autem,</strong></span> <span class='ocrx_word' id='word_1_597' title='bbox 3321 3015 3365 3067; x_wconf 91' lang='lat' dir='ltr'><strong>si</strong></span> <span class='ocrx_word' id='word_1_598' title='bbox 3401 3015 3481 3066; x_wconf 87' lang='lat' dir='ltr'><strong>vis</strong></span> 
     </span>
    </p>
   </div>
   <div class='ocr_carea' id='block_1_51' title="bbox 1941 3097 3477 3170">
    <p class='ocr_par' dir='ltr' id='par_1_51' title="bbox 1941 3097 3477 3170">
     <span class='ocr_line' id='line_1_51' title="bbox 1941 3097 3477 3170; baseline 0.005 -22"><span class='ocrx_word' id='word_1_599' title='bbox 1941 3113 2217 3162; x_wconf 67' lang='lat' dir='ltr'><strong>generare,</strong></span> <span class='ocrx_word' id='word_1_600' title='bbox 2249 3097 2303 3150; x_wconf 93' lang='lat' dir='ltr'><strong>in</strong></span> <span class='ocrx_word' id='word_1_601' title='bbox 2331 3099 2519 3166; x_wconf 87' lang='lat' dir='ltr'><strong>spiritu</strong></span> <span class='ocrx_word' id='word_1_602' title='bbox 2551 3114 2745 3166; x_wconf 87' lang='lat' dir='ltr'><strong>genera</strong></span> <span class='ocrx_word' id='word_1_603' title='bbox 2767 3137 2782 3160; x_wconf 90' lang='lat'><strong>,</strong></span> <span class='ocrx_word' id='word_1_604' title='bbox 2811 3100 3066 3166; x_wconf 88' lang='lat' dir='ltr'><strong>quuniant</strong></span> <span class='ocrx_word' id='word_1_605' title='bbox 3095 3104 3183 3170; x_wconf 88' lang='lat' dir='ltr'><strong>qui</strong></span> <span class='ocrx_word' id='word_1_606' title='bbox 3209 3105 3262 3156; x_wconf 84' lang='lat' dir='ltr'><strong>in</strong></span> <span class='ocrx_word' id='word_1_607' title='bbox 3293 3105 3477 3170; x_wconf 77' lang='lat' dir='ltr'><strong>spiritu</strong></span> 
     </span>
    </p>
   </div>
   <div class='ocr_carea' id='block_1_52' title="bbox 1939 3187 3482 3253">
    <p class='ocr_par' dir='ltr' id='par_1_52' title="bbox 1939 3187 3482 3253">
     <span class='ocr_line' id='line_1_52' title="bbox 1939 3187 3482 3253; baseline 0.005 -15"><span class='ocrx_word' id='word_1_608' title='bbox 1939 3188 2191 3248; x_wconf 79' lang='lat' dir='ltr'><strong>seminat,</strong></span> <span class='ocrx_word' id='word_1_609' title='bbox 2234 3189 2298 3238; x_wconf 85' lang='lat' dir='ltr'><strong>de</strong></span> <span class='ocrx_word' id='word_1_610' title='bbox 2326 3187 2513 3253; x_wconf 83' lang='lat' dir='ltr'><strong>spiritu</strong></span> <span class='ocrx_word' id='word_1_611' title='bbox 2559 3196 2709 3238; x_wconf 78' lang='lat' dir='ltr'><strong>metet</strong></span> <span class='ocrx_word' id='word_1_612' title='bbox 2742 3189 2896 3239; x_wconf 71' lang='lat' dir='ltr'><strong>vitam</strong></span> <span class='ocrx_word' id='word_1_613' title='bbox 2931 3197 3176 3242; x_wconf 63' lang='lat' dir='ltr'><strong>aeternam</strong></span> <span class='ocrx_word' id='word_1_614' title='bbox 3206 3191 3272 3243; x_wconf 84' lang='lat'><strong>&quot;.</strong></span> <span class='ocrx_word' id='word_1_615' title='bbox 3307 3193 3361 3245; x_wconf 91' lang='lat' dir='ltr'><strong>Si</strong></span> <span class='ocrx_word' id='word_1_616' title='bbox 3400 3194 3482 3245; x_wconf 79' lang='lat' dir='ltr'><strong>vis</strong></span> 
     </span>
    </p>
   </div>
   <div class='ocr_carea' id='block_1_53' title="bbox 1941 3275 3478 3350">
    <p class='ocr_par' dir='ltr' id='par_1_53' title="bbox 1941 3275 3478 3350">
     <span class='ocr_line' id='line_1_53' title="bbox 1941 3275 3478 3350; baseline 0.005 -23"><span class='ocrx_word' id='word_1_617' title='bbox 1941 3275 2230 3342; x_wconf 85' lang='lat' dir='ltr'><strong>amplecti,</strong></span> <span class='ocrx_word' id='word_1_618' title='bbox 2278 3275 2612 3343; x_wconf 84' lang='lat' dir='ltr'><strong>amplectare</strong></span> <span class='ocrx_word' id='word_1_619' title='bbox 2668 3278 2976 3345; x_wconf 90' lang='lat' dir='ltr'><strong>sapientiam</strong></span> <span class='ocrx_word' id='word_1_620' title='bbox 3039 3286 3092 3332; x_wconf 90' lang='lat' dir='ltr'><strong>et</strong></span> <span class='ocrx_word' id='word_1_621' title='bbox 3132 3281 3214 3333; x_wconf 78' lang='lat' dir='ltr'><strong>dic</strong></span> <span class='ocrx_word' id='word_1_622' title='bbox 3265 3282 3478 3350; x_wconf 81' lang='lat' dir='ltr'><strong>sapien-</strong></span> 
     </span>
    </p>
   </div>
   <div class='ocr_carea' id='block_1_54' title="bbox 1943 3365 3478 3435">
    <p class='ocr_par' dir='ltr' id='par_1_54' title="bbox 1943 3365 3478 3435">
     <span class='ocr_line' id='line_1_54' title="bbox 1943 3365 3478 3435; baseline 0.007 -21"><span class='ocrx_word' id='word_1_623' title='bbox 1943 3365 2065 3415; x_wconf 85' lang='lat' dir='ltr'><strong>tiam</strong></span> <span class='ocrx_word' id='word_1_624' title='bbox 2110 3379 2347 3417; x_wconf 89' lang='lat' dir='ltr'><strong>sororem</strong></span> <span class='ocrx_word' id='word_1_625' title='bbox 2390 3373 2533 3416; x_wconf 89' lang='lat' dir='ltr'><strong>tuam</strong></span> <span class='ocrx_word' id='word_1_626' title='bbox 2575 3380 2714 3429; x_wconf 84' lang='lat' dir='ltr'><strong>esse,</strong></span> <span class='ocrx_word' id='word_1_627' title='bbox 2741 3375 2800 3418; x_wconf 92' lang='lat' dir='ltr'><strong>ut</strong></span> <span class='ocrx_word' id='word_1_628' title='bbox 2841 3376 2892 3418; x_wconf 91' lang='lat' dir='ltr'><strong>et</strong></span> <span class='ocrx_word' id='word_1_629' title='bbox 2941 3366 3210 3435; x_wconf 90' lang='lat' dir='ltr'><strong>Sapientia</strong></span> <span class='ocrx_word' id='word_1_630' title='bbox 3238 3371 3379 3422; x_wconf 85' lang='lat' dir='ltr'><strong>dicat</strong></span> <span class='ocrx_word' id='word_1_631' title='bbox 3411 3373 3478 3424; x_wconf 85' lang='lat' dir='ltr'><strong>de</strong></span> 
     </span>
    </p>
   </div>
   <div class='ocr_carea' id='block_1_55' title="bbox 1941 3451 3474 3523">
    <p class='ocr_par' dir='ltr' id='par_1_55' title="bbox 1941 3451 3474 3523">
     <span class='ocr_line' id='line_1_55' title="bbox 1941 3451 3474 3523; baseline 0.003 -17"><span class='ocrx_word' id='word_1_632' title='bbox 1941 3461 1990 3506; x_wconf 86' lang='lat' dir='ltr'><strong>te</strong></span> <span class='ocrx_word' id='word_1_633' title='bbox 2012 3453 2090 3502; x_wconf 78' lang='lat' dir='ltr'><strong>&quot;z</strong></span> <span class='ocrx_word' id='word_1_634' title='bbox 2123 3451 2222 3515; x_wconf 83' lang='lat' dir='ltr'><strong>Qui</strong></span> <span class='ocrx_word' id='word_1_635' title='bbox 2250 3451 2424 3518; x_wconf 77' lang='lat' dir='ltr'><strong>fecerit</strong></span> <span class='ocrx_word' id='word_1_636' title='bbox 2456 3453 2780 3507; x_wconf 33' lang='lat' dir='ltr'><strong>voluntatem.</strong></span> <span class='ocrx_word' id='word_1_637' title='bbox 2794 3453 2968 3507; x_wconf 87' lang='lat' dir='ltr'><strong>Patris</strong></span> <span class='ocrx_word' id='word_1_638' title='bbox 3000 3472 3095 3508; x_wconf 87' lang='lat' dir='ltr'><strong>met</strong></span> <span class='ocrx_word' id='word_1_639' title='bbox 3125 3459 3212 3523; x_wconf 87' lang='lat' dir='ltr'><strong>qui</strong></span> <span class='ocrx_word' id='word_1_640' title='bbox 3247 3459 3298 3509; x_wconf 88' lang='lat' dir='ltr'><strong>in</strong></span> <span class='ocrx_word' id='word_1_641' title='bbox 3333 3459 3474 3510; x_wconf 71' lang='lat' dir='ltr'><strong>caelis</strong></span> 
     </span>
    </p>
   </div>
   <div class='ocr_carea' id='block_1_56' title="bbox 1937 3539 3478 3611">
    <p class='ocr_par' dir='ltr' id='par_1_56' title="bbox 1937 3539 3478 3611">
     <span class='ocr_line' id='line_1_56' title="bbox 1937 3539 3478 3611; baseline 0.005 -19"><span class='ocrx_word' id='word_1_642' title='bbox 1937 3549 2033 3598; x_wconf 87' lang='lat' dir='ltr'><strong>est.</strong></span> <span class='ocrx_word' id='word_1_643' title='bbox 2061 3541 2142 3592; x_wconf 86' lang='lat' dir='ltr'><strong>hic</strong></span> <span class='ocrx_word' id='word_1_644' title='bbox 2179 3555 2320 3590; x_wconf 83' lang='lat' dir='ltr'><strong>meus</strong></span> <span class='ocrx_word' id='word_1_645' title='bbox 2349 3547 2394 3591; x_wconf 89' lang='lat' dir='ltr'><strong>et</strong></span> <span class='ocrx_word' id='word_1_646' title='bbox 2433 3539 2616 3606; x_wconf 84' lang='lat' dir='ltr'><strong>frater,</strong></span> <span class='ocrx_word' id='word_1_647' title='bbox 2651 3551 2697 3592; x_wconf 88' lang='lat' dir='ltr'><strong>et</strong></span> <span class='ocrx_word' id='word_1_648' title='bbox 2742 3557 2908 3603; x_wconf 85' lang='lat' dir='ltr'><strong>soror,</strong></span> <span class='ocrx_word' id='word_1_649' title='bbox 2940 3552 2984 3595; x_wconf 86' lang='lat' dir='ltr'><strong>et</strong></span> <span class='ocrx_word' id='word_1_650' title='bbox 3021 3554 3184 3597; x_wconf 81' lang='lat' dir='ltr'><strong>mater</strong></span> <span class='ocrx_word' id='word_1_651' title='bbox 3213 3555 3303 3598; x_wconf 86' lang='lat' dir='ltr'><strong>est.</strong></span> <span class='ocrx_word' id='word_1_652' title='bbox 3349 3547 3478 3611; x_wconf 69' lang='lat' dir='ltr'><strong>Qum</strong></span> 
     </span>
    </p>
   </div>
   <div class='ocr_carea' id='block_1_57' title="bbox 1939 3626 3475 3698">
    <p class='ocr_par' dir='ltr' id='par_1_57' title="bbox 1939 3626 3475 3698">
     <span class='ocr_line' id='line_1_57' title="bbox 1939 3626 3475 3698; baseline 0.004 -15"><span class='ocrx_word' id='word_1_653' title='bbox 1939 3629 2199 3697; x_wconf 80' lang='lat' dir='ltr'><strong>sapientia</strong></span> <span class='ocrx_word' id='word_1_654' title='bbox 2245 3626 2397 3680; x_wconf 75' lang='lat' dir='ltr'><strong>Jcsus</strong></span> <span class='ocrx_word' id='word_1_655' title='bbox 2438 3626 2683 3683; x_wconf 88' lang='lat' dir='ltr'><strong>Christus</strong></span> <span class='ocrx_word' id='word_1_656' title='bbox 2723 3629 2976 3684; x_wconf 91' lang='lat' dir='ltr'><strong>Dominus</strong></span> <span class='ocrx_word' id='word_1_657' title='bbox 3018 3642 3202 3685; x_wconf 86' lang='lat' dir='ltr'><strong>noster</strong></span> <span class='ocrx_word' id='word_1_658' title='bbox 3239 3644 3343 3698; x_wconf 91' lang='lat' dir='ltr'><strong>est,</strong></span> <span class='ocrx_word' id='word_1_659' title='bbox 3389 3637 3475 3689; x_wconf 88' lang='lat' dir='ltr'><strong>cui</strong></span> 
     </span>
    </p>
   </div>
   <div class='ocr_carea' id='block_1_58' title="bbox 1937 3716 3474 3786">
    <p class='ocr_par' dir='ltr' id='par_1_58' title="bbox 1937 3716 3474 3786">
     <span class='ocr_line' id='line_1_58' title="bbox 1937 3716 3474 3786; baseline 0.003 -14"><span class='ocrx_word' id='word_1_660' title='bbox 1937 3727 2018 3772; x_wconf 89' lang='lat' dir='ltr'><strong>cst</strong></span> <span class='ocrx_word' id='word_1_661' title='bbox 2071 3717 2238 3786; x_wconf 89' lang='lat' dir='ltr'><strong>gloria</strong></span> <span class='ocrx_word' id='word_1_662' title='bbox 2298 3725 2356 3769; x_wconf 88' lang='lat' dir='ltr'><strong>et</strong></span> <span class='ocrx_word' id='word_1_663' title='bbox 2414 3716 2694 3784; x_wconf 82' lang='lat' dir='ltr'><strong>imperium</strong></span> <span class='ocrx_word' id='word_1_664' title='bbox 2760 3718 2813 3769; x_wconf 77' lang='grc' dir='ltr'><strong>ιιι</strong></span> <span class='ocrx_word' id='word_1_665' title='bbox 2874 3718 3066 3771; x_wconf 80' lang='lat' dir='ltr'><strong>saecula</strong></span> <span class='ocrx_word' id='word_1_666' title='bbox 3133 3721 3474 3778; x_wconf 67' lang='lat' dir='ltr'><strong>saeculorum.</strong></span> 
     </span>
    </p>
   </div>
   <div class='ocr_carea' id='block_1_59' title="bbox 1936 3807 2130 3859">
    <p class='ocr_par' dir='ltr' id='par_1_59' title="bbox 1936 3807 2130 3859">
     <span class='ocr_line' id='line_1_59' title="bbox 1936 3807 2130 3859; baseline -0.005 0"><span class='ocrx_word' id='word_1_667' title='bbox 1936 3807 1974 3859; x_wconf 79' lang='grc' dir='ltr'><strong>Α</strong></span> <span class='ocrx_word' id='word_1_668' title='bbox 1987 3819 2130 3858; x_wconf 73' lang='lat' dir='ltr'><strong>mea.</strong></span> 
     </span>
    </p>
   </div>
   <div class='ocr_carea' id='block_1_60' title="bbox 2497 3910 2906 3966">
    <p class='ocr_par' dir='ltr' id='par_1_60' title="bbox 2497 3910 2906 3966">
     <span class='ocr_line' id='line_1_60' title="bbox 2497 3910 2906 3966; baseline 0.005 -2"><span class='ocrx_word' id='word_1_669' title='bbox 2497 3910 2772 3965; x_wconf 80' lang='lat' dir='ltr'><strong>HOMILIA</strong></span> <span class='ocrx_word' id='word_1_670' title='bbox 2819 3911 2906 3966; x_wconf 81' lang='lat' dir='ltr'><strong>Vl.</strong></span> 
     </span>
    </p>
   </div>
   <div class='ocr_carea' id='block_1_61' title="bbox 1937 4019 3471 4090">
    <p class='ocr_par' dir='ltr' id='par_1_61' title="bbox 1937 4019 3471 4090">
     <span class='ocr_line' id='line_1_61' title="bbox 1937 4019 3471 4090; baseline 0.002 -14"><span class='ocrx_word' id='word_1_671' title='bbox 1937 4023 2012 4077; x_wconf 87' lang='lat' dir='ltr'><strong>De</strong></span> <span class='ocrx_word' id='word_1_672' title='bbox 2050 4021 2336 4077; x_wconf 83' lang='lat' dir='ltr'><strong>Abimeleelt</strong></span> <span class='ocrx_word' id='word_1_673' title='bbox 2384 4037 2500 4090; x_wconf 25' lang='lat' dir='ltr'><strong>re‘qe</strong></span> <span class='ocrx_word' id='word_1_674' title='bbox 2525 4019 2960 4074; x_wconf 84' lang='lat' dir='ltr'><strong>Philistltittorum</strong></span> <span class='ocrx_word' id='word_1_675' title='bbox 2988 4060 3002 4084; x_wconf 95' lang='lat'><strong>,</strong></span> <span class='ocrx_word' id='word_1_676' title='bbox 3029 4024 3282 4090; x_wconf 87' lang='lat' dir='ltr'><strong>quomodo</strong></span> <span class='ocrx_word' id='word_1_677' title='bbox 3332 4027 3471 4080; x_wconf 84' lang='lat' dir='ltr'><strong>acci-</strong></span> 
     </span>
    </p>
   </div>
   <div class='ocr_carea' id='block_1_62' title="bbox 2071 4088 3296 4160">
    <p class='ocr_par' dir='ltr' id='par_1_62' title="bbox 2071 4088 3296 4160">
     <span class='ocr_line' id='line_1_62' title="bbox 2071 4088 3296 4160; baseline 0.001 -16"><span class='ocrx_word' id='word_1_678' title='bbox 2071 4107 2187 4157; x_wconf 84' lang='lat' dir='ltr'><strong>pere</strong></span> <span class='ocrx_word' id='word_1_679' title='bbox 2220 4090 2378 4143; x_wconf 84' lang='lat' dir='ltr'><strong>voluit</strong></span> <span class='ocrx_word' id='word_1_680' title='bbox 2421 4088 2608 4143; x_wconf 79' lang='lat' dir='ltr'><strong>Suram</strong></span> <span class='ocrx_word' id='word_1_681' title='bbox 2647 4090 2701 4142; x_wconf 86' lang='lat' dir='ltr'><strong>in</strong></span> <span class='ocrx_word' id='word_1_682' title='bbox 2745 4088 3131 4143; x_wconf 78' lang='lat' dir='ltr'><strong>matrimonium</strong></span> <span class='ocrx_word' id='word_1_683' title='bbox 3164 4092 3296 4160; x_wconf 72' lang='lat'><strong>(28).</strong></span> 
     </span>
    </p>
   </div>
   <div class='ocr_carea' id='block_1_63' title="bbox 2003 4177 3469 4244">
    <p class='ocr_par' dir='ltr' id='par_1_63' title="bbox 2003 4177 3469 4244">
     <span class='ocr_line' id='line_1_63' title="bbox 2003 4177 3469 4244; baseline 0.002 -12"><span class='ocrx_word' id='word_1_684' title='bbox 2003 4179 2245 4234; x_wconf 80' lang='lat' dir='ltr'><strong>Recitata</strong></span> <span class='ocrx_word' id='word_1_685' title='bbox 2288 4186 2371 4231; x_wconf 88' lang='lat' dir='ltr'><strong>est</strong></span> <span class='ocrx_word' id='word_1_686' title='bbox 2417 4177 2572 4230; x_wconf 90' lang='lat' dir='ltr'><strong>nobis</strong></span> <span class='ocrx_word' id='word_1_687' title='bbox 2613 4177 2833 4231; x_wconf 85' lang='lat' dir='ltr'><strong>histOria</strong></span> <span class='ocrx_word' id='word_1_688' title='bbox 2880 4178 2999 4232; x_wconf 85' lang='lat' dir='ltr'><strong>libri</strong></span> <span class='ocrx_word' id='word_1_689' title='bbox 3039 4177 3338 4244; x_wconf 86' lang='lat' dir='ltr'><strong>Geneseos,</strong></span> <span class='ocrx_word' id='word_1_690' title='bbox 3382 4181 3469 4234; x_wconf 90' lang='lat' dir='ltr'><strong>ttbi</strong></span> 
     </span>
    </p>
   </div>
   <div class='ocr_carea' id='block_1_64' title="bbox 1937 4267 3474 4336">
    <p class='ocr_par' dir='ltr' id='par_1_64' title="bbox 1937 4267 3474 4336">
     <span class='ocr_line' id='line_1_64' title="bbox 1937 4267 3474 4336; baseline 0.001 -12"><span class='ocrx_word' id='word_1_691' title='bbox 1937 4270 2167 4324; x_wconf 83' lang='lat' dir='ltr'><strong>refertur</strong></span> <span class='ocrx_word' id='word_1_692' title='bbox 2205 4267 2342 4336; x_wconf 91' lang='lat' dir='ltr'><strong>quod</strong></span> <span class='ocrx_word' id='word_1_693' title='bbox 2389 4276 2508 4335; x_wconf 89' lang='lat' dir='ltr'><strong>post</strong></span> <span class='ocrx_word' id='word_1_694' title='bbox 2532 4267 2787 4320; x_wconf 80' lang='lat' dir='ltr'><strong>visionem</strong></span> <span class='ocrx_word' id='word_1_695' title='bbox 2836 4268 2994 4320; x_wconf 89' lang='lat' dir='ltr'><strong>trium</strong></span> <span class='ocrx_word' id='word_1_696' title='bbox 3041 4268 3275 4323; x_wconf 90' lang='lat' dir='ltr'><strong>virorum</strong></span> <span class='ocrx_word' id='word_1_697' title='bbox 3303 4309 3316 4332; x_wconf 90' lang='lat'><strong>,</strong></span> <span class='ocrx_word' id='word_1_698' title='bbox 3356 4279 3474 4333; x_wconf 82' lang='lat' dir='ltr'><strong>post</strong></span> 
     </span>
    </p>
   </div>
   <div class='ocr_carea' id='block_1_65' title="bbox 255 4341 3472 4420">
    <p class='ocr_par' dir='ltr' id='par_1_65' title="bbox 255 4341 3472 4420">
     <span class='ocr_line' id='line_1_65' title="bbox 255 4341 3472 4420; baseline 0.001 -18"><span class='ocrx_word' id='word_1_699' title='bbox 255 4350 373 4405; x_wconf 87' lang='lat' dir='ltr'><strong>inde</strong></span> <span class='ocrx_word' id='word_1_700' title='bbox 405 4362 675 4420; x_wconf 86' lang='lat' dir='ltr'><strong>generant</strong></span> <span class='ocrx_word' id='word_1_701' title='bbox 712 4354 853 4405; x_wconf 90' lang='lat' dir='ltr'><strong>ﬁlios</strong></span> <span class='ocrx_word' id='word_1_702' title='bbox 885 4351 1057 4412; x_wconf 87' lang='lat' dir='ltr'><strong>tales,</strong></span> <span class='ocrx_word' id='word_1_703' title='bbox 1097 4365 1236 4418; x_wconf 86' lang='lat' dir='ltr'><strong>quos</strong></span> <span class='ocrx_word' id='word_1_704' title='bbox 1275 4364 1374 4404; x_wconf 88' lang='lat' dir='ltr'><strong>nec</strong></span> <span class='ocrx_word' id='word_1_705' title='bbox 1420 4352 1678 4416; x_wconf 88' lang='lat' dir='ltr'><strong>sentiret,</strong></span> <span class='ocrx_word' id='word_1_706' title='bbox 1731 4367 1828 4405; x_wconf 90' lang='lat' dir='ltr'><strong>nec</strong></span> <span class='ocrx_word' id='word_1_707' title='bbox 1863 4341 1906 4395; x_wconf 88' lang='grc' dir='ltr'><strong>Ῑ)</strong></span> <span class='ocrx_word' id='word_1_708' title='bbox 1932 4356 2262 4412; x_wconf 86' lang='lat' dir='ltr'><strong>eversionem</strong></span> <span class='ocrx_word' id='word_1_709' title='bbox 2313 4351 2694 4417; x_wconf 89' lang='lat' dir='ltr'><strong>Sodomorum,</strong></span> <span class='ocrx_word' id='word_1_710' title='bbox 2738 4362 2791 4406; x_wconf 91' lang='lat' dir='ltr'><strong>et</strong></span> <span class='ocrx_word' id='word_1_711' title='bbox 2838 4352 2934 4406; x_wconf 87' lang='lat' dir='ltr'><strong>Lot</strong></span> <span class='ocrx_word' id='word_1_712' title='bbox 2972 4353 3053 4406; x_wconf 86' lang='lat' dir='ltr'><strong>vel</strong></span> <span class='ocrx_word' id='word_1_713' title='bbox 3096 4354 3472 4420; x_wconf 86' lang='lat' dir='ltr'><strong>hospitalitatis</strong></span> 
     </span>
    </p>
   </div>
   <div class='ocr_carea' id='block_1_66' title="bbox 254 4440 1828 4510">
    <p class='ocr_par' dir='ltr' id='par_1_66' title="bbox 254 4440 1828 4510">
     <span class='ocr_line' id='line_1_66' title="bbox 254 4440 1828 4510; baseline 0.002 -18"><span class='ocrx_word' id='word_1_714' title='bbox 254 4455 569 4510; x_wconf 80' lang='lat' dir='ltr'><strong>agnosceret</strong></span> <span class='ocrx_word' id='word_1_715' title='bbox 608 4452 796 4510; x_wconf 82' lang='lat' dir='ltr'><strong>pater.</strong></span> <span class='ocrx_word' id='word_1_716' title='bbox 848 4441 962 4495; x_wconf 84' lang='lat' dir='ltr'><strong>Nec</strong></span> <span class='ocrx_word' id='word_1_717' title='bbox 991 4441 1140 4493; x_wconf 86' lang='lat' dir='ltr'><strong>enim</strong></span> <span class='ocrx_word' id='word_1_718' title='bbox 1176 4440 1279 4492; x_wconf 86' lang='lat' dir='ltr'><strong>iste</strong></span> <span class='ocrx_word' id='word_1_719' title='bbox 1320 4453 1510 4492; x_wconf 88' lang='lat' dir='ltr'><strong>sensus</strong></span> <span class='ocrx_word' id='word_1_720' title='bbox 1535 4480 1549 4504; x_wconf 91' lang='lat'><strong>,</strong></span> <span class='ocrx_word' id='word_1_721' title='bbox 1595 4448 1686 4494; x_wconf 88' lang='lat' dir='ltr'><strong>aut</strong></span> <span class='ocrx_word' id='word_1_722' title='bbox 1713 4441 1828 4496; x_wconf 84' lang='lat' dir='ltr'><strong>haec</strong></span> 
     </span>
    </p>
   </div>
   <div class='ocr_carea' id='block_1_67' title="bbox 254 4529 1828 4599">
    <p class='ocr_par' dir='ltr' id='par_1_67' title="bbox 254 4529 1828 4599">
     <span class='ocr_line' id='line_1_67' title="bbox 254 4529 1828 4599; baseline 0.003 -20"><span class='ocrx_word' id='word_1_723' title='bbox 254 4531 497 4584; x_wconf 78' lang='lat' dir='ltr'><strong>voluntas</strong></span> <span class='ocrx_word' id='word_1_724' title='bbox 530 4531 721 4585; x_wconf 81' lang='lat' dir='ltr'><strong>fuerat</strong></span> <span class='ocrx_word' id='word_1_725' title='bbox 753 4531 924 4599; x_wconf 88' lang='lat' dir='ltr'><strong>legis,</strong></span> <span class='ocrx_word' id='word_1_726' title='bbox 978 4538 1036 4582; x_wconf 90' lang='lat' dir='ltr'><strong>ut</strong></span> <span class='ocrx_word' id='word_1_727' title='bbox 1066 4529 1360 4582; x_wconf 89' lang='lat' dir='ltr'><strong>carnaliter</strong></span> <span class='ocrx_word' id='word_1_728' title='bbox 1390 4539 1704 4596; x_wconf 83' lang='lat' dir='ltr'><strong>generaret;</strong></span> <span class='ocrx_word' id='word_1_729' title='bbox 1735 4531 1828 4584; x_wconf 91' lang='lat' dir='ltr'><strong>sed</strong></span> 
     </span>
    </p>
   </div>
   <div class='ocr_carea' id='block_1_68' title="bbox 253 4619 1826 4686">
    <p class='ocr_par' dir='ltr' id='par_1_68' title="bbox 253 4619 1826 4686">
     <span class='ocr_line' id='line_1_68' title="bbox 253 4619 1826 4686; baseline 0 -13"><span class='ocrx_word' id='word_1_730' title='bbox 253 4620 454 4686; x_wconf 79' lang='lat' dir='ltr'><strong>scpitur</strong></span> <span class='ocrx_word' id='word_1_731' title='bbox 483 4621 574 4674; x_wconf 88' lang='lat' dir='ltr'><strong>lex</strong></span> <span class='ocrx_word' id='word_1_732' title='bbox 596 4661 611 4681; x_wconf 95' lang='lat'><strong>,</strong></span> <span class='ocrx_word' id='word_1_733' title='bbox 647 4629 712 4671; x_wconf 89' lang='lat' dir='ltr'><strong>ut</strong></span> <span class='ocrx_word' id='word_1_734' title='bbox 756 4619 880 4672; x_wconf 90' lang='lat' dir='ltr'><strong>talis</strong></span> <span class='ocrx_word' id='word_1_735' title='bbox 910 4619 1202 4686; x_wconf 88' lang='lat' dir='ltr'><strong>posteritas</strong></span> <span class='ocrx_word' id='word_1_736' title='bbox 1231 4628 1540 4686; x_wconf 87' lang='lat' dir='ltr'><strong>generetur,</strong></span> <span class='ocrx_word' id='word_1_737' title='bbox 1571 4635 1686 4686; x_wconf 76' lang='lat' dir='ltr'><strong>qua:</strong></span> <span class='ocrx_word' id='word_1_738' title='bbox 1722 4637 1826 4674; x_wconf 90' lang='lat' dir='ltr'><strong>non</strong></span> 
     </span>
    </p>
   </div>
   <div class='ocr_carea' id='block_1_69' title="bbox 253 4709 1826 4776">
    <p class='ocr_par' dir='ltr' id='par_1_69' title="bbox 253 4709 1826 4776">
     <span class='ocr_line' id='line_1_69' title="bbox 253 4709 1826 4776; baseline 0.001 -16"><span class='ocrx_word' id='word_1_739' title='bbox 253 4709 405 4763; x_wconf 89' lang='lat' dir='ltr'><strong>intret</strong></span> <span class='ocrx_word' id='word_1_740' title='bbox 422 4711 474 4763; x_wconf 92' lang='lat' dir='ltr'><strong>in</strong></span> <span class='ocrx_word' id='word_1_741' title='bbox 502 4710 820 4764; x_wconf 72' lang='lat' dir='ltr'><strong>Ecclesium</strong></span> <span class='ocrx_word' id='word_1_742' title='bbox 840 4709 1392 4762; x_wconf 73' lang='lat' dir='ltr'><strong>Domini.Ammonita:</strong></span> <span class='ocrx_word' id='word_1_743' title='bbox 1407 4709 1564 4770; x_wconf 85' lang='lat' dir='ltr'><strong>enim,</strong></span> <span class='ocrx_word' id='word_1_744' title='bbox 1582 4710 1826 4776; x_wconf 78' lang='lat' dir='ltr'><strong>inquit&quot;,</strong></span> 
     </span>
    </p>
   </div>
   <div class='ocr_carea' id='block_1_70' title="bbox 254 4794 1824 4867">
    <p class='ocr_par' dir='ltr' id='par_1_70' title="bbox 254 4794 1824 4867">
     <span class='ocr_line' id='line_1_70' title="bbox 254 4794 1824 4867; baseline 0.001 -18"><span class='ocrx_word' id='word_1_745' title='bbox 254 4808 296 4849; x_wconf 86' lang='lat' dir='ltr'><strong>et</strong></span> <span class='ocrx_word' id='word_1_746' title='bbox 315 4797 566 4852; x_wconf 72' lang='lat' dir='ltr'><strong>Moabita:</strong></span> <span class='ocrx_word' id='word_1_747' title='bbox 591 4816 702 4851; x_wconf 80' lang='lat' dir='ltr'><strong>non</strong></span> <span class='ocrx_word' id='word_1_748' title='bbox 722 4799 1016 4851; x_wconf 80' lang='lat' dir='ltr'><strong>introibant</strong></span> <span class='ocrx_word' id='word_1_749' title='bbox 1034 4797 1093 4848; x_wconf 85' lang='lat' dir='ltr'><strong>in</strong></span> <span class='ocrx_word' id='word_1_750' title='bbox 1114 4794 1406 4847; x_wconf 80' lang='lat' dir='ltr'><strong>Ecclesium</strong></span> <span class='ocrx_word' id='word_1_751' title='bbox 1435 4794 1638 4848; x_wconf 83' lang='lat' dir='ltr'><strong>Domini</strong></span> <span class='ocrx_word' id='word_1_752' title='bbox 1668 4815 1824 4867; x_wconf 84' lang='lat' dir='ltr'><strong>usque</strong></span> 
     </span>
    </p>
   </div>
   <div class='ocr_carea' id='block_1_71' title="bbox 253 4883 1822 4959">
    <p class='ocr_par' dir='ltr' id='par_1_71' title="bbox 253 4883 1822 4959">
     <span class='ocr_line' id='line_1_71' title="bbox 253 4883 1822 4959; baseline 0.002 -21"><span class='ocrx_word' id='word_1_753' title='bbox 253 4888 303 4940; x_wconf 78' lang='lat' dir='ltr'><strong>in</strong></span> <span class='ocrx_word' id='word_1_754' title='bbox 334 4892 542 4942; x_wconf 82' lang='lat' dir='ltr'><strong>tertiam</strong></span> <span class='ocrx_word' id='word_1_755' title='bbox 591 4900 642 4943; x_wconf 82' lang='lat' dir='ltr'><strong>et</strong></span> <span class='ocrx_word' id='word_1_756' title='bbox 677 4898 930 4959; x_wconf 84' lang='lat' dir='ltr'><strong>quartam</strong></span> <span class='ocrx_word' id='word_1_757' title='bbox 969 4886 1277 4954; x_wconf 82' lang='lat' dir='ltr'><strong>progeniem</strong></span> <span class='ocrx_word' id='word_1_758' title='bbox 1314 4883 1422 4952; x_wconf 75' lang='lat'><strong>(27)</strong></span> <span class='ocrx_word' id='word_1_759' title='bbox 1447 4924 1461 4948; x_wconf 92' lang='lat'><strong>,</strong></span> <span class='ocrx_word' id='word_1_760' title='bbox 1500 4895 1544 4936; x_wconf 87' lang='lat' dir='ltr'><strong>et</strong></span> <span class='ocrx_word' id='word_1_761' title='bbox 1575 4902 1730 4953; x_wconf 88' lang='lat' dir='ltr'><strong>usque</strong></span> <span class='ocrx_word' id='word_1_762' title='bbox 1770 4891 1822 4941; x_wconf 84' lang='lat' dir='ltr'><strong>in</strong></span> 
     </span>
    </p>
   </div>
   <div class='ocr_carea' id='block_1_72' title="bbox 257 4971 1824 5046">
    <p class='ocr_par' dir='ltr' id='par_1_72' title="bbox 257 4971 1824 5046">
     <span class='ocr_line' id='line_1_72' title="bbox 257 4971 1824 5046; baseline 0.001 -19"><span class='ocrx_word' id='word_1_763' title='bbox 257 4978 514 5032; x_wconf 70' lang='lat' dir='ltr'><strong>multum.</strong></span> <span class='ocrx_word' id='word_1_764' title='bbox 570 4978 841 5046; x_wconf 86' lang='lat' dir='ltr'><strong>Designat</strong></span> <span class='ocrx_word' id='word_1_765' title='bbox 875 4975 1018 5044; x_wconf 88' lang='lat' dir='ltr'><strong>quod</strong></span> <span class='ocrx_word' id='word_1_766' title='bbox 1054 4971 1361 5027; x_wconf 86' lang='lat' dir='ltr'><strong>carnaliter</strong></span> <span class='ocrx_word' id='word_1_767' title='bbox 1388 4973 1658 5035; x_wconf 82' lang='lat' dir='ltr'><strong>generatio</strong></span> <span class='ocrx_word' id='word_1_768' title='bbox 1692 4975 1824 5044; x_wconf 83' lang='lat' dir='ltr'><strong>legis</strong></span> 
     </span>
    </p>
   </div>
   <div class='ocr_carea' id='block_1_73' title="bbox 325 5087 909 5152">
    <p class='ocr_par' dir='ltr' id='par_1_73' title="bbox 325 5087 909 5152">
     <span class='ocr_line' id='line_1_73' title="bbox 325 5087 909 5152; baseline -0.002 -8"><span class='ocrx_word' id='word_1_769' title='bbox 325 5087 364 5120; x_wconf 71' lang='grc' dir='ltr'><strong>ἰ</strong></span> <span class='ocrx_word' id='word_1_770' title='bbox 400 5090 598 5150; x_wconf 79' lang='lat' dir='ltr'><strong>Cenes.</strong></span> <span class='ocrx_word' id='word_1_771' title='bbox 651 5107 778 5152; x_wconf 85' lang='lat' dir='ltr'><strong>xtx,</strong></span> <span class='ocrx_word' id='word_1_772' title='bbox 817 5091 909 5144; x_wconf 75' lang='lat'><strong>20.</strong></span> 
     </span>
    </p>
   </div>
   <div class='ocr_carea' id='block_1_74' title="bbox 257 5159 1049 5219">
    <p class='ocr_par' dir='ltr' id='par_1_74' title="bbox 257 5159 1049 5219">
     <span class='ocr_line' id='line_1_74' title="bbox 257 5159 1049 5219; baseline -0.001 -12"><span class='ocrx_word' id='word_1_773' title='bbox 257 5170 351 5219; x_wconf 73' lang='grc' dir='ltr'>ιιι,</span> <span class='ocrx_word' id='word_1_774' title='bbox 376 5159 464 5213; x_wconf 76' lang='lat'><strong>50.</strong></span> <span class='ocrx_word' id='word_1_775' title='bbox 536 5161 584 5193; x_wconf 69' lang='grc' dir='ltr'><strong>τ’</strong></span> <span class='ocrx_word' id='word_1_776' title='bbox 640 5161 846 5212; x_wconf 66' lang='lat' dir='ltr'><strong>Ger-es.</strong></span> <span class='ocrx_word' id='word_1_777' title='bbox 875 5175 967 5219; x_wconf 89' lang='lat' dir='ltr'><strong>xx,</strong></span> <span class='ocrx_word' id='word_1_778' title='bbox 998 5159 1049 5207; x_wconf 76' lang='grc'><strong>1.</strong></span> 
     </span>
    </p>
   </div>
   <div class='ocr_carea' id='block_1_75' title="bbox 323 5240 1828 5318">
    <p class='ocr_par' dir='ltr' id='par_1_75' title="bbox 323 5240 1828 5318">
     <span class='ocr_line' id='line_1_75' title="bbox 323 5240 1828 5318; baseline 0.002 -16"><span class='ocrx_word' id='word_1_779' title='bbox 323 5248 427 5317; x_wconf 69' lang='grc' dir='ltr'><strong>(ἳϐ)</strong></span> <span class='ocrx_word' id='word_1_780' title='bbox 456 5249 586 5303; x_wconf 80' lang='lat' dir='ltr'><strong>Esse</strong></span> <span class='ocrx_word' id='word_1_781' title='bbox 619 5251 836 5318; x_wconf 84' lang='lat' dir='ltr'><strong>quidem</strong></span> <span class='ocrx_word' id='word_1_782' title='bbox 870 5246 1096 5318; x_wconf 65' lang='lat' dir='ltr'><strong>Oollam</strong></span> <span class='ocrx_word' id='word_1_783' title='bbox 1127 5240 1568 5318; x_wconf 30' lang='grc' dir='ltr'><strong>ιιιειςιηιιιειιιηὶθιρἶ</strong></span> <span class='ocrx_word' id='word_1_784' title='bbox 1593 5245 1828 5318; x_wconf 72' lang='grc' dir='ltr'>Εοριιιηι</span> 
     </span>
    </p>
   </div>
   <div class='ocr_carea' id='block_1_76' title="bbox 258 5306 1828 5377">
    <p class='ocr_par' dir='ltr' id='par_1_76' title="bbox 258 5306 1828 5377">
     <span class='ocr_line' id='line_1_76' title="bbox 258 5306 1828 5377; baseline -0.001 -13"><span class='ocrx_word' id='word_1_785' title='bbox 258 5306 520 5372; x_wconf 68' lang='lat' dir='ltr'><strong>Ezechiel.</strong></span> <span class='ocrx_word' id='word_1_786' title='bbox 571 5306 742 5377; x_wconf 60' lang='lat' dir='ltr'><strong>xx&#39;ttt,</strong></span> <span class='ocrx_word' id='word_1_787' title='bbox 791 5316 943 5369; x_wconf 87' lang='lat' dir='ltr'><strong>Oolla</strong></span> <span class='ocrx_word' id='word_1_788' title='bbox 997 5309 1302 5370; x_wconf 86' lang='lat' dir='ltr'><strong>Samaria,</strong></span> <span class='ocrx_word' id='word_1_789' title='bbox 1345 5317 1392 5357; x_wconf 89' lang='lat' dir='ltr'><strong>et</strong></span> <span class='ocrx_word' id='word_1_790' title='bbox 1442 5306 1608 5366; x_wconf 85' lang='lat' dir='ltr'><strong>Ooliba</strong></span> <span class='ocrx_word' id='word_1_791' title='bbox 1657 5314 1828 5372; x_wconf 79' lang='lat' dir='ltr'><strong>Jeru.</strong></span> 
     </span>
    </p>
   </div>
   <div class='ocr_carea' id='block_1_77' title="bbox 267 5384 835 5438">
    <p class='ocr_par' dir='ltr' id='par_1_77' title="bbox 267 5384 835 5438">
     <span class='ocr_line' id='line_1_77' title="bbox 267 5384 835 5438; baseline 0.007 -7"><span class='ocrx_word' id='word_1_792' title='bbox 267 5384 419 5435; x_wconf 84' lang='lat' dir='ltr'><strong>salem</strong></span> <span class='ocrx_word' id='word_1_793' title='bbox 458 5401 576 5438; x_wconf 81' lang='lat' dir='ltr'><strong>esse</strong></span> <span class='ocrx_word' id='word_1_794' title='bbox 607 5387 835 5437; x_wconf 85' lang='lat' dir='ltr'><strong>dicitur.</strong></span> 
     </span>
    </p>
   </div>
   <div class='ocr_carea' id='block_1_78' title="bbox 328 5447 1825 5520">
    <p class='ocr_par' dir='ltr' id='par_1_78' title="bbox 328 5447 1825 5520">
     <span class='ocr_line' id='line_1_78' title="bbox 328 5447 1825 5520; baseline 0.003 -20"><span class='ocrx_word' id='word_1_795' title='bbox 328 5449 430 5517; x_wconf 75' lang='lat'><strong>(27)</strong></span> <span class='ocrx_word' id='word_1_796' title='bbox 479 5450 649 5520; x_wconf 87' lang='lat' dir='ltr'><strong>Usque</strong></span> <span class='ocrx_word' id='word_1_797' title='bbox 679 5453 735 5503; x_wconf 83' lang='lat' dir='ltr'><strong>in</strong></span> <span class='ocrx_word' id='word_1_798' title='bbox 771 5451 990 5520; x_wconf 75' lang='lat' dir='ltr'><strong>tertiam</strong></span> <span class='ocrx_word' id='word_1_799' title='bbox 1025 5453 1080 5497; x_wconf 84' lang='lat' dir='ltr'><strong>et</strong></span> <span class='ocrx_word' id='word_1_800' title='bbox 1113 5447 1352 5520; x_wconf 59' lang='lat' dir='ltr'><strong>quartam</strong></span> <span class='ocrx_word' id='word_1_801' title='bbox 1379 5449 1672 5520; x_wconf 69' lang='lat' dir='ltr'><strong>progeniem,</strong></span> <span class='ocrx_word' id='word_1_802' title='bbox 1705 5462 1825 5506; x_wconf 89' lang='lat' dir='ltr'><strong>etc.</strong></span> 
     </span>
    </p>
   </div>
   <div class='ocr_carea' id='block_1_79' title="bbox 268 5512 1586 5586">
    <p class='ocr_par' dir='ltr' id='par_1_79' title="bbox 268 5512 1586 5586">
     <span class='ocr_line' id='line_1_79' title="bbox 268 5512 1586 5586; baseline 0.001 -18"><span class='ocrx_word' id='word_1_803' title='bbox 268 5512 732 5578; x_wconf 65' lang='lat' dir='ltr'><strong>Denteron.&#39;xxttt,</strong></span> <span class='ocrx_word' id='word_1_804' title='bbox 779 5519 834 5578; x_wconf 76' lang='lat'><strong>3,</strong></span> <span class='ocrx_word' id='word_1_805' title='bbox 869 5530 995 5586; x_wconf 85' lang='lat' dir='ltr'><strong>non_</strong></span> <span class='ocrx_word' id='word_1_806' title='bbox 1039 5521 1223 5586; x_wconf 60' lang='grc' dir='ltr'>υριιιιθ</span> <span class='ocrx_word' id='word_1_807' title='bbox 1251 5512 1300 5556; x_wconf 78' lang='grc' dir='ltr'><strong>ίιι</strong></span> <span class='ocrx_word' id='word_1_808' title='bbox 1325 5512 1507 5586; x_wconf 57' lang='lat' dir='ltr'><strong>Milia&quot;)</strong></span> <span class='ocrx_word' id='word_1_809' title='bbox 1543 5529 1586 5569; x_wconf 88' lang='lat' dir='ltr'><strong>et</strong></span> 
     </span>
    </p>
   </div>
   <div class='ocr_carea' id='block_1_80' title="bbox 277 5578 1826 5653">
    <p class='ocr_par' dir='ltr' id='par_1_80' title="bbox 277 5578 1826 5653">
     <span class='ocr_line' id='line_1_80' title="bbox 277 5578 1826 5653; baseline 0.003 -22"><span class='ocrx_word' id='word_1_810' title='bbox 277 5591 408 5648; x_wconf 84' lang='lat' dir='ltr'><strong>tam,</strong></span> <span class='ocrx_word' id='word_1_811' title='bbox 447 5587 538 5640; x_wconf 79' lang='lat' dir='ltr'><strong>sed</strong></span> <span class='ocrx_word' id='word_1_812' title='bbox 569 5589 732 5641; x_wconf 81' lang='lat' dir='ltr'><strong>etiam</strong></span> <span class='ocrx_word' id='word_1_813' title='bbox 778 5593 902 5653; x_wconf 88' lang='lat' dir='ltr'><strong>post</strong></span> <span class='ocrx_word' id='word_1_814' title='bbox 958 5578 1246 5630; x_wconf 84' lang='lat' dir='ltr'><strong>decimam</strong></span> <span class='ocrx_word' id='word_1_815' title='bbox 1291 5578 1677 5638; x_wconf 52' lang='lat' dir='ltr'><strong>Setteralionem&#39;</strong></span> <span class='ocrx_word' id='word_1_816' title='bbox 1711 5585 1826 5637; x_wconf 82' lang='lat' dir='ltr'><strong>Et:-</strong></span> 
     </span>
    </p>
   </div>
   <div class='ocr_carea' id='block_1_81' title="bbox 987 5083 1890 5151">
    <p class='ocr_par' dir='ltr' id='par_1_81' title="bbox 987 5083 1890 5151">
     <span class='ocr_line' id='line_1_81' title="bbox 987 5083 1890 5151; baseline 0.017 -17"><span class='ocrx_word' id='word_1_817' title='bbox 987 5091 1033 5121; x_wconf 77' lang='grc' dir='ltr'><strong>τί</strong></span> <span class='ocrx_word' id='word_1_818' title='bbox 1080 5083 1282 5138; x_wconf 82' lang='lat' dir='ltr'><strong>Matth.</strong></span> <span class='ocrx_word' id='word_1_819' title='bbox 1325 5099 1435 5144; x_wconf 85' lang='lat' dir='ltr'><strong>xxt,</strong></span> <span class='ocrx_word' id='word_1_820' title='bbox 1472 5084 1554 5139; x_wconf 74' lang='grc'><strong>18.</strong></span> <span class='ocrx_word' id='word_1_821' title='bbox 1623 5089 1670 5119; x_wconf 88' lang='grc'>⁷³</span> <span class='ocrx_word' id='word_1_822' title='bbox 1693 5091 1890 5151; x_wconf 86' lang='lat' dir='ltr'><strong>Ezech.</strong></span> 
     </span>
    </p>
   </div>
   <div class='ocr_carea' id='block_1_82' title="bbox 1635 5533 1830 5584">
    <p class='ocr_par' dir='ltr' id='par_1_82' title="bbox 1635 5533 1830 5584">
     <span class='ocr_line' id='line_1_82' title="bbox 1635 5533 1830 5584; baseline 0.015 -17"><span class='ocrx_word' id='word_1_823' title='bbox 1635 5533 1830 5584; x_wconf 86' lang='lat' dir='ltr'><strong>quar-</strong></span> 
     </span>
    </p>
   </div>
   <div class='ocr_carea' id='block_1_83' title="bbox 1931 4441 3470 4511">
    <p class='ocr_par' dir='ltr' id='par_1_83' title="bbox 1931 4441 3470 4511">
     <span class='ocr_line' id='line_1_83' title="bbox 1931 4441 3470 4511; baseline -0.001 -13"><span class='ocrx_word' id='word_1_824' title='bbox 1931 4445 2121 4498; x_wconf 91' lang='lat' dir='ltr'><strong>merito</strong></span> <span class='ocrx_word' id='word_1_825' title='bbox 2157 4441 2242 4496; x_wconf 89' lang='lat' dir='ltr'><strong>vel</strong></span> <span class='ocrx_word' id='word_1_826' title='bbox 2285 4442 2764 4508; x_wconf 86' lang='lat' dir='ltr'><strong>consanguinitatis</strong></span> <span class='ocrx_word' id='word_1_827' title='bbox 2805 4443 3030 4498; x_wconf 76' lang='lat' dir='ltr'><strong>Abraha:</strong></span> <span class='ocrx_word' id='word_1_828' title='bbox 3070 4443 3238 4511; x_wconf 89' lang='lat' dir='ltr'><strong>gratia</strong></span> <span class='ocrx_word' id='word_1_829' title='bbox 3284 4457 3470 4496; x_wconf 84' lang='lat' dir='ltr'><strong>serva-</strong></span> 
     </span>
    </p>
   </div>
   <div class='ocr_carea' id='block_1_84' title="bbox 1927 4530 3552 4600">
    <p class='ocr_par' dir='ltr' id='par_1_84' title="bbox 1927 4530 3552 4600">
     <span class='ocr_line' id='line_1_84' title="bbox 1927 4530 3552 4600; baseline -0.001 -15"><span class='ocrx_word' id='word_1_830' title='bbox 1927 4541 2039 4586; x_wconf 89' lang='lat' dir='ltr'><strong>tum</strong></span> <span class='ocrx_word' id='word_1_831' title='bbox 2063 4571 2077 4595; x_wconf 92' lang='lat'><strong>,</strong></span> <span class='ocrx_word' id='word_1_832' title='bbox 2103 4530 2361 4600; x_wconf 79' lang='lat' dir='ltr'><strong>profectus</strong></span> <span class='ocrx_word' id='word_1_833' title='bbox 2385 4540 2483 4596; x_wconf 91' lang='lat' dir='ltr'><strong>est,</strong></span> <span class='ocrx_word' id='word_1_834' title='bbox 2525 4530 2695 4598; x_wconf 90' lang='lat' dir='ltr'><strong>inquit</strong></span> <span class='ocrx_word' id='word_1_835' title='bbox 2727 4531 2794 4592; x_wconf 83' lang='grc'><strong>⁷⁷,</strong></span> <span class='ocrx_word' id='word_1_836' title='bbox 2846 4532 2964 4584; x_wconf 81' lang='lat' dir='ltr'><strong>inde</strong></span> <span class='ocrx_word' id='word_1_837' title='bbox 3007 4533 3264 4584; x_wconf 82' lang='lat' dir='ltr'><strong>Abraham</strong></span> <span class='ocrx_word' id='word_1_838' title='bbox 3295 4533 3364 4584; x_wconf 85' lang='lat' dir='ltr'><strong>ad</strong></span> <span class='ocrx_word' id='word_1_839' title='bbox 3400 4534 3472 4584; x_wconf 79' lang='grc' dir='ltr'><strong>Α·</strong></span> <span class='ocrx_word' id='word_1_840' title='bbox 3549 4537 3552 4540; x_wconf 81' lang='grc'><strong>’</strong></span> 
     </span>
    </p>
   </div>
   <div class='ocr_carea' id='block_1_85' title="bbox 1927 4620 3468 4690">
    <p class='ocr_par' dir='ltr' id='par_1_85' title="bbox 1927 4620 3468 4690">
     <span class='ocr_line' id='line_1_85' title="bbox 1927 4620 3468 4690; baseline -0.002 -15"><span class='ocrx_word' id='word_1_841' title='bbox 1927 4624 2182 4690; x_wconf 80' lang='lat' dir='ltr'><strong>pltricum,</strong></span> <span class='ocrx_word' id='word_1_842' title='bbox 2225 4629 2279 4674; x_wconf 90' lang='lat' dir='ltr'><strong>ct</strong></span> <span class='ocrx_word' id='word_1_843' title='bbox 2323 4620 2468 4674; x_wconf 92' lang='lat' dir='ltr'><strong>venit</strong></span> <span class='ocrx_word' id='word_1_844' title='bbox 2512 4621 2578 4672; x_wconf 88' lang='lat' dir='ltr'><strong>ad</strong></span> <span class='ocrx_word' id='word_1_845' title='bbox 2631 4635 2809 4688; x_wconf 85' lang='lat' dir='ltr'><strong>regem</strong></span> <span class='ocrx_word' id='word_1_846' title='bbox 2851 4621 3313 4675; x_wconf 84' lang='lat' dir='ltr'><strong>Philisthinorutn.</strong></span> <span class='ocrx_word' id='word_1_847' title='bbox 3361 4620 3468 4672; x_wconf 69' lang='lat' dir='ltr'><strong>lie-</strong></span> 
     </span>
    </p>
   </div>
   <div class='ocr_carea' id='block_1_86' title="bbox 1931 4709 3468 4777">
    <p class='ocr_par' dir='ltr' id='par_1_86' title="bbox 1931 4709 3468 4777">
     <span class='ocr_line' id='line_1_86' title="bbox 1931 4709 3468 4777; baseline -0.003 -12"><span class='ocrx_word' id='word_1_848' title='bbox 1931 4713 2102 4766; x_wconf 82' lang='lat' dir='ltr'><strong>lertttr</strong></span> <span class='ocrx_word' id='word_1_849' title='bbox 2153 4711 2316 4763; x_wconf 75' lang='lat' dir='ltr'><strong>etiam</strong></span> <span class='ocrx_word' id='word_1_850' title='bbox 2369 4710 2510 4777; x_wconf 85' lang='lat' dir='ltr'><strong>quod</strong></span> <span class='ocrx_word' id='word_1_851' title='bbox 2571 4718 2756 4776; x_wconf 89' lang='lat' dir='ltr'><strong>pactus</strong></span> <span class='ocrx_word' id='word_1_852' title='bbox 2809 4709 2879 4762; x_wconf 90' lang='lat' dir='ltr'><strong>sit</strong></span> <span class='ocrx_word' id='word_1_853' title='bbox 2937 4725 3056 4762; x_wconf 87' lang='lat' dir='ltr'><strong>cum</strong></span> <span class='ocrx_word' id='word_1_854' title='bbox 3115 4709 3248 4762; x_wconf 88' lang='lat' dir='ltr'><strong>Sara</strong></span> <span class='ocrx_word' id='word_1_855' title='bbox 3301 4724 3468 4760; x_wconf 86' lang='lat' dir='ltr'><strong>uxore</strong></span> 
     </span>
    </p>
   </div>
   <div class='ocr_carea' id='block_1_87' title="bbox 1930 4797 3470 4864">
    <p class='ocr_par' dir='ltr' id='par_1_87' title="bbox 1930 4797 3470 4864">
     <span class='ocr_line' id='line_1_87' title="bbox 1930 4797 3470 4864; baseline -0.006 -7"><span class='ocrx_word' id='word_1_856' title='bbox 1930 4819 2045 4864; x_wconf 87' lang='lat' dir='ltr'><strong>sua,</strong></span> <span class='ocrx_word' id='word_1_857' title='bbox 2073 4810 2129 4853; x_wconf 92' lang='lat' dir='ltr'><strong>ut</strong></span> <span class='ocrx_word' id='word_1_858' title='bbox 2170 4814 2271 4852; x_wconf 87' lang='lat' dir='ltr'><strong>non</strong></span> <span class='ocrx_word' id='word_1_859' title='bbox 2319 4799 2520 4852; x_wconf 89' lang='lat' dir='ltr'><strong>diceret</strong></span> <span class='ocrx_word' id='word_1_860' title='bbox 2563 4813 2780 4850; x_wconf 91' lang='lat' dir='ltr'><strong>uxorem</strong></span> <span class='ocrx_word' id='word_1_861' title='bbox 2829 4812 2886 4850; x_wconf 89' lang='lat' dir='ltr'><strong>se</strong></span> <span class='ocrx_word' id='word_1_862' title='bbox 2929 4798 3191 4860; x_wconf 56' lang='lat' dir='ltr'><strong>Abrahae,</strong></span> <span class='ocrx_word' id='word_1_863' title='bbox 3237 4797 3328 4849; x_wconf 88' lang='lat' dir='ltr'><strong>sed</strong></span> <span class='ocrx_word' id='word_1_864' title='bbox 3379 4811 3470 4849; x_wconf 83' lang='lat' dir='ltr'><strong>su-</strong></span> 
     </span>
    </p>
   </div>
   <div class='ocr_carea' id='block_1_88' title="bbox 1930 4887 3468 4956">
    <p class='ocr_par' dir='ltr' id='par_1_88' title="bbox 1930 4887 3468 4956">
     <span class='ocr_line' id='line_1_88' title="bbox 1930 4887 3468 4956; baseline -0.002 -14"><span class='ocrx_word' id='word_1_865' title='bbox 1930 4905 2105 4943; x_wconf 84' lang='lat' dir='ltr'><strong>rorem</strong></span> <span class='ocrx_word' id='word_1_866' title='bbox 2144 4889 2256 4956; x_wconf 88' lang='lat' dir='ltr'><strong>ejus</strong></span> <span class='ocrx_word' id='word_1_867' title='bbox 2295 4901 2441 4951; x_wconf 88' lang='lat' dir='ltr'><strong>esse;</strong></span> <span class='ocrx_word' id='word_1_868' title='bbox 2483 4895 2537 4940; x_wconf 91' lang='lat' dir='ltr'><strong>et</strong></span> <span class='ocrx_word' id='word_1_869' title='bbox 2575 4887 2714 4955; x_wconf 90' lang='lat' dir='ltr'><strong>quod</strong></span> <span class='ocrx_word' id='word_1_870' title='bbox 2759 4901 2849 4939; x_wconf 87' lang='lat' dir='ltr'><strong>rex</strong></span> <span class='ocrx_word' id='word_1_871' title='bbox 2892 4888 3201 4940; x_wconf 87' lang='lat' dir='ltr'><strong>Abimelech</strong></span> <span class='ocrx_word' id='word_1_872' title='bbox 3248 4899 3468 4952; x_wconf 88' lang='lat' dir='ltr'><strong>accepe-</strong></span> 
     </span>
    </p>
   </div>
   <div class='ocr_carea' id='block_1_89' title="bbox 1932 4975 3468 5046">
    <p class='ocr_par' dir='ltr' id='par_1_89' title="bbox 1932 4975 3468 5046">
     <span class='ocr_line' id='line_1_89' title="bbox 1932 4975 3468 5046; baseline -0.005 -12"><span class='ocrx_word' id='word_1_873' title='bbox 1932 4982 2001 5034; x_wconf 91' lang='lat' dir='ltr'><strong>rit</strong></span> <span class='ocrx_word' id='word_1_874' title='bbox 2034 4994 2172 5044; x_wconf 89' lang='lat' dir='ltr'><strong>eam,</strong></span> <span class='ocrx_word' id='word_1_875' title='bbox 2218 4978 2492 5046; x_wconf 87' lang='lat' dir='ltr'><strong>ingressus</strong></span> <span class='ocrx_word' id='word_1_876' title='bbox 2535 4977 2605 5031; x_wconf 89' lang='lat' dir='ltr'><strong>sit</strong></span> <span class='ocrx_word' id='word_1_877' title='bbox 2646 4985 2820 5030; x_wconf 84' lang='lat' dir='ltr'><strong>autem</strong></span> <span class='ocrx_word' id='word_1_878' title='bbox 2866 4975 3003 5030; x_wconf 91' lang='lat' dir='ltr'><strong>Deus</strong></span> <span class='ocrx_word' id='word_1_879' title='bbox 3045 4976 3110 5029; x_wconf 92' lang='lat' dir='ltr'><strong>ad</strong></span> <span class='ocrx_word' id='word_1_880' title='bbox 3156 4975 3468 5028; x_wconf 81' lang='lat' dir='ltr'><strong>Abitnelech</strong></span> 
     </span>
    </p>
   </div>
   <div class='ocr_carea' id='block_1_90' title="bbox 1940 5085 3468 5152">
    <p class='ocr_par' dir='ltr' id='par_1_90' title="bbox 1940 5085 3468 5152">
     <span class='ocr_line' id='line_1_90' title="bbox 1940 5085 3468 5152; baseline -0.008 -2"><span class='ocrx_word' id='word_1_881' title='bbox 1940 5110 2097 5150; x_wconf 83' lang='lat' dir='ltr'><strong>xxttt.</strong></span> <span class='ocrx_word' id='word_1_882' title='bbox 2171 5093 2218 5124; x_wconf 68' lang='grc'>⁷⁸</span> <span class='ocrx_word' id='word_1_883' title='bbox 2240 5093 2389 5146; x_wconf 91' lang='lat' dir='ltr'><strong>Deut.</strong></span> <span class='ocrx_word' id='word_1_884' title='bbox 2415 5106 2569 5152; x_wconf 83' lang='lat' dir='ltr'><strong>xxttt,</strong></span> <span class='ocrx_word' id='word_1_885' title='bbox 2596 5092 2649 5144; x_wconf 77' lang='grc'><strong>5.</strong></span> <span class='ocrx_word' id='word_1_886' title='bbox 2708 5090 2753 5120; x_wconf 86' lang='grc'><strong>⁷⁸</strong></span> <span class='ocrx_word' id='word_1_887' title='bbox 2778 5088 2958 5144; x_wconf 86' lang='lat' dir='ltr'><strong>Galat.</strong></span> <span class='ocrx_word' id='word_1_888' title='bbox 2982 5104 3060 5152; x_wconf 77' lang='grc' dir='ltr'><strong>νι,</strong></span> <span class='ocrx_word' id='word_1_889' title='bbox 3085 5089 3135 5141; x_wconf 92' lang='lat'><strong>8.</strong></span> <span class='ocrx_word' id='word_1_890' title='bbox 3210 5088 3254 5116; x_wconf 83' lang='lat'><em>&quot;</em></span> <span class='ocrx_word' id='word_1_891' title='bbox 3277 5085 3468 5138; x_wconf 83' lang='lat' dir='ltr'><strong>Matth.</strong></span> 
     </span>
    </p>
   </div>
   <div class='ocr_carea' id='block_1_91' title="bbox 1933 5239 3370 5314">
    <p class='ocr_par' dir='ltr' id='par_1_91' title="bbox 1933 5239 3370 5314">
     <span class='ocr_line' id='line_1_91' title="bbox 1933 5239 3370 5314; baseline -0.016 -8"><span class='ocrx_word' id='word_1_892' title='bbox 1933 5251 2110 5306; x_wconf 68' lang='lat' dir='ltr'><strong>clesite</strong></span> <span class='ocrx_word' id='word_1_893' title='bbox 2159 5249 2304 5302; x_wconf 88' lang='lat' dir='ltr'><strong>aditu</strong></span> <span class='ocrx_word' id='word_1_894' title='bbox 2350 5257 2601 5302; x_wconf 89' lang='lat' dir='ltr'><strong>arcentur</strong></span> <span class='ocrx_word' id='word_1_895' title='bbox 2639 5243 2963 5314; x_wconf 56' lang='lat' dir='ltr'><strong>Ammonitag</strong></span> <span class='ocrx_word' id='word_1_896' title='bbox 3003 5253 3055 5296; x_wconf 89' lang='lat' dir='ltr'><strong>et</strong></span> <span class='ocrx_word' id='word_1_897' title='bbox 3100 5239 3370 5314; x_wconf 37' lang='lat' dir='ltr'><strong>Moabitae:</strong></span> 
     </span>
    </p>
   </div>
   <div class='ocr_carea' id='block_1_92' title="bbox 2006 5306 3484 5384">
    <p class='ocr_par' dir='ltr' id='par_1_92' title="bbox 2006 5306 3484 5384">
     <span class='ocr_line' id='line_1_92' title="bbox 2006 5306 3484 5384; baseline -0.012 -13"><span class='ocrx_word' id='word_1_898' title='bbox 2006 5319 2116 5384; x_wconf 77' lang='lat'><strong>(‘28)</strong></span> <span class='ocrx_word' id='word_1_899' title='bbox 2164 5318 2338 5371; x_wconf 83' lang='lat' dir='ltr'><strong>Codex</strong></span> <span class='ocrx_word' id='word_1_900' title='bbox 2391 5318 2448 5371; x_wconf 92' lang='lat' dir='ltr'><strong>S.</strong></span> <span class='ocrx_word' id='word_1_901' title='bbox 2500 5313 2858 5384; x_wconf 39' lang='lat' dir='ltr'><strong>Theudorici:</strong></span> <span class='ocrx_word' id='word_1_902' title='bbox 2928 5309 3004 5361; x_wconf 90' lang='lat' dir='ltr'><strong>De</strong></span> <span class='ocrx_word' id='word_1_903' title='bbox 3034 5306 3484 5384; x_wconf 21' lang='lat' dir='ltr'><strong>&quot;peregrj‘tt‘lt‘tittne</strong></span> 
     </span>
    </p>
   </div>
   <div class='ocr_carea' id='block_1_93' title="bbox 1934 5371 3488 5452">
    <p class='ocr_par' dir='ltr' id='par_1_93' title="bbox 1934 5371 3488 5452">
     <span class='ocr_line' id='line_1_93' title="bbox 1934 5371 3488 5452; baseline -0.014 -14"><span class='ocrx_word' id='word_1_904' title='bbox 1934 5371 2152 5438; x_wconf 49' lang='lat' dir='ltr'><strong>Ab‘raliw</strong></span> <span class='ocrx_word' id='word_1_905' title='bbox 2178 5386 2314 5450; x_wconf 84' lang='lat' dir='ltr'><strong>apud</strong></span> <span class='ocrx_word' id='word_1_906' title='bbox 2348 5399 2511 5452; x_wconf 85' lang='lat' dir='ltr'><strong>regem</strong></span> <span class='ocrx_word' id='word_1_907' title='bbox 2543 5381 2999 5452; x_wconf 42' lang='lat' dir='ltr'><strong>Pittlisthin-orum.</strong></span> <span class='ocrx_word' id='word_1_908' title='bbox 3028 5371 3488 5452; x_wconf 30' lang='lat' dir='ltr'><strong>thlex‘Sau‘ttefz</strong></span> 
     </span>
    </p>
   </div>
   <div class='ocr_carea' id='block_1_94' title="bbox 1931 5432 3496 5518">
    <p class='ocr_par' dir='ltr' id='par_1_94' title="bbox 1931 5432 3496 5518">
     <span class='ocr_line' id='line_1_94' title="bbox 1931 5432 3496 5518; baseline -0.008 -13"><span class='ocrx_word' id='word_1_909' title='bbox 2490 5432 2627 5518; x_wconf 75' lang='lat' dir='ltr'><strong>quod</strong></span> <span class='ocrx_word' id='word_1_910' title='bbox 2666 5432 2932 5518; x_wconf 56' lang='lat' dir='ltr'><strong>Abrahtmt</strong></span> <span class='ocrx_word' id='word_1_911' title='bbox 2979 5432 3353 5518; x_wconf 36' lang='lat' dir='ltr'><strong>profecit}:</strong></span> <span class='ocrx_word' id='word_1_912' title='bbox 3401 5432 3496 5518; x_wconf 46' lang='lat' dir='ltr'><strong>id</strong></span> 
     </span>
    </p>
   </div>
   <div class='ocr_carea' id='block_1_95' title="bbox 1933 5498 3504 5588">
    <p class='ocr_par' dir='ltr' id='par_1_95' title="bbox 1933 5498 3504 5588">
     <span class='ocr_line' id='line_1_95' title="bbox 1933 5498 3504 5588; baseline -0.017 -15"><span class='ocrx_word' id='word_1_913' title='bbox 1933 5498 2674 5588; x_wconf 54' lang='lat' dir='ltr'><strong>ié&#39;g&#39;Lipii&#39;iiitt&#39;tuitiuiéria;&#39;a&#39;</strong></span> <span class='ocrx_word' id='word_1_914' title='bbox 2707 5510 2851 5579; x_wconf 80' lang='lat' dir='ltr'><strong>quod</strong></span> <span class='ocrx_word' id='word_1_915' title='bbox 2896 5498 3114 5568; x_wconf 56' lang='lat' dir='ltr'><strong>[inierit</strong></span> <span class='ocrx_word' id='word_1_916' title='bbox 3161 5498 3353 5552; x_wconf 77' lang='lat' dir='ltr'><strong>Suram</strong></span> <span class='ocrx_word' id='word_1_917' title='bbox 3396 5510 3504 5548; x_wconf 75' lang='lat' dir='ltr'><strong>so-</strong></span> 
     </span>
    </p>
   </div>
   <div class='ocr_carea' id='block_1_96' title="bbox 1933 5602 2460 5642">
    <p class='ocr_par' dir='ltr' id='par_1_96' title="bbox 1933 5602 2460 5642">
     <span class='ocr_line' id='line_1_96' title="bbox 1933 5602 2460 5642; baseline 0 -3"><span class='ocrx_word' id='word_1_918' title='bbox 1933 5605 2095 5642; x_wconf 83' lang='lat' dir='ltr'><strong>rorem</strong></span> <span class='ocrx_word' id='word_1_919' title='bbox 2145 5603 2290 5639; x_wconf 79' lang='lat' dir='ltr'><strong>suam</strong></span> <span class='ocrx_word' id='word_1_920' title='bbox 2331 5602 2460 5639; x_wconf 67' lang='grc' dir='ltr'><strong>εδει.</strong></span> 
     </span>
    </p>
   </div>
  </div>
