3922 6262
257 301 356 357 193

248 499 392 565 quit,
432 496 692 547 mulierem
727 496 898 545 hanc:
938 503 983 544 et
1034 509 1133 544 non
1162 491 1372 558 permisi
1411 498 1459 541 te
1487 490 1779 554 contingere

246 602 380 649 eain,
415 594 517 638 etc.
554 568 684 636 'Post
726 583 838 636 haec
881 597 1003 634 vero
1048 580 1355 633 Ahimelech
1404 578 1623 630 reddidit
1664 592 1778 629 eam

246 675 361 726 viro
423 686 544 727 suo,
567 668 723 722 simul
782 677 836 720 et
898 668 1190 734 increpavit
1242 666 1552 726 Abraham,
1597 678 1690 713 cur
1731 662 1776 715 ei

247 777 351 813 non
409 759 687 815 confessus
748 757 905 809 fuerit
968 755 1272 809 veritatem.
1329 751 1574 805 Refertur
1622 753 1777 803 etiam

246 850 385 917 quod
453 858 704 915 tanquam
765 845 1021 913 propheta
1072 844 1341 897 Abraham
1397 840 1631 894 oraverit
1688 852 1780 904 pro

247 937 575 997 Abimelech,
613 946 665 987 et
711 950 898 997 uxore,
926 943 978 988 et
1007 933 1215 986 ancillis
1258 932 1390 998 ejus,
1421 938 1474 983 et
1511 928 1781 981 sanaverit

247 1028 496 1080 Dominus
539 1025 874 1086 Abimelech,
920 1033 973 1076 ct
1015 1036 1236 1075 uxorem
1276 1019 1423 1083 eius,
1465 1028 1518 1072 et
1562 1017 1782 1068 ancillas

245 1115 379 1181 ejus.
429 1115 493 1167 Et
538 1129 634 1167 cur
677 1128 817 1166 cura:
852 1113 947 1165 luit
981 1109 1329 1176 outnipntenti
1376 1109 1500 1168 Dt-n,
1540 1117 1588 1157 ut
1622 1108 1779 1158 etiam

246 1204 463 1256 ancillas
506 1202 814 1255 Abitnelcch
855 1200 1105 1254 sanaret?
1133 1199 1389 1260 Quoniam
1429 1198 1629 1263 quidem
1660 1210 1780 1245 ron-

243 1294 453 1345 cludens
496 1294 841 1355 concluserat,
884 1291 1053 1356 inquit
1083 1290 1147 1350 7°,
1182 1288 1354 1339 vulvas
1395 1301 1570 1336 earum
1600 1299 1661 1335 ne
1689 1299 1783 1346 pa-

247 1391 435 1433 rercnt.
483 1379 769 1446 Cmperunt
815 1389 991 1430 autem
1020 1390 1205 1443 parere
1251 1384 1451 1442 propter
1487 1373 1779 1424 orationem

246 1470 492 1521 Abralne.
557 1467 612 1521 Si
661 1468 778 1532 ouis
827 1469 936 1520 haec
994 1463 1286 1518 secundum
1339 1463 1565 1514 litteram
1612 1456 1799 1512 solum'

245 1558 430 1609 au’dirc
458 1556 644 1609 vultet
681 1556 992 1621 intelligere,
1033 1554 1200 1621 magis
1245 1567 1362 1603 cum
1408 1549 1600 1603 Iudaeis
1622 1562 1780 1615 quam

246 1660 365 1697 cum
406 1644 735 1696 Christianis
786 1643 941 1695 debet
977 1640 1174 1694 habere
1213 1639 1554 1692 auditorium.
1595 1636 1650 1689 Si
1689 1651 1784 1687 att-

1683 279 1997 337 ORlGENlS

251 420 426 469 noctu.
474 419 524 460 ct
574 406 763 458 dixerit
814 404 861 457 ei
899 404 983 457 ἐς
1045 403 1179 467 Quia
1215 419 1312 454 non
1362 400 1645 466 contigisti.
1693 400 1777 449 iu-
1809 404 1854 460 Α
1880 411 1982 448 non
2016 403 2071 447 ut
2104 408 2317 445 uxorem
2343 392 2478 442 intra
2499 387 2776 456 gremium
2818 374 3422 435 concludansus,

3595 244 3741 299 198

3476 363 3621 417 sed
3671 370 3749 412 ut

1879 498 2117 537 sororem
2153 482 2311 533 etiam
2347 479 2466 531 aliis
2499 451 2816 529 volentibus
2860 465 3368 535 caprile-nus.
3425 454 3553 507 Ad
3608 451 3747 537 hos

1877 570 2103 636 denique
2130 567 2218 635 qui
2263 563 2480 631 perfecti
2530 570 2681 625 sunt,
2728 558 2877 611 dicit
2920 562 3191 609 sermo
3251 535 3683 597 divinus"
3716 546 3744 590 :

1877 654 1972 705 Dic
1996 653 2301 719 sapientiam
2331 666 2561 703 sororem
2602 657 2750 699 tuam
2782 659 2934 697 esse.
3002 631 3508 720 Secundqu
3596 629 3739 679 hoc

1878 744 2037 813 igitur
2058 742 2324 794 Abraham
2352 738 2541 792 Saram
2586 736 2815 789 dicebat
2847 741 3185 785 sororem
3234 734 3484 776 suasu
3536 726 3741 772 esse.

1877 807 2286 896 ﬁertn‘ttitergo
2312 826 2460 895 quasi
2500 826 2611 893 jam
2659 823 2994 893 perfectus,
3043 824 3139 869 ut
3192 811 3348 881 qui
3402 807 3573 860 vult
3610 808 3745 860 ιη’

1876 922 1999 974 beat
2018 920 2283 971 virtutem.

1943 1010 1997 1062 2.
2032 1008 2208 1060 Voluit
2254 1013 2431 1058 tamen
2487 1001 2787 1071 aliquando
2846 1008 2906 1052 et
2956 999 3293 1050 Pharao
3373 990 3743 1055 accipere

1880 1095 2090 1155 Suram,
2122 1094 2212 1147 sed
2259 1107 2362 1145 non
2415 1091 2468 1144 in
2506 1090 2707 1143 mundo
2750 1088 2932 1142 corde
2991 1083 3247 1139 voluit
3294 1123 3319 1145 ,
3374 1088 3459 1133 et
3495 1077 3739 1129 virtus

1880 1186 1979 1238 nisi
2027 1200 2143 1237 cum
2197 1182 2374 1235 cordis
2418 1178 2709 1243 munditia,
2739 1193 2856 1230 non
2911 1183 3167 1245 potest.
3249 1168 3731 1225 convenire.

1878 1275 2157 1340 Propterea
2186 1285 2313 1339 ergo
2341 1270 2621 1336 Scriptura
2650 1267 2829 1318 refert
2853 1266 2929 1327 ⁸³,
2990 1264 3182 1330 quia
3233 1259 3527 1329 afﬂixit
3575 1256 3733 1308 Do-

1878 1366 2046 1418 minus
2074 1361 2402 1415 Pharaonem
2440 1357 2817 1426 afﬂictionibus
2867 1354 3138 1423 magnis
3192 1360 3276 1404 et
3340 1349 3731 1418 pessimis.

1880 1456 1987 1509 Nec
2034 1453 2175 1508 enim
2236 1460 2445 1519 poterat
2502 1462 2625 1502 cum
2680 1447 3217 1498 cxterminatore
3262 1442 3447 1509 (5|)
3534 1440 3732 1507 (hoc

1879 1545 2019 1598 enim
2074 1544 2456 1609 interpretatur
2484 1540 2537 1592 in
2567 1540 2753 1606 lingua
2788 1546 3006 1589 nostra
3043 1533 3434 1599 Pharao)
3486 1531 3733 1584 virtus

1880 1632 2139 1686 habitare.
2172 1629 2480 1683 Abimelech
2503 1641 2632 1680 vero
2659 1626 2795 1693 quid
2832 1625 3075 1677 dixerit
3127 1621 3247 1674 ad
3302 1620 3726 1674 Dou.iuum

248 1741 351 1785 tem
378 1731 489 1784 vult
513 1731 850 1786 Christianus
891 1745 1008 1783 esse
1035 1738 1089 1781 et
1135 1728 1280 1780 Pauli
1326 1725 1645 1792 discipulus,
1686 1737 1783 1773 an-
1809 1720 2166 1787 n-videamus.
2196 1717 2271 1769 Tu
2297 1716 2416 1775 scis,
2458 1715 2634 1782 inquit
2661 1714 2732 1776 ’°,
2767 1713 3054 1777 Domine,
3104 1713 3325 1780 quia
3369 1712 3453 1764 in
3506 1714 3730 1765 corda

247 1821 359 1875 dial
393 1837 511 1875 eum
569 1822 827 1874 dicentem
860 1820 904 1850 ⁸⁰
932 1858 947 1881 ,
1007 1820 1127 1887 quia
1159 1818 1239 1869 lex
1285 1815 1532 1876 spiritalis
1569 1822 1664 1865 est.
1716 1814 1778 1865 Et

247 1923 368 1962 cum
410 1909 474 1961 de
520 1909 783 1961 Abraham
843 1919 1001 1974 atque
1049 1920 1214 1958 uxore
1261 1904 1378 1972 ejus
1420 1918 1482 1955 ac
1538 1903 1656 1954 liliis
1699 1902 1773 1954 Io-

248 2003 538 2061 queretur,
586 1994 893 2061 pronuntiat
941 1994 1051 2045 lucc
1098 2005 1214 2043 esse
1261 1990 1540 2057 allegorica
1583 1989 1651 2042 ⁸¹.
1717 1989 1780 2041 Et

248 2083 373 2137 licet
435 2082 723 2149 cujusmodi
788 2081 1064 2148 allegorias
1131 2080 1325 2131 habere
1352 2078 1577 2129 debeant
1630 2075 1774 2144 (29),

249 2171 391 2225 haud
437 2169 590 2223 facile
627 2169 745 2236 quis
807 2178 1048 2221 nostrum
1097 2166 1334 2218 invenire
1376 2166 1578 2231 possit,
1620 2180 1776 2217 orare

251 2270 424 2313 tamen
467 2258 621 2312 debet
661 2267 717 2309 ut
764 2273 793 2308 a
835 2257 997 2310 corde
1041 2255 1154 2320 ejus
1201 2254 1479 2306 auferatur
1520 2252 1775 2314 velamen,

247 2351 292 2402 si
338 2348 457 2415 quis
500 2358 583 2399 est
624 2348 712 2414 qui
768 2356 990 2398 conetur
1046 2343 1283 2396 converti
1341 2344 1405 2394 ad
1454 2341 1775 2403 Dominum;

247 2437 498 2489 Dominus
538 2436 676 2489 enim
719 2436 927 2502 spiritus
956 2441 1027 2485 est
1052 2432 1139 2495 ";
1188 2441 1245 2484 ut
1288 2432 1397 2500 ipse
1443 2430 1647 2483 auferat
1694 2446 1779 2482 ve-

247 2526 420 2577 lamen
467 2525 674 2587 litterm,
725 2535 777 2575 ct
817 2522 1020 2591 aperiat
1067 2520 1235 2573 lucem
1280 2520 1520 2586 spiritus,
1564 2529 1615 2571 et
1659 2533 1779 2586 pos-

247 2618 415 2670 simus
448 2616 625 2669 dicere
653 2615 718 2677 ⁸³,
760 2614 881 2680 quia
921 2610 1143 2663 revelata
1181 2610 1312 2676 facie
1338 2608 1553 2676 gloriam
1600 2607 1793 2659 Domin

250 2705 303 2756 ui
336 2703 674 2769 speculantes,
714 2702 769 2752 in
812 2706 990 2752 eadem
1020 2697 1241 2763 imagine
1285 2695 1717 2758 transformamur
1746 2710 1778 2745 a

249 2792 416 2861 gloria
456 2791 507 2841 in
542 2789 759 2856 gloriam
802 2797 1043 2853 tanquam
1088 2801 1119 2835 a
1154 2784 1359 2835 Domini
1379 2782 1601 2848 Spiritu.
1646 2781 1777 2833 Puto

249 2892 377 2946 ergo
421 2874 631 2936 Saratn,
680 2888 794 2941 quac
850 2874 1227 2937 interpretatur
1267 2868 1501 2935 princeps
1544 2865 1654 2934 (50)
1695 2864 1779 2917 vel

249 2968 588 3033 principatum
636 2978 813 3031 agens.
862 2961 1086 3012 formam
1158 2970 1336 3009 tenere
1379 2955 1594 3025 ἀρετῆς,
1639 2953 1777 3022 quod

250 3054 517 3107 estauimi
557 3053 744 3105 virtus.
784 3048 904 3101 llmc
928 3062 1055 3114 ergo
1082 3048 1250 3097 virtus
1278 3043 1556 3109 conjuncta
1603 3053 1685 3095 est
1731 3054 1784 3095 et

251 3147 483 3195 cohaeret
531 3138 754 3207 sapienti
802 3147 856 3191 et
900 3136 1036 3189 fideli
1089 3135 1240 3196 viro,
1279 3133 1419 3185 Sil'lll
1461 3141 1514 3183 et
1553 3131 1640 3185 ille
1692 3147 1782 3182 sa-

251 3232 420 3300 piens,
455 3230 545 3298 qui
571 3230 779 3283 dicebat
804 3228 869 3280 de
910 3224 1168 3292 sapientia
1193 3224 1259 3275 "‘z
1287 3221 1435 3275 Hanc
1456 3221 1668 3290 qnmsivi
1692 3220 1786 3271 ad-

250 3322 433 3374 ducere
475 3333 718 3384 sponsam
749 3316 893 3368 mihi.
937 3314 1057 3366 Iden
1099 3327 1224 3380 ergo
1268 3312 1462 3364 dicitur
1503 3324 1532 3361 a
1572 3308 1679 3362 Deo
1719 3308 1784 3360 ad

249 3413 517 3466 Abraham
546 3410 594 3441 ⁸⁸
628 3424 644 3462 :
697 3407 881 3461 Omma
929 3418 1241 3474 quazcunque
1284 3400 1471 3453 dixerit
1506 3400 1596 3450 tibi
1622 3398 1784 3459 Sara,

252 3501 380 3553 audi
430 3513 599 3552 vocem
648 3497 779 3564 ejus.
832 3494 976 3560 Quod
1024 3493 1206 3558 utique
1250 3491 1303 3542 in
1347 3486 1611 3554 corporali
1659 3482 1810 3538 con-'

246 3589 393 3658 jugio
472 3602 576 3639 non
645 3583 912 3638 convenit.
980 3579 1187 3632 Dictum
1249 3587 1330 3631 cst
1395 3577 1628 3644 quippe,
1681 3574 1784 3642 77

249 3696 371 3734 cum
412 3678 661 3733 divinitus
692 3674 891 3746 prolata
939 3672 1007 3728 sit
1048 3672 1132 3726 illa
1183 3668 1440 3724 sententia
1466 3706 1481 3732 ,
1536 3679 1653 3734 quze
1703 3664 1785 3716 di-

256 3769 332 3821 cit
375 3768 440 3822 ad
496 3766 767 3820 mulierem
824 3764 889 3816 de
929 3762 1047 3815 viro
1092 3760 1137 3791 ⁶⁶
1166 3777 1179 3813 :
1211 3760 1289 3810 Ad
1320 3759 1484 3825 ipsum
1526 3751 1784 3808 conversio

252 3872 364 3921 tua,
394 3870 438 3912 et
464 3860 572 3925 ipse
613 3856 692 3908 tui
714 3853 1085 3907 dominabitur.
1112 3850 1169 3903 Si
1212 3862 1341 3916 ergo
1373 3843 1626 3897 dominus
1667 3856 1787 3895 esse

253 3949 447 4002 dicitur
471 3948 553 3997 vir
580 3941 840 4004 mulieris,
875 3940 1141 4007 quomodo
1188 3952 1314 4000 ergo
1363 3935 1553 3986 iterum
1582 3931 1787 3982 dit-ere-

255 4048 340 4090 tur
385 4038 448 4087 atl
499 4036 670 4084 virum
723 4033 812 4082 ’τε
870 4028 1057 4081 Omnia
1106 4036 1420 4092 quu'cuuqtte
1468 4019 1654 4070 dixerit
1696 4017 1786 4068 tibi

252 4125 408 4188 Sara,
435 4123 558 4174 audi
584 4136 750 4173 vocent
779 4117 888 4182 eius
915 4116 1010 4173 ?Si
1066 4115 1189 4179 quis
1211 4126 1338 4178 ergo
1369 4107 1564 4161 ascivit
1592 4106 1693 4159 sibi
1729 4105 1782 4158 in

253 4213 549 4280 conjuginm
581 4211 851 4267 virtutem,
881 4204 1063 4257 audiat
1084 4215 1263 4254 vocem
1299 4197 1415 4263 ejus
1444 4196 1495 4248 in
1534 4194 1783 4247 omnibus

256 4304 310 4356 in
338 4304 532 4369 quibus
553 4296 833 4351 consilium
858 4293 1064 4347 dederit
1091 4292 1161 4344 ei.
1185 4290 1348 4359 Igitur
1386 4287 1653 4340 Abraham
1684 4301 1784 4339 non

1878 1809 2068 1860 mundo
2116 1806 2214 1874 feci
2243 1807 2355 1857 hoc.
2409 1804 2587 1872 Longe
2624 1800 2790 1854 aliter
2830 1802 2958 1869 agit
3024 1799 3522 1854 Abisuelech
3586 1800 3731 1854 iste

1876 1912 2035 1965 quam
2076 1896 2301 1949 Pharao.
2331 1892 2446 1946 Non
2484 1899 2567 1945 est
2621 1892 2694 1943 ita
2730 1889 3057 1955 imperitus
3135 1899 3227 1943 et
3317 1889 3723 1953 sordidus,

1876 1988 1969 2041 sed
2007 1987 2108 2040 scit
2133 1984 2256 2052 quia
2281 1999 2378 2037 cor
2415 1982 2670 2035 mundum
2701 1982 2875 2035 debet
2911 1995 3156 2048 pra-pa
3173 1995 3373 2034 rare
3418 1981 3723 2034 virtuti.

1877 2077 1942 2130 Et
1963 2076 2085 2143 quia
2136 2088 2270 2143 puro
2304 2074 2467 2126 corde
2492 2071 2663 2123 voluit
2716 2068 3040 2137 suscipere
3105 2069 3561 2135 virtutem,
3610 2069 3725 2125 id-

1876 2166 2019 2220 circo
2050 2179 2170 2218 eum
2203 2162 2342 2217 Deus
2359 2171 2539 2224 sanat,
2565 2169 2757 2213 orante
2793 2174 2902 2225 pro
2934 2159 3079 2226 ipso
3127 2159 3605 2215 Abraham.
3634 2164 3723 2215 Et

1878 2271 1979 2309 non
2025 2253 2190 2307 solum
2235 2252 2426 2319 ipsum,
2464 2249 2558 2303 sed
2603 2257 2656 2301 et
2683 2248 2928 2300 ancillas
2967 2249 3121 2314 ejus
3189 2259 3482 2303 sanat.
3520 2250 3719 2317 Quid

1878 2349 2054 2395 autem
2082 2349 2162 2392 est
2189 2338 2329 2405 quod
2360 2336 2624 2402 adjecerit
2656 2334 2969 2402 Scriptura
3005 2336 3095 2399 ",
3145 2348 3227 2389 et
3284 2338 3714 2405 Donum,

1880 2428 2072 2496 inquit,
2105 2442 2207 2480 non
2236 2425 2467 2493 permisit
2492 2424 2538 2477 ei
2572 2425 2888 2491 contingere
2917 2425 3103 2477 illam
3162 2426 3205 2478 ?
3261 2425 3351 2481 Si
3397 2430 3719 2483 \‘irtulis

1878 2517 2100 2570 formam
2149 2522 2289 2567 tenet
2331 2512 2488 2575 Sara,
2534 2522 2588 2566 et
2620 2514 2674 2565 in
2709 2513 2887 2566 corde
2925 2515 3204 2566 mundo
3245 2518 3715 2573 Abiu-electu

1879 2606 2043 2658 voluit
2066 2603 2307 2669 accipere
2355 2602 2630 2666 virtutem,
2667 2602 2799 2669 quid
2828 2609 2920 2654 est
2949 2603 3143 2670 quod
3178 2604 3502 2661 dicitur
3538 2610 3717 2676 quia

1882 2697 2130 2749 Dominus
2167 2709 2268 2745 non
2302 2692 2543 2759 permisit
2581 2706 2708 2743 cum
2739 2692 3111 2758 contingere
3164 2695 3412 2750 iilam‘
3457 2699 3494 2751 ?
3537 2701 3719 2753 Abi-

1881 2784 2080 2837 tnelcch
2116 2782 2498 2847 interpretatur
2538 2790 2689 2845 pater
2730 2794 2882 2830 meus
2920 2794 3034 2831 rex
3070 2776 3289 2853 (⁸52).
3316 2782 3441 2840 -Ει
3504 2789 3718 2842 vide-

1881 2883 1967 2928 tur
2001 2889 2126 2943 ergo
2160 2872 2286 2925 mihi
2309 2871 2447 2938 quod
2493 2873 2581 2924 hic
2628 2871 2963 2926 Abimelech
3028 2874 3390 2934 formant
3442 2891 3718 2939 teneat

1883 2963 2237 3018 studiosorum
2270 2968 2321 3014 et
2355 2962 2657 3027 sapientqu
2708 2962 2931 3023 smculi,
2975 2965 3096 3031 qui
3176 2969 3718 3040 philosophia

1835 3057 1853 3078 ⁴
1888 3066 2103 3119 operam
2136 3052 2338 3109 dantes,
2372 3048 2496 3100 licet
2520 3063 2626 3101 non
2659 3049 2944 3116 integram
2979 3062 3050 3104 et
3085 3057 3549 3121 perfectam
3596 3080 3721 3119 re-

1888 3141 2062 3208 gulam
2110 3138 2320 3206 pietatis
2365 3137 2668 3205 attigerint,
2715 3146 2906 3191 tamen
2966 3154 3399 3202 senserunt
3470 3153 3716 3207 Deum
3756 3191 3767 3197 -

1889 3243 2090 3297 patrem
2131 3236 2187 3281 et
2213 3241 2387 3294 regem
2422 3241 2541 3279 esse
2563 3227 2833 3287 omnium.
2891 3228 2950 3282 id
2993 3243 3103 3285 est
3150 3239 3296 3303 qui
3348 3245 3720 3309 genuerit.

1889 3326 1942 3371 et
1974 3325 2122 3383 regat
2147 3314 2529 3370 universa.lsti
2551 3330 2708 3380 ergo,
2741 3327 3032 3382 quantum
3069 3323 3165 3376 ad
3209 3330 3613 3398 ethicam,
3645 3338 3717 3389 id

1889 3414 1970 3459 est
1995 3403 2245 3458 moralem
2272 3402 2664 3471 philosophiam
2721 3414 2990 3472 spectat,
3050 3413 3296 3469 etiam
3380 3436 3433 3489 p

2164 3417 2245 3456 em
2272 3402 2664 3471 philosophiam
2721 3414 2990 3472 spectat,
3050 3413 3296 3469 etiam
3380 3425 3713 3489 put-itali

1891 3493 2066 3546 cordis
2088 3506 2302 3560 operam
2337 3491 2549 3545 dedisse
2599 3490 2968 3558 aliquatenus
3041 3510 3713 3577 corripi-ouant"...

1892 3583 2110 3635 ειοηιηί
2140 3581 2317 3634 animo
2366 3580 2620 3647 omnique
2669 3581 2857 3633 studio
2914 3584 3165 3642 divinae
3205 3596 3547 3655 virtutis
3593 3603 3720 3658 in-

1891 3670 2230 3738 spirationem
2262 3669 2560 3736 qutesiisse.
2594 3669 2701 3723 Sed
2736 3670 2886 3725 hanc
2919 3689 3044 3727 non
3084 3686 3479 3744 permisit
3514 3693 3720 3749 Deus

1891 3760 2202 3827 contingere
2222 3756 2475 3815 eos.ll:ec
2502 3758 2647 3811 enim
2679 3761 2861 3828 gratia
2890 3776 3010 3814 non
3051 3778 3193 3830 per
3256 3773 3682 3835 Abraham

1891 3847 1980 3914 qui
2014 3846 2257 3913 quamvis
2291 3855 2437 3900 esset
2487 3826 2747 3914 magnus,
2801 3826 3071 3905 famulus
3153 3826 3713 3925 tameis—g;;i:

1891 3932 1984 3987 sed
2012 3948 2104 4030 per:
2124 3932 2391 4030 Christum
2430 3934 2678 4030 gentibus
2717 3938 3067 4002 parabatur.
3133 3943 3311 4001 lslci
3516 3913 3718 4030 ἒιὶἔίί

1891 4020 2136 4086 quamvis
2183 4017 2465 4071 festinaret
2518 4018 2793 4073 Abraham
2826 4038 2932 4088 per
2979 4040 3051 4079 se
3082 4039 3162 4082 et
3224 4035 3312 4091 in
3363 4056 3456 4096 se
3529 4017 3719 4104 ξιιιῖιι

1896 4108 2124 4176 impleri,
2151 4107 2288 4175 quod
2315 4108 2380 4158 ad
2421 4121 2542 4160 eum
2585 4106 2788 4159 dictum
2826 4121 2917 4162 est
2933 4111 3016 4176 ",
3052 4125 3456 4184 quoniam
3498 4134 3716 4192 besse-

1892 4196 2131 4249 dicentur
2153 4196 2208 4247 in
2242 4206 2288 4247 te
2318 4210 2491 4247 omnes
2526 4203 2739 4262 gentes,
2771 4205 2965 4252 tamen
3000 4201 3066 4256 in
3091 4205 3327 4270 Isaac
3370 4222 3446 4274 ei
3496 4232 3722 4291 poni-

1899 4293 1989 4381 tur
2008 4282 2560 4381 repromissionid‘est
2588 4283 2640 4381 in
2670 4283 2895 4381 Christo
2919 4325 2937 4351 ,
2970 4290 3149 4347 sicut
3222 4296 3444 4359 dicit
3494 4282 3670 4381 λρπ

252 4389 492 4457 vultjam
541 4385 789 4438 virtutem
834 4395 1055 4435 uxorem
1086 4393 1235 4433 suam
1268 4375 1390 4429 dici.
1433 4375 1604 4427 Donec
1644 4374 1785 4427 enim
1819 4373 1860 4426 D
1891 4372 2058 4426 stolus
2084 4370 2130 4401 ”
2160 4386 2171 4420 :
2198 4369 2315 4420 Non
2343 4369 2473 4420 dixit
2510 4386 2528 4418 ι
2563 4376 2609 4420 et
2638 4370 2962 4437 seminibus,
3009 4394 3031 4424 ι
3082 4392 3327 4449 quasi
3369 4397 3458 4451 in
3506 4369 3717 4462 'n'ul.

256 4492 393 4531 uxor
422 4473 712 4543 appellatur
762 4471 952 4534 virtus,
996 4468 1206 4535 propria
1254 4474 1357 4528 est,
1400 4472 1604 4517 etcum
1647 4461 1788 4514 nullo

259 4565 562 4637 participari
595 4570 791 4630 potest.
827 4560 891 4612 Et
928 4568 1010 4613 est
1041 4556 1389 4619 conveniens,
1421 4562 1478 4606 ut
1527 4552 1695 4605 donec
1720 4550 1787 4602 ad

259 4656 550 4725 perfectum
593 4651 892 4716 veniamus,
929 4650 1069 4699 intra
1099 4659 1197 4696 nos
1228 4643 1299 4697 sit
1330 4640 1492 4695 animi
1520 4639 1709 4703 virtus,
1740 4645 1815 4691 et.

260 4745 470 4814 pr0pria
500 4742 589 4796 sit.
616 4740 751 4795 Cum
798 4751 925 4791 vero
955 4737 1019 4790 ad
1052 4733 1344 4804 perfectum
1366 4730 1687 4794 venerimus,
1720 4726 1790 4778 ita

262 4845 321 4889 ut
350 4834 519 4889 idonei
548 4833 714 4887 simus
742 4838 796 4883 et
828 4829 958 4881 alios
983 4828 1193 4886 docere,
1223 4834 1357 4877 tunc
1376 4822 1486 4890 jam
1520 4820 1791 4878 virtutem,

338 4977 382 5008 ⁷⁸
411 4971 602 5026 Gencs.
637 4982 723 5030 xx,
752 4965 804 5017 6.
881 4963 925 4994 τ’
957 4960 1107 5019 ibid.,
1137 4959 1220 5030 l8.

274 5047 317 5076 ιδ
338 5017 607 5109 six-5351
830 5017 1212 5109 Gen-..*x'~;-'?.-
1287 5024 1331 5055 '°
1352 5023 1484 5076 δεηο
1513 5034 1590 5109 γὲ
1630 5017 1714 5109 '9;

333 5248 441 5315 (29)
472 5244 536 5296 Et
563 5241 685 5315 ,ιίορι
710 5207 1789 5315 sum)"9“‘.:'.’.’f?3§i‘1§."“liiiad‘fi‘iffi

264 5279 536 5372 Sitiﬁm:
563 5279 959 5372 ’ἕὸᾹῇ
1004 5279 1361 5372 Belvaeensis.
1405 5279 1552 5332 Libri
1616 5284 1794 5327 autem

266 5388 449 5517 N36)
477 5362 1359 5505 ’ἲιίῖξῖἶινῖῗᾶιείὝῗῖἷΐέριθξθὶις.
1403 5414 1448 5466 A
1491 5409 1668 5463 radice
1689 5404 1803 5463 ηπ)

272 5505 612 5585 principatum
639 5505 814 5559 tenuit.

1329 4955 1373 4986 ’θ
1402 4953 1556 5005 Rom.
1593 4964 1691 5010 vn,
1731 4947 1814 5000 14.
1924 4947 1966 4974 ἰ
1993 4947 2161 4995 Galat.
2185 4955 2256 5000 tv,

1329 5023 1484 5065 Ὠριι.
1515 5034 1590 5065 III.
1630 5017 1714 5065 Hi.
1823 5013 1867 5047 ⁸⁷
1893 5010 2024 5065 Gen.
2056 5026 2162 5065 XXI.
2192 5008 2256 5059 12

275 5116 319 5148 ’θ
723 5078 1130 5162 "ibim-Ilii“
1156 5078 1288 5150 Gen.
1320 5106 1479 5146 χχχιι.
1509 5089 1593 5140 l8.
1664 5086 1710 5117 ⁸⁸
1733 5083 1901 5136 Galat.
1929 5095 2009 5144 tu,
2034 5078 2118 5131 16.

1891 4460 1990 4521 "'3;
2021 4459 2107 4512 sed
2146 4466 2394 4524 tanquam
2424 4456 2479 4544 in
2517 4471 2652 4520 uno,
2696 4476 2714 4507 ι
2746 4466 2795 4510 et
2822 4464 3031 4516 semini
3089 4478 3229 4527 tuo
3259 4518 3285 4544 ,

1892 4548 2138 4604 Christus.
2163 4545 2325 4599 Sanat
2353 4536 2528 4598 tamen
2559 4544 2820 4635 Dominus
2848 4536 3291 4635 Abimelech;

1895 4651 2008 4690 rem
2042 4635 2178 4703 ejus,
2211 4642 2265 4686 et
2289 4634 2508 4687 ancillas
2533 4633 2671 4700 ejus.

1965 4724 2020 4777 5.
2051 4721 2242 4813 Verum
2285 4718 2574 4813 non-mibi
2624 4719 2841 4813 videtur
2895 4723 3184 4786 otiosum
3240 4751 3477 4810 quod
3557 4771 3717 4813 non

1896 4814 2069 4867 solum
2092 4807 2297 4869 uxoris,
2328 4808 2420 4861 sed
2452 4815 2507 4859 et
2548 4808 2871 4863 ancillarum
2914 4807 3339 4888 Abimelec‘h
3406 4807 3719 4903 literati;

1924 4942 1966 4974 ιι
1993 4941 2161 4995 Calai,
2185 4955 2257 5012 ly,
2299 4939 2418 5012 241‘
2451 5007 2479 5012 _
2500 4937 2545 4969 “
2576 4942 2623 4993 Il
2654 4941 2783 4999 Cor.
2817 4960 2903 5012 ιιι,
2934 4949 3030 5002 l7.
3184 4964 3259 4998 ιιι

2376 4979 2420 5037 δ’
2450 4973 2623 5062 Ριεοιιι.ι
2934 4973 3030 5053 1:;
3057 4973 3259 5090 (23;:
3318 4973 3567 5090 illi?"
3612 4993 3745 5090 ξξο

3355 5063 3512 5115 ΧΠ.
3615 5062 3744 5120 1⁸7.

1934 5196 2092 5283 ﬁt).
2113 5192 3563 5283 021':.if'.€:'2':'3f?ff;,Phanaeusrminam.
3613 5231 3694 5283 .n

1902 5249 2041 5322 cit‘nr
2060 5249 2098 5313 ’τι
2155 5260 2464 5328 radicem
2487 5261 2769 5325 abstraxit,
2796 5249 3563 5328 exterminae‘iir-uatur
3613 5249 3735 5285 αι-

1976 5330 2089 5399 (⁸59)
2126 5340 2204 5385 :m
2233 5326 2498 5427 liclngice
2529 5338 2736 5396 patrem
2785 5344 2971 5399 sonat,
3000 5350 3141 5427 cuiu
3220 5326 3491 5413 ἐξίηΧο
3570 5369 3735 5427 ’ξιξ

1941 5431 2101 5471 utrem
2126 5430 2291 5466 meum
2316 5430 2334 5471 ,'
2363 5430 2490 5471 ‘DD
2515 5430 2697 5471 autem
2744 5438 2911 5471 reaem
2934 5463 2950 5471 -
2986 5430 3144 5471 unde
3228 5433 3275 5471 Δ
3300 5439 3381 5471 ιιι

1905 5431 2101 5494 patrem
2126 5430 2291 5466 meum
2316 5430 2334 5475 ;
2363 5426 2490 5493 'pn
2515 5428 2697 5472 autem
2744 5438 2951 5490 regem,
2986 5426 3144 5482 unde
3218 5433 3618 5509 Abimele
3642 5426 3661 5427 ί
3724 5426 3727 5427 ν

1908 5497 2053 5543 recte
2089 5493 2497 5552 Interpretatur,
2521 5498 2668 5556 pater
2708 5507 2849 5544 metu
2882 5509 3001 5550 rex.
3625 5462 3728 5513 cu
