  <div class='ocr_page' id='page_1' title='image "/cluster/home/n/w/nwhite01/storage/ocr_20150623/12 (Origen; pt. 2)/nyp.33433081862272/106.png"; bbox 0 0 3922 6232; ppageno 0'>
   <div class='ocr_carea' id='block_1_1' title="bbox 245 295 345 349">
    <p class='ocr_par' dir='ltr' id='par_1_1' title="bbox 245 295 345 349">
     <span class='ocr_line' id='line_1_1' title="bbox 245 295 345 349; baseline 0 -2"><span class='ocrx_word' id='word_1_1' title='bbox 245 295 345 349; x_wconf 65' lang='grc'><strong>197</strong></span> 
     </span>
    </p>
   </div>
   <div class='ocr_carea' id='block_1_2' title="bbox 1498 300 2351 357">
    <p class='ocr_par' dir='ltr' id='par_1_2' title="bbox 1498 300 2351 357">
     <span class='ocr_line' id='line_1_2' title="bbox 1498 300 2351 357; baseline 0.002 -4"><span class='ocrx_word' id='word_1_2' title='bbox 1498 300 1567 354; x_wconf 84' lang='grc' dir='ltr'><strong>ΙΝ</strong></span> <span class='ocrx_word' id='word_1_3' title='bbox 1605 302 1899 357; x_wconf 67' lang='grc' dir='ltr'><strong>ΟΕΝΕΞΙΜ</strong></span> <span class='ocrx_word' id='word_1_4' title='bbox 1934 302 2209 356; x_wconf 81' lang='lat' dir='ltr'><strong>IlOMlLlA</strong></span> <span class='ocrx_word' id='word_1_5' title='bbox 2245 301 2351 355; x_wconf 64' lang='grc' dir='ltr'><strong>ΥΠ.</strong></span> 
     </span>
    </p>
   </div>
   <div class='ocr_carea' id='block_1_3' title="bbox 3373 304 3471 359">
    <p class='ocr_par' dir='ltr' id='par_1_3' title="bbox 3373 304 3471 359">
     <span class='ocr_line' id='line_1_3' title="bbox 3373 304 3471 359; baseline 0 -1"><span class='ocrx_word' id='word_1_6' title='bbox 3373 304 3471 359; x_wconf 73' lang='grc'><strong>198</strong></span> 
     </span>
    </p>
   </div>
   <div class='ocr_carea' id='block_1_4' title="bbox 252 387 3471 489">
    <p class='ocr_par' dir='ltr' id='par_1_4' title="bbox 252 387 3471 489">
     <span class='ocr_line' id='line_1_4' title="bbox 252 387 3471 489; baseline 0.001 -17"><span class='ocrx_word' id='word_1_7' title='bbox 252 414 400 465; x_wconf 60' lang='lat' dir='ltr'><strong>inﬂa</strong></span> <span class='ocrx_word' id='word_1_8' title='bbox 426 405 569 472; x_wconf 54' lang='lat' dir='ltr'><strong>esid“</strong></span> <span class='ocrx_word' id='word_1_9' title='bbox 595 410 646 454; x_wconf 69' lang='grc' dir='ltr'>θθ</span> <span class='ocrx_word' id='word_1_10' title='bbox 678 387 1110 489; x_wconf 40' lang='grc' dir='ltr'><strong>ῘῖξψξὶὶξθιῬά</strong></span> <span class='ocrx_word' id='word_1_11' title='bbox 1169 402 1350 466; x_wconf 64' lang='lat' dir='ltr'><strong>diuit</strong></span> <span class='ocrx_word' id='word_1_12' title='bbox 1382 417 1460 484; x_wconf 67' lang='lat'><strong>&quot;,</strong></span> <span class='ocrx_word' id='word_1_13' title='bbox 1484 421 1606 488; x_wconf 88' lang='lat' dir='ltr'><strong>quia</strong></span> <span class='ocrx_word' id='word_1_14' title='bbox 1635 424 1834 472; x_wconf 72' lang='lat' dir='ltr'><strong>sanavit</strong></span> <span class='ocrx_word' id='word_1_15' title='bbox 1869 433 1908 482; x_wconf 71' lang='grc' dir='ltr'>Α</span> <span class='ocrx_word' id='word_1_16' title='bbox 1940 422 2233 489; x_wconf 88' lang='lat' dir='ltr'><strong>prctatione</strong></span> <span class='ocrx_word' id='word_1_17' title='bbox 2277 420 2541 484; x_wconf 87' lang='lat' dir='ltr'><strong>sustollat,</strong></span> <span class='ocrx_word' id='word_1_18' title='bbox 2574 419 2652 473; x_wconf 87' lang='lat' dir='ltr'><strong>sic</strong></span> <span class='ocrx_word' id='word_1_19' title='bbox 2689 420 2847 474; x_wconf 87' lang='lat' dir='ltr'><strong>verba</strong></span> <span class='ocrx_word' id='word_1_20' title='bbox 2896 417 3120 488; x_wconf 77' lang='lat' dir='ltr'><strong>Spiritus</strong></span> <span class='ocrx_word' id='word_1_21' title='bbox 3166 424 3334 475; x_wconf 87' lang='lat' dir='ltr'><strong>sancti</strong></span> <span class='ocrx_word' id='word_1_22' title='bbox 3368 435 3471 476; x_wconf 86' lang='lat' dir='ltr'><strong>non</strong></span> 
     </span>
    </p>
   </div>
   <div class='ocr_carea' id='block_1_5' title="bbox 253 464 1841 576">
    <p class='ocr_par' dir='ltr' id='par_1_5' title="bbox 253 464 1841 576">
     <span class='ocr_line' id='line_1_5' title="bbox 253 464 1841 576; baseline 0.006 -24"><span class='ocrx_word' id='word_1_23' title='bbox 253 516 344 552; x_wconf 79' lang='lat' dir='ltr'><strong>eas</strong></span> <span class='ocrx_word' id='word_1_24' title='bbox 381 499 519 559; x_wconf 83' lang='lat' dir='ltr'><strong>Deus,</strong></span> <span class='ocrx_word' id='word_1_25' title='bbox 544 474 840 558; x_wconf 61' lang='grc' dir='ltr'><strong>ιιρατὶϐίναηί·</strong></span> <span class='ocrx_word' id='word_1_26' title='bbox 859 464 1286 576; x_wconf 61' lang='grc' dir='ltr'><strong>(ἶοηοῐξιεει-αι</strong></span> <span class='ocrx_word' id='word_1_27' title='bbox 1340 464 1635 561; x_wconf 53' lang='grc' dir='ltr'><strong>εηὶιιιῚὶΙΙηε</strong></span> <span class='ocrx_word' id='word_1_28' title='bbox 1665 526 1726 561; x_wconf 85' lang='lat' dir='ltr'><strong>ne</strong></span> <span class='ocrx_word' id='word_1_29' title='bbox 1750 527 1841 576; x_wconf 83' lang='lat' dir='ltr'><strong>pa-</strong></span> 
     </span>
    </p>
   </div>
   <div class='ocr_carea' id='block_1_6' title="bbox 265 572 1845 651">
    <p class='ocr_par' dir='ltr' id='par_1_6' title="bbox 265 572 1845 651">
     <span class='ocr_line' id='line_1_6' title="bbox 265 572 1845 651; baseline 0.002 -5"><span class='ocrx_word' id='word_1_30' title='bbox 265 596 462 639; x_wconf 67' lang='lat' dir='ltr'><strong>rerent.</strong></span> <span class='ocrx_word' id='word_1_31' title='bbox 489 576 1014 648; x_wconf 69' lang='lat' dir='ltr'><strong>Quanmmpossuums</strong></span> <span class='ocrx_word' id='word_1_32' title='bbox 1050 572 1122 629; x_wconf 81' lang='lat' dir='ltr'><strong>in</strong></span> <span class='ocrx_word' id='word_1_33' title='bbox 1174 592 1319 643; x_wconf 80' lang='lat' dir='ltr'><strong>tam</strong></span> <span class='ocrx_word' id='word_1_34' title='bbox 1358 595 1667 651; x_wconf 72' lang='lat' dir='ltr'><strong>didicilibus</strong></span> <span class='ocrx_word' id='word_1_35' title='bbox 1714 572 1845 651; x_wconf 79' lang='lat' dir='ltr'><strong>locis</strong></span> 
     </span>
    </p>
   </div>
   <div class='ocr_carea' id='block_1_7' title="bbox 259 668 1840 741">
    <p class='ocr_par' dir='ltr' id='par_1_7' title="bbox 259 668 1840 741">
     <span class='ocr_line' id='line_1_7' title="bbox 259 668 1840 741; baseline 0.009 -14"><span class='ocrx_word' id='word_1_36' title='bbox 259 676 493 736; x_wconf 85' lang='lat' dir='ltr'><strong>sentire,</strong></span> <span class='ocrx_word' id='word_1_37' title='bbox 534 677 755 740; x_wconf 75' lang='lat' dir='ltr'><strong>putamus</strong></span> <span class='ocrx_word' id='word_1_38' title='bbox 804 672 1027 715; x_wconf 65' lang='grc' dir='ltr'>υιῧτεῐὶὶ</span> <span class='ocrx_word' id='word_1_39' title='bbox 1098 668 1470 738; x_wconf 68' lang='lat' dir='ltr'><strong>Abimelech</strong></span> <span class='ocrx_word' id='word_1_40' title='bbox 1546 689 1840 741; x_wconf 77' lang='lat' dir='ltr'><strong>naturalem</strong></span> 
     </span>
    </p>
   </div>
   <div class='ocr_carea' id='block_1_8' title="bbox 261 749 1843 842">
    <p class='ocr_par' dir='ltr' id='par_1_8' title="bbox 261 749 1843 842">
     <span class='ocr_line' id='line_1_8' title="bbox 261 749 1843 842; baseline 0.013 -31"><span class='ocrx_word' id='word_1_41' title='bbox 261 778 427 833; x_wconf 81' lang='lat' dir='ltr'><strong>posse</strong></span> <span class='ocrx_word' id='word_1_42' title='bbox 471 755 821 831; x_wconf 78' lang='lat' dir='ltr'><strong>philosophiam</strong></span> <span class='ocrx_word' id='word_1_43' title='bbox 870 749 979 805; x_wconf 78' lang='lat' dir='ltr'><strong>dici</strong></span> <span class='ocrx_word' id='word_1_44' title='bbox 1016 770 1039 822; x_wconf 79' lang='lat'><strong>°,</strong></span> <span class='ocrx_word' id='word_1_45' title='bbox 1079 767 1355 824; x_wconf 87' lang='lat' dir='ltr'><strong>ancillas</strong></span> <span class='ocrx_word' id='word_1_46' title='bbox 1402 788 1528 829; x_wconf 86' lang='lat' dir='ltr'><strong>vero</strong></span> <span class='ocrx_word' id='word_1_47' title='bbox 1576 775 1725 842; x_wconf 84' lang='lat' dir='ltr'><strong>ejus,</strong></span> <span class='ocrx_word' id='word_1_48' title='bbox 1762 777 1843 830; x_wconf 92' lang='lat' dir='ltr'><strong>di-</strong></span> 
     </span>
    </p>
   </div>
   <div class='ocr_carea' id='block_1_9' title="bbox 263 844 1841 918">
    <p class='ocr_par' dir='ltr' id='par_1_9' title="bbox 263 844 1841 918">
     <span class='ocr_line' id='line_1_9' title="bbox 263 844 1841 918; baseline 0.009 -14"><span class='ocrx_word' id='word_1_49' title='bbox 263 868 425 906; x_wconf 80' lang='lat' dir='ltr'><strong>versa</strong></span> <span class='ocrx_word' id='word_1_50' title='bbox 472 863 520 906; x_wconf 88' lang='lat' dir='ltr'><strong>et</strong></span> <span class='ocrx_word' id='word_1_51' title='bbox 550 865 675 905; x_wconf 89' lang='lat' dir='ltr'><strong>vana</strong></span> <span class='ocrx_word' id='word_1_52' title='bbox 723 860 814 916; x_wconf 89' lang='lat' dir='ltr'><strong>pro</strong></span> <span class='ocrx_word' id='word_1_53' title='bbox 854 844 1133 911; x_wconf 83' lang='lat' dir='ltr'><strong>qualitate</strong></span> <span class='ocrx_word' id='word_1_54' title='bbox 1189 870 1485 917; x_wconf 83' lang='lat' dir='ltr'><strong>sectarum</strong></span> <span class='ocrx_word' id='word_1_55' title='bbox 1542 876 1841 918; x_wconf 71' lang='lat' dir='ltr'><strong>commenta</strong></span> 
     </span>
    </p>
   </div>
   <div class='ocr_carea' id='block_1_10' title="bbox 263 936 1839 1022">
    <p class='ocr_par' dir='ltr' id='par_1_10' title="bbox 263 936 1839 1022">
     <span class='ocr_line' id='line_1_10' title="bbox 263 936 1839 1022; baseline 0.008 -28"><span class='ocrx_word' id='word_1_56' title='bbox 263 942 579 995; x_wconf 69' lang='lat' dir='ltr'><strong>dialecticas.</strong></span> <span class='ocrx_word' id='word_1_57' title='bbox 621 942 816 994; x_wconf 83' lang='lat' dir='ltr'><strong>Interea</strong></span> <span class='ocrx_word' id='word_1_58' title='bbox 864 936 1148 994; x_wconf 85' lang='lat' dir='ltr'><strong>Abraham</strong></span> <span class='ocrx_word' id='word_1_59' title='bbox 1189 945 1642 1022; x_wconf 88' lang='lat' dir='ltr'><strong>impertiricupit</strong></span> <span class='ocrx_word' id='word_1_60' title='bbox 1681 957 1839 1008; x_wconf 84' lang='lat' dir='ltr'><strong>etiam</strong></span> 
     </span>
    </p>
   </div>
   <div class='ocr_carea' id='block_1_11' title="bbox 260 1028 1843 1102">
    <p class='ocr_par' dir='ltr' id='par_1_11' title="bbox 260 1028 1843 1102">
     <span class='ocr_line' id='line_1_11' title="bbox 260 1028 1843 1102; baseline 0.008 -18"><span class='ocrx_word' id='word_1_61' title='bbox 260 1034 517 1100; x_wconf 85' lang='lat' dir='ltr'><strong>gentibus</strong></span> <span class='ocrx_word' id='word_1_62' title='bbox 552 1031 742 1085; x_wconf 85' lang='lat' dir='ltr'><strong>donum</strong></span> <span class='ocrx_word' id='word_1_63' title='bbox 787 1028 976 1082; x_wconf 71' lang='lat' dir='ltr'><strong>divina:</strong></span> <span class='ocrx_word' id='word_1_64' title='bbox 1021 1029 1304 1102; x_wconf 85' lang='lat' dir='ltr'><strong>virtutis,</strong></span> <span class='ocrx_word' id='word_1_65' title='bbox 1338 1042 1434 1093; x_wconf 89' lang='lat' dir='ltr'><strong>sed</strong></span> <span class='ocrx_word' id='word_1_66' title='bbox 1493 1044 1722 1096; x_wconf 86' lang='lat' dir='ltr'><strong>nondum</strong></span> <span class='ocrx_word' id='word_1_67' title='bbox 1762 1054 1843 1097; x_wconf 91' lang='lat' dir='ltr'><strong>est</strong></span> 
     </span>
    </p>
   </div>
   <div class='ocr_carea' id='block_1_12' title="bbox 258 1119 1838 1203">
    <p class='ocr_par' dir='ltr' id='par_1_12' title="bbox 258 1119 1838 1203">
     <span class='ocr_line' id='line_1_12' title="bbox 258 1119 1838 1203; baseline 0.009 -31"><span class='ocrx_word' id='word_1_68' title='bbox 258 1130 480 1188; x_wconf 76' lang='lat' dir='ltr'><strong>tempus</strong></span> <span class='ocrx_word' id='word_1_69' title='bbox 505 1139 533 1172; x_wconf 77' lang='grc' dir='ltr'><strong>ιι</strong></span> <span class='ocrx_word' id='word_1_70' title='bbox 578 1123 753 1189; x_wconf 79' lang='lat' dir='ltr'><strong>priore</strong></span> <span class='ocrx_word' id='word_1_71' title='bbox 789 1119 983 1190; x_wconf 87' lang='lat' dir='ltr'><strong>populo</strong></span> <span class='ocrx_word' id='word_1_72' title='bbox 1019 1128 1274 1182; x_wconf 86' lang='lat' dir='ltr'><strong>transire</strong></span> <span class='ocrx_word' id='word_1_73' title='bbox 1301 1131 1368 1182; x_wconf 87' lang='lat' dir='ltr'><strong>ad</strong></span> <span class='ocrx_word' id='word_1_74' title='bbox 1407 1141 1589 1199; x_wconf 78' lang='lat' dir='ltr'><strong>gentes</strong></span> <span class='ocrx_word' id='word_1_75' title='bbox 1617 1136 1838 1203; x_wconf 76' lang='lat' dir='ltr'><strong>gratiam</strong></span> 
     </span>
    </p>
   </div>
   <div class='ocr_carea' id='block_1_13' title="bbox 260 1209 1842 1290">
    <p class='ocr_par' dir='ltr' id='par_1_13' title="bbox 260 1209 1842 1290">
     <span class='ocr_line' id='line_1_13' title="bbox 260 1209 1842 1290; baseline 0.009 -29"><span class='ocrx_word' id='word_1_76' title='bbox 260 1209 382 1262; x_wconf 87' lang='lat' dir='ltr'><strong>Dei.</strong></span> <span class='ocrx_word' id='word_1_77' title='bbox 418 1209 556 1262; x_wconf 80' lang='lat' dir='ltr'><strong>Nam</strong></span> <span class='ocrx_word' id='word_1_78' title='bbox 587 1219 640 1263; x_wconf 91' lang='lat' dir='ltr'><strong>ct</strong></span> <span class='ocrx_word' id='word_1_79' title='bbox 672 1211 960 1279; x_wconf 79' lang='lat' dir='ltr'><strong>Apostolus</strong></span> <span class='ocrx_word' id='word_1_80' title='bbox 978 1211 1051 1271; x_wconf 81' lang='lat'><strong>&quot;.</strong></span> <span class='ocrx_word' id='word_1_81' title='bbox 1091 1211 1230 1267; x_wconf 88' lang='lat' dir='ltr'><strong>licet</strong></span> <span class='ocrx_word' id='word_1_82' title='bbox 1270 1218 1377 1270; x_wconf 87' lang='lat' dir='ltr'><strong>sub</strong></span> <span class='ocrx_word' id='word_1_83' title='bbox 1433 1218 1534 1270; x_wconf 90' lang='lat' dir='ltr'><strong>alia</strong></span> <span class='ocrx_word' id='word_1_84' title='bbox 1567 1221 1742 1287; x_wconf 80' lang='lat' dir='ltr'><strong>specie</strong></span> <span class='ocrx_word' id='word_1_85' title='bbox 1771 1230 1842 1290; x_wconf 65' lang='lat' dir='ltr'><strong>~ct</strong></span> 
     </span>
    </p>
   </div>
   <div class='ocr_carea' id='block_1_14' title="bbox 258 1298 1838 1375">
    <p class='ocr_par' dir='ltr' id='par_1_14' title="bbox 258 1298 1838 1375">
     <span class='ocr_line' id='line_1_14' title="bbox 258 1298 1838 1375; baseline 0.005 -25"><span class='ocrx_word' id='word_1_86' title='bbox 258 1299 364 1350; x_wconf 84' lang='lat' dir='ltr'><strong>alia</strong></span> <span class='ocrx_word' id='word_1_87' title='bbox 400 1298 601 1365; x_wconf 71' lang='lat' dir='ltr'><strong>ﬁgura,</strong></span> <span class='ocrx_word' id='word_1_88' title='bbox 636 1300 768 1353; x_wconf 86' lang='lat' dir='ltr'><strong>dicit</strong></span> <span class='ocrx_word' id='word_1_89' title='bbox 793 1309 970 1352; x_wconf 88' lang='lat' dir='ltr'><strong>tamen</strong></span> <span class='ocrx_word' id='word_1_90' title='bbox 992 1300 1275 1355; x_wconf 79' lang='lat' dir='ltr'><strong>mulierem</strong></span> <span class='ocrx_word' id='word_1_91' title='bbox 1302 1304 1570 1370; x_wconf 82' lang='lat' dir='ltr'><strong>alligatam</strong></span> <span class='ocrx_word' id='word_1_92' title='bbox 1596 1322 1701 1358; x_wconf 81' lang='lat' dir='ltr'><strong>esse</strong></span> <span class='ocrx_word' id='word_1_93' title='bbox 1720 1306 1838 1375; x_wconf 87' lang='lat' dir='ltr'><strong>legi,</strong></span> 
     </span>
    </p>
   </div>
   <div class='ocr_carea' id='block_1_15' title="bbox 256 1388 1837 1462">
    <p class='ocr_par' dir='ltr' id='par_1_15' title="bbox 256 1388 1837 1462">
     <span class='ocr_line' id='line_1_15' title="bbox 256 1388 1837 1462; baseline 0.006 -24"><span class='ocrx_word' id='word_1_94' title='bbox 256 1388 604 1455; x_wconf 75' lang='lat' dir='ltr'><strong>quandiucir</strong></span> <span class='ocrx_word' id='word_1_95' title='bbox 624 1389 736 1456; x_wconf 86' lang='lat' dir='ltr'><strong>ejus</strong></span> <span class='ocrx_word' id='word_1_96' title='bbox 767 1389 906 1444; x_wconf 76' lang='lat' dir='ltr'><strong>vicit.</strong></span> <span class='ocrx_word' id='word_1_97' title='bbox 942 1389 1003 1444; x_wconf 86' lang='lat' dir='ltr'><strong>Si</strong></span> <span class='ocrx_word' id='word_1_98' title='bbox 1048 1403 1227 1443; x_wconf 80' lang='lat' dir='ltr'><strong>autem</strong></span> <span class='ocrx_word' id='word_1_99' title='bbox 1262 1401 1498 1444; x_wconf 86' lang='lat' dir='ltr'><strong>mortuus</strong></span> <span class='ocrx_word' id='word_1_100' title='bbox 1542 1393 1695 1459; x_wconf 80' lang='lat' dir='ltr'><strong>fuerit</strong></span> <span class='ocrx_word' id='word_1_101' title='bbox 1738 1397 1837 1462; x_wconf 82' lang='lat' dir='ltr'><strong>vir,</strong></span> 
     </span>
    </p>
   </div>
   <div class='ocr_carea' id='block_1_16' title="bbox 252 1479 1838 1552">
    <p class='ocr_par' dir='ltr' id='par_1_16' title="bbox 252 1479 1838 1552">
     <span class='ocr_line' id='line_1_16' title="bbox 252 1479 1838 1552; baseline 0.006 -23"><span class='ocrx_word' id='word_1_102' title='bbox 252 1479 494 1530; x_wconf 84' lang='lat' dir='ltr'><strong>solutam</strong></span> <span class='ocrx_word' id='word_1_103' title='bbox 542 1495 658 1532; x_wconf 85' lang='lat' dir='ltr'><strong>esse</strong></span> <span class='ocrx_word' id='word_1_104' title='bbox 688 1497 718 1531; x_wconf 83' lang='grc' dir='ltr'><strong>ιι</strong></span> <span class='ocrx_word' id='word_1_105' title='bbox 750 1480 860 1549; x_wconf 84' lang='lat' dir='ltr'><strong>lege</strong></span> <span class='ocrx_word' id='word_1_106' title='bbox 888 1481 1014 1544; x_wconf 80' lang='lat' dir='ltr'><strong>viri,</strong></span> <span class='ocrx_word' id='word_1_107' title='bbox 1060 1492 1115 1533; x_wconf 88' lang='lat' dir='ltr'><strong>ut</strong></span> <span class='ocrx_word' id='word_1_108' title='bbox 1151 1484 1268 1552; x_wconf 88' lang='lat' dir='ltr'><strong>jam</strong></span> <span class='ocrx_word' id='word_1_109' title='bbox 1316 1501 1418 1536; x_wconf 84' lang='lat' dir='ltr'><strong>non</strong></span> <span class='ocrx_word' id='word_1_110' title='bbox 1463 1484 1526 1537; x_wconf 87' lang='lat' dir='ltr'><strong>sit</strong></span> <span class='ocrx_word' id='word_1_111' title='bbox 1580 1485 1838 1550; x_wconf 83' lang='lat' dir='ltr'><strong>adultera,</strong></span> 
     </span>
    </p>
   </div>
   <div class='ocr_carea' id='block_1_17' title="bbox 251 1570 1841 1645">
    <p class='ocr_par' dir='ltr' id='par_1_17' title="bbox 251 1570 1841 1645">
     <span class='ocr_line' id='line_1_17' title="bbox 251 1570 1841 1645; baseline 0.004 -24"><span class='ocrx_word' id='word_1_112' title='bbox 251 1570 296 1621; x_wconf 86' lang='lat' dir='ltr'><strong>si</strong></span> <span class='ocrx_word' id='word_1_113' title='bbox 323 1570 492 1637; x_wconf 74' lang='lat' dir='ltr'><strong>fuerit</strong></span> <span class='ocrx_word' id='word_1_114' title='bbox 525 1586 650 1621; x_wconf 88' lang='lat' dir='ltr'><strong>cum</strong></span> <span class='ocrx_word' id='word_1_115' title='bbox 675 1570 783 1621; x_wconf 88' lang='lat' dir='ltr'><strong>alio</strong></span> <span class='ocrx_word' id='word_1_116' title='bbox 817 1571 953 1626; x_wconf 81' lang='lat' dir='ltr'><strong>viro.</strong></span> <span class='ocrx_word' id='word_1_117' title='bbox 989 1571 1213 1640; x_wconf 80' lang='lat' dir='ltr'><strong>Oportet</strong></span> <span class='ocrx_word' id='word_1_118' title='bbox 1253 1588 1380 1641; x_wconf 86' lang='lat' dir='ltr'><strong>ergo</strong></span> <span class='ocrx_word' id='word_1_119' title='bbox 1425 1577 1557 1629; x_wconf 90' lang='lat' dir='ltr'><strong>mori</strong></span> <span class='ocrx_word' id='word_1_120' title='bbox 1590 1576 1731 1645; x_wconf 85' lang='lat' dir='ltr'><strong>prius</strong></span> <span class='ocrx_word' id='word_1_121' title='bbox 1768 1576 1841 1628; x_wconf 84' lang='lat' dir='ltr'><strong>le-</strong></span> 
     </span>
    </p>
   </div>
   <div class='ocr_carea' id='block_1_18' title="bbox 252 1659 1839 1733">
    <p class='ocr_par' dir='ltr' id='par_1_18' title="bbox 252 1659 1839 1733">
     <span class='ocr_line' id='line_1_18' title="bbox 252 1659 1839 1733; baseline 0.004 -23"><span class='ocrx_word' id='word_1_122' title='bbox 252 1674 371 1725; x_wconf 85' lang='lat' dir='ltr'><strong>gem</strong></span> <span class='ocrx_word' id='word_1_123' title='bbox 406 1659 643 1721; x_wconf 69' lang='lat' dir='ltr'><strong>litterm,</strong></span> <span class='ocrx_word' id='word_1_124' title='bbox 667 1669 726 1710; x_wconf 90' lang='lat' dir='ltr'><strong>ut</strong></span> <span class='ocrx_word' id='word_1_125' title='bbox 757 1660 829 1711; x_wconf 89' lang='lat' dir='ltr'><strong>ita</strong></span> <span class='ocrx_word' id='word_1_126' title='bbox 872 1661 1088 1713; x_wconf 87' lang='lat' dir='ltr'><strong>demum</strong></span> <span class='ocrx_word' id='word_1_127' title='bbox 1126 1661 1291 1714; x_wconf 87' lang='lat' dir='ltr'><strong>libera</strong></span> <span class='ocrx_word' id='word_1_128' title='bbox 1321 1662 1432 1729; x_wconf 86' lang='lat' dir='ltr'><strong>jam</strong></span> <span class='ocrx_word' id='word_1_129' title='bbox 1468 1665 1640 1717; x_wconf 83' lang='lat' dir='ltr'><strong>anima</strong></span> <span class='ocrx_word' id='word_1_130' title='bbox 1679 1666 1839 1733; x_wconf 76' lang='lat' dir='ltr'><strong>spiri~</strong></span> 
     </span>
    </p>
   </div>
   <div class='ocr_carea' id='block_1_19' title="bbox 1942 508 3470 578">
    <p class='ocr_par' dir='ltr' id='par_1_19' title="bbox 1942 508 3470 578">
     <span class='ocr_line' id='line_1_19' title="bbox 1942 508 3470 578; baseline -0.001 -14"><span class='ocrx_word' id='word_1_131' title='bbox 1942 511 2131 578; x_wconf 85' lang='lat' dir='ltr'><strong>ineptis</strong></span> <span class='ocrx_word' id='word_1_132' title='bbox 2172 519 2225 564; x_wconf 89' lang='lat' dir='ltr'><strong>et</strong></span> <span class='ocrx_word' id='word_1_133' title='bbox 2255 508 2488 562; x_wconf 80' lang='lat' dir='ltr'><strong>Judaicis</strong></span> <span class='ocrx_word' id='word_1_134' title='bbox 2527 508 2722 560; x_wconf 84' lang='lat' dir='ltr'><strong>fabulis</strong></span> <span class='ocrx_word' id='word_1_135' title='bbox 2759 508 3153 570; x_wconf 86' lang='lat' dir='ltr'><strong>decoloret,sed</strong></span> <span class='ocrx_word' id='word_1_136' title='bbox 3177 511 3327 576; x_wconf 83' lang='lat' dir='ltr'><strong>plena</strong></span> <span class='ocrx_word' id='word_1_137' title='bbox 3372 511 3470 563; x_wconf 88' lang='lat' dir='ltr'><strong>ho-</strong></span> 
     </span>
    </p>
   </div>
   <div class='ocr_carea' id='block_1_20' title="bbox 1941 586 3468 670">
    <p class='ocr_par' dir='ltr' id='par_1_20' title="bbox 1941 586 3468 670">
     <span class='ocr_line' id='line_1_20' title="bbox 1941 586 3468 670; baseline 0.001 -15"><span class='ocrx_word' id='word_1_138' title='bbox 1941 604 2184 667; x_wconf 81' lang='lat' dir='ltr'><strong>Itestatis,</strong></span> <span class='ocrx_word' id='word_1_139' title='bbox 2211 611 2264 655; x_wconf 91' lang='lat' dir='ltr'><strong>et</strong></span> <span class='ocrx_word' id='word_1_140' title='bbox 2289 601 2439 669; x_wconf 84' lang='lat' dir='ltr'><strong>plena</strong></span> <span class='ocrx_word' id='word_1_141' title='bbox 2479 600 2692 652; x_wconf 88' lang='lat' dir='ltr'><strong>virtutis</strong></span> <span class='ocrx_word' id='word_1_142' title='bbox 2734 608 2894 667; x_wconf 87' lang='lat' dir='ltr'><strong>atque</strong></span> <span class='ocrx_word' id='word_1_143' title='bbox 2931 586 3176 654; x_wconf 71' lang='lat' dir='ltr'><strong>utilitatis</strong></span> <span class='ocrx_word' id='word_1_144' title='bbox 3213 602 3468 670; x_wconf 89' lang='lat' dir='ltr'><strong>assignet.</strong></span> 
     </span>
    </p>
   </div>
   <div class='ocr_carea' id='block_1_21' title="bbox 1939 687 3471 758">
    <p class='ocr_par' dir='ltr' id='par_1_21' title="bbox 1939 687 3471 758">
     <span class='ocr_line' id='line_1_21' title="bbox 1939 687 3471 758; baseline -0.002 -15"><span class='ocrx_word' id='word_1_145' title='bbox 1939 692 2183 758; x_wconf 88' lang='lat' dir='ltr'><strong>Alioquin</strong></span> <span class='ocrx_word' id='word_1_146' title='bbox 2210 704 2326 758; x_wconf 72' lang='lat' dir='ltr'><strong>quze</strong></span> <span class='ocrx_word' id='word_1_147' title='bbox 2352 687 2505 742; x_wconf 88' lang='lat' dir='ltr'><strong>nobis</strong></span> <span class='ocrx_word' id='word_1_148' title='bbox 2548 688 2830 740; x_wconf 60' lang='lat' dir='ltr'><strong>aediﬁcatio</strong></span> <span class='ocrx_word' id='word_1_149' title='bbox 2859 689 2960 740; x_wconf 89' lang='lat' dir='ltr'><strong>erit</strong></span> <span class='ocrx_word' id='word_1_150' title='bbox 2985 689 3276 754; x_wconf 84' lang='lat' dir='ltr'><strong>legentibus</strong></span> <span class='ocrx_word' id='word_1_151' title='bbox 3298 692 3471 742; x_wconf 85' lang='lat' dir='ltr'><strong>Abra-</strong></span> 
     </span>
    </p>
   </div>
   <div class='ocr_carea' id='block_1_22' title="bbox 1942 771 3474 847">
    <p class='ocr_par' dir='ltr' id='par_1_22' title="bbox 1942 771 3474 847">
     <span class='ocr_line' id='line_1_22' title="bbox 1942 771 3474 847; baseline 0 -15"><span class='ocrx_word' id='word_1_152' title='bbox 1942 782 2061 833; x_wconf 90' lang='lat' dir='ltr'><strong>ham</strong></span> <span class='ocrx_word' id='word_1_153' title='bbox 2088 790 2288 831; x_wconf 87' lang='lat' dir='ltr'><strong>tantum</strong></span> <span class='ocrx_word' id='word_1_154' title='bbox 2323 777 2696 847; x_wconf 87' lang='lat' dir='ltr'><strong>patriarcham,</strong></span> <span class='ocrx_word' id='word_1_155' title='bbox 2729 771 2831 829; x_wconf 78' lang='lat' dir='ltr'><strong>noti</strong></span> <span class='ocrx_word' id='word_1_156' title='bbox 2865 778 3031 829; x_wconf 89' lang='lat' dir='ltr'><strong>solum</strong></span> <span class='ocrx_word' id='word_1_157' title='bbox 3063 780 3336 831; x_wconf 81' lang='lat' dir='ltr'><strong>mentitum</strong></span> <span class='ocrx_word' id='word_1_158' title='bbox 3356 793 3474 833; x_wconf 86' lang='lat' dir='ltr'><strong>esse</strong></span> 
     </span>
    </p>
   </div>
   <div class='ocr_carea' id='block_1_23' title="bbox 1937 864 3473 933">
    <p class='ocr_par' dir='ltr' id='par_1_23' title="bbox 1937 864 3473 933">
     <span class='ocr_line' id='line_1_23' title="bbox 1937 864 3473 933; baseline 0.001 -14"><span class='ocrx_word' id='word_1_159' title='bbox 1937 867 2242 919; x_wconf 77' lang='lat' dir='ltr'><strong>Altimelech</strong></span> <span class='ocrx_word' id='word_1_160' title='bbox 2280 867 2409 933; x_wconf 83' lang='lat' dir='ltr'><strong>regi,</strong></span> <span class='ocrx_word' id='word_1_161' title='bbox 2441 866 2532 918; x_wconf 90' lang='lat' dir='ltr'><strong>sed</strong></span> <span class='ocrx_word' id='word_1_162' title='bbox 2565 873 2619 916; x_wconf 93' lang='lat' dir='ltr'><strong>et</strong></span> <span class='ocrx_word' id='word_1_163' title='bbox 2662 864 2969 931; x_wconf 83' lang='lat' dir='ltr'><strong>pudicitiam</strong></span> <span class='ocrx_word' id='word_1_164' title='bbox 3013 865 3251 933; x_wconf 80' lang='lat' dir='ltr'><strong>conjugis</strong></span> <span class='ocrx_word' id='word_1_165' title='bbox 3296 867 3473 933; x_wconf 85' lang='lat' dir='ltr'><strong>prodi—</strong></span> 
     </span>
    </p>
   </div>
   <div class='ocr_carea' id='block_1_24' title="bbox 1942 953 3470 1019">
    <p class='ocr_par' dir='ltr' id='par_1_24' title="bbox 1942 953 3470 1019">
     <span class='ocr_line' id='line_1_24' title="bbox 1942 953 3470 1019; baseline 0 -11"><span class='ocrx_word' id='word_1_166' title='bbox 1942 956 2118 1008; x_wconf 86' lang='lat' dir='ltr'><strong>disse?</strong></span> <span class='ocrx_word' id='word_1_167' title='bbox 2144 955 2279 1019; x_wconf 85' lang='lat' dir='ltr'><strong>Quid</strong></span> <span class='ocrx_word' id='word_1_168' title='bbox 2330 970 2425 1007; x_wconf 91' lang='lat' dir='ltr'><strong>nos</strong></span> <span class='ocrx_word' id='word_1_169' title='bbox 2475 953 2704 1006; x_wconf 84' lang='lat' dir='ltr'><strong>:cdilicat</strong></span> <span class='ocrx_word' id='word_1_170' title='bbox 2734 953 2861 1005; x_wconf 89' lang='lat' dir='ltr'><strong>tanti</strong></span> <span class='ocrx_word' id='word_1_171' title='bbox 2893 954 3209 1019; x_wconf 78' lang='lat' dir='ltr'><strong>patriarchae</strong></span> <span class='ocrx_word' id='word_1_172' title='bbox 3239 971 3394 1014; x_wconf 78' lang='lat' dir='ltr'><strong>uxor.</strong></span> <span class='ocrx_word' id='word_1_173' title='bbox 3427 957 3470 1008; x_wconf 91' lang='lat' dir='ltr'><strong>si</strong></span> 
     </span>
    </p>
   </div>
   <div class='ocr_carea' id='block_1_25' title="bbox 1942 1042 3474 1112">
    <p class='ocr_par' dir='ltr' id='par_1_25' title="bbox 1942 1042 3474 1112">
     <span class='ocr_line' id='line_1_25' title="bbox 1942 1042 3474 1112; baseline 0 -16"><span class='ocrx_word' id='word_1_174' title='bbox 1942 1054 2152 1112; x_wconf 85' lang='lat' dir='ltr'><strong>putetur</strong></span> <span class='ocrx_word' id='word_1_175' title='bbox 2185 1043 2723 1096; x_wconf 84' lang='lat' dir='ltr'><strong>contautinationibus</strong></span> <span class='ocrx_word' id='word_1_176' title='bbox 2765 1042 3000 1109; x_wconf 81' lang='lat' dir='ltr'><strong>exposita</strong></span> <span class='ocrx_word' id='word_1_177' title='bbox 3035 1057 3130 1109; x_wconf 76' lang='lat' dir='ltr'><strong>per</strong></span> <span class='ocrx_word' id='word_1_178' title='bbox 3181 1044 3474 1097; x_wconf 83' lang='lat' dir='ltr'><strong>conniven-</strong></span> 
     </span>
    </p>
   </div>
   <div class='ocr_carea' id='block_1_26' title="bbox 1942 1128 3470 1197">
    <p class='ocr_par' dir='ltr' id='par_1_26' title="bbox 1942 1128 3470 1197">
     <span class='ocr_line' id='line_1_26' title="bbox 1942 1128 3470 1197; baseline 0.001 -14"><span class='ocrx_word' id='word_1_179' title='bbox 1942 1133 2063 1183; x_wconf 88' lang='lat' dir='ltr'><strong>tiam</strong></span> <span class='ocrx_word' id='word_1_180' title='bbox 2095 1132 2386 1184; x_wconf 85' lang='lat' dir='ltr'><strong>maritalem</strong></span> <span class='ocrx_word' id='word_1_181' title='bbox 2416 1132 2440 1183; x_wconf 78' lang='lat' dir='ltr'><strong>‘l</strong></span> <span class='ocrx_word' id='word_1_182' title='bbox 2484 1130 2606 1183; x_wconf 53' lang='lat' dir='ltr'><strong>Haec</strong></span> <span class='ocrx_word' id='word_1_183' title='bbox 2644 1128 2809 1181; x_wconf 63' lang='lat' dir='ltr'><strong>Judaei</strong></span> <span class='ocrx_word' id='word_1_184' title='bbox 2841 1141 3050 1195; x_wconf 87' lang='lat' dir='ltr'><strong>putent,</strong></span> <span class='ocrx_word' id='word_1_185' title='bbox 3075 1139 3129 1181; x_wconf 92' lang='lat' dir='ltr'><strong>et</strong></span> <span class='ocrx_word' id='word_1_186' title='bbox 3153 1131 3194 1182; x_wconf 92' lang='lat' dir='ltr'><strong>si</strong></span> <span class='ocrx_word' id='word_1_187' title='bbox 3222 1130 3311 1197; x_wconf 90' lang='lat' dir='ltr'><strong>qni</strong></span> <span class='ocrx_word' id='word_1_188' title='bbox 3350 1146 3470 1184; x_wconf 87' lang='lat' dir='ltr'><strong>cum</strong></span> 
     </span>
    </p>
   </div>
   <div class='ocr_carea' id='block_1_27' title="bbox 1937 1219 3474 1286">
    <p class='ocr_par' dir='ltr' id='par_1_27' title="bbox 1937 1219 3474 1286">
     <span class='ocr_line' id='line_1_27' title="bbox 1937 1219 3474 1286; baseline 0 -14"><span class='ocrx_word' id='word_1_189' title='bbox 1937 1222 2016 1273; x_wconf 87' lang='lat' dir='ltr'><strong>eis</strong></span> <span class='ocrx_word' id='word_1_190' title='bbox 2039 1232 2159 1273; x_wconf 88' lang='lat' dir='ltr'><strong>sunt</strong></span> <span class='ocrx_word' id='word_1_191' title='bbox 2194 1221 2379 1272; x_wconf 76' lang='lat' dir='ltr'><strong>littera:</strong></span> <span class='ocrx_word' id='word_1_192' title='bbox 2408 1219 2586 1280; x_wconf 83' lang='lat' dir='ltr'><strong>amici,</strong></span> <span class='ocrx_word' id='word_1_193' title='bbox 2619 1234 2720 1270; x_wconf 90' lang='lat' dir='ltr'><strong>non</strong></span> <span class='ocrx_word' id='word_1_194' title='bbox 2755 1219 3003 1286; x_wconf 73' lang='lat' dir='ltr'><strong>spiritus;</strong></span> <span class='ocrx_word' id='word_1_195' title='bbox 3030 1233 3124 1272; x_wconf 88' lang='lat' dir='ltr'><strong>nos</strong></span> <span class='ocrx_word' id='word_1_196' title='bbox 3159 1230 3332 1272; x_wconf 86' lang='lat' dir='ltr'><strong>autem</strong></span> <span class='ocrx_word' id='word_1_197' title='bbox 3364 1220 3474 1286; x_wconf 84' lang='lat' dir='ltr'><strong>spi-</strong></span> 
     </span>
    </p>
   </div>
   <div class='ocr_carea' id='block_1_28' title="bbox 1941 1308 3471 1375">
    <p class='ocr_par' dir='ltr' id='par_1_28' title="bbox 1941 1308 3471 1375">
     <span class='ocr_line' id='line_1_28' title="bbox 1941 1308 3471 1375; baseline 0 -14"><span class='ocrx_word' id='word_1_198' title='bbox 1941 1310 2176 1362; x_wconf 89' lang='lat' dir='ltr'><strong>ritalibus</strong></span> <span class='ocrx_word' id='word_1_199' title='bbox 2199 1309 2456 1375; x_wconf 86' lang='lat' dir='ltr'><strong>spiritalia</strong></span> <span class='ocrx_word' id='word_1_200' title='bbox 2481 1319 2870 1375; x_wconf 76' lang='lat' dir='ltr'><strong>comparantes,</strong></span> <span class='ocrx_word' id='word_1_201' title='bbox 2894 1316 2947 1359; x_wconf 89' lang='lat' dir='ltr'><strong>et</strong></span> <span class='ocrx_word' id='word_1_202' title='bbox 2971 1319 3088 1361; x_wconf 90' lang='lat' dir='ltr'><strong>actu</strong></span> <span class='ocrx_word' id='word_1_203' title='bbox 3116 1317 3169 1361; x_wconf 90' lang='lat' dir='ltr'><strong>et</strong></span> <span class='ocrx_word' id='word_1_204' title='bbox 3204 1308 3471 1361; x_wconf 78' lang='lat' dir='ltr'><strong>intellectu</strong></span> 
     </span>
    </p>
   </div>
   <div class='ocr_carea' id='block_1_29' title="bbox 1937 1394 3471 1463">
    <p class='ocr_par' dir='ltr' id='par_1_29' title="bbox 1937 1394 3471 1463">
     <span class='ocr_line' id='line_1_29' title="bbox 1937 1394 3471 1463; baseline -0.002 -13"><span class='ocrx_word' id='word_1_205' title='bbox 1937 1397 2203 1463; x_wconf 79' lang='lat' dir='ltr'><strong>spiritales</strong></span> <span class='ocrx_word' id='word_1_206' title='bbox 2235 1395 2524 1449; x_wconf 84' lang='lat' dir='ltr'><strong>clliciantur</strong></span> <span class='ocrx_word' id='word_1_207' title='bbox 2549 1395 2599 1446; x_wconf 93' lang='lat' dir='ltr'><strong>in</strong></span> <span class='ocrx_word' id='word_1_208' title='bbox 2632 1395 2841 1447; x_wconf 84' lang='lat' dir='ltr'><strong>Christo</strong></span> <span class='ocrx_word' id='word_1_209' title='bbox 2867 1395 2989 1446; x_wconf 83' lang='lat' dir='ltr'><strong>Jesu</strong></span> <span class='ocrx_word' id='word_1_210' title='bbox 3020 1394 3242 1447; x_wconf 89' lang='lat' dir='ltr'><strong>Domino</strong></span> <span class='ocrx_word' id='word_1_211' title='bbox 3264 1404 3471 1459; x_wconf 80' lang='lat' dir='ltr'><strong>nostro,</strong></span> 
     </span>
    </p>
   </div>
   <div class='ocr_carea' id='block_1_30' title="bbox 1938 1484 3469 1554">
    <p class='ocr_par' dir='ltr' id='par_1_30' title="bbox 1938 1484 3469 1554">
     <span class='ocr_line' id='line_1_30' title="bbox 1938 1484 3469 1554; baseline -0.001 -16"><span class='ocrx_word' id='word_1_212' title='bbox 1938 1488 2021 1539; x_wconf 91' lang='lat' dir='ltr'><strong>cui</strong></span> <span class='ocrx_word' id='word_1_213' title='bbox 2052 1496 2131 1539; x_wconf 89' lang='lat' dir='ltr'><strong>est</strong></span> <span class='ocrx_word' id='word_1_214' title='bbox 2159 1487 2324 1554; x_wconf 78' lang='lat' dir='ltr'><strong>gloria</strong></span> <span class='ocrx_word' id='word_1_215' title='bbox 2369 1495 2420 1538; x_wconf 89' lang='lat' dir='ltr'><strong>et</strong></span> <span class='ocrx_word' id='word_1_216' title='bbox 2466 1484 2743 1551; x_wconf 85' lang='lat' dir='ltr'><strong>imperium</strong></span> <span class='ocrx_word' id='word_1_217' title='bbox 2797 1484 2846 1536; x_wconf 91' lang='lat' dir='ltr'><strong>in</strong></span> <span class='ocrx_word' id='word_1_218' title='bbox 2891 1484 3080 1537; x_wconf 63' lang='lat' dir='ltr'><strong>saecula</strong></span> <span class='ocrx_word' id='word_1_219' title='bbox 3128 1484 3469 1537; x_wconf 74' lang='lat' dir='ltr'><strong>saeculorum.</strong></span> 
     </span>
    </p>
   </div>
   <div class='ocr_carea' id='block_1_31' title="bbox 1938 1576 2123 1628">
    <p class='ocr_par' dir='ltr' id='par_1_31' title="bbox 1938 1576 2123 1628">
     <span class='ocr_line' id='line_1_31' title="bbox 1938 1576 2123 1628; baseline 0 0"><span class='ocrx_word' id='word_1_220' title='bbox 1938 1576 2123 1628; x_wconf 78' lang='lat' dir='ltr'><strong>Amen.</strong></span> 
     </span>
    </p>
   </div>
   <div class='ocr_carea' id='block_1_32' title="bbox 2488 1659 2915 1715">
    <p class='ocr_par' dir='ltr' id='par_1_32' title="bbox 2488 1659 2915 1715">
     <span class='ocr_line' id='line_1_32' title="bbox 2488 1659 2915 1715; baseline 0.002 -1"><span class='ocrx_word' id='word_1_221' title='bbox 2488 1659 2761 1715; x_wconf 76' lang='lat' dir='ltr'><strong>HOMILIA</strong></span> <span class='ocrx_word' id='word_1_222' title='bbox 2807 1660 2915 1714; x_wconf 80' lang='lat' dir='ltr'><strong>VII.</strong></span> 
     </span>
    </p>
   </div>
   <div class='ocr_carea' id='block_1_33' title="bbox 252 1746 3385 1820">
    <p class='ocr_par' dir='ltr' id='par_1_33' title="bbox 252 1746 3385 1820">
     <span class='ocr_line' id='line_1_33' title="bbox 252 1746 3385 1820; baseline 0.002 -22"><span class='ocrx_word' id='word_1_223' title='bbox 252 1748 327 1799; x_wconf 89' lang='lat' dir='ltr'><strong>tui</strong></span> <span class='ocrx_word' id='word_1_224' title='bbox 353 1749 556 1806; x_wconf 87' lang='lat' dir='ltr'><strong>nubat,</strong></span> <span class='ocrx_word' id='word_1_225' title='bbox 594 1756 651 1800; x_wconf 91' lang='lat' dir='ltr'><strong>et</strong></span> <span class='ocrx_word' id='word_1_226' title='bbox 710 1752 836 1800; x_wconf 88' lang='lat' dir='ltr'><strong>novl</strong></span> <span class='ocrx_word' id='word_1_227' title='bbox 885 1750 1190 1802; x_wconf 79' lang='lat' dir='ltr'><strong>testamenti</strong></span> <span class='ocrx_word' id='word_1_228' title='bbox 1225 1752 1618 1804; x_wconf 80' lang='lat' dir='ltr'><strong>matrimonium</strong></span> <span class='ocrx_word' id='word_1_229' title='bbox 1650 1752 1840 1805; x_wconf 89' lang='lat' dir='ltr'><strong>sortia-</strong></span> <span class='ocrx_word' id='word_1_230' title='bbox 1873 1746 1911 1798; x_wconf 85' lang='grc' dir='ltr'><strong>Β</strong></span> <span class='ocrx_word' id='word_1_231' title='bbox 2009 1753 2079 1807; x_wconf 87' lang='lat' dir='ltr'><strong>De</strong></span> <span class='ocrx_word' id='word_1_232' title='bbox 2108 1754 2374 1806; x_wconf 84' lang='lat' dir='ltr'><strong>nativitate</strong></span> <span class='ocrx_word' id='word_1_233' title='bbox 2402 1751 2639 1814; x_wconf 86' lang='lat' dir='ltr'><strong>Isaac,et</strong></span> <span class='ocrx_word' id='word_1_234' title='bbox 2661 1753 2795 1817; x_wconf 84' lang='lat' dir='ltr'><strong>quod</strong></span> <span class='ocrx_word' id='word_1_235' title='bbox 2826 1770 2855 1802; x_wconf 90' lang='lat' dir='ltr'><strong>a</strong></span> <span class='ocrx_word' id='word_1_236' title='bbox 2881 1752 3012 1804; x_wconf 85' lang='lat' dir='ltr'><strong>lacte</strong></span> <span class='ocrx_word' id='word_1_237' title='bbox 3031 1752 3269 1820; x_wconf 74' lang='lat' dir='ltr'><strong>depulsus</strong></span> <span class='ocrx_word' id='word_1_238' title='bbox 3290 1761 3385 1804; x_wconf 82' lang='lat' dir='ltr'><strong>est.</strong></span> 
     </span>
    </p>
   </div>
   <div class='ocr_carea' id='block_1_34' title="bbox 255 1837 1838 1909">
    <p class='ocr_par' dir='ltr' id='par_1_34' title="bbox 255 1837 1838 1909">
     <span class='ocr_line' id='line_1_34' title="bbox 255 1837 1838 1909; baseline 0.004 -22"><span class='ocrx_word' id='word_1_239' title='bbox 255 1846 365 1893; x_wconf 90' lang='lat' dir='ltr'><strong>tur.</strong></span> <span class='ocrx_word' id='word_1_240' title='bbox 424 1838 545 1890; x_wconf 87' lang='lat' dir='ltr'><strong>lloc</strong></span> <span class='ocrx_word' id='word_1_241' title='bbox 609 1846 799 1889; x_wconf 79' lang='lat' dir='ltr'><strong>autem</strong></span> <span class='ocrx_word' id='word_1_242' title='bbox 854 1837 908 1890; x_wconf 92' lang='lat' dir='ltr'><strong>in</strong></span> <span class='ocrx_word' id='word_1_243' title='bbox 940 1852 1049 1904; x_wconf 92' lang='lat' dir='ltr'><strong>quo</strong></span> <span class='ocrx_word' id='word_1_244' title='bbox 1098 1854 1241 1892; x_wconf 92' lang='lat' dir='ltr'><strong>nunc</strong></span> <span class='ocrx_word' id='word_1_245' title='bbox 1288 1855 1488 1901; x_wconf 91' lang='lat' dir='ltr'><strong>sumus,</strong></span> <span class='ocrx_word' id='word_1_246' title='bbox 1524 1850 1728 1909; x_wconf 87' lang='lat' dir='ltr'><strong>tempus</strong></span> <span class='ocrx_word' id='word_1_247' title='bbox 1758 1852 1838 1894; x_wconf 88' lang='lat' dir='ltr'><strong>est</strong></span> 
     </span>
    </p>
   </div>
   <div class='ocr_carea' id='block_1_35' title="bbox 253 1927 1839 1996">
    <p class='ocr_par' dir='ltr' id='par_1_35' title="bbox 253 1927 1839 1996">
     <span class='ocr_line' id='line_1_35' title="bbox 253 1927 1839 1996; baseline 0.002 -17"><span class='ocrx_word' id='word_1_248' title='bbox 253 1928 573 1979; x_wconf 88' lang='lat' dir='ltr'><strong>vocationis</strong></span> <span class='ocrx_word' id='word_1_249' title='bbox 597 1927 869 1992; x_wconf 88' lang='lat' dir='ltr'><strong>gentium,</strong></span> <span class='ocrx_word' id='word_1_250' title='bbox 901 1937 955 1980; x_wconf 90' lang='lat' dir='ltr'><strong>ct</strong></span> <span class='ocrx_word' id='word_1_251' title='bbox 999 1929 1191 1981; x_wconf 90' lang='lat' dir='ltr'><strong>mortis</strong></span> <span class='ocrx_word' id='word_1_252' title='bbox 1234 1928 1383 1994; x_wconf 78' lang='lat' dir='ltr'><strong>legis,</strong></span> <span class='ocrx_word' id='word_1_253' title='bbox 1421 1943 1524 1995; x_wconf 89' lang='lat' dir='ltr'><strong>quo</strong></span> <span class='ocrx_word' id='word_1_254' title='bbox 1553 1932 1754 1996; x_wconf 88' lang='lat' dir='ltr'><strong>possint</strong></span> <span class='ocrx_word' id='word_1_255' title='bbox 1777 1931 1839 1982; x_wconf 82' lang='lat' dir='ltr'><strong>li-</strong></span> 
     </span>
    </p>
   </div>
   <div class='ocr_carea' id='block_1_36' title="bbox 257 2016 1837 2083">
    <p class='ocr_par' dir='ltr' id='par_1_36' title="bbox 257 2016 1837 2083">
     <span class='ocr_line' id='line_1_36' title="bbox 257 2016 1837 2083; baseline 0.002 -15"><span class='ocrx_word' id='word_1_256' title='bbox 257 2022 398 2070; x_wconf 75' lang='lat' dir='ltr'><strong>hera:</strong></span> <span class='ocrx_word' id='word_1_257' title='bbox 429 2018 644 2069; x_wconf 68' lang='lat' dir='ltr'><strong>anima:</strong></span> <span class='ocrx_word' id='word_1_258' title='bbox 676 2017 794 2082; x_wconf 86' lang='lat' dir='ltr'><strong>jam</strong></span> <span class='ocrx_word' id='word_1_259' title='bbox 843 2016 1033 2069; x_wconf 74' lang='lat' dir='ltr'><strong>soluta:</strong></span> <span class='ocrx_word' id='word_1_260' title='bbox 1070 2032 1099 2069; x_wconf 76' lang='grc' dir='ltr'><strong>ιι</strong></span> <span class='ocrx_word' id='word_1_261' title='bbox 1126 2016 1240 2083; x_wconf 85' lang='lat' dir='ltr'><strong>lege</strong></span> <span class='ocrx_word' id='word_1_262' title='bbox 1276 2017 1378 2069; x_wconf 88' lang='lat' dir='ltr'><strong>viri</strong></span> <span class='ocrx_word' id='word_1_263' title='bbox 1424 2033 1559 2071; x_wconf 92' lang='lat' dir='ltr'><strong>novo</strong></span> <span class='ocrx_word' id='word_1_264' title='bbox 1586 2019 1703 2073; x_wconf 90' lang='lat' dir='ltr'><strong>viro</strong></span> <span class='ocrx_word' id='word_1_265' title='bbox 1737 2036 1837 2072; x_wconf 88' lang='grc' dir='ltr'>ιιιι-</span> 
     </span>
    </p>
   </div>
   <div class='ocr_carea' id='block_1_37' title="bbox 257 2103 1840 2171">
    <p class='ocr_par' dir='ltr' id='par_1_37' title="bbox 257 2103 1840 2171">
     <span class='ocr_line' id='line_1_37' title="bbox 257 2103 1840 2171; baseline 0.002 -16"><span class='ocrx_word' id='word_1_266' title='bbox 257 2106 383 2159; x_wconf 79' lang='lat' dir='ltr'><strong>bere</strong></span> <span class='ocrx_word' id='word_1_267' title='bbox 413 2103 677 2158; x_wconf 85' lang='lat' dir='ltr'><strong>Christo.</strong></span> <span class='ocrx_word' id='word_1_268' title='bbox 711 2103 868 2167; x_wconf 84' lang='lat' dir='ltr'><strong>Quod</strong></span> <span class='ocrx_word' id='word_1_269' title='bbox 890 2104 937 2156; x_wconf 87' lang='lat' dir='ltr'><strong>si</strong></span> <span class='ocrx_word' id='word_1_270' title='bbox 964 2104 1178 2156; x_wconf 86' lang='lat' dir='ltr'><strong>edoceri</strong></span> <span class='ocrx_word' id='word_1_271' title='bbox 1207 2104 1284 2156; x_wconf 90' lang='lat' dir='ltr'><strong>vis</strong></span> <span class='ocrx_word' id='word_1_272' title='bbox 1302 2104 1565 2171; x_wconf 89' lang='lat' dir='ltr'><strong>quomodo</strong></span> <span class='ocrx_word' id='word_1_273' title='bbox 1587 2104 1670 2158; x_wconf 83' lang='lat' dir='ltr'><strong>lex</strong></span> <span class='ocrx_word' id='word_1_274' title='bbox 1704 2122 1840 2158; x_wconf 87' lang='lat' dir='ltr'><strong>mor-</strong></span> 
     </span>
    </p>
   </div>
   <div class='ocr_carea' id='block_1_38' title="bbox 260 2191 1835 2258">
    <p class='ocr_par' dir='ltr' id='par_1_38' title="bbox 260 2191 1835 2258">
     <span class='ocr_line' id='line_1_38' title="bbox 260 2191 1835 2258; baseline 0 -12"><span class='ocrx_word' id='word_1_275' title='bbox 260 2203 345 2246; x_wconf 87' lang='lat' dir='ltr'><strong>tua</strong></span> <span class='ocrx_word' id='word_1_276' title='bbox 373 2194 462 2254; x_wconf 88' lang='lat' dir='ltr'><strong>sit,</strong></span> <span class='ocrx_word' id='word_1_277' title='bbox 499 2192 807 2247; x_wconf 87' lang='lat' dir='ltr'><strong>considera</strong></span> <span class='ocrx_word' id='word_1_278' title='bbox 843 2199 901 2245; x_wconf 90' lang='lat' dir='ltr'><strong>et</strong></span> <span class='ocrx_word' id='word_1_279' title='bbox 954 2191 1076 2245; x_wconf 85' lang='lat' dir='ltr'><strong>vide</strong></span> <span class='ocrx_word' id='word_1_280' title='bbox 1107 2193 1195 2244; x_wconf 89' lang='lat' dir='ltr'><strong>ubi</strong></span> <span class='ocrx_word' id='word_1_281' title='bbox 1250 2207 1390 2245; x_wconf 90' lang='lat' dir='ltr'><strong>nunc</strong></span> <span class='ocrx_word' id='word_1_282' title='bbox 1440 2192 1724 2258; x_wconf 81' lang='lat' dir='ltr'><strong>sacriﬁcia,</strong></span> <span class='ocrx_word' id='word_1_283' title='bbox 1749 2194 1835 2246; x_wconf 88' lang='lat' dir='ltr'><strong>ubi</strong></span> 
     </span>
    </p>
   </div>
   <div class='ocr_carea' id='block_1_39' title="bbox 259 2278 1834 2347">
    <p class='ocr_par' dir='ltr' id='par_1_39' title="bbox 259 2278 1834 2347">
     <span class='ocr_line' id='line_1_39' title="bbox 259 2278 1834 2347; baseline 0.003 -17"><span class='ocrx_word' id='word_1_284' title='bbox 259 2294 395 2333; x_wconf 91' lang='lat' dir='ltr'><strong>nunc</strong></span> <span class='ocrx_word' id='word_1_285' title='bbox 436 2280 646 2342; x_wconf 86' lang='lat' dir='ltr'><strong>altare,</strong></span> <span class='ocrx_word' id='word_1_286' title='bbox 698 2278 791 2331; x_wconf 79' lang='lat' dir='ltr'><strong>ubi</strong></span> <span class='ocrx_word' id='word_1_287' title='bbox 859 2278 1146 2346; x_wconf 86' lang='lat' dir='ltr'><strong>templum,</strong></span> <span class='ocrx_word' id='word_1_288' title='bbox 1175 2280 1264 2332; x_wconf 89' lang='lat' dir='ltr'><strong>ubi</strong></span> <span class='ocrx_word' id='word_1_289' title='bbox 1301 2280 1718 2347; x_wconf 85' lang='lat' dir='ltr'><strong>puriﬁcationes,</strong></span> <span class='ocrx_word' id='word_1_290' title='bbox 1750 2283 1834 2334; x_wconf 82' lang='grc' dir='ltr'><strong>111ιὶ</strong></span> 
     </span>
    </p>
   </div>
   <div class='ocr_carea' id='block_1_40' title="bbox 261 2365 1839 2423">
    <p class='ocr_par' dir='ltr' id='par_1_40' title="bbox 261 2365 1839 2423">
     <span class='ocr_line' id='line_1_40' title="bbox 261 2365 1839 2423; baseline 0.002 -4"><span class='ocrx_word' id='word_1_291' title='bbox 261 2367 575 2420; x_wconf 80' lang='lat' dir='ltr'><strong>solemnitas</strong></span> <span class='ocrx_word' id='word_1_292' title='bbox 610 2366 868 2420; x_wconf 73' lang='lat' dir='ltr'><strong>Paschte.</strong></span> <span class='ocrx_word' id='word_1_293' title='bbox 902 2365 1100 2419; x_wconf 87' lang='lat' dir='ltr'><strong>Nonne</strong></span> <span class='ocrx_word' id='word_1_294' title='bbox 1128 2376 1333 2421; x_wconf 87' lang='lat' dir='ltr'><strong>mortua</strong></span> <span class='ocrx_word' id='word_1_295' title='bbox 1364 2376 1443 2422; x_wconf 88' lang='lat' dir='ltr'><strong>est</strong></span> <span class='ocrx_word' id='word_1_296' title='bbox 1470 2369 1524 2422; x_wconf 92' lang='lat' dir='ltr'><strong>in</strong></span> <span class='ocrx_word' id='word_1_297' title='bbox 1553 2370 1639 2423; x_wconf 86' lang='lat' dir='ltr'><strong>his</strong></span> <span class='ocrx_word' id='word_1_298' title='bbox 1669 2371 1839 2423; x_wconf 78' lang='lat' dir='ltr'><strong>Olllnl-</strong></span> 
     </span>
    </p>
   </div>
   <div class='ocr_carea' id='block_1_41' title="bbox 262 2455 1838 2523">
    <p class='ocr_par' dir='ltr' id='par_1_41' title="bbox 262 2455 1838 2523">
     <span class='ocr_line' id='line_1_41' title="bbox 262 2455 1838 2523; baseline 0.003 -16"><span class='ocrx_word' id='word_1_299' title='bbox 262 2459 358 2510; x_wconf 70' lang='lat' dir='ltr'><strong>lius</strong></span> <span class='ocrx_word' id='word_1_300' title='bbox 391 2458 473 2511; x_wconf 69' lang='lat' dir='ltr'><strong>lex</strong></span> <span class='ocrx_word' id='word_1_301' title='bbox 500 2458 527 2510; x_wconf 83' lang='lat'><strong>?</strong></span> <span class='ocrx_word' id='word_1_302' title='bbox 559 2458 679 2509; x_wconf 86' lang='lat' dir='ltr'><strong>Aut</strong></span> <span class='ocrx_word' id='word_1_303' title='bbox 711 2458 756 2508; x_wconf 89' lang='lat' dir='ltr'><strong>si</strong></span> <span class='ocrx_word' id='word_1_304' title='bbox 803 2464 1035 2523; x_wconf 87' lang='lat' dir='ltr'><strong>possunt</strong></span> <span class='ocrx_word' id='word_1_305' title='bbox 1082 2455 1170 2509; x_wconf 82' lang='lat' dir='ltr'><strong>isti</strong></span> <span class='ocrx_word' id='word_1_306' title='bbox 1224 2457 1380 2510; x_wconf 87' lang='lat' dir='ltr'><strong>amici</strong></span> <span class='ocrx_word' id='word_1_307' title='bbox 1431 2467 1484 2511; x_wconf 90' lang='lat' dir='ltr'><strong>et</strong></span> <span class='ocrx_word' id='word_1_308' title='bbox 1533 2460 1838 2513; x_wconf 84' lang='lat' dir='ltr'><strong>defensores</strong></span> 
     </span>
    </p>
   </div>
   <div class='ocr_carea' id='block_1_42' title="bbox 264 2543 1837 2611">
    <p class='ocr_par' dir='ltr' id='par_1_42' title="bbox 264 2543 1837 2611">
     <span class='ocr_line' id='line_1_42' title="bbox 264 2543 1837 2611; baseline 0.003 -15"><span class='ocrx_word' id='word_1_309' title='bbox 264 2547 450 2598; x_wconf 73' lang='lat' dir='ltr'><strong>litterae</strong></span> <span class='ocrx_word' id='word_1_310' title='bbox 472 2584 490 2608; x_wconf 89' lang='lat'><strong>,</strong></span> <span class='ocrx_word' id='word_1_311' title='bbox 542 2544 873 2599; x_wconf 83' lang='lat' dir='ltr'><strong>custodiant</strong></span> <span class='ocrx_word' id='word_1_312' title='bbox 917 2543 1150 2596; x_wconf 88' lang='lat' dir='ltr'><strong>litteram</strong></span> <span class='ocrx_word' id='word_1_313' title='bbox 1181 2543 1330 2611; x_wconf 87' lang='lat' dir='ltr'><strong>legis.</strong></span> <span class='ocrx_word' id='word_1_314' title='bbox 1363 2546 1659 2605; x_wconf 80' lang='lat' dir='ltr'><strong>Secundum</strong></span> <span class='ocrx_word' id='word_1_315' title='bbox 1699 2547 1837 2601; x_wconf 87' lang='lat' dir='ltr'><strong>hunc</strong></span> 
     </span>
    </p>
   </div>
   <div class='ocr_carea' id='block_1_43' title="bbox 264 2632 1840 2705">
    <p class='ocr_par' dir='ltr' id='par_1_43' title="bbox 264 2632 1840 2705">
     <span class='ocr_line' id='line_1_43' title="bbox 264 2632 1840 2705; baseline 0.001 -18"><span class='ocrx_word' id='word_1_316' title='bbox 264 2651 391 2704; x_wconf 84' lang='lat' dir='ltr'><strong>ergo</strong></span> <span class='ocrx_word' id='word_1_317' title='bbox 421 2636 711 2705; x_wconf 66' lang='lat' dir='ltr'><strong>allegoriae</strong></span> <span class='ocrx_word' id='word_1_318' title='bbox 753 2634 1028 2696; x_wconf 88' lang='lat' dir='ltr'><strong>ordinem,</strong></span> <span class='ocrx_word' id='word_1_319' title='bbox 1071 2632 1282 2687; x_wconf 87' lang='lat' dir='ltr'><strong>Pharao</strong></span> <span class='ocrx_word' id='word_1_320' title='bbox 1326 2635 1414 2702; x_wconf 90' lang='lat' dir='ltr'><strong>qui</strong></span> <span class='ocrx_word' id='word_1_321' title='bbox 1439 2646 1518 2689; x_wconf 90' lang='lat' dir='ltr'><strong>est</strong></span> <span class='ocrx_word' id='word_1_322' title='bbox 1553 2637 1711 2689; x_wconf 88' lang='lat' dir='ltr'><strong>homo</strong></span> <span class='ocrx_word' id='word_1_323' title='bbox 1743 2638 1840 2688; x_wconf 76' lang='lat' dir='ltr'><strong>int-</strong></span> 
     </span>
    </p>
   </div>
   <div class='ocr_carea' id='block_1_44' title="bbox 266 2722 1833 2786">
    <p class='ocr_par' dir='ltr' id='par_1_44' title="bbox 266 2722 1833 2786">
     <span class='ocr_line' id='line_1_44' title="bbox 266 2722 1833 2786; baseline 0.001 -10"><span class='ocrx_word' id='word_1_324' title='bbox 266 2727 492 2779; x_wconf 86' lang='lat' dir='ltr'><strong>mundus</strong></span> <span class='ocrx_word' id='word_1_325' title='bbox 545 2735 607 2778; x_wconf 86' lang='lat' dir='ltr'><strong>et</strong></span> <span class='ocrx_word' id='word_1_326' title='bbox 668 2723 1095 2785; x_wconf 79' lang='lat' dir='ltr'><strong>exterminator,</strong></span> <span class='ocrx_word' id='word_1_327' title='bbox 1122 2722 1332 2786; x_wconf 86' lang='lat' dir='ltr'><strong>Saram,</strong></span> <span class='ocrx_word' id='word_1_328' title='bbox 1377 2724 1429 2777; x_wconf 88' lang='lat' dir='ltr'><strong>id</strong></span> <span class='ocrx_word' id='word_1_329' title='bbox 1470 2732 1550 2776; x_wconf 75' lang='lat' dir='ltr'><strong>est</strong></span> <span class='ocrx_word' id='word_1_330' title='bbox 1586 2727 1833 2778; x_wconf 88' lang='lat' dir='ltr'><strong>virtutem</strong></span> 
     </span>
    </p>
   </div>
   <div class='ocr_carea' id='block_1_45' title="bbox 265 2810 1834 2883">
    <p class='ocr_par' dir='ltr' id='par_1_45' title="bbox 265 2810 1834 2883">
     <span class='ocr_line' id='line_1_45' title="bbox 265 2810 1834 2883; baseline 0.001 -17"><span class='ocrx_word' id='word_1_331' title='bbox 265 2815 506 2883; x_wconf 83' lang='lat' dir='ltr'><strong>accipere</strong></span> <span class='ocrx_word' id='word_1_332' title='bbox 549 2814 789 2867; x_wconf 87' lang='lat' dir='ltr'><strong>omnino</strong></span> <span class='ocrx_word' id='word_1_333' title='bbox 853 2825 958 2863; x_wconf 87' lang='lat' dir='ltr'><strong>non</strong></span> <span class='ocrx_word' id='word_1_334' title='bbox 1009 2819 1243 2878; x_wconf 85' lang='lat' dir='ltr'><strong>poterat.</strong></span> <span class='ocrx_word' id='word_1_335' title='bbox 1287 2810 1455 2865; x_wconf 86' lang='lat' dir='ltr'><strong>Porro</strong></span> <span class='ocrx_word' id='word_1_336' title='bbox 1505 2813 1834 2877; x_wconf 87' lang='lat' dir='ltr'><strong>Abimelcch,</strong></span> 
     </span>
    </p>
   </div>
   <div class='ocr_carea' id='block_1_46' title="bbox 264 2900 1836 2972">
    <p class='ocr_par' dir='ltr' id='par_1_46' title="bbox 264 2900 1836 2972">
     <span class='ocr_line' id='line_1_46' title="bbox 264 2900 1836 2972; baseline 0 -16"><span class='ocrx_word' id='word_1_337' title='bbox 264 2904 313 2956; x_wconf 89' lang='lat' dir='ltr'><strong>id</strong></span> <span class='ocrx_word' id='word_1_338' title='bbox 343 2903 544 2972; x_wconf 88' lang='lat' dir='ltr'><strong>estqui</strong></span> <span class='ocrx_word' id='word_1_339' title='bbox 601 2904 816 2956; x_wconf 84' lang='lat' dir='ltr'><strong>munde</strong></span> <span class='ocrx_word' id='word_1_340' title='bbox 854 2909 910 2954; x_wconf 89' lang='lat' dir='ltr'><strong>et</strong></span> <span class='ocrx_word' id='word_1_341' title='bbox 960 2900 1328 2968; x_wconf 84' lang='lat' dir='ltr'><strong>philosophice</strong></span> <span class='ocrx_word' id='word_1_342' title='bbox 1351 2901 1582 2968; x_wconf 82' lang='lat' dir='ltr'><strong>vivebat,</strong></span> <span class='ocrx_word' id='word_1_343' title='bbox 1626 2910 1836 2970; x_wconf 83' lang='lat' dir='ltr'><strong>poterat</strong></span> 
     </span>
    </p>
   </div>
   <div class='ocr_carea' id='block_1_47' title="bbox 262 2990 1832 3062">
    <p class='ocr_par' dir='ltr' id='par_1_47' title="bbox 262 2990 1832 3062">
     <span class='ocr_line' id='line_1_47' title="bbox 262 2990 1832 3062; baseline 0 -17"><span class='ocrx_word' id='word_1_344' title='bbox 262 2993 472 3062; x_wconf 85' lang='lat' dir='ltr'><strong>quidem</strong></span> <span class='ocrx_word' id='word_1_345' title='bbox 508 2992 797 3060; x_wconf 83' lang='lat' dir='ltr'><strong>accipere,</strong></span> <span class='ocrx_word' id='word_1_346' title='bbox 838 2991 971 3058; x_wconf 82' lang='lat' dir='ltr'><strong>quia</strong></span> <span class='ocrx_word' id='word_1_347' title='bbox 1010 2990 1064 3042; x_wconf 92' lang='lat' dir='ltr'><strong>in</strong></span> <span class='ocrx_word' id='word_1_348' title='bbox 1111 2991 1274 3043; x_wconf 89' lang='lat' dir='ltr'><strong>corde</strong></span> <span class='ocrx_word' id='word_1_349' title='bbox 1300 2993 1495 3043; x_wconf 91' lang='lat' dir='ltr'><strong>mundo</strong></span> <span class='ocrx_word' id='word_1_350' title='bbox 1542 2995 1832 3058; x_wconf 69' lang='lat' dir='ltr'><strong>quaerebat,</strong></span> 
     </span>
    </p>
   </div>
   <div class='ocr_carea' id='block_1_48' title="bbox 2008 1839 3471 1912">
    <p class='ocr_par' dir='ltr' id='par_1_48' title="bbox 2008 1839 3471 1912">
     <span class='ocr_line' id='line_1_48' title="bbox 2008 1839 3471 1912; baseline -0.001 -17"><span class='ocrx_word' id='word_1_351' title='bbox 2008 1844 2055 1896; x_wconf 81' lang='lat' dir='ltr'><strong>i.</strong></span> <span class='ocrx_word' id='word_1_352' title='bbox 2087 1842 2293 1912; x_wconf 80' lang='lat' dir='ltr'><strong>Moyses</strong></span> <span class='ocrx_word' id='word_1_353' title='bbox 2319 1841 2470 1894; x_wconf 87' lang='lat' dir='ltr'><strong>nobis</strong></span> <span class='ocrx_word' id='word_1_354' title='bbox 2511 1840 2781 1908; x_wconf 84' lang='lat' dir='ltr'><strong>legitur‘in</strong></span> <span class='ocrx_word' id='word_1_355' title='bbox 2821 1839 3078 1893; x_wconf 87' lang='lat' dir='ltr'><strong>Ecclesia.</strong></span> <span class='ocrx_word' id='word_1_356' title='bbox 3112 1841 3471 1906; x_wconf 88' lang='lat' dir='ltr'><strong>Deprecemur</strong></span> 
     </span>
    </p>
   </div>
   <div class='ocr_carea' id='block_1_49' title="bbox 1941 1927 3467 1995">
    <p class='ocr_par' dir='ltr' id='par_1_49' title="bbox 1941 1927 3467 1995">
     <span class='ocr_line' id='line_1_49' title="bbox 1941 1927 3467 1995; baseline 0 -15"><span class='ocrx_word' id='word_1_357' title='bbox 1941 1929 2238 1991; x_wconf 85' lang='lat' dir='ltr'><strong>Dominum,</strong></span> <span class='ocrx_word' id='word_1_358' title='bbox 2283 1942 2347 1980; x_wconf 89' lang='lat' dir='ltr'><strong>ne</strong></span> <span class='ocrx_word' id='word_1_359' title='bbox 2393 1927 2681 1979; x_wconf 91' lang='lat' dir='ltr'><strong>secundum</strong></span> <span class='ocrx_word' id='word_1_360' title='bbox 2730 1927 2950 1980; x_wconf 85' lang='lat' dir='ltr'><strong>verbum</strong></span> <span class='ocrx_word' id='word_1_361' title='bbox 2997 1927 3231 1995; x_wconf 81' lang='lat' dir='ltr'><strong>Aposmli</strong></span> <span class='ocrx_word' id='word_1_362' title='bbox 3259 1965 3275 1992; x_wconf 92' lang='lat'><strong>,</strong></span> <span class='ocrx_word' id='word_1_363' title='bbox 3304 1929 3467 1980; x_wconf 71' lang='lat' dir='ltr'><strong>etiam</strong></span> 
     </span>
    </p>
   </div>
   <div class='ocr_carea' id='block_1_50' title="bbox 1936 2012 3468 2083">
    <p class='ocr_par' dir='ltr' id='par_1_50' title="bbox 1936 2012 3468 2083">
     <span class='ocr_line' id='line_1_50' title="bbox 1936 2012 3468 2083; baseline -0.001 -16"><span class='ocrx_word' id='word_1_364' title='bbox 1936 2017 2072 2083; x_wconf 87' lang='lat' dir='ltr'><strong>apud</strong></span> <span class='ocrx_word' id='word_1_365' title='bbox 2102 2030 2217 2079; x_wconf 84' lang='lat' dir='ltr'><strong>nos,</strong></span> <span class='ocrx_word' id='word_1_366' title='bbox 2246 2030 2366 2068; x_wconf 91' lang='lat' dir='ltr'><strong>cum</strong></span> <span class='ocrx_word' id='word_1_367' title='bbox 2393 2014 2583 2079; x_wconf 87' lang='lat' dir='ltr'><strong>legitur</strong></span> <span class='ocrx_word' id='word_1_368' title='bbox 2625 2012 2849 2082; x_wconf 82' lang='lat' dir='ltr'><strong>Moyses,</strong></span> <span class='ocrx_word' id='word_1_369' title='bbox 2880 2014 3116 2068; x_wconf 89' lang='lat' dir='ltr'><strong>velamen</strong></span> <span class='ocrx_word' id='word_1_370' title='bbox 3144 2017 3214 2069; x_wconf 92' lang='lat' dir='ltr'><strong>sit</strong></span> <span class='ocrx_word' id='word_1_371' title='bbox 3241 2017 3468 2083; x_wconf 83' lang='lat' dir='ltr'><strong>posi&#39;ttm</strong></span> 
     </span>
    </p>
   </div>
   <div class='ocr_carea' id='block_1_51' title="bbox 1938 2100 3472 2173">
    <p class='ocr_par' dir='ltr' id='par_1_51' title="bbox 1938 2100 3472 2173">
     <span class='ocr_line' id='line_1_51' title="bbox 1938 2100 3472 2173; baseline 0.002 -18"><span class='ocrx_word' id='word_1_372' title='bbox 1938 2118 2097 2170; x_wconf 82' lang='lat' dir='ltr'><strong>super</strong></span> <span class='ocrx_word' id='word_1_373' title='bbox 2126 2118 2216 2156; x_wconf 92' lang='lat' dir='ltr'><strong>cor</strong></span> <span class='ocrx_word' id='word_1_374' title='bbox 2240 2112 2471 2155; x_wconf 86' lang='lat' dir='ltr'><strong>nostrum</strong></span> <span class='ocrx_word' id='word_1_375' title='bbox 2500 2102 2540 2153; x_wconf 86' lang='grc'><strong>³.</strong></span> <span class='ocrx_word' id='word_1_376' title='bbox 2580 2100 2794 2153; x_wconf 89' lang='lat' dir='ltr'><strong>Lectum</strong></span> <span class='ocrx_word' id='word_1_377' title='bbox 2836 2110 2915 2155; x_wconf 86' lang='lat' dir='ltr'><strong>est</strong></span> <span class='ocrx_word' id='word_1_378' title='bbox 2960 2107 3099 2155; x_wconf 87' lang='lat' dir='ltr'><strong>enim</strong></span> <span class='ocrx_word' id='word_1_379' title='bbox 3150 2106 3271 2170; x_wconf 90' lang='lat' dir='ltr'><strong>quia</strong></span> <span class='ocrx_word' id='word_1_380' title='bbox 3307 2120 3472 2173; x_wconf 85' lang='lat' dir='ltr'><strong>genu-</strong></span> 
     </span>
    </p>
   </div>
   <div class='ocr_carea' id='block_1_52' title="bbox 1936 2188 3471 2250">
    <p class='ocr_par' dir='ltr' id='par_1_52' title="bbox 1936 2188 3471 2250">
     <span class='ocr_line' id='line_1_52' title="bbox 1936 2188 3471 2250; baseline 0.003 -8"><span class='ocrx_word' id='word_1_381' title='bbox 1936 2202 2048 2242; x_wconf 82' lang='lat' dir='ltr'><strong>erat</strong></span> <span class='ocrx_word' id='word_1_382' title='bbox 2073 2191 2338 2243; x_wconf 84' lang='lat' dir='ltr'><strong>Abraham</strong></span> <span class='ocrx_word' id='word_1_383' title='bbox 2365 2192 2524 2243; x_wconf 89' lang='lat' dir='ltr'><strong>lilittm</strong></span> <span class='ocrx_word' id='word_1_384' title='bbox 2551 2188 2720 2250; x_wconf 87' lang='lat' dir='ltr'><strong>Isaac,</strong></span> <span class='ocrx_word' id='word_1_385' title='bbox 2753 2203 2874 2242; x_wconf 90' lang='lat' dir='ltr'><strong>cum</strong></span> <span class='ocrx_word' id='word_1_386' title='bbox 2906 2200 3044 2242; x_wconf 81' lang='lat' dir='ltr'><strong>esset</strong></span> <span class='ocrx_word' id='word_1_387' title='bbox 3073 2204 3282 2246; x_wconf 85' lang='lat' dir='ltr'><strong>centum</strong></span> <span class='ocrx_word' id='word_1_388' title='bbox 3305 2210 3471 2246; x_wconf 79' lang='lat' dir='ltr'><strong>aitue-</strong></span> 
     </span>
    </p>
   </div>
   <div class='ocr_carea' id='block_1_53' title="bbox 1938 2280 3468 2349">
    <p class='ocr_par' dir='ltr' id='par_1_53' title="bbox 1938 2280 3468 2349">
     <span class='ocr_line' id='line_1_53' title="bbox 1938 2280 3468 2349; baseline 0.003 -18"><span class='ocrx_word' id='word_1_389' title='bbox 1938 2295 2145 2332; x_wconf 89' lang='lat' dir='ltr'><strong>uorum.</strong></span> <span class='ocrx_word' id='word_1_390' title='bbox 2201 2281 2262 2333; x_wconf 86' lang='lat' dir='ltr'><strong>Et</strong></span> <span class='ocrx_word' id='word_1_391' title='bbox 2307 2281 2441 2333; x_wconf 81' lang='lat' dir='ltr'><strong>dixit</strong></span> <span class='ocrx_word' id='word_1_392' title='bbox 2493 2281 2673 2333; x_wconf 89' lang='lat' dir='ltr'><strong>Sara:</strong></span> <span class='ocrx_word' id='word_1_393' title='bbox 2720 2281 2870 2344; x_wconf 85' lang='lat' dir='ltr'><strong>Quis,</strong></span> <span class='ocrx_word' id='word_1_394' title='bbox 2915 2280 3086 2349; x_wconf 88' lang='lat' dir='ltr'><strong>inquit</strong></span> <span class='ocrx_word' id='word_1_395' title='bbox 3124 2282 3166 2343; x_wconf 76' lang='grc'>⁸,</span> <span class='ocrx_word' id='word_1_396' title='bbox 3211 2284 3468 2335; x_wconf 86' lang='lat' dir='ltr'><strong>nuntiabit</strong></span> 
     </span>
    </p>
   </div>
   <div class='ocr_carea' id='block_1_54' title="bbox 1936 2367 3466 2438">
    <p class='ocr_par' dir='ltr' id='par_1_54' title="bbox 1936 2367 3466 2438">
     <span class='ocr_line' id='line_1_54' title="bbox 1936 2367 3466 2438; baseline 0.005 -21"><span class='ocrx_word' id='word_1_397' title='bbox 1936 2368 2155 2420; x_wconf 71' lang='lat' dir='ltr'><strong>Abrahw</strong></span> <span class='ocrx_word' id='word_1_398' title='bbox 2183 2369 2318 2435; x_wconf 88' lang='lat' dir='ltr'><strong>quod</strong></span> <span class='ocrx_word' id='word_1_399' title='bbox 2335 2369 2492 2420; x_wconf 86' lang='lat' dir='ltr'><strong>lactat</strong></span> <span class='ocrx_word' id='word_1_400' title='bbox 2531 2384 2748 2435; x_wconf 83' lang='lat' dir='ltr'><strong>puerum</strong></span> <span class='ocrx_word' id='word_1_401' title='bbox 2802 2369 2939 2422; x_wconf 88' lang='lat' dir='ltr'><strong>Sara</strong></span> <span class='ocrx_word' id='word_1_402' title='bbox 2967 2369 2990 2419; x_wconf 86' lang='lat'><strong>?</strong></span> <span class='ocrx_word' id='word_1_403' title='bbox 3017 2367 3079 2419; x_wconf 77' lang='lat' dir='ltr'><strong>Et</strong></span> <span class='ocrx_word' id='word_1_404' title='bbox 3103 2379 3241 2431; x_wconf 86' lang='lat' dir='ltr'><strong>tunc,</strong></span> <span class='ocrx_word' id='word_1_405' title='bbox 3274 2372 3466 2438; x_wconf 89' lang='lat' dir='ltr'><strong>inquit,</strong></span> 
     </span>
    </p>
   </div>
   <div class='ocr_carea' id='block_1_55' title="bbox 1937 2458 3468 2526">
    <p class='ocr_par' dir='ltr' id='par_1_55' title="bbox 1937 2458 3468 2526">
     <span class='ocr_line' id='line_1_55' title="bbox 1937 2458 3468 2526; baseline 0.003 -19"><span class='ocrx_word' id='word_1_406' title='bbox 1937 2458 2251 2509; x_wconf 79' lang='lat' dir='ltr'><strong>circumcidit</strong></span> <span class='ocrx_word' id='word_1_407' title='bbox 2284 2458 2541 2510; x_wconf 83' lang='lat' dir='ltr'><strong>Abraham</strong></span> <span class='ocrx_word' id='word_1_408' title='bbox 2562 2475 2775 2525; x_wconf 87' lang='lat' dir='ltr'><strong>puerum</strong></span> <span class='ocrx_word' id='word_1_409' title='bbox 2801 2460 2880 2511; x_wconf 85' lang='lat' dir='ltr'><strong>die</strong></span> <span class='ocrx_word' id='word_1_410' title='bbox 2909 2458 3288 2525; x_wconf 39' lang='lat' dir='ltr'><strong>dctavaJluJus</strong></span> <span class='ocrx_word' id='word_1_411' title='bbox 3318 2461 3468 2526; x_wconf 89' lang='lat' dir='ltr'><strong>pueri</strong></span> 
     </span>
    </p>
   </div>
   <div class='ocr_carea' id='block_1_56' title="bbox 1937 2546 3470 2611">
    <p class='ocr_par' dir='ltr' id='par_1_56' title="bbox 1937 2546 3470 2611">
     <span class='ocr_line' id='line_1_56' title="bbox 1937 2546 3470 2611; baseline 0.003 -14"><span class='ocrx_word' id='word_1_412' title='bbox 1937 2546 2074 2598; x_wconf 87' lang='lat' dir='ltr'><strong>diem</strong></span> <span class='ocrx_word' id='word_1_413' title='bbox 2107 2547 2337 2599; x_wconf 87' lang='lat' dir='ltr'><strong>natalem</strong></span> <span class='ocrx_word' id='word_1_414' title='bbox 2381 2562 2483 2601; x_wconf 90' lang='lat' dir='ltr'><strong>non</strong></span> <span class='ocrx_word' id='word_1_415' title='bbox 2514 2548 2749 2601; x_wconf 88' lang='lat' dir='ltr'><strong>celebrat</strong></span> <span class='ocrx_word' id='word_1_416' title='bbox 2804 2546 3091 2611; x_wconf 90' lang='lat' dir='ltr'><strong>Abraham,</strong></span> <span class='ocrx_word' id='word_1_417' title='bbox 3116 2548 3206 2602; x_wconf 89' lang='lat' dir='ltr'><strong>sed</strong></span> <span class='ocrx_word' id='word_1_418' title='bbox 3230 2547 3470 2602; x_wconf 84' lang='lat' dir='ltr'><strong>celebrat</strong></span> 
     </span>
    </p>
   </div>
   <div class='ocr_carea' id='block_1_57' title="bbox 1937 2635 3466 2706">
    <p class='ocr_par' dir='ltr' id='par_1_57' title="bbox 1937 2635 3466 2706">
     <span class='ocr_line' id='line_1_57' title="bbox 1937 2635 3466 2706; baseline 0.003 -20"><span class='ocrx_word' id='word_1_419' title='bbox 1937 2635 2073 2686; x_wconf 64' lang='lat' dir='ltr'><strong>diem</strong></span> <span class='ocrx_word' id='word_1_420' title='bbox 2123 2635 2465 2703; x_wconf 89' lang='lat' dir='ltr'><strong>depositionis</strong></span> <span class='ocrx_word' id='word_1_421' title='bbox 2505 2636 2616 2706; x_wconf 78' lang='lat'><strong>(55)</strong></span> <span class='ocrx_word' id='word_1_422' title='bbox 2660 2653 2688 2690; x_wconf 89' lang='lat' dir='ltr'><strong>a</strong></span> <span class='ocrx_word' id='word_1_423' title='bbox 2727 2637 2881 2697; x_wconf 90' lang='lat' dir='ltr'><strong>lacte,</strong></span> <span class='ocrx_word' id='word_1_424' title='bbox 2914 2646 2967 2688; x_wconf 92' lang='lat' dir='ltr'><strong>et</strong></span> <span class='ocrx_word' id='word_1_425' title='bbox 2994 2637 3122 2690; x_wconf 80' lang='lat' dir='ltr'><strong>facit</strong></span> <span class='ocrx_word' id='word_1_426' title='bbox 3167 2638 3466 2691; x_wconf 83' lang='lat' dir='ltr'><strong>convivium</strong></span> 
     </span>
    </p>
   </div>
   <div class='ocr_carea' id='block_1_58' title="bbox 1939 2710 3469 2795">
    <p class='ocr_par' dir='ltr' id='par_1_58' title="bbox 1939 2710 3469 2795">
     <span class='ocr_line' id='line_1_58' title="bbox 1939 2710 3469 2795; baseline 0.001 -18"><span class='ocrx_word' id='word_1_427' title='bbox 1939 2710 2205 2793; x_wconf 83' lang='lat' dir='ltr'><strong>magnum.</strong></span> <span class='ocrx_word' id='word_1_428' title='bbox 2252 2725 2421 2790; x_wconf 81' lang='lat' dir='ltr'><strong>Quid?</strong></span> <span class='ocrx_word' id='word_1_429' title='bbox 2447 2737 2690 2792; x_wconf 90' lang='lat' dir='ltr'><strong>putamus</strong></span> <span class='ocrx_word' id='word_1_430' title='bbox 2714 2727 2837 2794; x_wconf 89' lang='lat' dir='ltr'><strong>quia</strong></span> <span class='ocrx_word' id='word_1_431' title='bbox 2870 2726 3196 2793; x_wconf 87' lang='lat' dir='ltr'><strong>propositum</strong></span> <span class='ocrx_word' id='word_1_432' title='bbox 3241 2729 3310 2780; x_wconf 87' lang='lat' dir='ltr'><strong>sit</strong></span> <span class='ocrx_word' id='word_1_433' title='bbox 3349 2728 3469 2795; x_wconf 89' lang='lat' dir='ltr'><strong>Spi-</strong></span> 
     </span>
    </p>
   </div>
   <div class='ocr_carea' id='block_1_59' title="bbox 1941 2813 3467 2884">
    <p class='ocr_par' dir='ltr' id='par_1_59' title="bbox 1941 2813 3467 2884">
     <span class='ocr_line' id='line_1_59' title="bbox 1941 2813 3467 2884; baseline 0.003 -20"><span class='ocrx_word' id='word_1_434' title='bbox 1941 2813 2060 2865; x_wconf 89' lang='lat' dir='ltr'><strong>ritui</strong></span> <span class='ocrx_word' id='word_1_435' title='bbox 2110 2823 2292 2868; x_wconf 90' lang='lat' dir='ltr'><strong>sancto</strong></span> <span class='ocrx_word' id='word_1_436' title='bbox 2323 2813 2575 2869; x_wconf 90' lang='lat' dir='ltr'><strong>historias</strong></span> <span class='ocrx_word' id='word_1_437' title='bbox 2617 2816 2872 2879; x_wconf 88' lang='lat' dir='ltr'><strong>scribere,</strong></span> <span class='ocrx_word' id='word_1_438' title='bbox 2901 2823 2955 2875; x_wconf 86' lang='lat' dir='ltr'><strong>et</strong></span> <span class='ocrx_word' id='word_1_439' title='bbox 3006 2829 3225 2868; x_wconf 88' lang='lat' dir='ltr'><strong>narrare</strong></span> <span class='ocrx_word' id='word_1_440' title='bbox 3267 2818 3407 2884; x_wconf 89' lang='lat' dir='ltr'><strong>quod</strong></span> <span class='ocrx_word' id='word_1_441' title='bbox 3435 2831 3467 2869; x_wconf 82' lang='lat' dir='ltr'><strong>a</strong></span> 
     </span>
    </p>
   </div>
   <div class='ocr_carea' id='block_1_60' title="bbox 1938 2902 3467 2974">
    <p class='ocr_par' dir='ltr' id='par_1_60' title="bbox 1938 2902 3467 2974">
     <span class='ocr_line' id='line_1_60' title="bbox 1938 2902 3467 2974; baseline 0.003 -20"><span class='ocrx_word' id='word_1_442' title='bbox 1938 2902 2076 2956; x_wconf 83' lang='lat' dir='ltr'><strong>lacte</strong></span> <span class='ocrx_word' id='word_1_443' title='bbox 2110 2903 2363 2971; x_wconf 89' lang='lat' dir='ltr'><strong>depulsus</strong></span> <span class='ocrx_word' id='word_1_444' title='bbox 2418 2905 2488 2959; x_wconf 86' lang='lat' dir='ltr'><strong>sit</strong></span> <span class='ocrx_word' id='word_1_445' title='bbox 2522 2920 2673 2972; x_wconf 90' lang='lat' dir='ltr'><strong>puer,</strong></span> <span class='ocrx_word' id='word_1_446' title='bbox 2711 2913 2764 2958; x_wconf 90' lang='lat' dir='ltr'><strong>et</strong></span> <span class='ocrx_word' id='word_1_447' title='bbox 2799 2905 3100 2958; x_wconf 85' lang='lat' dir='ltr'><strong>convivium</strong></span> <span class='ocrx_word' id='word_1_448' title='bbox 3148 2906 3344 2958; x_wconf 79' lang='lat' dir='ltr'><strong>factum</strong></span> <span class='ocrx_word' id='word_1_449' title='bbox 3375 2908 3467 2974; x_wconf 87' lang='lat' dir='ltr'><strong>sit,</strong></span> 
     </span>
    </p>
   </div>
   <div class='ocr_carea' id='block_1_61' title="bbox 1941 2992 3468 3062">
    <p class='ocr_par' dir='ltr' id='par_1_61' title="bbox 1941 2992 3468 3062">
     <span class='ocr_line' id='line_1_61' title="bbox 1941 2992 3468 3062; baseline 0.005 -22"><span class='ocrx_word' id='word_1_450' title='bbox 1941 2994 2203 3058; x_wconf 75' lang='lat' dir='ltr'><strong>quomodo</strong></span> <span class='ocrx_word' id='word_1_451' title='bbox 2251 2992 2456 3057; x_wconf 89' lang='lat' dir='ltr'><strong>luserit,</strong></span> <span class='ocrx_word' id='word_1_452' title='bbox 2503 2993 2713 3061; x_wconf 88' lang='lat' dir='ltr'><strong>aliaque</strong></span> <span class='ocrx_word' id='word_1_453' title='bbox 2749 2993 2971 3062; x_wconf 91' lang='lat' dir='ltr'><strong>puerilia</strong></span> <span class='ocrx_word' id='word_1_454' title='bbox 3017 2994 3182 3060; x_wconf 81' lang='lat' dir='ltr'><strong>egerit</strong></span> <span class='ocrx_word' id='word_1_455' title='bbox 3212 2993 3235 3045; x_wconf 87' lang='lat'><strong>?</strong></span> <span class='ocrx_word' id='word_1_456' title='bbox 3262 2994 3342 3044; x_wconf 88' lang='lat' dir='ltr'><strong>An</strong></span> <span class='ocrx_word' id='word_1_457' title='bbox 3373 3008 3468 3061; x_wconf 83' lang='lat' dir='ltr'><strong>per</strong></span> 
     </span>
    </p>
   </div>
   <div class='ocr_carea' id='block_1_62' title="bbox 264 3054 3468 3150">
    <p class='ocr_par' dir='ltr' id='par_1_62' title="bbox 264 3054 3468 3150">
     <span class='ocr_line' id='line_1_62' title="bbox 264 3054 3468 3150; baseline -0 -14"><span class='ocrx_word' id='word_1_458' title='bbox 264 3054 350 3136; x_wconf 70' lang='lat' dir='ltr'><strong>sed</strong></span> <span class='ocrx_word' id='word_1_459' title='bbox 406 3054 660 3136; x_wconf 68' lang='lat' dir='ltr'><strong>nonduui</strong></span> <span class='ocrx_word' id='word_1_460' title='bbox 719 3054 937 3147; x_wconf 77' lang='lat' dir='ltr'><strong>tempus</strong></span> <span class='ocrx_word' id='word_1_461' title='bbox 980 3080 1290 3134; x_wconf 85' lang='lat' dir='ltr'><strong>advenerat.</strong></span> <span class='ocrx_word' id='word_1_462' title='bbox 1331 3080 1507 3133; x_wconf 85' lang='lat' dir='ltr'><strong>Manet</strong></span> <span class='ocrx_word' id='word_1_463' title='bbox 1544 3054 1673 3150; x_wconf 82' lang='lat' dir='ltr'><strong>ergo</strong></span> <span class='ocrx_word' id='word_1_464' title='bbox 1700 3054 1834 3149; x_wconf 88' lang='lat' dir='ltr'><strong>apud</strong></span> <span class='ocrx_word' id='word_1_465' title='bbox 1861 3054 1902 3111; x_wconf 66' lang='grc' dir='ltr'>ο</span> <span class='ocrx_word' id='word_1_466' title='bbox 1939 3054 2047 3132; x_wconf 66' lang='lat' dir='ltr'><strong>haec</strong></span> <span class='ocrx_word' id='word_1_467' title='bbox 2088 3081 2373 3147; x_wconf 85' lang='lat' dir='ltr'><strong>putandum</strong></span> <span class='ocrx_word' id='word_1_468' title='bbox 2404 3054 2486 3134; x_wconf 79' lang='lat' dir='ltr'><strong>est</strong></span> <span class='ocrx_word' id='word_1_469' title='bbox 2540 3054 2682 3149; x_wconf 80' lang='lat' dir='ltr'><strong>quod</strong></span> <span class='ocrx_word' id='word_1_470' title='bbox 2714 3054 2950 3134; x_wconf 84' lang='lat' dir='ltr'><strong>divinum</strong></span> <span class='ocrx_word' id='word_1_471' title='bbox 2994 3054 3190 3149; x_wconf 73' lang='lat' dir='ltr'><strong>aliquid</strong></span> <span class='ocrx_word' id='word_1_472' title='bbox 3223 3096 3317 3134; x_wconf 88' lang='lat' dir='ltr'><strong>nos</strong></span> <span class='ocrx_word' id='word_1_473' title='bbox 3341 3054 3468 3135; x_wconf 79' lang='lat' dir='ltr'><strong>edo-</strong></span> 
     </span>
    </p>
   </div>
   <div class='ocr_carea' id='block_1_63' title="bbox 266 3169 1837 3235">
    <p class='ocr_par' dir='ltr' id='par_1_63' title="bbox 266 3169 1837 3235">
     <span class='ocr_line' id='line_1_63' title="bbox 266 3169 1837 3235; baseline 0 -11"><span class='ocrx_word' id='word_1_474' title='bbox 266 3172 532 3226; x_wconf 82' lang='lat' dir='ltr'><strong>Abraham</strong></span> <span class='ocrx_word' id='word_1_475' title='bbox 590 3172 805 3232; x_wconf 90' lang='lat' dir='ltr'><strong>virtus,</strong></span> <span class='ocrx_word' id='word_1_476' title='bbox 860 3179 1042 3221; x_wconf 89' lang='lat' dir='ltr'><strong>manet</strong></span> <span class='ocrx_word' id='word_1_477' title='bbox 1087 3169 1140 3221; x_wconf 90' lang='lat' dir='ltr'><strong>in</strong></span> <span class='ocrx_word' id='word_1_478' title='bbox 1200 3170 1625 3235; x_wconf 82' lang='lat' dir='ltr'><strong>circumcisione,</strong></span> <span class='ocrx_word' id='word_1_479' title='bbox 1670 3174 1837 3224; x_wconf 83' lang='lat' dir='ltr'><strong>donec</strong></span> 
     </span>
    </p>
   </div>
   <div class='ocr_carea' id='block_1_64' title="bbox 267 3257 1835 3330">
    <p class='ocr_par' dir='ltr' id='par_1_64' title="bbox 267 3257 1835 3330">
     <span class='ocr_line' id='line_1_64' title="bbox 267 3257 1835 3330; baseline -0.002 -17"><span class='ocrx_word' id='word_1_480' title='bbox 267 3271 468 3330; x_wconf 83' lang='lat' dir='ltr'><strong>tempus</strong></span> <span class='ocrx_word' id='word_1_481' title='bbox 498 3262 717 3324; x_wconf 78' lang='lat' dir='ltr'><strong>veniat,</strong></span> <span class='ocrx_word' id='word_1_482' title='bbox 746 3268 804 3311; x_wconf 92' lang='grc' dir='ltr'><strong>ιιι</strong></span> <span class='ocrx_word' id='word_1_483' title='bbox 841 3258 895 3311; x_wconf 89' lang='lat' dir='ltr'><strong>in</strong></span> <span class='ocrx_word' id='word_1_484' title='bbox 926 3257 1144 3311; x_wconf 86' lang='lat' dir='ltr'><strong>Christo</strong></span> <span class='ocrx_word' id='word_1_485' title='bbox 1192 3257 1316 3313; x_wconf 84' lang='lat' dir='ltr'><strong>Jesu</strong></span> <span class='ocrx_word' id='word_1_486' title='bbox 1371 3259 1592 3312; x_wconf 90' lang='lat' dir='ltr'><strong>Domino</strong></span> <span class='ocrx_word' id='word_1_487' title='bbox 1632 3268 1835 3323; x_wconf 86' lang='lat' dir='ltr'><strong>nostro,</strong></span> 
     </span>
    </p>
   </div>
   <div class='ocr_carea' id='block_1_65' title="bbox 264 3347 1833 3418">
    <p class='ocr_par' dir='ltr' id='par_1_65' title="bbox 264 3347 1833 3418">
     <span class='ocr_line' id='line_1_65' title="bbox 264 3347 1833 3418; baseline -0.003 -16"><span class='ocrx_word' id='word_1_488' title='bbox 264 3351 316 3403; x_wconf 89' lang='lat' dir='ltr'><strong>in</strong></span> <span class='ocrx_word' id='word_1_489' title='bbox 336 3366 440 3418; x_wconf 88' lang='lat' dir='ltr'><strong>quo</strong></span> <span class='ocrx_word' id='word_1_490' title='bbox 458 3352 670 3403; x_wconf 75' lang='lat' dir='ltr'><strong>habitat</strong></span> <span class='ocrx_word' id='word_1_491' title='bbox 689 3349 866 3402; x_wconf 86' lang='lat' dir='ltr'><strong>omnis</strong></span> <span class='ocrx_word' id='word_1_492' title='bbox 895 3347 1164 3415; x_wconf 82' lang='lat' dir='ltr'><strong>plenitudo</strong></span> <span class='ocrx_word' id='word_1_493' title='bbox 1180 3349 1387 3401; x_wconf 79' lang='lat' dir='ltr'><strong>deitatis</strong></span> <span class='ocrx_word' id='word_1_494' title='bbox 1413 3348 1752 3416; x_wconf 82' lang='lat' dir='ltr'><strong>corporaliter</strong></span> <span class='ocrx_word' id='word_1_495' title='bbox 1767 3350 1833 3413; x_wconf 75' lang='grc' dir='ltr'>ὀ,</span> 
     </span>
    </p>
   </div>
   <div class='ocr_carea' id='block_1_66' title="bbox 264 3436 1832 3510">
    <p class='ocr_par' dir='ltr' id='par_1_66' title="bbox 264 3436 1832 3510">
     <span class='ocr_line' id='line_1_66' title="bbox 264 3436 1832 3510; baseline -0.002 -17"><span class='ocrx_word' id='word_1_496' title='bbox 264 3440 462 3510; x_wconf 87' lang='lat' dir='ltr'><strong>integra</strong></span> <span class='ocrx_word' id='word_1_497' title='bbox 512 3448 570 3494; x_wconf 88' lang='lat' dir='ltr'><strong>et</strong></span> <span class='ocrx_word' id='word_1_498' title='bbox 620 3438 875 3508; x_wconf 86' lang='lat' dir='ltr'><strong>perfecta</strong></span> <span class='ocrx_word' id='word_1_499' title='bbox 930 3437 1106 3488; x_wconf 70' lang='lat' dir='ltr'><strong>virtus</strong></span> <span class='ocrx_word' id='word_1_500' title='bbox 1152 3436 1217 3489; x_wconf 87' lang='lat' dir='ltr'><strong>ad</strong></span> <span class='ocrx_word' id='word_1_501' title='bbox 1267 3436 1555 3490; x_wconf 88' lang='lat' dir='ltr'><strong>Ecclesiam</strong></span> <span class='ocrx_word' id='word_1_502' title='bbox 1601 3438 1832 3505; x_wconf 86' lang='lat' dir='ltr'><strong>gentium</strong></span> 
     </span>
    </p>
   </div>
   <div class='ocr_carea' id='block_1_67' title="bbox 263 3523 1834 3592">
    <p class='ocr_par' dir='ltr' id='par_1_67' title="bbox 263 3523 1834 3592">
     <span class='ocr_line' id='line_1_67' title="bbox 263 3523 1834 3592; baseline -0.002 -12"><span class='ocrx_word' id='word_1_503' title='bbox 263 3536 512 3582; x_wconf 86' lang='lat' dir='ltr'><strong>transeat.</strong></span> <span class='ocrx_word' id='word_1_504' title='bbox 535 3527 701 3580; x_wconf 80' lang='lat' dir='ltr'><strong>Tune</strong></span> <span class='ocrx_word' id='word_1_505' title='bbox 738 3537 875 3592; x_wconf 82' lang='lat' dir='ltr'><strong>ergo</strong></span> <span class='ocrx_word' id='word_1_506' title='bbox 896 3534 954 3577; x_wconf 90' lang='lat' dir='ltr'><strong>et</strong></span> <span class='ocrx_word' id='word_1_507' title='bbox 981 3524 1174 3576; x_wconf 90' lang='lat' dir='ltr'><strong>domus</strong></span> <span class='ocrx_word' id='word_1_508' title='bbox 1192 3523 1521 3586; x_wconf 86' lang='lat' dir='ltr'><strong>Abimelech,</strong></span> <span class='ocrx_word' id='word_1_509' title='bbox 1552 3533 1604 3577; x_wconf 89' lang='lat' dir='ltr'><strong>et</strong></span> <span class='ocrx_word' id='word_1_510' title='bbox 1632 3524 1834 3577; x_wconf 80' lang='lat' dir='ltr'><strong>ancilla:</strong></span> 
     </span>
    </p>
   </div>
   <div class='ocr_carea' id='block_1_68' title="bbox 260 3611 1829 3683">
    <p class='ocr_par' dir='ltr' id='par_1_68' title="bbox 260 3611 1829 3683">
     <span class='ocr_line' id='line_1_68' title="bbox 260 3611 1829 3683; baseline -0.002 -16"><span class='ocrx_word' id='word_1_511' title='bbox 260 3615 542 3683; x_wconf 76' lang='lat' dir='ltr'><strong>eius,quas</strong></span> <span class='ocrx_word' id='word_1_512' title='bbox 577 3615 808 3669; x_wconf 83' lang='lat' dir='ltr'><strong>sanavit</strong></span> <span class='ocrx_word' id='word_1_513' title='bbox 838 3613 1122 3676; x_wconf 90' lang='lat' dir='ltr'><strong>Dominus,</strong></span> <span class='ocrx_word' id='word_1_514' title='bbox 1158 3611 1364 3680; x_wconf 87' lang='lat' dir='ltr'><strong>parient</strong></span> <span class='ocrx_word' id='word_1_515' title='bbox 1394 3611 1645 3664; x_wconf 70' lang='lat' dir='ltr'><strong>Ecclesia:</strong></span> <span class='ocrx_word' id='word_1_516' title='bbox 1673 3612 1829 3665; x_wconf 85' lang='lat' dir='ltr'><strong>ﬁlios.</strong></span> 
     </span>
    </p>
   </div>
   <div class='ocr_carea' id='block_1_69' title="bbox 258 3702 1834 3773">
    <p class='ocr_par' dir='ltr' id='par_1_69' title="bbox 258 3702 1834 3773">
     <span class='ocr_line' id='line_1_69' title="bbox 258 3702 1834 3773; baseline -0.002 -16"><span class='ocrx_word' id='word_1_517' title='bbox 258 3706 365 3759; x_wconf 86' lang='lat' dir='ltr'><strong>iloc</strong></span> <span class='ocrx_word' id='word_1_518' title='bbox 408 3707 556 3760; x_wconf 84' lang='lat' dir='ltr'><strong>enim</strong></span> <span class='ocrx_word' id='word_1_519' title='bbox 604 3716 830 3773; x_wconf 89' lang='lat' dir='ltr'><strong>tempus</strong></span> <span class='ocrx_word' id='word_1_520' title='bbox 879 3713 984 3767; x_wconf 89' lang='lat' dir='ltr'><strong>est,</strong></span> <span class='ocrx_word' id='word_1_521' title='bbox 1016 3718 1124 3771; x_wconf 90' lang='lat' dir='ltr'><strong>quo</strong></span> <span class='ocrx_word' id='word_1_522' title='bbox 1175 3702 1376 3756; x_wconf 85' lang='lat' dir='ltr'><strong>sterilis</strong></span> <span class='ocrx_word' id='word_1_523' title='bbox 1419 3704 1580 3770; x_wconf 88' lang='lat' dir='ltr'><strong>parit,</strong></span> <span class='ocrx_word' id='word_1_524' title='bbox 1627 3712 1683 3756; x_wconf 89' lang='lat' dir='ltr'><strong>et</strong></span> <span class='ocrx_word' id='word_1_525' title='bbox 1728 3717 1834 3769; x_wconf 90' lang='lat' dir='ltr'><strong>quo</strong></span> 
     </span>
    </p>
   </div>
   <div class='ocr_carea' id='block_1_70' title="bbox 256 3793 1831 3862">
    <p class='ocr_par' dir='ltr' id='par_1_70' title="bbox 256 3793 1831 3862">
     <span class='ocr_line' id='line_1_70' title="bbox 256 3793 1831 3862; baseline 0 -17"><span class='ocrx_word' id='word_1_526' title='bbox 256 3796 399 3846; x_wconf 83' lang='lat' dir='ltr'><strong>multi</strong></span> <span class='ocrx_word' id='word_1_527' title='bbox 420 3805 547 3848; x_wconf 86' lang='lat' dir='ltr'><strong>sunt</strong></span> <span class='ocrx_word' id='word_1_528' title='bbox 572 3795 682 3862; x_wconf 76' lang='lat' dir='ltr'><strong>ﬁlii</strong></span> <span class='ocrx_word' id='word_1_529' title='bbox 703 3796 954 3855; x_wconf 67' lang='lat' dir='ltr'><strong>deserat,</strong></span> <span class='ocrx_word' id='word_1_530' title='bbox 993 3793 1159 3860; x_wconf 89' lang='lat' dir='ltr'><strong>magis</strong></span> <span class='ocrx_word' id='word_1_531' title='bbox 1212 3808 1364 3861; x_wconf 87' lang='lat' dir='ltr'><strong>quam</strong></span> <span class='ocrx_word' id='word_1_532' title='bbox 1401 3794 1515 3860; x_wconf 84' lang='lat' dir='ltr'><strong>ejus</strong></span> <span class='ocrx_word' id='word_1_533' title='bbox 1537 3808 1651 3859; x_wconf 68' lang='lat' dir='ltr'><strong>quia</strong></span> <span class='ocrx_word' id='word_1_534' title='bbox 1679 3794 1831 3846; x_wconf 82' lang='lat' dir='ltr'><strong>habet</strong></span> 
     </span>
    </p>
   </div>
   <div class='ocr_carea' id='block_1_71' title="bbox 252 3881 1830 3952">
    <p class='ocr_par' dir='ltr' id='par_1_71' title="bbox 252 3881 1830 3952">
     <span class='ocr_line' id='line_1_71' title="bbox 252 3881 1830 3952; baseline -0.002 -15"><span class='ocrx_word' id='word_1_535' title='bbox 252 3887 419 3938; x_wconf 73' lang='lat' dir='ltr'><strong>uirum</strong></span> <span class='ocrx_word' id='word_1_536' title='bbox 452 3887 520 3938; x_wconf 80' lang='lat'><strong>&quot;.</strong></span> <span class='ocrx_word' id='word_1_537' title='bbox 551 3886 795 3952; x_wconf 86' lang='lat' dir='ltr'><strong>Aperuit</strong></span> <span class='ocrx_word' id='word_1_538' title='bbox 838 3883 986 3937; x_wconf 90' lang='lat' dir='ltr'><strong>enim</strong></span> <span class='ocrx_word' id='word_1_539' title='bbox 1008 3881 1269 3935; x_wconf 90' lang='lat' dir='ltr'><strong>Dominus</strong></span> <span class='ocrx_word' id='word_1_540' title='bbox 1291 3883 1502 3935; x_wconf 88' lang='lat' dir='ltr'><strong>vulvam</strong></span> <span class='ocrx_word' id='word_1_541' title='bbox 1526 3883 1744 3946; x_wconf 89' lang='lat' dir='ltr'><strong>sterilis,</strong></span> <span class='ocrx_word' id='word_1_542' title='bbox 1776 3892 1830 3934; x_wconf 91' lang='lat' dir='ltr'><strong>et</strong></span> 
     </span>
    </p>
   </div>
   <div class='ocr_carea' id='block_1_72' title="bbox 251 3972 1826 4041">
    <p class='ocr_par' dir='ltr' id='par_1_72' title="bbox 251 3972 1826 4041">
     <span class='ocr_line' id='line_1_72' title="bbox 251 3972 1826 4041; baseline 0 -16"><span class='ocrx_word' id='word_1_543' title='bbox 251 3973 440 4027; x_wconf 78' lang='lat' dir='ltr'><strong>eﬂecta</strong></span> <span class='ocrx_word' id='word_1_544' title='bbox 492 3985 582 4028; x_wconf 86' lang='lat' dir='ltr'><strong>est</strong></span> <span class='ocrx_word' id='word_1_545' title='bbox 626 3974 889 4036; x_wconf 84' lang='lat' dir='ltr'><strong>fecunda,</strong></span> <span class='ocrx_word' id='word_1_546' title='bbox 930 3973 1002 4023; x_wconf 90' lang='lat' dir='ltr'><strong>ita</strong></span> <span class='ocrx_word' id='word_1_547' title='bbox 1036 3980 1093 4023; x_wconf 91' lang='lat' dir='ltr'><strong>ut</strong></span> <span class='ocrx_word' id='word_1_548' title='bbox 1118 3972 1288 4039; x_wconf 87' lang='lat' dir='ltr'><strong>pariat</strong></span> <span class='ocrx_word' id='word_1_549' title='bbox 1311 3981 1522 4041; x_wconf 83' lang='lat' dir='ltr'><strong>gentem</strong></span> <span class='ocrx_word' id='word_1_550' title='bbox 1553 3972 1617 4026; x_wconf 89' lang='lat' dir='ltr'><strong>de</strong></span> <span class='ocrx_word' id='word_1_551' title='bbox 1643 3972 1826 4025; x_wconf 86' lang='lat' dir='ltr'><strong>semel.</strong></span> 
     </span>
    </p>
   </div>
   <div class='ocr_carea' id='block_1_73' title="bbox 251 4061 1829 4124">
    <p class='ocr_par' dir='ltr' id='par_1_73' title="bbox 251 4061 1829 4124">
     <span class='ocr_line' id='line_1_73' title="bbox 251 4061 1829 4124; baseline -0.001 -8"><span class='ocrx_word' id='word_1_552' title='bbox 251 4064 356 4116; x_wconf 88' lang='lat' dir='ltr'><strong>Sed</strong></span> <span class='ocrx_word' id='word_1_553' title='bbox 383 4072 441 4116; x_wconf 89' lang='lat' dir='ltr'><strong>et</strong></span> <span class='ocrx_word' id='word_1_554' title='bbox 463 4064 646 4116; x_wconf 84' lang='lat' dir='ltr'><strong>sancti</strong></span> <span class='ocrx_word' id='word_1_555' title='bbox 676 4064 942 4123; x_wconf 86' lang='lat' dir='ltr'><strong>clamant,</strong></span> <span class='ocrx_word' id='word_1_556' title='bbox 960 4071 1016 4115; x_wconf 88' lang='lat' dir='ltr'><strong>ct</strong></span> <span class='ocrx_word' id='word_1_557' title='bbox 1037 4062 1313 4115; x_wconf 81' lang='lat' dir='ltr'><strong>dicunt&quot;:</strong></span> <span class='ocrx_word' id='word_1_558' title='bbox 1344 4061 1580 4124; x_wconf 85' lang='lat' dir='ltr'><strong>Domine,</strong></span> <span class='ocrx_word' id='word_1_559' title='bbox 1599 4079 1628 4113; x_wconf 91' lang='lat' dir='ltr'><strong>a</strong></span> <span class='ocrx_word' id='word_1_560' title='bbox 1650 4064 1829 4115; x_wconf 84' lang='lat' dir='ltr'><strong>timore</strong></span> 
     </span>
    </p>
   </div>
   <div class='ocr_carea' id='block_1_74' title="bbox 245 4151 1826 4218">
    <p class='ocr_par' dir='ltr' id='par_1_74' title="bbox 245 4151 1826 4218">
     <span class='ocr_line' id='line_1_74' title="bbox 245 4151 1826 4218; baseline 0 -16"><span class='ocrx_word' id='word_1_561' title='bbox 245 4163 334 4203; x_wconf 87' lang='lat' dir='ltr'><strong>tuo</strong></span> <span class='ocrx_word' id='word_1_562' title='bbox 353 4154 408 4203; x_wconf 87' lang='lat' dir='ltr'><strong>in</strong></span> <span class='ocrx_word' id='word_1_563' title='bbox 429 4164 612 4205; x_wconf 75' lang='lat' dir='ltr'><strong>ventre</strong></span> <span class='ocrx_word' id='word_1_564' title='bbox 624 4152 987 4218; x_wconf 81' lang='lat' dir='ltr'><strong>concepimus,</strong></span> <span class='ocrx_word' id='word_1_565' title='bbox 1001 4160 1050 4202; x_wconf 88' lang='lat' dir='ltr'><strong>et</strong></span> <span class='ocrx_word' id='word_1_566' title='bbox 1067 4152 1377 4216; x_wconf 84' lang='lat' dir='ltr'><strong>peperimus;</strong></span> <span class='ocrx_word' id='word_1_567' title='bbox 1396 4152 1631 4217; x_wconf 77' lang='lat' dir='ltr'><strong>spiritum</strong></span> <span class='ocrx_word' id='word_1_568' title='bbox 1644 4151 1826 4203; x_wconf 82' lang='lat' dir='ltr'><strong>salutis</strong></span> 
     </span>
    </p>
   </div>
   <div class='ocr_carea' id='block_1_75' title="bbox 241 4239 1828 4309">
    <p class='ocr_par' dir='ltr' id='par_1_75' title="bbox 241 4239 1828 4309">
     <span class='ocr_line' id='line_1_75' title="bbox 241 4239 1828 4309; baseline 0 -17"><span class='ocrx_word' id='word_1_569' title='bbox 241 4250 347 4295; x_wconf 75' lang='lat' dir='ltr'><strong>tute</strong></span> <span class='ocrx_word' id='word_1_570' title='bbox 382 4243 615 4309; x_wconf 74' lang='lat' dir='ltr'><strong>fecimus</strong></span> <span class='ocrx_word' id='word_1_571' title='bbox 646 4258 810 4308; x_wconf 81' lang='lat' dir='ltr'><strong>super</strong></span> <span class='ocrx_word' id='word_1_572' title='bbox 836 4251 1057 4293; x_wconf 82' lang='lat' dir='ltr'><strong>terram.</strong></span> <span class='ocrx_word' id='word_1_573' title='bbox 1093 4239 1243 4294; x_wconf 88' lang='lat' dir='ltr'><strong>Unde</strong></span> <span class='ocrx_word' id='word_1_574' title='bbox 1268 4250 1321 4292; x_wconf 88' lang='lat' dir='ltr'><strong>et</strong></span> <span class='ocrx_word' id='word_1_575' title='bbox 1374 4241 1565 4294; x_wconf 79' lang='lat' dir='ltr'><strong>Paulus</strong></span> <span class='ocrx_word' id='word_1_576' title='bbox 1583 4241 1828 4294; x_wconf 87' lang='lat' dir='ltr'><strong>similiter</strong></span> 
     </span>
    </p>
   </div>
   <div class='ocr_carea' id='block_1_76' title="bbox 1934 3168 3467 3237">
    <p class='ocr_par' dir='ltr' id='par_1_76' title="bbox 1934 3168 3467 3237">
     <span class='ocr_line' id='line_1_76' title="bbox 1934 3168 3467 3237; baseline 0.004 -17"><span class='ocrx_word' id='word_1_577' title='bbox 1934 3183 2056 3220; x_wconf 85' lang='lat' dir='ltr'><strong>cere</strong></span> <span class='ocrx_word' id='word_1_578' title='bbox 2085 3168 2226 3231; x_wconf 87' lang='lat' dir='ltr'><strong>velit,</strong></span> <span class='ocrx_word' id='word_1_579' title='bbox 2252 3178 2305 3222; x_wconf 90' lang='lat' dir='ltr'><strong>ct</strong></span> <span class='ocrx_word' id='word_1_580' title='bbox 2329 3171 2544 3237; x_wconf 83' lang='lat' dir='ltr'><strong>dignum</strong></span> <span class='ocrx_word' id='word_1_581' title='bbox 2576 3174 2715 3237; x_wconf 91' lang='lat' dir='ltr'><strong>quod</strong></span> <span class='ocrx_word' id='word_1_582' title='bbox 2743 3174 3028 3224; x_wconf 88' lang='lat' dir='ltr'><strong>humanum</strong></span> <span class='ocrx_word' id='word_1_583' title='bbox 3064 3186 3230 3237; x_wconf 82' lang='lat' dir='ltr'><strong>genus</strong></span> <span class='ocrx_word' id='word_1_584' title='bbox 3256 3172 3347 3225; x_wconf 87' lang='lat' dir='ltr'><strong>Dei</strong></span> <span class='ocrx_word' id='word_1_585' title='bbox 3376 3187 3467 3227; x_wconf 81' lang='lat' dir='ltr'><strong>vo-</strong></span> 
     </span>
    </p>
   </div>
   <div class='ocr_carea' id='block_1_77' title="bbox 1933 3257 3466 3328">
    <p class='ocr_par' dir='ltr' id='par_1_77' title="bbox 1933 3257 3466 3328">
     <span class='ocr_line' id='line_1_77' title="bbox 1933 3257 3466 3328; baseline 0.002 -19"><span class='ocrx_word' id='word_1_586' title='bbox 1933 3257 2083 3310; x_wconf 85' lang='lat' dir='ltr'><strong>cibus</strong></span> <span class='ocrx_word' id='word_1_587' title='bbox 2125 3257 2346 3311; x_wconf 88' lang='lat' dir='ltr'><strong>discat?</strong></span> <span class='ocrx_word' id='word_1_588' title='bbox 2382 3260 2525 3312; x_wconf 87' lang='lat' dir='ltr'><strong>lsaac</strong></span> <span class='ocrx_word' id='word_1_589' title='bbox 2568 3261 2706 3313; x_wconf 84' lang='lat' dir='ltr'><strong>risus</strong></span> <span class='ocrx_word' id='word_1_590' title='bbox 2742 3262 2820 3313; x_wconf 87' lang='lat' dir='ltr'><strong>vel</strong></span> <span class='ocrx_word' id='word_1_591' title='bbox 2861 3261 3105 3328; x_wconf 85' lang='lat' dir='ltr'><strong>gaudium</strong></span> <span class='ocrx_word' id='word_1_592' title='bbox 3157 3261 3466 3327; x_wconf 84' lang='lat' dir='ltr'><strong>interpreta-</strong></span> 
     </span>
    </p>
   </div>
   <div class='ocr_carea' id='block_1_78' title="bbox 1934 3345 3467 3417">
    <p class='ocr_par' dir='ltr' id='par_1_78' title="bbox 1934 3345 3467 3417">
     <span class='ocr_line' id='line_1_78' title="bbox 1934 3345 3467 3417; baseline 0.006 -22"><span class='ocrx_word' id='word_1_593' title='bbox 1934 3345 2170 3412; x_wconf 61' lang='lat' dir='ltr'><strong>turtbl).</strong></span> <span class='ocrx_word' id='word_1_594' title='bbox 2205 3347 2333 3411; x_wconf 76' lang='lat' dir='ltr'><strong>Quis</strong></span> <span class='ocrx_word' id='word_1_595' title='bbox 2384 3362 2511 3415; x_wconf 88' lang='lat' dir='ltr'><strong>ergo</strong></span> <span class='ocrx_word' id='word_1_596' title='bbox 2559 3349 2753 3416; x_wconf 83' lang='lat' dir='ltr'><strong>estqui</strong></span> <span class='ocrx_word' id='word_1_597' title='bbox 2794 3349 2952 3402; x_wconf 87' lang='lat' dir='ltr'><strong>talem</strong></span> <span class='ocrx_word' id='word_1_598' title='bbox 2993 3350 3159 3401; x_wconf 86' lang='lat' dir='ltr'><strong>lilium</strong></span> <span class='ocrx_word' id='word_1_599' title='bbox 3195 3350 3467 3417; x_wconf 70' lang='lat' dir='ltr'><strong>generet?</strong></span> 
     </span>
    </p>
   </div>
   <div class='ocr_carea' id='block_1_79' title="bbox 1931 3434 3467 3509">
    <p class='ocr_par' dir='ltr' id='par_1_79' title="bbox 1931 3434 3467 3509">
     <span class='ocr_line' id='line_1_79' title="bbox 1931 3434 3467 3509; baseline 0.005 -23"><span class='ocrx_word' id='word_1_600' title='bbox 1931 3434 2020 3487; x_wconf 85' lang='lat' dir='ltr'><strong>Ille</strong></span> <span class='ocrx_word' id='word_1_601' title='bbox 2050 3436 2294 3488; x_wconf 90' lang='lat' dir='ltr'><strong>nimirum</strong></span> <span class='ocrx_word' id='word_1_602' title='bbox 2321 3437 2410 3503; x_wconf 92' lang='lat' dir='ltr'><strong>qui</strong></span> <span class='ocrx_word' id='word_1_603' title='bbox 2443 3438 2652 3491; x_wconf 87' lang='lat' dir='ltr'><strong>diccbat</strong></span> <span class='ocrx_word' id='word_1_604' title='bbox 2693 3439 2756 3491; x_wconf 89' lang='lat' dir='ltr'><strong>de</strong></span> <span class='ocrx_word' id='word_1_605' title='bbox 2801 3437 2884 3491; x_wconf 87' lang='lat' dir='ltr'><strong>his</strong></span> <span class='ocrx_word' id='word_1_606' title='bbox 2936 3453 3074 3507; x_wconf 90' lang='lat' dir='ltr'><strong>quos</strong></span> <span class='ocrx_word' id='word_1_607' title='bbox 3102 3454 3196 3506; x_wconf 85' lang='lat' dir='ltr'><strong>per</strong></span> <span class='ocrx_word' id='word_1_608' title='bbox 3229 3440 3467 3509; x_wconf 64' lang='lat' dir='ltr'><strong>Evange-</strong></span> 
     </span>
    </p>
   </div>
   <div class='ocr_carea' id='block_1_80' title="bbox 1931 3524 3464 3595">
    <p class='ocr_par' dir='ltr' id='par_1_80' title="bbox 1931 3524 3464 3595">
     <span class='ocr_line' id='line_1_80' title="bbox 1931 3524 3464 3595; baseline 0.004 -20"><span class='ocrx_word' id='word_1_609' title='bbox 1931 3524 2057 3576; x_wconf 90' lang='lat' dir='ltr'><strong>lium</strong></span> <span class='ocrx_word' id='word_1_610' title='bbox 2086 3536 2341 3593; x_wconf 82' lang='lat' dir='ltr'><strong>genuerat</strong></span> <span class='ocrx_word' id='word_1_611' title='bbox 2367 3528 2389 3558; x_wconf 77' lang='grc'><strong><em>⁵</em></strong></span> <span class='ocrx_word' id='word_1_612' title='bbox 2421 3544 2435 3579; x_wconf 90' lang='lat'><strong>:</strong></span> <span class='ocrx_word' id='word_1_613' title='bbox 2481 3526 2582 3580; x_wconf 81' lang='lat' dir='ltr'><strong>Vos</strong></span> <span class='ocrx_word' id='word_1_614' title='bbox 2621 3528 2760 3580; x_wconf 90' lang='lat' dir='ltr'><strong>cnim</strong></span> <span class='ocrx_word' id='word_1_615' title='bbox 2782 3528 2903 3579; x_wconf 83' lang='lat' dir='ltr'><strong>estis</strong></span> <span class='ocrx_word' id='word_1_616' title='bbox 2935 3529 3196 3595; x_wconf 31' lang='lat' dir='ltr'><strong>gaudium,</strong></span> <span class='ocrx_word' id='word_1_617' title='bbox 3216 3545 3382 3581; x_wconf 84' lang='lat' dir='ltr'><strong>meum</strong></span> <span class='ocrx_word' id='word_1_618' title='bbox 3414 3539 3464 3581; x_wconf 86' lang='lat' dir='ltr'><strong>et</strong></span> 
     </span>
    </p>
   </div>
   <div class='ocr_carea' id='block_1_81' title="bbox 1933 3613 3462 3680">
    <p class='ocr_par' dir='ltr' id='par_1_81' title="bbox 1933 3613 3462 3680">
     <span class='ocr_line' id='line_1_81' title="bbox 1933 3613 3462 3680; baseline 0.005 -17"><span class='ocrx_word' id='word_1_619' title='bbox 1933 3628 2122 3665; x_wconf 76' lang='lat' dir='ltr'><strong>corona</strong></span> <span class='ocrx_word' id='word_1_620' title='bbox 2145 3614 2323 3680; x_wconf 74' lang='lat' dir='ltr'><strong>gloria:</strong></span> <span class='ocrx_word' id='word_1_621' title='bbox 2351 3613 2463 3666; x_wconf 88' lang='lat' dir='ltr'><strong>Dei.</strong></span> <span class='ocrx_word' id='word_1_622' title='bbox 2490 3614 2565 3667; x_wconf 87' lang='lat' dir='ltr'><strong>De</strong></span> <span class='ocrx_word' id='word_1_623' title='bbox 2587 3615 2883 3679; x_wconf 71' lang='lat' dir='ltr'><strong>huiusmodi</strong></span> <span class='ocrx_word' id='word_1_624' title='bbox 2909 3614 3027 3668; x_wconf 88' lang='lat' dir='ltr'><strong>liliis</strong></span> <span class='ocrx_word' id='word_1_625' title='bbox 3049 3630 3169 3667; x_wconf 90' lang='lat' dir='ltr'><strong>cum</strong></span> <span class='ocrx_word' id='word_1_626' title='bbox 3205 3616 3396 3669; x_wconf 81' lang='lat' dir='ltr'><strong>fuerint</strong></span> <span class='ocrx_word' id='word_1_627' title='bbox 3431 3633 3462 3670; x_wconf 84' lang='lat' dir='ltr'><strong>a</strong></span> 
     </span>
    </p>
   </div>
   <div class='ocr_carea' id='block_1_82' title="bbox 1936 3700 3463 3769">
    <p class='ocr_par' dir='ltr' id='par_1_82' title="bbox 1936 3700 3463 3769">
     <span class='ocr_line' id='line_1_82' title="bbox 1936 3700 3463 3769; baseline 0.003 -17"><span class='ocrx_word' id='word_1_628' title='bbox 1936 3700 2076 3753; x_wconf 88' lang='lat' dir='ltr'><strong>lacte</strong></span> <span class='ocrx_word' id='word_1_629' title='bbox 2101 3701 2321 3768; x_wconf 85' lang='lat' dir='ltr'><strong>depulsi,</strong></span> <span class='ocrx_word' id='word_1_630' title='bbox 2351 3702 2406 3753; x_wconf 89' lang='lat' dir='ltr'><strong>lit</strong></span> <span class='ocrx_word' id='word_1_631' title='bbox 2444 3703 2738 3755; x_wconf 89' lang='lat' dir='ltr'><strong>convivium</strong></span> <span class='ocrx_word' id='word_1_632' title='bbox 2774 3711 2828 3754; x_wconf 85' lang='lat' dir='ltr'><strong>et</strong></span> <span class='ocrx_word' id='word_1_633' title='bbox 2860 3702 3034 3753; x_wconf 63' lang='lat' dir='ltr'><strong>lmtitia</strong></span> <span class='ocrx_word' id='word_1_634' title='bbox 3062 3704 3340 3769; x_wconf 82' lang='lat' dir='ltr'><strong>magna,de</strong></span> <span class='ocrx_word' id='word_1_635' title='bbox 3380 3705 3463 3757; x_wconf 87' lang='lat' dir='ltr'><strong>his</strong></span> 
     </span>
    </p>
   </div>
   <div class='ocr_carea' id='block_1_83' title="bbox 1929 3789 3467 3859">
    <p class='ocr_par' dir='ltr' id='par_1_83' title="bbox 1929 3789 3467 3859">
     <span class='ocr_line' id='line_1_83' title="bbox 1929 3789 3467 3859; baseline 0.003 -19"><span class='ocrx_word' id='word_1_636' title='bbox 1929 3790 2018 3856; x_wconf 90' lang='lat' dir='ltr'><strong>qui</strong></span> <span class='ocrx_word' id='word_1_637' title='bbox 2052 3804 2153 3840; x_wconf 86' lang='lat' dir='ltr'><strong>non</strong></span> <span class='ocrx_word' id='word_1_638' title='bbox 2171 3789 2279 3858; x_wconf 87' lang='lat' dir='ltr'><strong>jam</strong></span> <span class='ocrx_word' id='word_1_639' title='bbox 2305 3790 2437 3841; x_wconf 88' lang='lat' dir='ltr'><strong>lacte</strong></span> <span class='ocrx_word' id='word_1_640' title='bbox 2458 3790 2807 3857; x_wconf 82' lang='lat' dir='ltr'><strong>indigent,sed</strong></span> <span class='ocrx_word' id='word_1_641' title='bbox 2833 3791 2944 3842; x_wconf 87' lang='lat' dir='ltr'><strong>cibo</strong></span> <span class='ocrx_word' id='word_1_642' title='bbox 2965 3791 3109 3857; x_wconf 76' lang='lat' dir='ltr'><strong>furti,</strong></span> <span class='ocrx_word' id='word_1_643' title='bbox 3128 3791 3215 3859; x_wconf 85' lang='lat' dir='ltr'><strong>qui</strong></span> <span class='ocrx_word' id='word_1_644' title='bbox 3241 3806 3334 3859; x_wconf 80' lang='lat' dir='ltr'><strong>pro</strong></span> <span class='ocrx_word' id='word_1_645' title='bbox 3352 3810 3467 3855; x_wconf 81' lang='lat' dir='ltr'><strong>pos-</strong></span> 
     </span>
    </p>
   </div>
   <div class='ocr_carea' id='block_1_84' title="bbox 1931 3877 3462 3933">
    <p class='ocr_par' dir='ltr' id='par_1_84' title="bbox 1931 3877 3462 3933">
     <span class='ocr_line' id='line_1_84' title="bbox 1931 3877 3462 3933; baseline 0.002 -3"><span class='ocrx_word' id='word_1_646' title='bbox 1931 3878 2176 3930; x_wconf 86' lang='lat' dir='ltr'><strong>sibilitate</strong></span> <span class='ocrx_word' id='word_1_647' title='bbox 2223 3878 2456 3929; x_wconf 81' lang='lat' dir='ltr'><strong>sumendi</strong></span> <span class='ocrx_word' id='word_1_648' title='bbox 2488 3877 2788 3929; x_wconf 71' lang='lat' dir='ltr'><strong>exercitatos</strong></span> <span class='ocrx_word' id='word_1_649' title='bbox 2834 3879 3016 3930; x_wconf 82' lang='lat' dir='ltr'><strong>habent</strong></span> <span class='ocrx_word' id='word_1_650' title='bbox 3052 3894 3228 3930; x_wconf 79' lang='lat' dir='ltr'><strong>sensus</strong></span> <span class='ocrx_word' id='word_1_651' title='bbox 3255 3879 3322 3931; x_wconf 85' lang='lat' dir='ltr'><strong>ad</strong></span> <span class='ocrx_word' id='word_1_652' title='bbox 3350 3882 3462 3933; x_wconf 82' lang='lat' dir='ltr'><strong>dis-</strong></span> 
     </span>
    </p>
   </div>
   <div class='ocr_carea' id='block_1_85' title="bbox 1929 3965 3462 4032">
    <p class='ocr_par' dir='ltr' id='par_1_85' title="bbox 1929 3965 3462 4032">
     <span class='ocr_line' id='line_1_85' title="bbox 1929 3965 3462 4032; baseline 0.001 -13"><span class='ocrx_word' id='word_1_653' title='bbox 1929 3967 2199 4019; x_wconf 73' lang='lat' dir='ltr'><strong>cntionem</strong></span> <span class='ocrx_word' id='word_1_654' title='bbox 2232 3967 2349 4017; x_wconf 88' lang='lat' dir='ltr'><strong>boni</strong></span> <span class='ocrx_word' id='word_1_655' title='bbox 2368 3966 2444 4018; x_wconf 85' lang='lat' dir='ltr'><strong>vel</strong></span> <span class='ocrx_word' id='word_1_656' title='bbox 2468 3966 2590 4018; x_wconf 76' lang='lat' dir='ltr'><strong>inuti</strong></span> <span class='ocrx_word' id='word_1_657' title='bbox 2620 3966 2658 4017; x_wconf 82' lang='grc'><strong>⁸.</strong></span> <span class='ocrx_word' id='word_1_658' title='bbox 2693 3965 2863 4032; x_wconf 89' lang='lat' dir='ltr'><strong>Super</strong></span> <span class='ocrx_word' id='word_1_659' title='bbox 2896 3968 2977 4019; x_wconf 90' lang='lat' dir='ltr'><strong>bis</strong></span> <span class='ocrx_word' id='word_1_660' title='bbox 3003 3966 3194 4020; x_wconf 88' lang='lat' dir='ltr'><strong>talibus</strong></span> <span class='ocrx_word' id='word_1_661' title='bbox 3224 3981 3341 4020; x_wconf 91' lang='lat' dir='ltr'><strong>cum</strong></span> <span class='ocrx_word' id='word_1_662' title='bbox 3371 3970 3462 4021; x_wconf 83' lang='lat' dir='ltr'><strong>de-</strong></span> 
     </span>
    </p>
   </div>
   <div class='ocr_carea' id='block_1_86' title="bbox 1928 4052 3462 4124">
    <p class='ocr_par' dir='ltr' id='par_1_86' title="bbox 1928 4052 3462 4124">
     <span class='ocr_line' id='line_1_86' title="bbox 1928 4052 3462 4124; baseline 0.002 -17"><span class='ocrx_word' id='word_1_663' title='bbox 1928 4054 2195 4118; x_wconf 87' lang='lat' dir='ltr'><strong>pelluntur</strong></span> <span class='ocrx_word' id='word_1_664' title='bbox 2240 4070 2268 4106; x_wconf 90' lang='lat' dir='ltr'><strong>a</strong></span> <span class='ocrx_word' id='word_1_665' title='bbox 2315 4052 2470 4115; x_wconf 89' lang='lat' dir='ltr'><strong>lacte,</strong></span> <span class='ocrx_word' id='word_1_666' title='bbox 2508 4055 2565 4105; x_wconf 89' lang='lat' dir='ltr'><strong>lit</strong></span> <span class='ocrx_word' id='word_1_667' title='bbox 2610 4054 2911 4107; x_wconf 89' lang='lat' dir='ltr'><strong>convivium</strong></span> <span class='ocrx_word' id='word_1_668' title='bbox 2968 4069 3238 4124; x_wconf 87' lang='lat' dir='ltr'><strong>magnum.</strong></span> <span class='ocrx_word' id='word_1_669' title='bbox 3289 4055 3462 4124; x_wconf 53' lang='lat' dir='ltr'><strong>Super</strong></span> 
     </span>
    </p>
   </div>
   <div class='ocr_carea' id='block_1_87' title="bbox 1929 4144 3460 4211">
    <p class='ocr_par' dir='ltr' id='par_1_87' title="bbox 1929 4144 3460 4211">
     <span class='ocr_line' id='line_1_87' title="bbox 1929 4144 3460 4211; baseline 0.002 -15"><span class='ocrx_word' id='word_1_670' title='bbox 1929 4144 2030 4196; x_wconf 87' lang='lat' dir='ltr'><strong>illis</strong></span> <span class='ocrx_word' id='word_1_671' title='bbox 2063 4155 2237 4195; x_wconf 81' lang='lat' dir='ltr'><strong>antem</strong></span> <span class='ocrx_word' id='word_1_672' title='bbox 2278 4158 2378 4196; x_wconf 86' lang='lat' dir='ltr'><strong>non</strong></span> <span class='ocrx_word' id='word_1_673' title='bbox 2409 4152 2579 4209; x_wconf 87' lang='lat' dir='ltr'><strong>potest</strong></span> <span class='ocrx_word' id='word_1_674' title='bbox 2602 4145 2840 4197; x_wconf 80' lang='lat' dir='ltr'><strong>exhiberi</strong></span> <span class='ocrx_word' id='word_1_675' title='bbox 2890 4145 3212 4211; x_wconf 88' lang='lat' dir='ltr'><strong>convivium,</strong></span> <span class='ocrx_word' id='word_1_676' title='bbox 3243 4160 3340 4200; x_wconf 86' lang='lat' dir='ltr'><strong>nec</strong></span> <span class='ocrx_word' id='word_1_677' title='bbox 3367 4148 3460 4199; x_wconf 84' lang='lat' dir='ltr'><strong>Int-</strong></span> 
     </span>
    </p>
   </div>
   <div class='ocr_carea' id='block_1_88' title="bbox 1928 4232 3458 4302">
    <p class='ocr_par' dir='ltr' id='par_1_88' title="bbox 1928 4232 3458 4302">
     <span class='ocr_line' id='line_1_88' title="bbox 1928 4232 3458 4302; baseline 0.003 -18"><span class='ocrx_word' id='word_1_678' title='bbox 1928 4233 2035 4284; x_wconf 73' lang='lat' dir='ltr'><strong>Iwri</strong></span> <span class='ocrx_word' id='word_1_679' title='bbox 2068 4232 2266 4297; x_wconf 54' lang='lat' dir='ltr'><strong>laetitia,</strong></span> <span class='ocrx_word' id='word_1_680' title='bbox 2298 4232 2362 4284; x_wconf 90' lang='lat' dir='ltr'><strong>de</strong></span> <span class='ocrx_word' id='word_1_681' title='bbox 2395 4232 2587 4299; x_wconf 86' lang='lat' dir='ltr'><strong>quibus</strong></span> <span class='ocrx_word' id='word_1_682' title='bbox 2633 4234 2761 4287; x_wconf 90' lang='lat' dir='ltr'><strong>dicit</strong></span> <span class='ocrx_word' id='word_1_683' title='bbox 2794 4234 3079 4302; x_wconf 87' lang='lat' dir='ltr'><strong>Apostolus</strong></span> <span class='ocrx_word' id='word_1_684' title='bbox 3101 4237 3153 4289; x_wconf 87' lang='lat'><strong>&quot;:</strong></span> <span class='ocrx_word' id='word_1_685' title='bbox 3179 4234 3284 4288; x_wconf 82' lang='lat' dir='ltr'><strong>Lac</strong></span> <span class='ocrx_word' id='word_1_686' title='bbox 3318 4237 3458 4289; x_wconf 79' lang='lat' dir='ltr'><strong>vobis</strong></span> 
     </span>
    </p>
   </div>
   <div class='ocr_carea' id='block_1_89' title="bbox 243 4322 3455 4416">
    <p class='ocr_par' dir='ltr' id='par_1_89' title="bbox 243 4322 3455 4416">
     <span class='ocr_line' id='line_1_89' title="bbox 243 4322 3455 4416; baseline -0.003 -32"><span class='ocrx_word' id='word_1_687' title='bbox 243 4333 471 4385; x_wconf 81' lang='lat' dir='ltr'><strong>dicit&quot;:</strong></span> <span class='ocrx_word' id='word_1_688' title='bbox 508 4331 710 4385; x_wconf 82' lang='lat' dir='ltr'><strong>Filioli</strong></span> <span class='ocrx_word' id='word_1_689' title='bbox 730 4333 852 4395; x_wconf 87' lang='lat' dir='ltr'><strong>mei,</strong></span> <span class='ocrx_word' id='word_1_690' title='bbox 877 4346 1009 4398; x_wconf 77' lang='lat' dir='ltr'><strong>quos</strong></span> <span class='ocrx_word' id='word_1_691' title='bbox 1036 4330 1226 4382; x_wconf 86' lang='lat' dir='ltr'><strong>iterum</strong></span> <span class='ocrx_word' id='word_1_692' title='bbox 1266 4332 1521 4397; x_wconf 84' lang='lat' dir='ltr'><strong>parturio,</strong></span> <span class='ocrx_word' id='word_1_693' title='bbox 1541 4333 1699 4382; x_wconf 83' lang='lat' dir='ltr'><strong>donec</strong></span> <span class='ocrx_word' id='word_1_694' title='bbox 1721 4331 1829 4396; x_wconf 81' lang='lat' dir='ltr'><strong>[or—</strong></span> <span class='ocrx_word' id='word_1_695' title='bbox 1857 4361 1902 4416; x_wconf 72' lang='grc' dir='ltr'>ο</span> <span class='ocrx_word' id='word_1_696' title='bbox 1927 4323 2048 4374; x_wconf 66' lang='grc' dir='ltr'><em>ἀραί</em></span> <span class='ocrx_word' id='word_1_697' title='bbox 2083 4332 2255 4389; x_wconf 76' lang='lat' dir='ltr'><strong>Pomm</strong></span> <span class='ocrx_word' id='word_1_698' title='bbox 2282 4363 2296 4387; x_wconf 88' lang='lat'><strong>,</strong></span> <span class='ocrx_word' id='word_1_699' title='bbox 2334 4339 2434 4375; x_wconf 79' lang='lat' dir='ltr'><strong>non</strong></span> <span class='ocrx_word' id='word_1_700' title='bbox 2489 4338 2672 4375; x_wconf 69' lang='lat' dir='ltr'><strong>“tam.</strong></span> <span class='ocrx_word' id='word_1_701' title='bbox 2728 4322 2975 4376; x_wconf 83' lang='lat' dir='ltr'><strong>Nondum</strong></span> <span class='ocrx_word' id='word_1_702' title='bbox 3008 4327 3144 4378; x_wconf 85' lang='lat' dir='ltr'><strong>enim</strong></span> <span class='ocrx_word' id='word_1_703' title='bbox 3183 4328 3455 4392; x_wconf 63' lang='lat' dir='ltr'><strong>poteratis,</strong></span> 
     </span>
    </p>
   </div>
   <div class='ocr_carea' id='block_1_90' title="bbox 242 4419 1830 4489">
    <p class='ocr_par' dir='ltr' id='par_1_90' title="bbox 242 4419 1830 4489">
     <span class='ocr_line' id='line_1_90' title="bbox 242 4419 1830 4489; baseline -0.001 -17"><span class='ocrx_word' id='word_1_704' title='bbox 242 4432 410 4474; x_wconf 82' lang='lat' dir='ltr'><strong>utetur</strong></span> <span class='ocrx_word' id='word_1_705' title='bbox 436 4422 702 4476; x_wconf 82' lang='lat' dir='ltr'><strong>Christus</strong></span> <span class='ocrx_word' id='word_1_706' title='bbox 744 4422 802 4474; x_wconf 91' lang='lat' dir='ltr'><strong>in</strong></span> <span class='ocrx_word' id='word_1_707' title='bbox 836 4422 1002 4474; x_wconf 80' lang='lat' dir='ltr'><strong>vobis.</strong></span> <span class='ocrx_word' id='word_1_708' title='bbox 1037 4419 1198 4472; x_wconf 88' lang='lat' dir='ltr'><strong>Tales</strong></span> <span class='ocrx_word' id='word_1_709' title='bbox 1219 4434 1348 4488; x_wconf 88' lang='lat' dir='ltr'><strong>ergo</strong></span> <span class='ocrx_word' id='word_1_710' title='bbox 1388 4421 1614 4486; x_wconf 88' lang='lat' dir='ltr'><strong>parturit</strong></span> <span class='ocrx_word' id='word_1_711' title='bbox 1639 4421 1747 4489; x_wconf 76' lang='grc'><strong>78</strong></span> <span class='ocrx_word' id='word_1_712' title='bbox 1775 4429 1830 4472; x_wconf 74' lang='lat' dir='ltr'><strong>et</strong></span> 
     </span>
    </p>
   </div>
   <div class='ocr_carea' id='block_1_91' title="bbox 242 4508 1829 4581">
    <p class='ocr_par' dir='ltr' id='par_1_91' title="bbox 242 4508 1829 4581">
     <span class='ocr_line' id='line_1_91' title="bbox 242 4508 1829 4581; baseline 0.001 -21"><span class='ocrx_word' id='word_1_713' title='bbox 242 4513 369 4564; x_wconf 83' lang='lat' dir='ltr'><strong>tales</strong></span> <span class='ocrx_word' id='word_1_714' title='bbox 400 4514 546 4566; x_wconf 74' lang='lat' dir='ltr'><strong>ﬁlios</strong></span> <span class='ocrx_word' id='word_1_715' title='bbox 578 4520 818 4581; x_wconf 87' lang='lat' dir='ltr'><strong>generat</strong></span> <span class='ocrx_word' id='word_1_716' title='bbox 841 4511 1022 4564; x_wconf 89' lang='lat' dir='ltr'><strong>omnis</strong></span> <span class='ocrx_word' id='word_1_717' title='bbox 1059 4508 1302 4563; x_wconf 86' lang='lat' dir='ltr'><strong>Ecclesia</strong></span> <span class='ocrx_word' id='word_1_718' title='bbox 1344 4508 1606 4561; x_wconf 84' lang='lat' dir='ltr'><strong>Dci.Nam</strong></span> <span class='ocrx_word' id='word_1_719' title='bbox 1632 4511 1719 4575; x_wconf 88' lang='lat' dir='ltr'><strong>qui</strong></span> <span class='ocrx_word' id='word_1_720' title='bbox 1749 4525 1829 4561; x_wconf 88' lang='lat' dir='ltr'><strong>se-</strong></span> 
     </span>
    </p>
   </div>
   <div class='ocr_carea' id='block_1_92' title="bbox 239 4596 1828 4663">
    <p class='ocr_par' dir='ltr' id='par_1_92' title="bbox 239 4596 1828 4663">
     <span class='ocr_line' id='line_1_92' title="bbox 239 4596 1828 4663; baseline -0.002 -12"><span class='ocrx_word' id='word_1_721' title='bbox 239 4600 399 4652; x_wconf 83' lang='lat' dir='ltr'><strong>minat</strong></span> <span class='ocrx_word' id='word_1_722' title='bbox 421 4602 477 4654; x_wconf 81' lang='lat' dir='ltr'><strong>in</strong></span> <span class='ocrx_word' id='word_1_723' title='bbox 509 4616 707 4663; x_wconf 83' lang='lat' dir='ltr'><strong>carne,</strong></span> <span class='ocrx_word' id='word_1_724' title='bbox 742 4600 809 4650; x_wconf 86' lang='lat' dir='ltr'><strong>de</strong></span> <span class='ocrx_word' id='word_1_725' title='bbox 831 4613 991 4650; x_wconf 86' lang='lat' dir='ltr'><strong>carne</strong></span> <span class='ocrx_word' id='word_1_726' title='bbox 1026 4606 1076 4649; x_wconf 87' lang='lat' dir='ltr'><strong>et</strong></span> <span class='ocrx_word' id='word_1_727' title='bbox 1107 4604 1260 4648; x_wconf 85' lang='lat' dir='ltr'><strong>metet</strong></span> <span class='ocrx_word' id='word_1_728' title='bbox 1297 4596 1671 4660; x_wconf 84' lang='lat' dir='ltr'><strong>corruptionem</strong></span> <span class='ocrx_word' id='word_1_729' title='bbox 1696 4596 1828 4649; x_wconf 48' lang='lat' dir='ltr'><strong>‘-Fi-‘</strong></span> 
     </span>
    </p>
   </div>
   <div class='ocr_carea' id='block_1_93' title="bbox 238 4683 1825 4756">
    <p class='ocr_par' dir='ltr' id='par_1_93' title="bbox 238 4683 1825 4756">
     <span class='ocr_line' id='line_1_93' title="bbox 238 4683 1825 4756; baseline -0.001 -18"><span class='ocrx_word' id='word_1_730' title='bbox 238 4688 290 4738; x_wconf 91' lang='lat' dir='ltr'><strong>lii</strong></span> <span class='ocrx_word' id='word_1_731' title='bbox 311 4701 492 4741; x_wconf 85' lang='lat' dir='ltr'><strong>autem</strong></span> <span class='ocrx_word' id='word_1_732' title='bbox 530 4688 781 4756; x_wconf 84' lang='lat' dir='ltr'><strong>spiritus</strong></span> <span class='ocrx_word' id='word_1_733' title='bbox 814 4685 899 4738; x_wconf 89' lang='lat' dir='ltr'><strong>isti</strong></span> <span class='ocrx_word' id='word_1_734' title='bbox 929 4694 1076 4747; x_wconf 89' lang='lat' dir='ltr'><strong>sunt,</strong></span> <span class='ocrx_word' id='word_1_735' title='bbox 1119 4685 1187 4737; x_wconf 84' lang='lat' dir='ltr'><strong>de</strong></span> <span class='ocrx_word' id='word_1_736' title='bbox 1230 4684 1427 4751; x_wconf 89' lang='lat' dir='ltr'><strong>quibus</strong></span> <span class='ocrx_word' id='word_1_737' title='bbox 1453 4691 1504 4736; x_wconf 90' lang='lat' dir='ltr'><strong>et</strong></span> <span class='ocrx_word' id='word_1_738' title='bbox 1543 4683 1825 4750; x_wconf 84' lang='lat' dir='ltr'><strong>Apostolus</strong></span> 
     </span>
    </p>
   </div>
   <div class='ocr_carea' id='block_1_94' title="bbox 238 4771 1826 4844">
    <p class='ocr_par' dir='ltr' id='par_1_94' title="bbox 238 4771 1826 4844">
     <span class='ocr_line' id='line_1_94' title="bbox 238 4771 1826 4844; baseline -0.002 -17"><span class='ocrx_word' id='word_1_739' title='bbox 238 4778 364 4831; x_wconf 86' lang='lat' dir='ltr'><strong>dicit</strong></span> <span class='ocrx_word' id='word_1_740' title='bbox 388 4782 431 4844; x_wconf 83' lang='lat'><strong>’,</strong></span> <span class='ocrx_word' id='word_1_741' title='bbox 458 4779 767 4831; x_wconf 85' lang='lat' dir='ltr'><strong>mulierem</strong></span> <span class='ocrx_word' id='word_1_742' title='bbox 794 4776 998 4829; x_wconf 87' lang='lat' dir='ltr'><strong>salvam</strong></span> <span class='ocrx_word' id='word_1_743' title='bbox 1049 4772 1294 4826; x_wconf 89' lang='lat' dir='ltr'><strong>futuram</strong></span> <span class='ocrx_word' id='word_1_744' title='bbox 1338 4787 1426 4838; x_wconf 87' lang='lat' dir='ltr'><strong>per</strong></span> <span class='ocrx_word' id='word_1_745' title='bbox 1461 4771 1688 4837; x_wconf 79' lang='lat' dir='ltr'><strong>ﬁliorum</strong></span> <span class='ocrx_word' id='word_1_746' title='bbox 1709 4789 1826 4838; x_wconf 90' lang='lat' dir='ltr'><strong>pro-</strong></span> 
     </span>
    </p>
   </div>
   <div class='ocr_carea' id='block_1_95' title="bbox 235 4858 1823 4931">
    <p class='ocr_par' dir='ltr' id='par_1_95' title="bbox 235 4858 1823 4931">
     <span class='ocr_line' id='line_1_95' title="bbox 235 4858 1823 4931; baseline -0.002 -16"><span class='ocrx_word' id='word_1_747' title='bbox 235 4869 571 4929; x_wconf 73' lang='lat' dir='ltr'><strong>ereationem,</strong></span> <span class='ocrx_word' id='word_1_748' title='bbox 601 4866 653 4918; x_wconf 86' lang='lat' dir='ltr'><strong>si</strong></span> <span class='ocrx_word' id='word_1_749' title='bbox 684 4864 1036 4931; x_wconf 83' lang='lat' dir='ltr'><strong>permanserit</strong></span> <span class='ocrx_word' id='word_1_750' title='bbox 1060 4865 1118 4913; x_wconf 89' lang='lat' dir='ltr'><strong>in</strong></span> <span class='ocrx_word' id='word_1_751' title='bbox 1146 4861 1254 4926; x_wconf 79' lang='lat' dir='ltr'><strong>ﬁde</strong></span> <span class='ocrx_word' id='word_1_752' title='bbox 1280 4866 1328 4910; x_wconf 88' lang='lat' dir='ltr'><strong>et</strong></span> <span class='ocrx_word' id='word_1_753' title='bbox 1349 4858 1609 4911; x_wconf 84' lang='lat' dir='ltr'><strong>castitate.</strong></span> <span class='ocrx_word' id='word_1_754' title='bbox 1639 4858 1823 4915; x_wconf 86' lang='lat' dir='ltr'><strong>Eccle-</strong></span> 
     </span>
    </p>
   </div>
   <div class='ocr_carea' id='block_1_96' title="bbox 242 4948 1822 5021">
    <p class='ocr_par' dir='ltr' id='par_1_96' title="bbox 242 4948 1822 5021">
     <span class='ocr_line' id='line_1_96' title="bbox 242 4948 1822 5021; baseline 0.002 -21"><span class='ocrx_word' id='word_1_755' title='bbox 242 4951 317 5005; x_wconf 82' lang='lat' dir='ltr'><strong>sia</strong></span> <span class='ocrx_word' id='word_1_756' title='bbox 336 4953 503 5021; x_wconf 80' lang='lat' dir='ltr'><strong>igitur</strong></span> <span class='ocrx_word' id='word_1_757' title='bbox 532 4954 635 5007; x_wconf 86' lang='lat' dir='ltr'><strong>Dei</strong></span> <span class='ocrx_word' id='word_1_758' title='bbox 665 4952 759 5005; x_wconf 88' lang='lat' dir='ltr'><strong>sic</strong></span> <span class='ocrx_word' id='word_1_759' title='bbox 785 4951 1052 5018; x_wconf 88' lang='lat' dir='ltr'><strong>intelligat</strong></span> <span class='ocrx_word' id='word_1_760' title='bbox 1082 4958 1331 5016; x_wconf 86' lang='lat' dir='ltr'><strong>paratus,</strong></span> <span class='ocrx_word' id='word_1_761' title='bbox 1350 4948 1424 4999; x_wconf 89' lang='lat' dir='ltr'><strong>sic</strong></span> <span class='ocrx_word' id='word_1_762' title='bbox 1455 4949 1822 5013; x_wconf 86' lang='lat' dir='ltr'><strong>generationes</strong></span> 
     </span>
    </p>
   </div>
   <div class='ocr_carea' id='block_1_97' title="bbox 241 5036 1816 5111">
    <p class='ocr_par' dir='ltr' id='par_1_97' title="bbox 241 5036 1816 5111">
     <span class='ocr_line' id='line_1_97' title="bbox 241 5036 1816 5111; baseline 0 -20"><span class='ocrx_word' id='word_1_763' title='bbox 241 5044 481 5109; x_wconf 83' lang='lat' dir='ltr'><strong>accipiat,</strong></span> <span class='ocrx_word' id='word_1_764' title='bbox 514 5044 602 5097; x_wconf 87' lang='lat' dir='ltr'><strong>sic</strong></span> <span class='ocrx_word' id='word_1_765' title='bbox 638 5049 862 5111; x_wconf 87' lang='lat' dir='ltr'><strong>patrum</strong></span> <span class='ocrx_word' id='word_1_766' title='bbox 890 5048 1049 5108; x_wconf 86' lang='lat' dir='ltr'><strong>gesta</strong></span> <span class='ocrx_word' id='word_1_767' title='bbox 1081 5040 1284 5090; x_wconf 89' lang='lat' dir='ltr'><strong>decora</strong></span> <span class='ocrx_word' id='word_1_768' title='bbox 1332 5044 1385 5089; x_wconf 90' lang='lat' dir='ltr'><strong>et</strong></span> <span class='ocrx_word' id='word_1_769' title='bbox 1410 5036 1621 5088; x_wconf 88' lang='lat' dir='ltr'><strong>honesta</strong></span> <span class='ocrx_word' id='word_1_770' title='bbox 1654 5037 1816 5091; x_wconf 85' lang='lat' dir='ltr'><strong>inter-</strong></span> 
     </span>
    </p>
   </div>
   <div class='ocr_carea' id='block_1_98' title="bbox 304 5149 965 5212">
    <p class='ocr_par' dir='ltr' id='par_1_98' title="bbox 304 5149 965 5212">
     <span class='ocr_line' id='line_1_98' title="bbox 304 5149 965 5212; baseline -0.011 -6"><span class='ocrx_word' id='word_1_771' title='bbox 304 5151 567 5205; x_wconf 71' lang='lat' dir='ltr'><strong>“Cenes.</strong></span> <span class='ocrx_word' id='word_1_772' title='bbox 595 5166 700 5212; x_wconf 75' lang='lat' dir='ltr'><strong>xx,</strong></span> <span class='ocrx_word' id='word_1_773' title='bbox 757 5149 844 5211; x_wconf 81' lang='grc' dir='ltr'>Π,</span> <span class='ocrx_word' id='word_1_774' title='bbox 878 5149 965 5200; x_wconf 82' lang='grc'><strong>18.</strong></span> 
     </span>
    </p>
   </div>
   <div class='ocr_carea' id='block_1_99' title="bbox 245 5216 940 5279">
    <p class='ocr_par' dir='ltr' id='par_1_99' title="bbox 245 5216 940 5279">
     <span class='ocr_line' id='line_1_99' title="bbox 245 5216 940 5279; baseline -0.009 -9"><span class='ocrx_word' id='word_1_775' title='bbox 245 5230 313 5279; x_wconf 78' lang='lat' dir='ltr'><strong>Iv,</strong></span> <span class='ocrx_word' id='word_1_776' title='bbox 350 5221 430 5271; x_wconf 80' lang='lat' dir='ltr'><strong>l9.</strong></span> <span class='ocrx_word' id='word_1_777' title='bbox 510 5221 526 5249; x_wconf 82' lang='grc'>¹</span> <span class='ocrx_word' id='word_1_778' title='bbox 559 5220 755 5272; x_wconf 84' lang='lat' dir='ltr'><strong>Galat.</strong></span> <span class='ocrx_word' id='word_1_779' title='bbox 788 5231 859 5279; x_wconf 83' lang='lat' dir='ltr'><strong>vt,</strong></span> <span class='ocrx_word' id='word_1_780' title='bbox 887 5216 940 5267; x_wconf 87' lang='lat'><strong>8.</strong></span> 
     </span>
    </p>
   </div>
   <div class='ocr_carea' id='block_1_100' title="bbox 238 5278 1182 5346">
    <p class='ocr_par' dir='ltr' id='par_1_100' title="bbox 238 5278 1182 5346">
     <span class='ocr_line' id='line_1_100' title="bbox 238 5278 1182 5346; baseline -0.014 -7"><span class='ocrx_word' id='word_1_781' title='bbox 238 5278 305 5346; x_wconf 65' lang='grc' dir='ltr'>ν,</span> <span class='ocrx_word' id='word_1_782' title='bbox 331 5287 393 5336; x_wconf 75' lang='lat' dir='ltr'><strong>l2</strong></span> <span class='ocrx_word' id='word_1_783' title='bbox 415 5296 469 5339; x_wconf 87' lang='lat' dir='ltr'><strong>et</strong></span> <span class='ocrx_word' id='word_1_784' title='bbox 492 5286 586 5339; x_wconf 73' lang='grc'><strong>14.</strong></span> <span class='ocrx_word' id='word_1_785' title='bbox 668 5287 690 5316; x_wconf 85' lang='lat'><strong>&#39;</strong></span> <span class='ocrx_word' id='word_1_786' title='bbox 721 5278 889 5336; x_wconf 86' lang='lat' dir='ltr'><strong>lCor.</strong></span> <span class='ocrx_word' id='word_1_787' title='bbox 919 5298 1005 5340; x_wconf 85' lang='grc' dir='ltr'>ιιι,</span> <span class='ocrx_word' id='word_1_788' title='bbox 1035 5281 1087 5337; x_wconf 78' lang='lat' dir='ltr'><strong>i,</strong></span> <span class='ocrx_word' id='word_1_789' title='bbox 1119 5278 1182 5327; x_wconf 65' lang='grc' dir='ltr'><strong>Ξ.</strong></span> 
     </span>
    </p>
   </div>
   <div class='ocr_carea' id='block_1_101' title="bbox 309 5405 1820 5487">
    <p class='ocr_par' dir='ltr' id='par_1_101' title="bbox 309 5405 1820 5487">
     <span class='ocr_line' id='line_1_101' title="bbox 309 5405 1820 5487; baseline -0.008 -11"><span class='ocrx_word' id='word_1_790' title='bbox 309 5425 417 5487; x_wconf 68' lang='grc'><strong>135)</strong></span> <span class='ocrx_word' id='word_1_791' title='bbox 456 5419 846 5486; x_wconf 79' lang='lat' dir='ltr'><strong>Depositiom&#39;s.</strong></span> <span class='ocrx_word' id='word_1_792' title='bbox 869 5413 1067 5487; x_wconf 64' lang='lat' dir='ltr'><strong>Codex</strong></span> <span class='ocrx_word' id='word_1_793' title='bbox 1096 5405 1449 5487; x_wconf 67' lang='lat' dir='ltr'><strong>Remigiantts,</strong></span> <span class='ocrx_word' id='word_1_794' title='bbox 1473 5410 1820 5487; x_wconf 67' lang='lat' dir='ltr'><strong>depulsionis.</strong></span> 
     </span>
    </p>
   </div>
   <div class='ocr_carea' id='block_1_102' title="bbox 308 5481 1819 5558">
    <p class='ocr_par' dir='ltr' id='par_1_102' title="bbox 308 5481 1819 5558">
     <span class='ocr_line' id='line_1_102' title="bbox 308 5481 1819 5558; baseline -0.007 -15"><span class='ocrx_word' id='word_1_795' title='bbox 308 5481 417 5558; x_wconf 55' lang='lat'><strong>(34$</strong></span> <span class='ocrx_word' id='word_1_796' title='bbox 454 5481 610 5542; x_wconf 73' lang='lat' dir='ltr'><strong>Risus</strong></span> <span class='ocrx_word' id='word_1_797' title='bbox 674 5488 763 5558; x_wconf 73' lang='lat' dir='ltr'><strong>rel</strong></span> <span class='ocrx_word' id='word_1_798' title='bbox 811 5482 1090 5558; x_wconf 65' lang='lat' dir='ltr'><strong>gaudium</strong></span> <span class='ocrx_word' id='word_1_799' title='bbox 1137 5481 1499 5539; x_wconf 77' lang='lat' dir='ltr'><strong>interpretatur.</strong></span> <span class='ocrx_word' id='word_1_800' title='bbox 1537 5482 1573 5533; x_wconf 84' lang='lat' dir='ltr'><strong>A</strong></span> <span class='ocrx_word' id='word_1_801' title='bbox 1603 5483 1819 5535; x_wconf 78' lang='lat' dir='ltr'><strong>radice</strong></span> 
     </span>
    </p>
   </div>
   <div class='ocr_carea' id='block_1_103' title="bbox 258 5551 1153 5636">
    <p class='ocr_par' dir='ltr' id='par_1_103' title="bbox 258 5551 1153 5636">
     <span class='ocr_line' id='line_1_103' title="bbox 258 5551 1153 5636; baseline -0.025 -22"><span class='ocrx_word' id='word_1_802' title='bbox 258 5551 498 5612; x_wconf 36' lang='lat' dir='ltr'><strong>lle&#39;braica</strong></span> <span class='ocrx_word' id='word_1_803' title='bbox 522 5567 639 5636; x_wconf 71' lang='lat' dir='ltr'><strong>pm</strong></span> <span class='ocrx_word' id='word_1_804' title='bbox 664 5556 805 5618; x_wconf 74' lang='lat' dir='ltr'><strong>risit,</strong></span> <span class='ocrx_word' id='word_1_805' title='bbox 834 5551 1060 5604; x_wconf 81' lang='lat' dir='ltr'><strong>arrisit.</strong></span> <span class='ocrx_word' id='word_1_806' title='bbox 1147 5583 1153 5587; x_wconf 90' lang='lat'><strong>.</strong></span> 
     </span>
    </p>
   </div>
   <div class='ocr_carea' id='block_1_104' title="bbox 1931 4412 3457 4484">
    <p class='ocr_par' dir='ltr' id='par_1_104' title="bbox 1931 4412 3457 4484">
     <span class='ocr_line' id='line_1_104' title="bbox 1931 4412 3457 4484; baseline 0.003 -21"><span class='ocrx_word' id='word_1_807' title='bbox 1931 4414 2017 4464; x_wconf 83' lang='lat' dir='ltr'><strong>sed</strong></span> <span class='ocrx_word' id='word_1_808' title='bbox 2043 4428 2133 4463; x_wconf 83' lang='lat' dir='ltr'><strong>nec</strong></span> <span class='ocrx_word' id='word_1_809' title='bbox 2159 4414 2328 4464; x_wconf 84' lang='lat' dir='ltr'><strong>adhuc</strong></span> <span class='ocrx_word' id='word_1_810' title='bbox 2354 4415 2554 4479; x_wconf 86' lang='lat' dir='ltr'><strong>quidem</strong></span> <span class='ocrx_word' id='word_1_811' title='bbox 2580 4414 2810 4481; x_wconf 83' lang='lat' dir='ltr'><strong>potestis.</strong></span> <span class='ocrx_word' id='word_1_812' title='bbox 2834 4412 2899 4465; x_wconf 87' lang='lat' dir='ltr'><strong>Et</strong></span> <span class='ocrx_word' id='word_1_813' title='bbox 2917 4431 3008 4481; x_wconf 83' lang='lat' dir='ltr'><strong>ego</strong></span> <span class='ocrx_word' id='word_1_814' title='bbox 3032 4431 3129 4468; x_wconf 86' lang='lat' dir='ltr'><strong>non</strong></span> <span class='ocrx_word' id='word_1_815' title='bbox 3153 4418 3296 4481; x_wconf 89' lang='lat' dir='ltr'><strong>potui</strong></span> <span class='ocrx_word' id='word_1_816' title='bbox 3316 4415 3457 4484; x_wconf 88' lang='lat' dir='ltr'><strong>loqui</strong></span> 
     </span>
    </p>
   </div>
   <div class='ocr_carea' id='block_1_105' title="bbox 1929 4501 3457 4571">
    <p class='ocr_par' dir='ltr' id='par_1_105' title="bbox 1929 4501 3457 4571">
     <span class='ocr_line' id='line_1_105' title="bbox 1929 4501 3457 4571; baseline 0.001 -17"><span class='ocrx_word' id='word_1_817' title='bbox 1929 4502 2068 4554; x_wconf 78' lang='lat' dir='ltr'><strong>vobis</strong></span> <span class='ocrx_word' id='word_1_818' title='bbox 2090 4501 2242 4568; x_wconf 74' lang='lat' dir='ltr'><strong>quasi</strong></span> <span class='ocrx_word' id='word_1_819' title='bbox 2265 4501 2644 4567; x_wconf 82' lang='lat' dir='ltr'><strong>spiritualibus,</strong></span> <span class='ocrx_word' id='word_1_820' title='bbox 2675 4502 2763 4555; x_wconf 80' lang='lat' dir='ltr'><strong>sed</strong></span> <span class='ocrx_word' id='word_1_821' title='bbox 2784 4503 2932 4571; x_wconf 81' lang='lat' dir='ltr'><strong>quasi</strong></span> <span class='ocrx_word' id='word_1_822' title='bbox 2960 4503 3277 4569; x_wconf 66' lang='lat' dir='ltr'><strong>carnalibus,</strong></span> <span class='ocrx_word' id='word_1_823' title='bbox 3305 4505 3457 4569; x_wconf 78' lang='lat' dir='ltr'><strong>quasi</strong></span> 
     </span>
    </p>
   </div>
   <div class='ocr_carea' id='block_1_106' title="bbox 1926 4588 3462 4660">
    <p class='ocr_par' dir='ltr' id='par_1_106' title="bbox 1926 4588 3462 4660">
     <span class='ocr_line' id='line_1_106' title="bbox 1926 4588 3462 4660; baseline 0.004 -19"><span class='ocrx_word' id='word_1_824' title='bbox 1926 4590 2155 4658; x_wconf 79' lang='lat' dir='ltr'><strong>parvulis</strong></span> <span class='ocrx_word' id='word_1_825' title='bbox 2176 4590 2231 4642; x_wconf 88' lang='lat' dir='ltr'><strong>in</strong></span> <span class='ocrx_word' id='word_1_826' title='bbox 2257 4588 2483 4642; x_wconf 74' lang='lat' dir='ltr'><strong>Christo.</strong></span> <span class='ocrx_word' id='word_1_827' title='bbox 2526 4591 2713 4645; x_wconf 88' lang='lat' dir='ltr'><strong>Dicant</strong></span> <span class='ocrx_word' id='word_1_828' title='bbox 2740 4592 2892 4645; x_wconf 87' lang='lat' dir='ltr'><strong>nobis</strong></span> <span class='ocrx_word' id='word_1_829' title='bbox 2923 4592 3007 4645; x_wconf 90' lang='lat' dir='ltr'><strong>isti</strong></span> <span class='ocrx_word' id='word_1_830' title='bbox 3029 4592 3117 4659; x_wconf 90' lang='lat' dir='ltr'><strong>qui</strong></span> <span class='ocrx_word' id='word_1_831' title='bbox 3146 4592 3411 4660; x_wconf 61' lang='lat' dir='ltr'><strong>simplicia</strong></span> <span class='ocrx_word' id='word_1_832' title='bbox 3432 4606 3462 4647; x_wconf 88' lang='lat' dir='ltr'><strong>r</strong></span> 
     </span>
    </p>
   </div>
   <div class='ocr_carea' id='block_1_107' title="bbox 1931 4677 3457 4747">
    <p class='ocr_par' dir='ltr' id='par_1_107' title="bbox 1931 4677 3457 4747">
     <span class='ocr_line' id='line_1_107' title="bbox 1931 4677 3457 4747; baseline 0 -16"><span class='ocrx_word' id='word_1_833' title='bbox 1931 4677 2151 4746; x_wconf 90' lang='lat' dir='ltr'><strong>intelligi</strong></span> <span class='ocrx_word' id='word_1_834' title='bbox 2177 4678 2357 4730; x_wconf 90' lang='lat' dir='ltr'><strong>volunt</strong></span> <span class='ocrx_word' id='word_1_835' title='bbox 2381 4678 2687 4747; x_wconf 89' lang='lat' dir='ltr'><strong>Scripturas</strong></span> <span class='ocrx_word' id='word_1_836' title='bbox 2712 4679 2939 4744; x_wconf 86' lang='lat' dir='ltr'><strong>divinas,</strong></span> <span class='ocrx_word' id='word_1_837' title='bbox 2989 4682 3112 4747; x_wconf 90' lang='lat' dir='ltr'><strong>quid</strong></span> <span class='ocrx_word' id='word_1_838' title='bbox 3152 4689 3279 4734; x_wconf 87' lang='lat' dir='ltr'><strong>est:</strong></span> <span class='ocrx_word' id='word_1_839' title='bbox 3334 4679 3457 4731; x_wconf 86' lang='lat' dir='ltr'><strong>Non</strong></span> 
     </span>
    </p>
   </div>
   <div class='ocr_carea' id='block_1_108' title="bbox 1924 4767 3460 4839">
    <p class='ocr_par' dir='ltr' id='par_1_108' title="bbox 1924 4767 3460 4839">
     <span class='ocr_line' id='line_1_108' title="bbox 1924 4767 3460 4839; baseline 0.001 -21"><span class='ocrx_word' id='word_1_840' title='bbox 1924 4768 2066 4834; x_wconf 85' lang='lat' dir='ltr'><strong>potui</strong></span> <span class='ocrx_word' id='word_1_841' title='bbox 2085 4767 2223 4821; x_wconf 85' lang='lat' dir='ltr'><strong>vobis</strong></span> <span class='ocrx_word' id='word_1_842' title='bbox 2249 4767 2390 4836; x_wconf 83' lang='lat' dir='ltr'><strong>loqui</strong></span> <span class='ocrx_word' id='word_1_843' title='bbox 2404 4770 2550 4835; x_wconf 87' lang='lat' dir='ltr'><strong>quasi</strong></span> <span class='ocrx_word' id='word_1_844' title='bbox 2572 4768 2913 4837; x_wconf 85' lang='lat' dir='ltr'><strong>spiritalibus,</strong></span> <span class='ocrx_word' id='word_1_845' title='bbox 2943 4771 3030 4822; x_wconf 84' lang='lat' dir='ltr'><strong>sed</strong></span> <span class='ocrx_word' id='word_1_846' title='bbox 3054 4771 3202 4839; x_wconf 85' lang='lat' dir='ltr'><strong>quasi</strong></span> <span class='ocrx_word' id='word_1_847' title='bbox 3228 4768 3460 4822; x_wconf 83' lang='lat' dir='ltr'><strong>carnali-</strong></span> 
     </span>
    </p>
   </div>
   <div class='ocr_carea' id='block_1_109' title="bbox 1925 4857 3458 4926">
    <p class='ocr_par' dir='ltr' id='par_1_109' title="bbox 1925 4857 3458 4926">
     <span class='ocr_line' id='line_1_109' title="bbox 1925 4857 3458 4926; baseline 0.001 -18"><span class='ocrx_word' id='word_1_848' title='bbox 1925 4860 2038 4920; x_wconf 85' lang='lat' dir='ltr'><strong>bus,</strong></span> <span class='ocrx_word' id='word_1_849' title='bbox 2059 4859 2205 4926; x_wconf 85' lang='lat' dir='ltr'><strong>quasi</strong></span> <span class='ocrx_word' id='word_1_850' title='bbox 2240 4858 2464 4925; x_wconf 83' lang='lat' dir='ltr'><strong>parvulis</strong></span> <span class='ocrx_word' id='word_1_851' title='bbox 2495 4861 2550 4912; x_wconf 87' lang='lat' dir='ltr'><strong>in</strong></span> <span class='ocrx_word' id='word_1_852' title='bbox 2582 4857 2807 4920; x_wconf 81' lang='lat' dir='ltr'><strong>Christo,</strong></span> <span class='ocrx_word' id='word_1_853' title='bbox 2841 4860 2923 4912; x_wconf 88' lang='lat' dir='ltr'><strong>lac</strong></span> <span class='ocrx_word' id='word_1_854' title='bbox 2944 4860 3079 4912; x_wconf 77' lang='lat' dir='ltr'><strong>vobis</strong></span> <span class='ocrx_word' id='word_1_855' title='bbox 3109 4869 3281 4923; x_wconf 88' lang='lat' dir='ltr'><strong>potum</strong></span> <span class='ocrx_word' id='word_1_856' title='bbox 3313 4859 3458 4921; x_wconf 82' lang='lat' dir='ltr'><strong>dedi,</strong></span> 
     </span>
    </p>
   </div>
   <div class='ocr_carea' id='block_1_110' title="bbox 1924 4945 3460 5016">
    <p class='ocr_par' dir='ltr' id='par_1_110' title="bbox 1924 4945 3460 5016">
     <span class='ocr_line' id='line_1_110' title="bbox 1924 4945 3460 5016; baseline 0 -18"><span class='ocrx_word' id='word_1_857' title='bbox 1924 4963 2024 4998; x_wconf 88' lang='lat' dir='ltr'><strong>non</strong></span> <span class='ocrx_word' id='word_1_858' title='bbox 2058 4961 2223 4999; x_wconf 80' lang='lat' dir='ltr'><strong>escam</strong></span> <span class='ocrx_word' id='word_1_859' title='bbox 2256 4947 2599 5002; x_wconf 70' lang='lat' dir='ltr'><strong>tPossuutne</strong></span> <span class='ocrx_word' id='word_1_860' title='bbox 2625 4947 2737 4999; x_wconf 64' lang='lat' dir='ltr'><strong>haec</strong></span> <span class='ocrx_word' id='word_1_861' title='bbox 2760 4945 3075 5013; x_wconf 87' lang='lat' dir='ltr'><strong>simpliciter</strong></span> <span class='ocrx_word' id='word_1_862' title='bbox 3101 4946 3210 5016; x_wconf 78' lang='lat'><strong>(35)</strong></span> <span class='ocrx_word' id='word_1_863' title='bbox 3241 4946 3409 5012; x_wconf 89' lang='lat' dir='ltr'><strong>accipi</strong></span> <span class='ocrx_word' id='word_1_864' title='bbox 3434 4945 3460 4998; x_wconf 68' lang='grc' dir='ltr'><strong>ἲ</strong></span> 
     </span>
    </p>
   </div>
   <div class='ocr_carea' id='block_1_111' title="bbox 1987 5034 3461 5101">
    <p class='ocr_par' dir='ltr' id='par_1_111' title="bbox 1987 5034 3461 5101">
     <span class='ocr_line' id='line_1_111' title="bbox 1987 5034 3461 5101; baseline -0.003 -12"><span class='ocrx_word' id='word_1_865' title='bbox 1987 5036 2042 5092; x_wconf 73' lang='lat'><strong>2.</strong></span> <span class='ocrx_word' id='word_1_866' title='bbox 2075 5037 2179 5090; x_wconf 83' lang='lat' dir='ltr'><strong>Sed</strong></span> <span class='ocrx_word' id='word_1_867' title='bbox 2209 5037 2418 5090; x_wconf 89' lang='lat' dir='ltr'><strong>interim</strong></span> <span class='ocrx_word' id='word_1_868' title='bbox 2450 5037 2727 5090; x_wconf 88' lang='lat' dir='ltr'><strong>redeamus</strong></span> <span class='ocrx_word' id='word_1_869' title='bbox 2753 5036 2818 5088; x_wconf 88' lang='lat' dir='ltr'><strong>ad</strong></span> <span class='ocrx_word' id='word_1_870' title='bbox 2858 5048 2921 5088; x_wconf 87' lang='lat' dir='ltr'><strong>ea</strong></span> <span class='ocrx_word' id='word_1_871' title='bbox 2948 5038 3088 5090; x_wconf 86' lang='lat' dir='ltr'><strong>unde</strong></span> <span class='ocrx_word' id='word_1_872' title='bbox 3119 5034 3342 5101; x_wconf 73' lang='lat' dir='ltr'><strong>digressi</strong></span> <span class='ocrx_word' id='word_1_873' title='bbox 3367 5047 3461 5085; x_wconf 91' lang='lat' dir='ltr'><strong>su-</strong></span> 
     </span>
    </p>
   </div>
   <div class='ocr_carea' id='block_1_112' title="bbox 1047 5137 3465 5211">
    <p class='ocr_par' dir='ltr' id='par_1_112' title="bbox 1047 5137 3465 5211">
     <span class='ocr_line' id='line_1_112' title="bbox 1047 5137 3465 5211; baseline 0.004 -17"><span class='ocrx_word' id='word_1_874' title='bbox 1047 5146 1098 5176; x_wconf 75' lang='lat'>&quot;</span> <span class='ocrx_word' id='word_1_875' title='bbox 1130 5144 1292 5195; x_wconf 77' lang='lat' dir='ltr'><strong>Rom.</strong></span> <span class='ocrx_word' id='word_1_876' title='bbox 1326 5155 1416 5204; x_wconf 88' lang='lat' dir='ltr'><strong>vn,</strong></span> <span class='ocrx_word' id='word_1_877' title='bbox 1456 5144 1575 5200; x_wconf 74' lang='lat'><strong>2,3.</strong></span> <span class='ocrx_word' id='word_1_878' title='bbox 1645 5146 1917 5198; x_wconf 65' lang='lat' dir='ltr'><strong>“liiiloss.</strong></span> <span class='ocrx_word' id='word_1_879' title='bbox 1945 5160 2004 5211; x_wconf 89' lang='lat' dir='ltr'><strong>ll,</strong></span> <span class='ocrx_word' id='word_1_880' title='bbox 2032 5146 2084 5200; x_wconf 90' lang='lat'><strong>9.</strong></span> <span class='ocrx_word' id='word_1_881' title='bbox 2157 5145 2200 5176; x_wconf 85' lang='lat'><strong>&quot;</strong></span> <span class='ocrx_word' id='word_1_882' title='bbox 2246 5144 2362 5198; x_wconf 90' lang='lat' dir='ltr'><strong>Gal.</strong></span> <span class='ocrx_word' id='word_1_883' title='bbox 2399 5144 2581 5205; x_wconf 74' lang='lat' dir='ltr'><strong>tv.27.</strong></span> <span class='ocrx_word' id='word_1_884' title='bbox 2653 5144 2700 5176; x_wconf 77' lang='lat'><strong>&quot;’</strong></span> <span class='ocrx_word' id='word_1_885' title='bbox 2738 5144 2838 5211; x_wconf 78' lang='lat' dir='ltr'><strong>lsa.</strong></span> <span class='ocrx_word' id='word_1_886' title='bbox 2870 5158 3021 5199; x_wconf 76' lang='lat' dir='ltr'><strong>xxvi.</strong></span> <span class='ocrx_word' id='word_1_887' title='bbox 3059 5144 3140 5211; x_wconf 65' lang='lat'><strong>{8.</strong></span> <span class='ocrx_word' id='word_1_888' title='bbox 3215 5140 3262 5211; x_wconf 67' lang='grc' dir='ltr'><strong>’ἶ</strong></span> <span class='ocrx_word' id='word_1_889' title='bbox 3286 5137 3465 5211; x_wconf 59' lang='grc'><strong>9³1³1-</strong></span> 
     </span>
    </p>
   </div>
   <div class='ocr_carea' id='block_1_113' title="bbox 1026 5210 1833 5278">
    <p class='ocr_par' dir='ltr' id='par_1_113' title="bbox 1026 5211 1833 5272">
     <span class='ocr_line' id='line_1_113' title="bbox 1026 5211 1833 5272; baseline 0.006 -11"><span class='ocrx_word' id='word_1_890' title='bbox 1026 5216 1048 5244; x_wconf 81' lang='grc'>²</span> <span class='ocrx_word' id='word_1_891' title='bbox 1082 5213 1097 5261; x_wconf 91' lang='grc'><strong>1</strong></span> <span class='ocrx_word' id='word_1_892' title='bbox 1141 5212 1362 5272; x_wconf 79' lang='grc' dir='ltr'>Τίιιι.ιι,</span> <span class='ocrx_word' id='word_1_893' title='bbox 1406 5211 1482 5268; x_wconf 77' lang='lat' dir='ltr'><strong>l5.</strong></span> <span class='ocrx_word' id='word_1_894' title='bbox 1554 5212 1644 5264; x_wconf 83' lang='grc'><strong>³11</strong></span> <span class='ocrx_word' id='word_1_895' title='bbox 1685 5213 1833 5266; x_wconf 67' lang='grc' dir='ltr'>θυι-,Ξ</span> 
     </span>
    </p>
   </div>
   <div class='ocr_carea' id='block_1_114' title="bbox 1936 5210 3168 5278">
    <p class='ocr_par' dir='ltr' id='par_1_114' title="bbox 1940 5210 3168 5276">
     <span class='ocr_line' id='line_1_114' title="bbox 1940 5210 3168 5276; baseline -0.005 -8"><span class='ocrx_word' id='word_1_896' title='bbox 1940 5215 1988 5267; x_wconf 64' lang='grc'><strong>4.</strong></span> <span class='ocrx_word' id='word_1_897' title='bbox 2062 5212 2299 5267; x_wconf 68' lang='lat' dir='ltr'><strong>‘Gcncs.</strong></span> <span class='ocrx_word' id='word_1_898' title='bbox 2325 5228 2435 5276; x_wconf 78' lang='lat' dir='ltr'><strong>xxi,</strong></span> <span class='ocrx_word' id='word_1_899' title='bbox 2466 5218 2514 5273; x_wconf 57' lang='grc' dir='ltr'>ι.</span> <span class='ocrx_word' id='word_1_900' title='bbox 2548 5214 2600 5269; x_wconf 89' lang='lat'><strong>7.</strong></span> <span class='ocrx_word' id='word_1_901' title='bbox 2674 5215 2695 5244; x_wconf 79' lang='grc'>⁸</span> <span class='ocrx_word' id='word_1_902' title='bbox 2728 5212 2742 5263; x_wconf 93' lang='lat' dir='ltr'><strong>l</strong></span> <span class='ocrx_word' id='word_1_903' title='bbox 2775 5210 2969 5261; x_wconf 84' lang='lat' dir='ltr'><strong>Thess.</strong></span> <span class='ocrx_word' id='word_1_904' title='bbox 2991 5225 3053 5275; x_wconf 87' lang='grc' dir='ltr'>ιι,</span> <span class='ocrx_word' id='word_1_905' title='bbox 3076 5210 3168 5262; x_wconf 72' lang='lat'><strong>20.</strong></span> 
     </span>
    </p>
   </div>
   <div class='ocr_carea' id='block_1_115' title="bbox 3243 5202 3465 5258">
    <p class='ocr_par' dir='ltr' id='par_1_115' title="bbox 3243 5202 3465 5258">
     <span class='ocr_line' id='line_1_115' title="bbox 3243 5202 3465 5258; baseline 0.023 -6"><span class='ocrx_word' id='word_1_906' title='bbox 3243 5205 3264 5235; x_wconf 74' lang='grc'>⁸</span> <span class='ocrx_word' id='word_1_907' title='bbox 3293 5202 3465 5258; x_wconf 88' lang='lat' dir='ltr'><strong>llebr.</strong></span> 
     </span>
    </p>
   </div>
   <div class='ocr_carea' id='block_1_116' title="bbox 1957 5394 3481 5536">
    <p class='ocr_par' dir='ltr' id='par_1_116' title="bbox 1957 5394 3481 5536">
     <span class='ocr_line' id='line_1_116' title="bbox 1957 5394 3481 5536; baseline -0.018 -64"><span class='ocrx_word' id='word_1_908' title='bbox 1957 5486 1968 5495; x_wconf 41' lang='lat'><em>.</em></span> <span class='ocrx_word' id='word_1_909' title='bbox 2144 5415 2317 5470; x_wconf 79' lang='lat' dir='ltr'><strong>Codex</strong></span> <span class='ocrx_word' id='word_1_910' title='bbox 2358 5412 2693 5469; x_wconf 77' lang='lat' dir='ltr'><strong>Ebroicmtsis</strong></span> <span class='ocrx_word' id='word_1_911' title='bbox 2732 5404 3086 5470; x_wconf 81' lang='lat' dir='ltr'><strong>simpliciter;</strong></span> <span class='ocrx_word' id='word_1_912' title='bbox 3124 5397 3250 5450; x_wconf 78' lang='lat' dir='ltr'><strong>libb.</strong></span> <span class='ocrx_word' id='word_1_913' title='bbox 3303 5394 3436 5445; x_wconf 79' lang='lat' dir='ltr'><strong>editi</strong></span> <span class='ocrx_word' id='word_1_914' title='bbox 3463 5436 3481 5459; x_wconf 81' lang='grc'><strong>,</strong></span> 
     </span>
     <span class='ocr_line' id='line_1_117' title="bbox 1957 5494 2176 5536; baseline 0.005 -1"><span class='ocrx_word' id='word_1_915' title='bbox 1957 5499 2037 5535; x_wconf 82' lang='lat' dir='ltr'><strong>mu</strong></span> <span class='ocrx_word' id='word_1_916' title='bbox 2064 5494 2176 5536; x_wconf 76' lang='lat' dir='ltr'><strong>iter.</strong></span> 
     </span>
    </p>
   </div>
   <div class='ocr_carea' id='block_1_117' title="bbox 1924 5494 2176 5538">
    <p class='ocr_par' dir='ltr' id='par_1_117' title="bbox 1924 5494 2176 5538">
     <span class='ocr_line' id='line_1_118' title="bbox 1924 5494 2176 5538; baseline 0.012 -3"><span class='ocrx_word' id='word_1_917' title='bbox 1924 5494 2176 5538; x_wconf 64' lang='grc' dir='ltr'>διιιιιιιιειθ.</span> 
     </span>
    </p>
   </div>
  </div>
