3922 6228
321 260 425 315 201

1551 257 1617 311 IN
1647 253 1936 312 GENESIM
1969 251 2246 309 HOMILIA
2275 252 2380 308 VII.

3434 254 3538 315 202

331 376 440 428 sub
467 327 993 442 specie\utl't\l\““d‘m
1018 361 1532 427 Dersecutionem
1565 375 1631 428 ab
1664 373 1919 442 injustitia
1947 371 1994 425 A
2019 378 2173 436 gnata
2203 379 2283 423 est
2325 369 2482 432 Sara,
2505 370 2795 424 videamus.
2841 369 2996 438 Ejicit
3041 371 3284 424 ancillam
3333 371 3442 440 80
3483 381 3538 426 et

339 433 562 526 pateris.
589 448 763 501 verum
806 433 870 534 el‘
904 442 1013 534 iter
1062 443 1360 516 singulas
1418 462 1640 515 inmitia:
1693 433 1918 527 species,

344 519 558 600 etiamsi
584 535 743 591 molles
763 535 813 582 et
838 519 1116 622 ⁸(ὶξὶὶὶίῑειιειε
1160 539 1292 596 sint
1318 557 1384 600 et
1423 549 1552 602 ludo
1579 519 1796 612 similes,
1827 519 1920 602 bas

350 627 754 699 persecutionem
780 615 994 688 spiritus
1024 622 1220 680 diem"
1239 669 1257 694 ι
1312 636 1449 702 quia
1484 638 1535 690 in
1565 638 1646 690 his
1675 638 1920 692 omnibus

349 720 534 771 virtus
556 713 840 768 odenditur.

423 808 484 860 4.
527 808 625 858 Duo
652 811 771 856 sunt
798 815 924 870 ergo
950 800 1047 855 lilii
1081 806 1382 866 Abraham
1409 854 1425 878 ,
1463 829 1597 866 unus
1631 815 1693 866 de
1725 814 1921 883 ancilla,

345 905 403 948 et
431 912 574 948 unus
597 895 845 948 delibera
876 910 892 946 :
926 903 1157 962 uterque
1219 907 1409 956 tamen
1458 903 1596 956 ﬁlius
1627 905 1914 966 Abraham,

321 979 482 1036 ’licet
514 998 624 1036 non
651 992 873 1049 uterque
909 984 980 1037 de
1018 982 1218 1040 libera.
1257 989 1547 1057 Propterea
1577 999 1631 1044 et
1660 991 1703 1044 is
1730 991 1818 1058 qui
1853 992 1916 1042 de

339 1074 555 1126 ancilla
594 1074 848 1136 nascitur,
895 1075 1068 1128 hzeres
1119 1077 1344 1144 quidem
1390 1095 1489 1131 non
1535 1081 1592 1132 ﬁt
1637 1096 1753 1132 cum
1811 1080 1914 1132 ﬁlio

338 1160 580 1224 liberae,
620 1162 826 1230 accepit
872 1171 1050 1215 tamen
1083 1164 1229 1216 dona
1267 1175 1322 1218 et
1359 1181 1462 1218 non
1507 1166 1788 1218 dimittitur
1818 1181 1913 1216 va-

332 1264 504 1303 cuus.
555 1250 790 1318 Accepit
839 1259 893 1304 et
931 1252 1043 1319 ipse
1101 1252 1570 1320 benedictionem,
1635 1256 1726 1308 sed
1779 1255 1914 1309 ﬁlius

332 1337 539 1391 libera:
585 1339 798 1406 accepit
829 1341 1334 1406 reprmnissionem.
1364 1343 1449 1395 Fit
1481 1351 1534 1396 et
1569 1342 1654 1396 ille
1692 1343 1824 1412 (59)
1860 1345 1910 1396 in

330 1435 571 1494 gentem
604 1442 882 1496 magnam,
931 1431 1024 1482 sed
1063 1431 1166 1483 iste
1211 1431 1265 1484 in
1311 1432 1561 1498 populum
1597 1434 1907 1499 adoptionis.

328 1515 700 1582 Spiritaliter
763 1532 892 1584 ergo
938 1533 1128 1572 omnes
1181 1520 1395 1585 quidem
1461 1521 1551 1589 qui
1611 1536 1706 1588 per
1757 1522 1908 1574 lidcm

324 1605 574 1656 veniunt
611 1605 680 1656 ad
720 1605 1048 1672 agnitionem
1103 1607 1219 1671 Dei,
1275 1618 1496 1675 possunt
1545 1608 1637 1661 lilii
1685 1609 1910 1661 Abraha:

323 1692 466 1745 dici.
508 1690 635 1744 Sed
670 1692 721 1743 iu
761 1692 845 1744 his
880 1695 1189 1760 suntaliqui
1221 1710 1316 1761 pro
1345 1696 1603 1748 charitate
1632 1697 1908 1749 adhaeren-

325 1791 412 1834 tes
468 1783 624 1847 Deo,
672 1783 762 1834 alii
819 1799 918 1850 pro
971 1794 1115 1838 metu
1163 1796 1217 1837 et
1266 1786 1452 1837 timore
1481 1784 1644 1837 futuri
1699 1785 1906 1852 judicii.

325 1871 490 1926 Unde
527 1882 589 1924 et
632 1873 917 1938 apostolus
947 1872 1184 1927 Joannes
1214 1874 1340 1925 dicit
1362 1875 1404 1905 υ
1435 1891 1448 1924 :
1483 1872 1582 1935 Qui
1610 1873 1782 1937 timet,
1811 1891 1909 1926 non

323 1965 407 2008 est
457 1958 744 2022 perfectus
795 1958 852 2008 in
888 1959 1169 2011 charitate.
1217 1956 1452 2024 Perfecta
1493 1967 1662 2011 autem
1703 1959 1906 2011 dilectio

323 2043 478 2107 [oras
531 2043 706 2094 mittit
761 2045 1028 2095 timorem.
1089 2043 1195 2097 Iste
1223 2060 1350 2112 ergo
1395 2047 1482 2112 qui
1545 2045 1594 2098 in
1647 2047 1908 2100 charitate

324 2131 617 2197 perfectus
662 2140 770 2193 est,
827 2141 883 2184 et
936 2132 1006 2183 de
1065 2131 1336 2185 Abraham
1388 2134 1642 2199 nascitur,
1687 2147 1740 2187 et
1770 2135 1907 2190 ﬁlius

325 2219 518 2272 Lbere
573 2230 690 2273 est.
752 2219 854 2283 Qui
891 2235 1021 2272 vero
1065 2236 1170 2273 non
1216 2221 1446 2287 perlecta
1498 2223 1780 2285 cbaritate,
1815 2225 1907 2276 sed

327 2307 537 2360 futurae
575 2323 768 2375 preme
795 2317 946 2360 metu
978 2317 1031 2360 et
1058 2309 1431 2374 suppliciorum
1457 2310 1644 2363 timore
1661 2313 1906 2366 mandata

331 2395 605 2456 custodit,
642 2405 734 2448 est
761 2396 988 2462 quidem
1021 2405 1074 2448 et
1106 2397 1220 2462 ipse
1252 2397 1388 2450 ﬁlius
1414 2399 1644 2451 Abralue
1670 2436 1684 2460 ,
1716 2400 1906 2465 accipit

326 2492 383 2536 et
416 2485 537 2551 ipse
593 2484 776 2546 dona,
827 2485 879 2536 id
933 2493 1014 2536 est
1080 2486 1256 2550 Operis
1297 2487 1376 2539 sui
1413 2489 1732 2551 mercedem,
1782 2489 1904 2555 quia

328 2575 493 2628 etiam
526 2577 623 2641 qui
658 2574 888 2625 calicem
934 2591 1085 2641 aqua:
1116 2575 1322 2642 frigida:
1364 2576 1558 2628 dederit
1605 2587 1802 2629 tantum
1851 2579 1904 2630 in

334 2663 548 2714 uaniine
582 2663 872 2727 discipuli,
903 2678 1006 2714 non
1039 2663 1221 2728 peribit
1250 2679 1436 2716 merces
1461 2665 1572 2732 eius
1601 2665 1664 2716 ”.
1707 2665 1902 2720 Tamen

331 2747 568 2803 inferior
599 2749 705 2801 illo
728 2757 811 2802 est
835 2749 929 2814 qui
964 2764 1067 2800 non
1103 2750 1277 2802 servili
1309 2751 1494 2804 timore
1517 2794 1530 2816 ,
1582 2754 1673 2806 sed
1702 2755 1751 2805 in
1785 2756 1906 2808 cha-

330 2839 511 2890 ritatis
564 2839 834 2891 libertate
868 2839 1143 2904 perfectus
1186 2847 1284 2890 est.
1328 2840 1454 2892 Tale
1497 2841 1690 2908 aliquid
1742 2845 1902 2897 etiam

2018 458 2182 511 lilium
2227 459 2358 524 ejus,
2415 459 2508 510 sed
2565 468 2737 511 tamen
2779 460 2869 512 dat
2900 461 2946 512 ei
2989 470 3156 514 utrem
3200 477 3367 528 aqutc.
3419 461 3533 514 Non

2016 545 2156 597 enim
2198 545 2423 598 habebat
2448 554 2616 598 mater
2645 544 2760 612 ejus
2789 555 2998 613 puteum
3016 562 3175 614 aqua:
3211 551 3339 602 vivae
3363 587 3378 612 ,
3435 564 3538 604 nec

2016 641 2220 699 poterat
2255 647 2383 698 puer
2422 633 2632 686 haurire
2663 634 2726 686 de
2752 644 2912 700 puteo
2937 650 3146 701 aquam.
3195 638 3340 691 Isaac
3370 639 3534 691 babe-

2016 719 2103 771 bat
2135 728 2334 786 puteos,
2360 734 2452 785 pro
2483 719 2674 786 quibus
2710 733 2762 772 et
2792 724 3081 773 certamina
3112 726 3310 789 patitur
3346 729 3534 778 adver-

2015 823 2104 860 sus
2159 809 2502 861 Pbilisthinos
2549 809 2612 859 ’9.
2662 808 2846 862 lsmael
2880 820 3055 862 autem
3106 813 3169 864 de
3219 822 3333 866 utre
3398 815 3533 868 bibit

2015 909 2227 960 aquam,
2277 895 2366 946 sed
2396 895 2482 946 hic
2515 903 2629 947 uter
2658 897 2806 961 quasi
2842 905 2956 948 uter
2986 897 3184 960 deﬁcit,
3207 907 3258 949 ct
3281 899 3394 950 ideo
3423 901 3535 951 sitit

2015 982 2112 1053 (41
2145 983 2162 1050 )
2194 992 2245 1034 et
2273 997 2374 1034 non
2417 983 2613 1036 invenit
2644 994 2844 1049 potum.
2879 984 2954 1035 Tu
3000 995 3170 1037 autem
3220 987 3310 1052 qui
3339 1001 3534 1039 secun-

2013 1072 2135 1124 dum
2181 1071 2324 1124 Isaac
2377 1073 2801 1138 repromissionis
2842 1087 2900 1124 es
2944 1073 3102 1132 lilius,
3130 1075 3240 1126 bibe
3280 1091 3439 1140 aquas
3467 1077 3533 1127 de

2011 1161 2111 1212 tuis
2135 1161 2360 1226 fontibus
2395 1170 2440 1212 et
2479 1161 2539 1211 de
2581 1161 2680 1211 tuis
2723 1163 2923 1226 puteis;
2973 1173 3266 1227 aqute‘non
3322 1164 3529 1230 eﬂluant

2011 1248 2175 1314 foras,
2202 1250 2289 1301 sed
2325 1250 2463 1300 intus
2487 1249 2539 1301 in
2568 1249 2666 1299 tuis
2700 1249 2883 1316 plateis
2911 1260 3118 1301 currant
3155 1261 3259 1303 tua:
3286 1267 3432 1317 aqua:
3460 1250 3527 1306 ³⁸.

2010 1338 2098 1390 Ille
2136 1354 2260 1390 vero
2284 1339 2371 1406 qui
2397 1341 2681 1392 secundum
2723 1355 2934 1393 carnem
2980 1351 3136 1392 natus
3177 1350 3276 1405 est,
3316 1343 3378 1394 de
3414 1351 3530 1396 utre

2011 1438 2198 1490 aquam
2231 1425 2380 1486 bibit,
2409 1436 2461 1477 et
2493 1440 2626 1493 aqua
2673 1429 2780 1494 ipsa
2821 1429 2996 1481 delicit
3023 1429 3090 1491 ei,
3143 1439 3196 1482 et
3245 1429 3296 1481 in
3354 1431 3530 1484 multis

2011 1511 2203 1567 deﬁcit.
2236 1511 2360 1565 Uter
2389 1513 2518 1581 legis
2567 1524 2647 1566 est
2697 1515 2889 1578 littera,
2929 1519 2992 1569 dc
3019 1531 3117 1584 qua
3167 1517 3250 1569 ille
3299 1519 3530 1572 carnalis

2010 1601 2230 1667 populus
2255 1601 2408 1664 bibit,
2452 1612 2504 1655 et
2551 1603 2671 1655 inde
2706 1604 3023 1658 intellectum
3071 1607 3210 1671 capit
3246 1626 3259 1661 :
3296 1623 3412 1674 quae
3444 1608 3532 1662 lit-

2012 1702 2120 1742 tera
2170 1690 2470 1756 frequenter
2525 1692 2570 1744 ei
2632 1691 2846 1757 deﬁcit,
2897 1703 2949 1746 et
3003 1695 3270 1762 explicare
3319 1712 3376 1750 se
3425 1712 3527 1752 nun

2007 1788 2198 1847 potest.
2229 1778 2283 1831 In
2312 1780 2489 1833 multis
2519 1781 2657 1833 enim
2705 1781 2968 1835 delectum
2999 1786 3197 1851 patitur
3237 1786 3528 1840 ltistorialis

2007 1869 2378 1935 intelligentia.
2448 1869 2680 1922 Ecclesia
2746 1881 2917 1924 autem
2979 1873 3045 1924 de
3101 1874 3418 1941 evangelicis
3474 1884 3529 1928 et

2008 1957 2312 2022 aposmlicis
2359 1957 2587 2009 fontibus
2633 1957 2782 2019 bibit,
2816 1958 2904 2024 qui
2947 1973 3211 2024 tmnquam
3254 1960 3523 2022 deﬁciunt,

2007 2046 2097 2098 sed
2133 2045 2182 2096 in
2223 2044 2408 2111 plateis
2457 2044 2570 2097 suis
2622 2054 2952 2111 percurrunt,
3001 2047 3123 2112 quia
3161 2048 3210 2098 in
3248 2047 3526 2102 latitudine

2006 2133 2258 2200 spiritalis
2337 2134 2783 2200 interpretationis
2851 2133 3121 2186 abundant
3195 2150 3405 2202 semper
3473 2146 3528 2189 et

2006 2219 2190 2273 ﬂuunt.
2216 2221 2356 2272 Bibit
2393 2231 2443 2273 et
2465 2222 2528 2273 de
2562 2222 2751 2288 puteis,
2785 2235 2902 2272 cum
2939 2221 3275 2286 prolundiora
3306 2238 3526 2292 qureque

2008 2307 2185 2360 haurit
2225 2316 2276 2360 et
2305 2316 2572 2360 scrutatur
2618 2322 2680 2360 ex
2732 2309 2864 2374 lege.
2918 2309 3018 2360 Per
3071 2310 3168 2362 hoc
3197 2349 3213 2374 ,
3273 2312 3522 2374 arbitror,

2007 2397 2312 2466 mysterium
2350 2399 2503 2450 etiam
2531 2397 2782 2451 Dominus
2807 2400 2824 2467 (
2845 2399 2945 2466 42)
2989 2409 3042 2451 et
3075 2399 3320 2452 Salvator
3347 2411 3527 2454 noster

2005 2486 2208 2538 dicebat
2232 2485 2295 2537 ad
2321 2484 2730 2550 Samaritanatn,
2756 2486 2842 2538 ubi
2876 2487 3012 2539 velut
3033 2488 3075 2538 si
3104 2503 3222 2540 cum
3249 2488 3358 2554 ipsa
3383 2489 3524 2554 Agar

2005 2570 2333 2638 loqueretur,
2395 2571 2570 2622 aiebat
2610 2571 2651 2605 “
2683 2589 2694 2622 :
2727 2571 2904 2624 Omnis
2951 2575 3039 2641 qui
3087 2575 3268 2627 biberit
3321 2591 3384 2627 ea:
3429 2574 3523 2627 hac

2003 2675 2157 2726 aqua,
2183 2661 2317 2712 sitiet
2349 2660 2529 2710 iterum
2553 2676 2573 2722 ,'
2600 2660 2684 2727 qui
2715 2671 2884 2712 autem
2916 2661 3096 2713 biberit
3123 2664 3184 2715 de
3212 2681 3344 2731 aqua
3368 2681 3521 2730 quant

2002 2764 2093 2813 ego
2125 2748 2255 2798 dabo
2282 2749 2363 2810 ei,
2395 2763 2496 2798 non
2520 2748 2655 2798 sitiet
2683 2749 2734 2798 in
2764 2759 3030 2803 (sternam.
3078 2750 3139 2801 Et
3180 2751 3266 2803 illa
3300 2752 3428 2805 dicit
3456 2754 3521 2805 ad

2007 2835 2333 2887 Salvatorcm
2368 2835 2410 2865 ³²
2439 2849 2452 2886 :
2482 2835 2560 2886 Du
2592 2837 2738 2898 nti/ti,
2773 2836 3002 2900 Domine,
3040 2839 3170 2889 hanc
3201 2856 3420 2904 aquam,
3467 2853 3520 2894 ut

326 2925 624 2992 Apostolus
661 2926 956 2988 ostendit,
987 2941 1110 2978 cum
1151 2927 1276 2979 dicit
1314 2928 1355 2957 “
1387 2945 1400 2980 :
1433 2927 1676 2990 Quandiu
1701 2932 1898 2998 quidem

2005 2941 2102 2976 non
2128 2925 2319 2988 sitiam,
2365 2940 2518 2990 neque
2560 2925 2758 2975 veniam
2811 2924 2906 2976 huc
2949 2925 3178 2978 haurire.
3224 2926 3352 2978 Post
3407 2929 3520 2982 huic

329 3017 494 3065 Ita-res
542 3013 817 3080 parvulus
874 3024 972 3075 est,
1036 3013 1165 3064 nihil
1200 3014 1370 3080 di/fert
1396 3033 1424 3066 α
1453 3033 1596 3068 servo
1620 3058 1634 3079 ,
1670 3035 1782 3069 cum
1830 3021 1897 3071 sit

328 3101 575 3154 dominus
609 3103 861 3154 amnium
885 3140 900 3162 ,
928 3103 1018 3154 sed
1049 3102 1143 3154 sub
1167 3105 1419 3156 tutoribus
1442 3113 1487 3156 et
1511 3106 1770 3158 actoribus
1803 3117 1897 3170 est,

329 3207 493 3255 usque
522 3193 594 3241 ad
617 3190 955 3256 prin/initum
986 3200 1184 3255 tempus
1212 3208 1242 3242 a
1263 3202 1429 3256 patre.
1479 3192 1735 3246 Parvulus
1774 3210 1900 3263 ergo

325 3278 523 3342 estqui
556 3277 710 3329 lacte
740 3277 933 3338 alitur,
961 3285 1015 3328 et
1043 3290 1235 3342 expers
1272 3287 1354 3329 est
1379 3279 1896 3346 sermonisjustitim,

326 3379 427 3416 nec
458 3374 643 3429 potest
684 3366 874 3418 cibum
919 3364 1155 3416 solidum
1187 3368 1426 3432 accipere
1458 3369 1732 3435 sapientia:
1767 3370 1900 3421 divi-

327 3466 446 3511 nm.
503 3461 558 3503 et
616 3452 872 3504 scientia:
914 3451 1074 3516 legis,
1128 3453 1216 3516 qui
1263 3469 1363 3505 non
1415 3463 1590 3521 potest
1641 3456 1898 3522 spiritalia

322 3539 670 3604 Spiritalibus
723 3552 1100 3603 comparare,
1155 3541 1243 3605 qui
1308 3541 1775 3610 nondumpotest
1819 3543 1900 3595 di-

323 3638 447 3676 cere
477 3626 527 3656 "
555 3643 568 3676 :
604 3626 745 3677 Cum
777 3634 957 3675 autem
988 3625 1159 3689 [actus
1190 3642 1302 3677 sum
1333 3629 1431 3690 vir,
1458 3645 1572 3696 qua:
1595 3639 1738 3681 erant
1779 3647 1900 3696 par-

320 3716 424 3765 culi
446 3716 679 3780 deposui
709 3711 854 3782 (40)
884 3731 899 3776 ;
936 3715 1038 3764 iste
1059 3730 1186 3782 ergo
1220 3717 1346 3768 nihil
1373 3718 1547 3770 dill’ert
1571 3734 1599 3770 a
1632 3735 1806 3775 servo.
1841 3721 1896 3774 Si

319 3816 448 3854 vero
501 3804 834 3869 relinquens
899 3803 1178 3856 initiorum
1222 3807 1413 3860 Christi
1478 3823 1776 3862 sermonem
1833 3813 1898 3863 ad

315 3888 724 3954 perfectionem
757 3890 992 3954 feratur,
1044 3903 1098 3944 et
1128 3910 1242 3960 qua:
1268 3911 1471 3947 sursum
1502 3907 1634 3949 -sunt
1675 3908 1894 3964 qumrat,

313 3977 403 4027 ubi
431 3976 687 4030 Christus
716 3991 791 4032 est
816 3982 873 4031 in
905 3982 1095 4033 dextra
1124 3981 1221 4034 Dei
1249 3984 1447 4048 sedens,
1487 4002 1586 4037 non
1610 4003 1722 4054 qua:
1747 4003 1897 4053 super

311 4070 517 4117 terram
548 4068 618 4126 ",
651 4077 709 4119 et
742 4069 1143 4136 contempletur
1166 4087 1265 4122 non
1295 4089 1352 4123 ea
1383 4089 1496 4138 qum
1521 4075 1773 4139 videntur,
1807 4077 1895 4126 sed

306 4165 434 4214 qua:
480 4166 589 4202 non
637 4154 890 4205 videntur
943 4155 1008 4216 "’,
1057 4170 1232 4222 neque
1273 4158 1322 4209 in
1368 4159 1558 4211 divinis
1605 4159 1893 4228 Scripturis

2002 3013 2251 3066 Dominus
2295 3013 2358 3065 ad
2393 3027 2505 3066 eam
2549 3011 2688 3082 (43)
2721 3028 2736 3061 :
2774 3013 3097 3076 Qui'credit,
3139 3015 3309 3082 inquit
3361 3015 3424 3079 ³³,
3468 3017 3520 3068 in

1999 3117 2095 3162 me,
2126 3101 2208 3166 ﬁet
2242 3102 2290 3151 in
2316 3117 2373 3152 eo
2405 3100 2515 3167 fons
2551 3116 2695 3168 aqua:
2727 3101 2953 3152 salientis
2982 3102 3032 3152 in
3071 3102 3225 3154 vitam
3255 3113 3518 3158 a'ternam.

2067 3189 2118 3241 6.
2157 3188 2382 3240 Errabat
2412 3203 2536 3255 ergo
2565 3189 2706 3255 Agar
2750 3204 2840 3254 per
2867 3189 3130 3242 desertum
3173 3205 3290 3243 cmn
3333 3209 3518 3260 puero,

1999 3285 2052 3330 et
2081 3291 2208 3343 puer
2236 3275 2494 3342 plorabat,
2524 3284 2574 3328 ct
2605 3278 2822 3342 projecit
2850 3291 2967 3328 eum
3001 3280 3162 3346 Agar,
3195 3281 3408 3342 dicens,
3442 3283 3518 3335 Ne

1999 3366 2211 3417 videam
2235 3372 2453 3416 mortem
2482 3364 2569 3416 ﬁlii
2597 3367 2718 3418 mei.
2767 3365 2889 3418 Post
2932 3367 3041 3418 haec
3082 3384 3199 3420 cum
3226 3370 3332 3437 jam
3363 3373 3514 3436 quasi

2000 3453 2286 3504 moriturus
2329 3449 2514 3502 fuisset
2562 3451 2817 3515 abjectus,
2869 3460 2922 3504 et
2957 3453 3210 3520 ﬂevisset,
3266 3460 3417 3510 adest
3468 3459 3518 3511 ei

1999 3539 2216 3606 angelus
2257 3537 2505 3598 Domini,
2537 3550 2589 3590 et
2619 3541 2826 3606 aperuit
2867 3542 3051 3594 oculos
3072 3543 3235 3611 Agar,
3293 3557 3346 3598 et
3389 3547 3521 3599 vidit

1998 3637 2212 3693 puteum
2245 3641 2392 3693 aqum
2414 3629 2562 3679 vivae.
2589 3626 2708 3680 llaec
2731 3629 2794 3681 ad
2821 3629 3094 3680 historiam
3121 3632 3305 3685 referri
3333 3649 3518 3700 quem-

1998 3714 2275 3766 admodum
2327 3716 2591 3779 possunt?
2651 3715 2747 3768 Ubi
2799 3717 2936 3767 enim
3007 3719 3308 3771 invenimus
3375 3723 3516 3788 quod

1996 3804 2136 3870 Agar
2187 3802 2394 3855 clausos
2467 3805 2710 3856 habuerit
2773 3805 2977 3868 oculos,
3039 3815 3090 3858 et
3153 3810 3320 3872 aperti
3389 3821 3517 3862 sunt

1997 3891 2375 3959 postmodum?
2415 3890 2596 3945 Nonne
2635 3892 2748 3944 luce
2775 3893 2968 3944 clarior
2996 3904 3076 3946 est
3114 3896 3164 3946 in
3204 3897 3284 3949 his
3324 3899 3518 3950 intelli-

1997 3980 2168 4046 gentia
2198 3979 2452 4045 spiritalis
2478 3990 2528 4032 et
2553 3981 2797 4048 mystica,
2831 3982 2967 4048 quod
2992 3983 3227 4053 abjectus
3253 3996 3332 4038 est
3354 3987 3397 4038 is
3424 3990 3512 4053 qui

1999 4070 2284 4122 secundum
2337 4085 2549 4122 carnem
2602 4081 2682 4123 est
2723 4073 2969 4138 populus,
3004 4083 3057 4126 et
3083 4052 3258 4129 tandiu
3294 4077 3433 4142 jacet
3464 4080 3515 4132 in

1997 4158 2134 4212 fame
2161 4168 2207 4212 et
2233 4159 2344 4224 siti,
2370 4176 2469 4211 non
2502 4163 2686 4226 [amem
2718 4161 2734 4231 (
2763 4162 2850 4229 14)
2873 4165 3020 4229 panis
3050 4165 3336 4231 perferens,
3362 4185 3518 4235 neque

305 4249 581 4303 sequatur
643 4244 994 4294 occidentem
1052 4243 1288 4296 litteram
1311 4284 1323 4305 .
1369 4248 1460 4299 sed
1530 4248 1888 4300 viviﬁcantem
1924 4233 1970 4290 D
1995 4249 2133 4299 sitim
2166 4263 2336 4314 aqute,
2371 4251 2456 4299 sed
2482 4251 2618 4301 sitim
2642 4250 2776 4302 verbi
2804 4251 2893 4302 Dei
2921 4253 2983 4313 “,
3024 4254 3190 4306 donec
3212 4256 3517 4321 aperiantur

303 4326 563 4390 spiritum
599 4342 615 4378 :
651 4342 723 4380 ex
753 4329 861 4381 illis
884 4331 988 4382 erit
1012 4330 1136 4381 sine
1169 4331 1346 4396 dubio,
1377 4335 1466 4398 qui
1503 4351 1600 4386 non
1630 4335 1896 4402 accipiunt

302 4416 552 4480 spiritum
603 4419 890 4470 servitutis
931 4421 1130 4471 iterum
1169 4421 1223 4471 in
1261 4423 1440 4472 timore
1466 4462 1478 4481 ,
1516 4425 1602 4474 sed
1647 4426 1888 4490 spiritum

303 4505 640 4568 adaptionis,
687 4507 749 4556 in
776 4522 880 4572 quo
911 4508 1159 4560 clament
1194 4525 1210 4558 :
1241 4508 1380 4559 Abba
1410 4510 1567 4563 Pater
1591 4514 1653 4564 ⁸⁸.

367 4593 422 4644 5.
469 4594 620 4657 Quid
679 4597 906 4648 interim
939 4606 1072 4662 agat
1129 4597 1400 4650 Abraham
1446 4613 1718 4668 postquam
1761 4604 1894 4657 indi-

370 4725 457 4777 "l
487 4727 634 4781 Joan
679 4743 766 4784 ιν.
787 4727 871 4780 18.
950 4729 1000 4760 ’³
1026 4728 1231 4782 Matth.
1257 4745 1308 4790 κ,
1332 4732 1416 4784 45.

300 4792 346 4821 ’⁸
384 4793 546 4846 Rom.
584 4810 730 4856 vnn,
765 4795 852 4848 15.
964 4797 1013 4826 ²⁹
1044 4796 1256 4847 Cenes.
1291 4815 1426 4850 xxvi.

307 4859 350 4890 ³⁸
375 4863 546 4914 Amos
584 4877 713 4925 vui,
748 4863 830 4915 11.
910 4862 958 4893 ³⁸
994 4861 1174 4916 Rom.
1222 4866 1398 4925 xu,‘25.

413 4994 529 5127 '59?
563 4995 732 5057 Mss.,
760 4996 820 5061 ﬁt
844 5005 896 5048 et
923 4996 1026 5046 ille
1051 5010 1070 5054 :
1099 4995 1245 5048 libb.
1270 5001 1408 5061 editi,
1441 5003 1532 5067 fiat
1564 5015 1610 5057 et
1646 5006 1750 5057 ille.

413 5062 482 5113 ιο
554 5063 722 5115 Libb.
762 5066 917 5123 editi,
954 5065 1364 5127 evacuauiqua:
1384 5083 1526 5122 erant
1553 5074 1750 5127 parvuli

412 5062 521 5127 40)
554 5063 722 5138 _I..ibb.
762 5066 917 5123 editi,
954 5065 1239 5115 evacuavi
1260 5081 1364 5130 qua:
1384 5062 1526 5122 erant
1551 5074 1774 5138 parvuli,
1801 5073 1892 5126 sed

303 5141 423 5180 mss.
459 5141 515 5180 ut
552 5134 606 5181 in
640 5140 834 5182 nostro
872 5138 1073 5180 textu.

409 5195 466 5246 41
494 5195 516 5264 )
550 5197 708 5256 Mss.,
739 5200 891 5254 sitit;
926 5196 1086 5246 libb.
1141 5195 1286 5264 editi,
1310 5202 1444 5264 petit.

411 5260 686 5340 tﬂzLibb.
727 5266 882 5340 editi_
907 5280 926 5313 :
970 5275 1087 5324 pro
1133 5260 1237 5340 hoc
1264 5260 1471 5319 arbitror
1498 5273 1736 5340 mysterio
1758 5276 1890 5340 quod

305 5329 756 5402 etiam_Doniimts.
786 5330 1087 5402 sed‘msso.
1125 5335 1188 5375 ut
1224 5329 1280 5402 in_
1303 5345 1475 5387 nostro
1504 5329 1670 5392 le'xtu.

377 5397 500 5463 (43)
542 5397 672 5450 Post
709 5397 824 5447 Ita'c
879 5395 1192 5444 Dominus
1217 5398 1428 5466 adeant,
1471 5415 1581 5458 etc.
1636 5407 1895 5462 Memorite

646 5487 942 5542 PATROL.
988 5477 1047 5532 (Ξ
1062 5494 1107 5531 ιι
1122 5517 1141 5531 ο
1193 5477 1318 5544 XII.

1489 4735 1531 4765 ιι
1560 4735 1674 4788 Gal.
1707 4751 1778 4798 ιν,
1813 4701 1961 4798 1.2..

1525 4802 1567 4832 ³⁸
1603 4803 1758 4856 Prov.
1803 4819 1851 4866 ν,
1883 4805 1976 4869 15,
2008 4807 2090 4858 16.

1998 4337 2134 4388 oculi
2161 4351 2442 4404 synagoga:
2467 4338 2489 4390 ‘l
2515 4338 2622 4391 Iloc
2654 4350 2731 4391 est
2762 4341 2898 4408 quod
2924 4341 3207 4406 Apostolus
3233 4343 3362 4396 dicit
3400 4359 3516 4394 csse

1998 4425 2304 4492 mysterium
2355 4425 2399 4456 ³⁸
2433 4426 2607 4489 :Quia
2653 4429 2851 4478 cwcitas
2901 4430 3107 4494 contigit
3160 4446 3222 4481 ex
3267 4445 3411 4498 parte
3460 4433 3515 4484 in

2001 4511 2186 4573 Israel,
2214 4514 2372 4564 donec
2419 4514 2680 4579 plenitudo
2721 4515 2944 4582 gentium
2989 4518 3256 4582 introiret,
3312 4530 3358 4571 et
3396 4531 3514 4571 tunc

1999 4605 2162 4656 omnis
2196 4603 2359 4657 Israel
2394 4606 2568 4658 salvus
2595 4607 2758 4674 fieret.
2797 4605 2899 4660 Ista
2935 4618 3167 4676 estergo
3199 4613 3410 4666 caecitas
3459 4613 3512 4664 in

2534 4731 2792 4808 *fColoss.
2809 4752 2884 4799 tn,
2901 4737 2950 4788 1.
3070 4744 3162 4795 "ll
3181 4746 3301 4796 Cor.
3334 4761 3404 4808 Iv,
3424 4747 3511 4800 18.

2745 4808 2788 4838 ⁸¹
2827 4810 2954 4862 ibid.
2999 4809 3083 4864 15.
3184 4813 3227 4842 ³³
3266 4815 3394 4869 ibid.
3425 4815 3508 4868 14.

2015 4732 2457 4795 ’διϐυικιιμίίο

2189 4805 2230 4835 ³⁸
2267 4806 2421 4858 Joan.
2451 4821 2517 4867 IV,
2564 4807 2648 4860 l5.

1994 5007 2170 5073 lapsus
2211 5017 2290 5061 est
2317 5009 2366 5060 in
2408 5009 2654 5076 Origene,
2684 5023 2803 5060 nam
2835 5025 2950 5077 quae
2982 5021 3274 5077 sequuntur
3302 5012 3509 5064 Domini

1993 5077 2176 5146 verba,
2209 5092 2310 5146 nim
2339 5086 2515 5146 postea
2545 5112 2561 5138 ,
2589 5077 2682 5129 sed
2708 5086 2862 5129 antea
2895 5080 3036 5132 dicta
3076 5091 3217 5142 sunt,
3249 5095 3438 5146 nempe
3475 5079 3513 5144 it

1995 5142 2079 5202 M,
2107 5149 2157 5192 et
2179 5142 2300 5194 aliis
2335 5144 2569 5195 vocibus.

2061 5209 2207 5278 (44)
2270 5211 2393 5270 Siti,
2430 5226 2528 5261 non
2569 5210 2774 5278 famem.
2821 5209 2910 5262 Sic
2966 5213 3130 5264 codex
3175 5212 3512 5278 Belvacensis

1996 5275 2507 5346 melius’tptam'libb.
2537 5275 2664 5332 editi
2687 5279 2738 5330 in
2767 5279 2961 5344 quibus
2987 5279 3175 5346 legitur
3210 5297 3222 5330 :
3251 5279 3360 5330 siti.
3387 5275 3512 5326 Non

1994 5344 2125 5394 enim
2162 5343 2368 5411 fantem.

3108 5499 3144 5520 Η

3119 5515 3136 5550 Α
