3922 6214
472 253 574 305 205

1920 221 2230 280 ORIGENIS

3621 210 3715 267 104

465 368 625 434 Agar,
670 375 786 429 qua:
825 356 1113 413 secundum
1145 367 1358 410 carnem
1395 351 1576 423 genuit
1609 367 1623 404 :
1654 362 1768 419 qum
1816 346 1997 400 tandiu
2029 347 2071 405 Α
2101 344 2236 397 citus
2268 349 2350 397 est
2392 342 2462 406 ei,
2510 339 2633 409 quia
2666 339 2718 392 in
2764 337 2883 393 ﬁlio
2932 335 3036 405 qui
3095 338 3452 434 nasceretur
3483 341 3555 383 ex
3583 327 3711 432 Sara

466 454 517 504 in
554 464 615 503 ea
641 453 914 516 permanet
940 485 955 509 ,
999 444 1169 498 donec
1219 441 1460 496 velamen
1501 440 1690 493 litterae
1728 436 1998 490 auferatur

461 554 558 608 per
580 537 921 600 Evangelium
949 534 1039 587 Dei
1081 533 1191 603 ($5
1212 534 1250 601 ),
1283 541 1337 586 et
1371 532 1543 584 videat
1579 542 1769 597 aquam
1799 527 1992 579 vivam.

459 628 615 681 Nunc
641 626 782 679 enim
819 624 1001 692 iacent
1044 621 1209 676 Judaei
1241 622 1379 675 circa
1419 623 1588 688 ipsum
1617 628 1831 685 puteum
1856 655 1872 681 ,
1902 615 1996 668 sed

460 716 600 769 oculi
624 729 807 769 eorum
832 713 996 767 clausi
1023 721 1148 765 sunt
1177 728 1190 763 :
1219 720 1273 764 et
1319 725 1422 764 non
1456 716 1681 777 possunt
1722 706 1905 759 bibere
1932 705 1996 758 de

458 812 621 871 puteo
648 802 779 869 legis
813 810 865 855 et
895 800 1293 868 prephetarum.
1342 796 1444 851 Sed
1476 804 1530 849 et
1557 810 1652 849 nos
1683 807 1991 855 caveamus,

461 893 584 961 quia
622 891 926 959 frequenter
954 899 1008 943 et
1039 904 1133 942 nos
1163 889 1304 941 circa
1343 896 1555 954 puteum
1575 884 1816 952 iacemus
1847 897 1995 950 aquae

459 980 614 1044 vivte,
645 981 696 1033 id
728 987 808 1034 est
831 979 973 1032 circa
1003 977 1307 1045 Scripturas
1333 975 1572 1037 divinas,
1594 982 1648 1026 et
1672 986 1912 1026 erramus
1939 971 1991 1022 in

460 1069 609 1137 ipsis.
645 1067 910 1122 Tenemus
941 1067 1105 1119 libros
1144 1074 1196 1118 et
1232 1065 1455 1132 legimus
1477 1102 1491 1126 ,
1529 1063 1622 1115 sed
1663 1059 1991 1128 spiritualem

461 1172 672 1213 sensum
705 1172 804 1210 non
830 1156 1157 1219 aitingimus.
1198 1154 1263 1207 Et
1298 1155 1415 1208 ideo
1455 1169 1589 1221 opus
1625 1162 1706 1207 est
1747 1151 1993 1222 lacrymis

462 1256 520 1300 et
542 1246 881 1300 orationibus
901 1245 1321 1299 indesinentibus
1340 1246 1628 1312 postulare,
1656 1253 1712 1297 ut
1743 1243 1992 1297 Dominus

462 1331 668 1399 aperiat
701 1329 883 1383 oculos
913 1338 1159 1394 nostros;
1190 1329 1314 1397 quia
1351 1339 1406 1382 et
1435 1328 1509 1382 illi
1556 1329 1682 1382 casei
1724 1329 1810 1397 qui
1839 1331 1990 1384 sede-

461 1419 595 1472 bant
624 1418 675 1470 in
718 1415 933 1471 Jericbo
962 1417 1030 1482 ³⁸,
1063 1418 1163 1470 nisi
1215 1417 1535 1470 clamassent
1577 1417 1642 1469 ad
1678 1416 1988 1479 Dominum,

457 1521 566 1560 non
597 1505 823 1562 fuissent
866 1507 1035 1574 aperti
1066 1505 1204 1559 oculi
1237 1518 1443 1560 eorum.
1501 1504 1565 1557 Et
1611 1505 1736 1573 quid
1778 1504 1914 1574 dico,
1935 1513 1992 1556 ut

458 1596 778 1664 aperiantur
800 1595 938 1650 oculi
964 1595 1176 1649 nostri?
1202 1595 1324 1662 quia
1351 1594 1459 1662 iam
1485 1593 1652 1662 aperti
1676 1601 1818 1645 sunt.
1838 1592 1990 1646 Jesus

456 1685 790 1739 enim'venit
823 1686 1030 1753 aperire
1077 1684 1258 1739 oculos
1307 1697 1589 1736 carcerum.
1637 1681 1817 1749 Aperti
1862 1695 1987 1747 ergo

461 1778 587 1824 sunt
614 1770 755 1825 oculi
791 1771 981 1834 nostri,
1018 1772 1162 1825 etde
1195 1771 1368 1823 littera
1394 1769 1524 1837 legis
1560 1768 1797 1821 velamen
1841 1766 1989 1819 abla-

460 1864 573 1910 tum
609 1867 707 1912 est.
742 1856 845 1912 Sed
876 1858 1065 1912 vereor
1108 1872 1172 1910 ne
1212 1871 1307 1910 nos
1334 1857 1429 1924 ipsi
1457 1871 1551 1910 eos
1579 1869 1766 1910 somno
1798 1855 1990 1908 iterum

461 1947 805 2018 profundiore
858 1946 1190 2010 claudamus,
1247 1946 1369 1998 dum
1434 1959 1538 1998 non
1596 1944 1876 2013 vigilamus
1938 1945 1989 1997 in

462 2035 737 2090 intellectu
759 2033 999 2100 spiritali,
1031 2046 1202 2102 neque
1223 2031 1432 2086 solliciti
1456 2044 1638 2086 sumus
1663 2041 1718 2084 nt
1744 2045 1989 2084 somnum

461 2123 809 2179 discutiamus
859 2123 926 2179 ab
977 2123 1145 2176 oculis
1202 2121 1429 2184 nostris,
1473 2128 1526 2175 et
1573 2119 1992 2187 contemplemur

462 2226 581 2279 quae
605 2210 863 2279 spiritalia
891 2217 1043 2272 sunt,
1061 2210 1135 2262 uti
1157 2224 1223 2263 ne
1249 2224 1368 2263 cum
1397 2209 1589 2277 populo
1620 2208 1821 2261 carnali
1848 2209 1991 2262 circa

463 2302 630 2367 ipsam
655 2313 843 2365 aquam
872 2298 1026 2366 positi
1056 2311 1315 2358 erremus,
1346 2298 1471 2363 quin
1495 2298 1670 2364 potius
1694 2297 1988 2365 vigilemus,

461 2396 517 2439 et
559 2401 680 2439 eum
726 2385 987 2453 Proiiheta
1028 2384 1266 2438 dicamus
1296 2384 1339 2415 ³⁷
1372 2400 1385 2435 :
1423 2383 1482 2437 Si
1531 2384 1715 2437 dedero
1756 2399 1989 2437 somnum

461 2473 625 2526 oculis
653 2475 892 2536 meis,et
937 2473 1192 2539 palpebris
1243 2472 1367 2524 meis
1414 2472 1851 2536 dormitationem,
1899 2484 1990 2525 aut

462 2564 687 2631 requiem
735 2564 1045 2630 temporibus
1096 2562 1262 2625 meis,
1307 2562 1464 2614 donec
1515 2562 1768 2613 inveniam
1824 2561 1990 2613 locum

462 2653 707 2715 Domino,
747 2652 1136 2704 tabernaculum
1185 2651 1291 2704 Deo
1342 2649 1525 2702 Jacob.
1572 2649 1677 2717 Ipsi
1730 2649 1896 2718 gloria
1939 2657 1994 2702 et

460 2741 822 2807 imperiumin
850 2741 1041 2794 Saecula
1079 2740 1410 2793 saeculorum.
1441 2739 1629 2791 Amen.

1008 2824 1273 2877 llOMlLlA
1319 2824 1447 2880 Vill.

2097 434 2448 502 complebitur
2474 433 2574 485 ista
2610 429 2926 497 promissio.
2964 423 3349 480 Accenderat
3404 434 3546 488 ergo
3595 420 3709 474 sni-

2097 537 2241 574 mum
2275 522 2441 588 ipsius
2466 518 2518 572 in
2542 529 2780 571 amorem
2808 515 2935 579 lilii,
2973 528 3092 567 non
3133 511 3329 564 solum
3360 508 3709 577 posteritatis

2096 612 2291 680 gratia,
2323 611 2416 665 sed
2437 621 2491 664 et
2517 610 2945 678 promissionum
2981 616 3113 670 spe.
3166 598 3289 652 Sed
3333 597 3492 651 hunc
3531 596 3586 650 in
3612 610 3713 665 quo

2095 699 2143 751 ei
2167 700 2350 766 positae
2373 709 2497 753 sunt
2523 697 2913 765 promissiones
2947 703 3181 757 magnae
3234 687 3366 739 istae
3396 694 3459 739 et
3490 685 3709 738 mirabi-

2096 787 2172 841 les
2202 830 2216 854 ,
2252 789 2411 851 hunc,
2448 788 2685 853 inquam,
2718 783 2886 835 ﬁlimn
2944 779 2999 832 in
3030 791 3153 845 quo
3185 782 3468 829 vocatum
3495 782 3583 827 est
3619 788 3711 827 no-

2094 891 2213 931 men
2244 878 2359 941 ejus
2397 876 2690 937 Abraham,
2733 871 3132 925 holocaustum
3183 863 3443 918 Domino
3486 861 3712 931 iubetur

2092 966 2281 1020 oﬁerre
2310 967 2362 1019 in
2397 979 2502 1017 uno
2527 978 2592 1017 ex
2618 960 2914 1015 montibus.
2944 957 3098 1023 Quid
3132 965 3194 1009 tu
3221 954 3297 1007 ad
3322 955 3472 1018 haec,
3492 967 3527 1006 o
3546 952 3714 1006 Abra-

2093 1054 2249 1106 ham?
2274 1051 2400 1115 Quae
2421 1057 2474 1103 et
2497 1048 2685 1115 quales
2709 1044 3088 1114 cogitationes
3109 1048 3439 1094 moventur
3474 1039 3530 1090 in
3556 1038 3712 1092 corde

2095 1141 2218 1195 tuo?
2249 1138 2456 1191 Prolata
2484 1146 2567 1190 est
2594 1149 2693 1189 vox
2722 1150 2750 1188 a
2784 1135 2918 1194 Deo,
2953 1146 3086 1199 qua:
3116 1129 3412 1182 discutiat
3440 1135 3498 1180 et
3523 1127 3709 1195 probet

2094 1230 2245 1282 ﬁdem
2275 1238 2437 1281 tuam.
2466 1226 2603 1291 Quid
2625 1224 2692 1277 ad
2718 1223 2834 1276 haec
2867 1221 3051 1276 dicis?
3085 1219 3244 1285 Quid
3276 1217 3545 1284 cogitas?
3575 1217 3706 1283 Quid

2092 1315 2382 1371 retractas?
2404 1315 2636 1368 Putasne
2659 1312 2893 1366 revolvis
2922 1312 2980 1363 in
3012 1311 3202 1364 corde
3235 1319 3365 1373 tuo,
3398 1308 3560 1376 quia,
3589 1307 3706 1360 siin

2088 1405 2234 1461 lsaac
2254 1406 2372 1459 data
2395 1414 2477 1458 est
2511 1402 2637 1456 mihi
2672 1401 3058 1470 repromissio,
3109 1401 3273 1454 hunc
3314 1408 3512 1454 autem
3543 1399 3707 1454 oli'ero

2096 1495 2487 1556 holocaustum,
2508 1499 2761 1561 superest
2785 1499 2843 1544 ut
2878 1504 2991 1543 non
3027 1498 3314 1559 speretur
3341 1489 3456 1542 ulla
3485 1492 3708 1557 promis-

2101 1587 2180 1639 sio
2212 1583 2365 1655 (46)?
2393 1583 2496 1637 Aut
2528 1581 2697 1649 magis
2734 1580 2820 1631 illa
2860 1579 3085 1647 cogitas
3134 1588 3197 1631 et
3233 1577 3411 1641 dicis,
3447 1576 3578 1647 quia
3611 1578 3703 1630 im-

2092 1674 2342 1743 possibile
2369 1681 2448 1726 est
2475 1670 2689 1725 mentiri
2714 1684 2836 1722 eum
2881 1669 2976 1735 qui
3021 1668 3413 1736 repromisit;
3446 1668 3705 1736 quidquid

2090 1761 2218 1815 illud
2242 1761 2419 1823 fuerit,
2440 1758 2727 1828 promissio
2750 1758 3150 1827 permanebit?
3182 1759 3560 1827 Verum'ego,
3584 1759 3701 1826 quia

2092 1851 2341 1920 minimus
2389 1864 2525 1912 sum,
2586 1848 2717 1901 tanti
2768 1848 3115 1915 patriarcha:
3158 1849 3562 1917 cogitationes
3597 1864 3699 1902 non

2090 1939 2240 1993 valeo
2280 1936 2625 2007 perscrutari,
2675 1949 2778 1987 nec
2824 1935 2971 1987 scire
3013 1949 3296 2001 possum,
3326 1951 3435 1989 vox
3468 1935 3561 1989 Dei
3590 1949 3701 2005 qua:

2090 2025 2152 2079 ad
2188 2024 2491 2078 tentandum
2522 2036 2640 2076 eum
2661 2031 3033 2089 processerat,
3067 2038 3223 2090 quas
3257 2025 3311 2077 ei
3339 2025 3700 2091 cogitationes

2089 2113 2332 2176 moverit,
2381 2111 2507 2180 quid
2539 2111 2702 2163 animi
2736 2111 3011 2175 attulerit,
3063 2126 3201 2164 cum
3230 2111 3541 2179 iuberetur
3586 2114 3699 2167 uni-

2091 2215 2207 2254 cum
2253 2198 2518 2267 iugulare.
2565 2196 2671 2250 Sed
2721 2197 2983 2264 quoniam
3024 2200 3271 2265 spiritus
3317 2200 3698 2267 prophetarum

2087 2287 2342 2356 prophetis
2372 2286 2629 2354 subjectus
2669 2294 2741 2337 est
2777 2285 2844 2348 “,
2875 2285 3093 2342 Paulus
3144 2290 3451 2358 apostolus
3482 2290 3574 2361 qui
3608 2305 3698 2360 per

2090 2376 2356 2443 spiritum,
2387 2372 2566 2437 credo,
2593 2372 2861 2425 didicerat
2889 2374 3025 2440 quid
3067 2377 3285 2441 animi,
3314 2378 3453 2445 quid
3491 2380 3695 2433 consilii

2090 2462 2357 2515 Abraham
2383 2460 2628 2526 gesserit,
2660 2459 2925 2512 indicavit
2981 2461 3193 2517 dicens
3218 2464 3269 2495 “
3299 2481 3315 2516 :
3358 2465 3506 2520 Fide
3530 2468 3694 2520 Abra-

2089 2554 2208 2606 ham
2234 2568 2332 2604 non
2360 2551 2634 2615 haesitavit,
2665 2566 2781 2603 cum
2824 2553 3043 2606 unicum
3081 2556 3347 2623 offerret,
3382 2559 3439 2610 iu
3468 2575 3573 2627 quo
3608 2574 3695 2611 ac-

2090 2650 2289 2712 ceperat
2337 2641 2785 2707 repromissiones,
2841 2643 3093 2711 cogitans
3146 2647 3293 2712 quia
3336 2657 3388 2699 et
3418 2666 3452 2700 a
3484 2649 3696 2701 mortuis

2090 2747 2205 2786 eum
2236 2729 2485 2782 suscitare
2509 2737 2685 2793 potens
2735 2738 2812 2781 est
2847 2730 3013 2784 Deus.
3071 2732 3348 2790 Prodidit
3377 2752 3513 2805 ergo
3552 2739 3697 2791 nobis

2093 2820 2438 2889 cogitationes
2470 2818 2567 2870 viri
2602 2817 2773 2871 ﬁdelis
2821 2818 3152 2887 Apostolus,
3206 2827 3364 2893 quod
3427 2828 3564 2881 ﬁdes
3618 2841 3698 2881 re-

503 2914 581 2969 De
609 2929 666 2967 eo
694 2914 829 2982 quod
859 2913 1036 2966 obtulit
1085 2913 1347 2966 Abraham
1385 2912 1551 2980 ﬁlium
1595 2928 1742 2966 suum
1784 2907 1954 2966 Isaac.
2019 2941 2062 2997 α
2095 2906 2443 2962 surrectionis
2481 2907 2589 2975 iam
2635 2916 2744 2959 tum
2804 2906 2999 2961 haberi
3063 2915 3325 2981 coeperit.
3399 2916 3453 2969 in
3522 2917 3691 2970 Isaac.

535 3004 587 3057 ς.
606 3004 864 3058 Adhibete
879 3004 978 3056 huc
995 3018 1171 3068 aures,
1185 3004 1273 3070 qui
1298 3002 1600 3055 accessistis
1616 3002 1679 3054 ad
1696 3001 1991 3065 Dominum,

465 3093 555 3160 qui
587 3092 768 3147 ﬁdeles
793 3106 910 3147 esse
939 3106 1032 3145 vos
1063 3092 1296 3155 creditis,
1325 3101 1378 3144 et
1408 3092 1742 3145 considerate
1769 3091 1993 3159 diligen-

467 3186 573 3237 tius
619 3181 1060 3250 quemadmodum
1115 3180 1344 3234 ﬁdelium
1378 3179 1506 3233 ﬁdes
1536 3179 1791 3247 probatur
1816 3192 1879 3232 ex
1910 3179 1993 3232 his

467 3286 585 3339 qua:
623 3271 841 3323 recitata
886 3278 1009 3323 sunt
1038 3269 1208 3323 nobis.
1267 3269 1331 3321 Et
1360 3269 1554 3337 factum
1588 3277 1684 3332 est,
1725 3267 1893 3336 inquit
1926 3267 1991 3332 ³⁸,

465 3370 577 3427 post
607 3361 714 3412 haec
744 3359 914 3422 verba,
954 3361 1164 3411 tentavit
1194 3357 1328 3411 Deus
1352 3358 1632 3424 Abraham,
1661 3366 1705 3409 et
1737 3357 1867 3410 dixit
1900 3358 1949 3409 ei
1973 3373 1991 3410 :

466 3448 750 3512 Abraham,
773 3447 1051 3500 Abraham.
1085 3447 1148 3499 Et
1175 3446 1262 3499 ille
1296 3448 1455 3499 dixit:
1475 3444 1606 3499 Ecce
1622 3461 1734 3513 ego.
1759 3446 1991 3500 Observa

467 3535 672 3604 singula
701 3550 818 3602 qua:
847 3536 1048 3600 scripta
1079 3545 1220 3587 sunt.
1285 3534 1337 3587 lu
1383 3535 1606 3603 singulis
1631 3535 1770 3588 enim
1802 3536 1845 3589 si
1874 3537 1992 3602 quis

467 3626 568 3679 scit
590 3625 641 3678 in
664 3625 824 3677 altum
849 3625 1050 3685 fodere,
1078 3623 1312 3677 inveniet
1340 3623 1993 3689 thesaurum;etl‘ortassis

467 3718 629 3769 etiam
680 3715 767 3770 ubi
813 3729 917 3769 non
974 3715 1331 3777 existimatur,
1396 3713 1563 3767 latent
1621 3717 1992 3784 mysteriorum

465 3815 700 3886 pretiosa
727 3814 962 3871 monilia.
992 3814 1186 3867 Abram
1210 3814 1499 3868 vocabatur
1540 3813 1624 3865 .vir
1665 3812 1766 3865 iste
1810 3812 1989 3880 prius,

464 3918 522 3964 et
568 3922 829 3975 nusquam
878 3905 1101 3973 legimus
1147 3904 1288 3972 quod
1331 3902 1431 3955 hoc
1468 3901 1679 3954 homine
1721 3900 1993 3954 vocaverit

465 4009 585 4050 eum
634 3994 792 4057 Deus,
844 4001 939 4046 aut
982 3991 1176 4046 dixerit
1225 3991 1294 4053 ei,
1348 3991 1569 4053 Abram,
1616 3991 1830 4041 Abram.
1880 3987 1991 4041 Non

466 4087 607 4141 enim
643 4099 672 4135 a
694 4083 810 4135 'Deo
847 4079 1027 4133 vocari
1084 4086 1292 4146 poterat
1328 4079 1541 4132 nomine
1575 4078 1799 4132 delendo
1822 4116 1839 4141 ,
1899 4077 1991 4131 sed

468 4181 626 4227 vocat
656 4186 781 4225 eum
815 4169 916 4222 hoc
945 4167 1160 4222 nomine
1201 4166 1342 4234 quod
1380 4168 1493 4231 ipse
1521 4167 1771 4231 donavit,
1806 4176 1860 4221 et
1886 4182 1990 4220 non

2094 2999 2361 3052 Abraham
2409 3011 2535 3063 ergo
2581 3008 3025 3053 resurrecturum
3078 3006 3365 3071 sperabat
3420 3007 3592 3070 lsaae,
3646 3014 3697 3060 et

2093 3086 2341 3140 credebat
2379 3083 2489 3154 (l7)
2538 3084 2812 3149 futurum,
2857 3090 3008 3156 quod
3054 3092 3254 3147 adhuc
3296 3110 3409 3149 non
3453 3107 3575 3149 erat
3614 3095 3696 3150 l’a-

2093 3182 2257 3229 ctum.
2289 3173 2567 3238 Quomodo
2583 3187 2711 3242 ergo
2738 3175 2831 3227 ﬁlii
2850 3185 2981 3229 sunt
3012 3179 3348 3248 Abraham,
3375 3186 3469 3252 qui
3494 3185 3693 3239 factum

2093 3277 2197 3315 non
2231 3261 2459 3315 credunt
2489 3262 2543 3313 in’
2566 3260 2809 3326 Christo,
2842 3271 2987 3332 quod
3023 3268 3117 3322 ille
3154 3270 3420 3329 futurum
3467 3277 3697 3331 credidit

2093 3352 2144 3405 in
2191 3350 2373 3404 Isaac?
2413 3350 2541 3413 lino,
2594 3358 2652 3403 ut
2697 3354 2939 3419 apertius
2974 3357 3217 3424 loquar,
3258 3364 3479 3419 sciebat
3528 3367 3582 3420 in
3632 3381 3688 3420 se

2092 3439 2359 3493 Abraham
2405 3437 2595 3491 futura:
2643 3440 2889 3494 veritatis
2931 3442 3252 3511 imaginem
3313 3452 3693 3519 praeformari,

2092 3528 2295 3581 sciebat
2324 3528 2389 3580 de
2422 3527 2624 3580 semine
2656 3543 2755 3581 suo
2786 3533 3139 3587 nasciturum
3170 3537 3500 3604 Christum,
3532 3541 3623 3609 qui
3646 3551 3697 3592 et

2090 3616 2392 3671 efferendus
2427 3628 2568 3671 esset
2604 3619 2766 3672 totius
2803 3621 2992 3675 mundi
3038 3625 3245 3681 verior
3279 3629 3500 3695 hostia,
3528 3640 3585 3686 et
3611 3645 3697 3685 re-

2093 3716 2432 3760 surrecturus
2468 3720 2496 3758 a
2527 3708 2776 3761 mortuis.

2158 3815 2213 3868 2.
2230 3814 2332 3868 Sed
2362 3830 2501 3868 nunc
2527 3814 2740 3868 interim
2771 3817 3027 3883 tentabat,
3054 3820 3335 3890 inquit”,
3372 3827 3519 3882 Deus
3541 3827 3699 3881 Abra-

2092 3907 2213 3959 ham
2250 3916 2295 3958 et
2323 3906 2446 3957 dicit
2469 3907 2534 3957 ad
2562 3921 2675 3957 eum
2706 3924 2726 3961 :
2765 3907 2956 3975 Accipe
2984 3909 3173 3977 ﬁlium
3229 3925 3394 3969 tuum
3451 3917 3699 3971 charissi-

2092 4010 2231 4046 mam
2275 4009 2423 4062 quem
2471 3993 2666 4061 diligis.
2724 3993 2839 4047 Non
2902 3996 3052 4050 enim
3118 3981 3443 4060 suffecerat
3500 4006 3698 4060 dixisse

2093 4082 2277 4147 ﬁlium,
2313 4084 2403 4136 sed
2438 4082 2685 4149 adiicitur
2721 4091 2775 4136 et
2821 4083 3235 4145 charissimam.
3277 4093 3420 4149 Esto
3460 4105 3519 4149 et
3552 4096 3694 4149 hoc:

2096 4172 2220 4239 quid
2248 4172 2422 4225 adhuc
2446 4170 2664 4224 additur
2685 4181 2741 4225 et
2771 4188 2926 4239 quem
2981 4176 3176 4245 diligis
3196 4181 3224 4233 2
3267 4181 3383 4237 Sed
3416 4184 3550 4240 vide
3578 4193 3688 4238 ten-

467 4266 641 4321 solum
681 4271 836 4319 vocat
867 4276 986 4316 eum
1020 4263 1121 4315 hoc
1151 4261 1364 4316 nomine
1385 4301 1397 4319 ,
1443 4260 1544 4312 .sed
1589 4267 1646 4312 et
1681 4258 1991 4327 ingeminat.
2027 4240 2071 4295 Ῑ)
2100 4261 2317 4315 talionis
2355 4262 2581 4327 pondus.
2605 4260 2798 4314 Charis
2836 4274 2893 4314 et
2922 4240 3193 4322 dulcibus
3218 4273 3700 4340 appellationibus

467 4355 706 4422 Cumque
767 4351 854 4405 ille
911 4349 1269 4414 respondisset
1310 4365 1325 4402 :
1370 4346 1505 4402 Ecce
1557 4363 1668 4416 ego,
1732 4346 1861 4400 dicit
1922 4346 1993 4399 ad

362 4433 385 4451 ’
468 4459 588 4500 eum
609 4443 652 4475 "
672 4460 687 4497 :
708 4441 892 4509 Accipe
904 4439 1083 4508 ﬁlium
1107 4448 1249 4491 tuum
1274 4437 1630 4491 charissimam
1647 4451 1794 4505 quem
1816 4434 1992 4504 diligis

466 4530 644 4593 Isaac,
670 4541 717 4582 et
747 4528 929 4596 o/l'eres
957 4524 1083 4577 mihi
1107 4540 1244 4577 eum.
1290 4522 1460 4588 Vade,
1494 4523 1687 4591 inquit,
1718 4524 1773 4575 in
1803 4531 1992 4576 terram

466 4622 746 4684 excelsam,
784 4626 834 4672 et
866 4618 937 4670 ibi
985 4615 1168 4684 olferes
1216 4629 1330 4667 eum
1384 4613 1741 4666 holocaustum
1778 4613 1834 4666 in
1887 4628 1993 4666 uno

468 4727 534 4767 ea:
578 4710 855 4773 montibus,
899 4719 1049 4774 quem
1089 4703 1355 4756 ostendero
1388 4701 1500 4754 tibi.
1539 4699 1740 4754 Nomen
1781 4701 1994 4768 quidem

470 4815 567 4856 cur
599 4798 649 4851 ei
689 4795 964 4852 donaverit
994 4795 1154 4859 Deus,
1180 4803 1234 4848 et
1258 4791 1529 4847 vocaverit
1556 4805 1676 4844 eum
1700 4790 1995 4856 Abraham,

469 4887 586 4956 ipse
608 4885 986 4951 interpretatus
1013 4890 1117 4947 est,
1146 4881 1266 4950 quia
1299 4889 1529 4944 patrem,
1558 4879 1730 4946 inquit
1753 4876 1823 4942 ⁸⁸,
1863 4878 2000 4930 mul-

471 4986 643 5029 tarum
668 4972 897 5041 gentium
917 4971 1066 5039 posui
1088 4980 1156 5023 te.
1186 4968 1334 5022 Hanc
1356 4966 1820 5035 repromissionem
1853 4966 2000 5019 dedit

465 5063 572 5134 81
605 5062 652 5116 ei
682 5061 839 5125 Deus,
873 5074 996 5115 cum
1031 5058 1250 5113 haberet
1288 5057 1449 5111 lilium
1481 5056 1692 5122 lsmael,
1721 5057 1815 5110 sed
1843 5057 2004 5125 polli-

538 5180 583 5213 ³⁸
619 5177 802 5232 Matth.
840 5191 933 5240 xx,
970 5175 1057 5230 50.

469 5263 582 5313 xsv,
608 5247 696 5302 32.
792 5245 839 5275 δ’
873 5238 1036 5298 Hebr.
1070 5258 1148 5307 st,
1178 5243 1262 5295 l7.
1355 5239 1401 5273 “
1424 5240 1616 5294 Cenes.
1643 5253 1777 5301 xxtt,
1815 5238 1866 5302 l,
1897 5238 1953 5291 2.

540 5385 690 5455 (45)
746 5384 848 5438 Per
903 5380 1241 5455 Euangeiium
1284 5377 1401 5432 Dei.
1445 5376 1579 5431 Tres
1642 5389 1772 5429 mss.
1822 5373 1994 5430 Turu-

471 5448 684 5517 neitses,
707 5467 795 5519 per
826 5448 1065 5521 angelum
1096 5448 1209 5500 Dei.
1582 5510 1593 5521 ο
1658 5510 1668 5519 .

544 5512 768 5591 μενέω
798 5512 924 5575 mss.
955 5517 1097 5573 Alias
1123 5528 1284 5579 vero,
1309 5512 1400 5566 illa
1425 5512 1723 5581 promissio.

1155 5173 1198 5205 ⁸⁷
1238 5171 1600 5242 Psal_._c_ztx3tt,
1637 5169 1774 5235 4,5.
1821 5170 2119 5242 _”_Genes.
2163 5184 2295 5237 xm,
2327 5170 2380 5223 l.
2454 5168 2499 5201 ³⁸
2519 5170 2659 5233 ibid.
2689 5177 2747 5233 2.
2816 5170 3321 5242 ‘°»Genes.xvn,5.

2098 4351 2289 4403 iterum
2323 4363 2387 4403 ac
2415 4362 2555 4416 stripe
2599 4349 2868 4414 repetitis,
2904 4355 3129 4417 paterni
3172 4361 3539 4417 suscitantur
3572 4361 3699 4415 ειπε-

2095 4448 2236 4503 ctus,
2262 4447 2320 4492 ut
2342 4437 2541 4492 amoris
2559 4437 2850 4505 evigilante
2880 4444 3152 4497 memoria
3181 4448 3256 4502 ad
3293 4450 3698 4506 immolandum

2098 4527 2262 4581 ﬁlium
2303 4536 2521 4595 paterna
2558 4524 2781 4579 dextera
2822 4528 3216 4586 retardaretur
3244 4576 3262 4601 ,
3316 4549 3379 4591 et
3432 4541 3700 4593 adversus

2097 4614 2253 4669 ﬁdem
2281 4613 2445 4667 animi
2478 4622 2585 4666 tota
2616 4612 2799 4668 carnis
2823 4612 3017 4669 militia
3068 4633 3450 4691 repugnaret,
3478 4628 3700 4682 additur

2096 4703 2407 4758 tentationis
2462 4710 2705 4770 tempore
2734 4719 2757 4754 ς
2794 4700 3007 4767 Accipe,
3069 4706 3284 4778 inquit,
3341 4730 3483 4784 ergo
3527 4716 3700 4783 [ilium

2096 4799 2241 4842 tuum
2279 4787 2660 4855 charissimum,
2685 4801 2830 4858 quem
2862 4790 3270 4857 diligis,lsaac.
3312 4800 3481 4866 Esto,
3512 4802 3698 4856 Domi-

2096 4892 2182 4943 ne,
2207 4878 2329 4945 quia
2357 4890 2748 4931 commcmoras
2774 4876 2838 4929 de
2866 4876 2977 4929 ﬁlio
3006 4892 3251 4951 patrem,
3285 4889 3460 4945 addis
3490 4901 3552 4946 ei
3571 4891 3699 4944 σιω.

2097 4968 2379 5027 rissimum,
2409 4978 2569 5033 quem
2611 4964 2859 5037 praecipis
2882 4965 3149 5035 iugulari.
3175 4973 3446 5034 Sulﬁeiat
3490 4981 3596 5036 hoc
3628 4981 3697 5034 ad

2098 5057 2419 5126 supplicium
2442 5059 2651 5123 patris.
2700 5058 2867 5115 Addis
2893 5073 3145 5128 rursum,
3182 5074 3244 5119 et
3281 5085 3453 5138 quem
3485 5073 3695 5143 diligis.

3432 5184 3483 5219 δι
3507 5184 3533 5241 l
3561 5183 3694 5242 Cor.

2164 5373 2280 5450 ἒ(47)
2319 5373 2485 5450 Alias,
2533 5388 2786 5446 credidii,
2821 5382 2882 5438 Et
2922 5382 3086 5450 paulo
3142 5384 3281 5439 inl'ra
3308 5424 3325 5448 ,
3379 5391 3587 5445 sciebat
3641 5409 3697 5447 se

2104 5441 2364 5496 Abraham
2390 5441 2599 5509 futurae
2630 5441 2864 5516 υωὲίῇιιξι
2892 5441 3173 5523 imaginem
3200 5441 3587 5524 préformari.
