3922 6228
280 277 392 337 105

1515 285 1582 339 ΙΝ
1614 283 1905 340 GENESlM
1939 282 2213 339 HOMILIA
2243 283 2376 339 Vill.

3403 274 3505 328 206

292 391 424 445 Sint
452 396 501 442 et
519 384 565 437 in
577 354 884 467 ὶιοενδτθῖδξῖ
903 368 1232 440 \ﬂp‘icata
1261 395 1722 465 supplicia.Quid
1745 415 1876 467 opus
1903 404 1947 460 Δ
1972 399 2058 453 die
2094 398 2249 453 on‘crt
2278 398 2596 452 sacriﬁcium
2643 398 2768 459 Deo,
2798 406 2852 452 et
2878 399 2930 451 in
2954 398 3041 451 die
3075 396 3227 450 tertia
3256 392 3506 463 puriﬁcav

297 485 394 531 est
423 474 579 530 adhuc
596 475 648 521 ut
671 463 1061 555 com-“legions
1085 479 1156 526 et
1180 472 1365 535 Isaac
1382 463 1660 555 INunquid
1679 463 1880 543 nescie-

303 563 409 616 bat
443 558 681 615 Abraham
708 547 824 621 quia
845 541 1000 606 imus
1033 571 1190 616 suus
1234 565 1342 625 ille
1374 541 1756 638 charissimus,
1785 541 1880 629 ille

310 661 484 716 quem
508 644 749 712 diligebat,
779 637 931 694 isaac
944 654 1455 715 voearetur?.Sed
1484 675 1579 714 cur
1605 663 1706 717 hoc
1733 637 1881 716 addi-

311 745 406 788 tur
444 737 501 789 in
548 729 800 800 tempore?
835 727 908 785 lit
953 739 1378 798 recordaretur
1435 748 1702 803 Abraham
1755 751 1881 819 quia

312 821 541 878 dixeras
555 824 614 877 ad
628 837 742 877 eum
761 821 891 891 quod
914 820 970 875 in
1000 821 1173 880 Isaac
1191 834 1479 888 vocabitur
1506 838 1602 889 tibi
1628 853 1797 891 semen
1813 838 1878 901 “,

305 920 367 967 et
392 913 542 979 quod
568 912 620 965 in
650 910 793 965 isaac
817 921 978 965 erunt
1013 914 1114 969 tibi
1172 922 1653 987 repromissiones.
1700 924 1785 978 Fit
1827 934 1882 979 et

306 1001 762 1054 commemoratio
802 1002 1066 1069 nominis,
1102 1015 1169 1061 ut
1216 1017 1276 1063 et
1316 1013 1733 1078 promissionum
1764 1031 1881 1085 qua:

302 1088 412 1140 sub
444 1088 559 1142 hoc
596 1091 808 1145 nonnae
837 1090 996 1146 factae
1023 1103 1178 1159 sunt,
1216 1098 1524 1168 desperatio
1549 1105 1754 1157 subeat.
1775 1103 1880 1157 Sed

302 1173 425 1227 haec
450 1177 667 1239 omnia,
697 1178 818 1245 quia
852 1182 1092 1234 tentabat
1124 1183 1271 1238 Deus
1297 1186 1589 1241 Abraham.

370 1262 430 1315 5.
469 1264 626 1328 Quid
658 1270 948 1333 posthaec?
989 1269 1159 1347 Vade,
1182 1273 1362 1340 inquit
1385 1276 1449 1338 “,
1477 1276 1530 1328 in
1560 1285 1748 1329 terram
1791 1294 1880 1332 ex-

293 1352 507 1405 celsam
538 1357 601 1408 in
628 1372 789 1409 unum
815 1374 878 1411 ex
906 1360 1192 1428 montibus,
1220 1379 1370 1432 quem
1402 1365 1495 1417 tibi
1521 1367 1800 1428 ostendero,
1833 1376 1881 1421 et

292 1442 373 1495 ibi
400 1459 533 1495 eum
570 1447 769 1511 o/I‘eres
807 1448 1193 1505 holocaustum.
1243 1452 1519 1505 Intuemini
1553 1468 1647 1520 per
1673 1455 1879 1524 singula

292 1534 601 1601 quomodo
626 1536 764 1589 ﬁunt
787 1540 1103 1594 tentationis
1121 1552 1430 1611 augmenta.
1459 1542 1596 1595 Vade
1613 1545 1665 1596 in
1692 1555 1880 1599 terram

290 1622 613 1675 excelsam.
639 1620 893 1691 Nunquid
914 1640 1016 1679 non
1036 1636 1282 1695 potuerat
1306 1629 1423 1682 duci
1446 1630 1592 1698 prius
1618 1631 1879 1684 Abraham

289 1722 423 1761 cum
462 1724 660 1777 puero
708 1713 775 1765 ad
823 1713 968 1766 illam
1016 1723 1217 1769 terram
1269 1718 1550 1782 excelsam,
1585 1726 1638 1772 et
1683 1720 1881 1788 imponi

289 1796 456 1863 prius
508 1798 577 1851 in
612 1808 853 1852 montem
891 1814 1268 1869 quemcunque
1307 1803 1576 1870 delegerat
1608 1806 1881 1872 Dominus,

291 1892 349 1936 et
380 1884 459 1936 ibi
498 1885 579 1938 ad
613 1902 741 1940 eum
777 1887 885 1940 dici
924 1897 986 1941 ut
1023 1888 1245 1943 oll'erret
1278 1889 1479 1943 ﬁlium?
1514 1891 1616 1947 Sed
1664 1895 1809 1961 prius
1833 1894 1883 1947 ei

291 1971 509 2027 dicitur
540 1975 683 2042 quia
715 1976 920 2031 oﬁ'erre
945 1979 1137 2032 debeat
1167 1978 1329 2032 ﬁlium
1362 1994 1536 2044 suum,
1567 1992 1621 2034 et
1655 1981 1883 2048 tuncju-

295 2058 462 2114 betur
495 2063 587 2115 ire
618 2064 679 2116 in
710 2073 916 2118 terram
940 2066 1240 2129 excelsam,
1262 2074 1317 2120 et
1346 2067 1632 2121 ascendere
1655 2069 1706 2121 in
1732 2084 1886 2122 πηοτιυ-

298 2156 430 2205 tem.
464 2150 597 2215 Quo
628 2153 740 2206 hoc
784 2155 1034 2221 spectat?
1066 2154 1135 2209 Ut
1180 2154 1304 2207 dum
1347 2155 1603 2221 ambulat,
1637 2157 1758 2210 dum
1786 2157 1886 2210 iter

296 2238 433 2307 agit,
456 2238 577 2306 'per
616 2249 794 2294 totam
820 2245 968 2294 viam
1003 2242 1415 2310 cogitationibus
1444 2244 1794 2310 discerpatur,
1829 2252 1887 2298 ut

296 2326 433 2380 hinc
473 2339 826 2396 perurgente
859 2340 1152 2398 praecepto,
1200 2331 1326 2384 hinc
1372 2346 1498 2385 vero
1528 2333 1668 2385 unici
1695 2332 1886 2386 affectu

298 2414 633 2469 obluctante
659 2418 966 2469 crucietur.
982 2416 1270 2483 Propterea
1287 2432 1415 2485 ergo
1430 2419 1586 2470 etiam
1606 2420 1688 2471 via
1707 2419 1887 2488 injun-

299 2501 471 2569 gitur,
499 2505 681 2556 etiam
709 2506 916 2557 montis
934 2505 1198 2570 ascensio,
1220 2514 1276 2559 ut
1304 2507 1355 2559 in
1380 2507 1462 2561 his
1490 2508 1739 2560 omnibus
1769 2520 1887 2573 spa-

303 2587 440 2642 tium
461 2592 804 2645 certaminis
820 2591 1290 2660 accipiataﬂectus
1316 2604 1369 2647 et
1387 2594 1536 2659 ﬁdes,
1554 2609 1704 2648 amor
1723 2594 1811 2650 Dei
1834 2604 1890 2651 et

300 2689 458 2729 amor
471 2681 698 2742 carnis,
721 2681 1075 2747 praesentium
1095 2684 1264 2750 gratia
1282 2692 1331 2736 et
1345 2684 1668 2751 exspectatio
1682 2682 1888 2737 futuro-

301 2779 447 2819 rum.
468 2766 725 2821 Mittitur
748 2784 886 2838 ergo
917 2773 971 2823 in
991 2780 1187 2824 terram
1208 2771 1684 2837 excelsam,etnon
1699 2771 1889 2825 suﬂicit

300 2856 645 2920 patriarcha:
701 2868 917 2911 tantum
948 2874 1084 2927 opus
1132 2861 1353 2914 Domino
1401 2869 1687 2926 peracturo
1741 2869 1885 2914 terra

301 2942 545 3008 excelsa,
583 2945 697 2998 sed
729 2954 788 2998 et
813 2958 1052 3000 montem
1084 2946 1300 3014 iubetur
1329 2949 1617 3002 ascendere
1638 2986 1654 3012 ,
1679 2949 1885 3004 scilicet
1909 2978 1951 3035 ρ

302 3038 362 3080 ut
382 3029 493 3082 ﬁde
513 3032 712 3085 elatus
739 3041 959 3087 terrena
987 3034 1324 3103 derelinquat
1346 3044 1401 3090 et
1427 3034 1493 3089 ad
1515 3050 1743 3103 superna
1765 3051 1886 3090 con-

297 3119 549 3173 scendat.

367 3208 427 3264 4.
470 3209 744 3263 Surrexit
764 3228 889 3279 ergo
912 3212 1180 3265 Abraham
1207 3228 1378 3278 mane,
1401 3225 1450 3266 et
1481 3218 1660 3268 stravit
1688 3216 1889 3270 asinam

300 3310 479 3359 suam,
516 3308 569 3352 et
606 3300 853 3351 concidit
885 3298 1030 3367 ligna
1053 3301 1123 3352 ad
1156 3302 1537 3355 holocaustum.
1582 3303 1648 3356 Et
1697 3306 1889 3372 accepit

298 3383 660 3450 ﬁliumsuum
692 3387 884 3453 Isaac,
915 3396 966 3441 et
996 3390 1131 3441 duos
1155 3405 1363 3456 pueros,
1395 3400 1443 3444 et
1466 3394 1690 3460 pervenit
1715 3396 1781 3445 ad
1812 3393 1892 3445 loc

301 3486 446 3537 cum,
488 3490 658 3543 quem
702 3476 915 3529 dixerat
961 3478 1011 3528 ei
1062 3476 1198 3530 Deus
1239 3479 1321 3529 die
1360 3481 1512 3532 tertia
1540 3480 1605 3532 ⁸⁸.
1650 3479 1890 3534 Surrexit

293 3560 583 3617 Abraham
619 3579 812 3618 mane.
850 3565 1006 3629 Quod
1036 3567 1243 3621 addidit
1268 3584 1439 3631 mane,
1472 3569 1749 3623 ostendere
1776 3568 1887 3622 for-

298 3660 446 3704 tasse
477 3653 692 3716 voluit,
720 3654 850 3720 quia
886 3654 1102 3721 initium
1133 3655 1268 3709 lucis
1299 3657 1600 3724 splenderet
1642 3658 1692 3710 in
1727 3657 1888 3710 corde

294 3739 436 3805 ejus.
494 3742 728 3796 Stravit
801 3743 1021 3797 asinam
1070 3758 1264 3811 suam,
1333 3744 1473 3813 ligna
1536 3744 1885 3812 praeparavit,

294 3832 608 3899 assumpsit
633 3832 834 3885 tilium.
869 3832 990 3885 Non
1020 3833 1300 3897 deliberat,
1332 3848 1437 3886 non
1466 3834 1747 3894 detractat,
1780 3846 1887 3885 non

288 3922 686 3973 communicat
719 3934 843 3973 cum
875 3920 990 3973 ullo
1014 3920 1234 3975 homine
1266 3921 1570 3984 consilium,
1594 3924 1684 3974 sed
1707 3921 1885 3979 statim

288 4016 537 4074 occupat
592 4009 734 4061 iter.
767 4006 839 4059 Et
886 4011 1143 4076 pervenit,
1177 4008 1368 4075 inquit,
1417 4010 1483 4060 ad
1523 4009 1710 4069 locum,
1737 4022 1886 4075 quem

282 4097 511 4151 dixerat
533 4100 589 4151 ei
615 4099 891 4151 Dominus
920 4099 1007 4150 die
1028 4098 1209 4150 tertia.
1240 4099 1438 4153 Omitto
1472 4113 1613 4151 nunc
1642 4097 1764 4164 quid
1796 4110 1885 4149 sa-

280 4187 572 4239 cramenti
624 4188 917 4239 contineat
945 4188 1066 4239 dies
1096 4186 1278 4249 tertia,
1316 4187 1632 4253 sapientiam
1676 4193 1730 4238 et
1757 4199 1885 4238 con-

1980 495 2082 540 tur.
2113 486 2177 540 Et
2202 487 2530 541 resurrectio
2559 486 2766 540 Domini
2798 485 2953 538 tertia
2980 495 3062 538 est
3087 485 3207 551 die;
3253 492 3308 539 et
3337 483 3500 538 multa

1978 572 2081 626 alia
2110 572 2252 626 intra
2280 573 2414 626 hanc
2434 571 2574 625 diem
2610 572 2860 640 mysteria
2892 572 3292 625 concluduntur.

2046 661 2097 715 5.
2122 661 2434 728 Respiciens,
2471 659 2642 728 inquit
2659 660 2726 725 ",
2763 660 3024 712 Abraham
3067 661 3192 713 vidit
3241 660 3410 714 locum
3439 660 3503 714 de

1978 750 2146 818 longe,
2174 759 2219 803 et
2238 750 2369 802 dixit
2395 751 2465 801 ad
2490 764 2674 813 pueros
2702 764 2820 801 suos
2844 763 2863 801 :
2889 747 3067 801 Sedete
3085 749 3165 800 hic
3187 765 3303 801 cum
3328 750 3499 813 asina,

1979 854 2067 908 ego
2106 849 2275 892 autem
2304 846 2350 891 et
2369 854 2494 906 puer
2514 838 2699 891 ibimus
2736 853 2892 906 usque
2920 837 3065 903 illuc,
3097 845 3145 891 et
3179 852 3291 890 cum
3311 838 3503 890 adora-

1977 930 2215 988 verimus,
2250 938 2556 980 revertemur
2595 927 2661 979 ad
2701 941 2811 979 vos.
2862 927 3067 980 Pueros
3115 926 3353 981 dimittit.
3384 926 3500 980 Non

1978 1014 2117 1067 enim
2166 1021 2408 1080 poterant
2453 1012 2741 1066 ascendere
2768 1013 2919 1078 pueri
2970 1027 3090 1065 cum
3134 1012 3405 1066 Abraham
3433 1011 3503 1066 ad

1980 1101 2274 1155 holocausti
2314 1100 2486 1154 locum
2514 1113 2669 1166 quem
2696 1100 3001 1152 ostenderat
3029 1100 3188 1152 Deus.
3221 1097 3323 1151 Vos
3348 1112 3502 1164 ergo,

1978 1191 2169 1258 inquit,
2202 1191 2402 1253 sedete;
2427 1205 2516 1257 ego
2542 1197 2709 1241 autem
2733 1197 2777 1241 et
2812 1189 2986 1256 infans
3023 1187 3233 1251 ibimus,
3283 1199 3331 1242 et
3380 1203 3499 1241 cum

1978 1278 2379 1341 adoraverimus,
2396 1287 2702 1330 revertemur
2717 1277 2783 1328 ad
2797 1292 2907 1329 vos.
2933 1277 3025 1329 Dic
3042 1277 3190 1340 mihi,
3208 1276 3502 1340 Abraham,

1979 1383 2161 1421 verum
2191 1367 2324 1420 dicis
2351 1366 2415 1419 ad
2443 1379 2655 1433 pueros,
2681 1365 2818 1433 quod
2847 1365 3057 1429 adores,
3087 1374 3143 1419 et
3170 1366 3351 1419 redeas
3381 1380 3501 1419 cum

1978 1455 2201 1518 infante,
2233 1469 2299 1508 an
2333 1453 2512 1507 fallis?
2546 1452 2601 1506 Si
2632 1466 2814 1505 verum
2850 1452 3002 1516 dicis,
3045 1467 3173 1521 ergo
3204 1467 3308 1505 non
3342 1452 3503 1508 facies

1979 1542 2502 1598 eumholocaustum.
2528 1539 2583 1595 Si
2608 1540 2765 1604 fallis,
2791 1548 2992 1594 tantum
3018 1541 3374 1609 patriarcham
3398 1556 3502 1596 non

1983 1629 2131 1682 decet
2158 1629 2361 1684 fallere.
2392 1628 2529 1693 Quid
2561 1626 2700 1679 enim
2729 1628 2892 1681 animi
2931 1628 2982 1680 in
3014 1637 3065 1682 te
3105 1629 3304 1683 indicat
3329 1643 3504 1683 sermo

1912 1693 1953 1747 Β
1981 1718 2110 1772 hic?
2153 1717 2371 1783 Verum,
2417 1718 2610 1786 inquit,
2656 1718 2794 1782 dico,
2837 1726 2891 1771 et
2935 1717 3294 1772 holocaustum
3339 1716 3504 1772 offero

1980 1821 2221 1874 puerum.
2275 1806 2471 1859 Idcirco
2500 1807 2638 1858 enim
2670 1805 2809 1872 ligna
2854 1819 3058 1859 mecum
3102 1815 3275 1873 porto,
3307 1814 3501 1859 etcum

1982 1893 2094 1962 ipso
2127 1894 2280 1947 redeo
2312 1894 2376 1947 ad
2414 1908 2529 1947 vos.
2574 1893 2744 1948 Credo
2795 1892 2933 1945 enim
2973 1901 3025 1945 et
3064 1893 3194 1946 ﬁdes
3228 1907 3345 1946 mea
3392 1893 3505 1946 haec

1980 1991 2079 2045 est,
2124 1984 2261 2051 quod
2312 1993 2358 2036 et
2405 1999 2436 2035 a
2477 1983 2692 2036 mortuis
2741 1984 2991 2036 suscitare
3040 1998 3151 2037 eum
3192 1990 3377 2051 potens
3428 1991 3506 2036 est

1981 2069 2118 2123 Deus
2144 2071 2208 2121 ⁸⁸.

2052 2159 2102 2211 ϐ.
2140 2157 2264 2211 Post
2288 2160 2396 2213 htec
2439 2161 2654 2228 accepit,
2679 2160 2851 2227 inquit
2880 2160 2946 2223 δ’,
2976 2159 3236 2213 Abraham
3270 2160 3409 2229 ligna
3434 2161 3503 2214 ad

1983 2247 2360 2310 holocaustum,
2393 2257 2442 2301 ct
2488 2249 2819 2316 superposuit
2855 2265 2913 2301 ea
2955 2246 3109 2301 Isaac
3150 2249 3257 2316 ﬁlio
3293 2265 3412 2312 suo,
3455 2258 3505 2301 et

1984 2337 2178 2404 accepit
2206 2337 2369 2404 ignem
2392 2337 2444 2389 in
2471 2337 2707 2389 manibus
2728 2338 2857 2399 suis,
2893 2345 2939 2388 et
2978 2336 3230 2404 gladium,
3273 2346 3320 2389 et
3362 2337 3507 2389 abie-

1986 2434 2101 2476 runt
2133 2423 2307 2477 simul.
2355 2423 2504 2488 Quod
2553 2424 2665 2492 ipse
2714 2423 2813 2476 sibi
2865 2423 3003 2489 ligna
3034 2423 3098 2475 ad
3136 2422 3503 2477 holocaustum

1985 2519 2163 2578 portat
2190 2510 2355 2573 Isaac,
2395 2511 2480 2563 illa
2523 2512 2688 2580 ﬁgura
2716 2519 2816 2573 est,
2855 2508 2995 2577 quod
3024 2517 3077 2563 et
3102 2510 3345 2564 Christus
3391 2511 3508 2578 ipse

1984 2599 2083 2651 sibi
2130 2598 2383 2667 bajulavit
2426 2612 2662 2661 crucem,
2701 2605 2756 2651 et
2791 2606 2962 2651 tamen
3010 2606 3228 2665 portare
3270 2597 3409 2666 ligna
3436 2600 3506 2651 ad

1984 2686 2349 2740 holocaustum
2380 2686 2676 2739 sacerdotis
2703 2684 2929 2740 cilicium
2966 2693 3066 2740 est.
3117 2685 3202 2738 Fit
3236 2699 3364 2752 ergo
3393 2685 3507 2752 ipse

1985 2775 2178 2836 hostia,
2210 2782 2262 2827 et
2287 2774 2557 2827 sacerdos.
2587 2773 2689 2827 Sed
2711 2782 2764 2828 et
2794 2773 2932 2841 quod
2947 2773 3184 2839 additur,
3197 2783 3244 2826 et
3272 2774 3508 2827 abierunt

1985 2863 2133 2917 ambo
2159 2861 2332 2925 simul,
2373 2862 2436 2914 ad
2468 2863 2569 2915 hoc
2614 2861 2861 2916 refertur.
2893 2861 3024 2915 Cum
3063 2860 3203 2913 enim
3236 2861 3507 2914 Abraham

1984 2950 2125 3002 velut
2143 2948 2534 3023 sacriﬁcaturus
2559 2949 2730 3017 ignem
2748 2957 2984 3016 portaret
3010 2956 3063 3003 et
3087 2947 3337 3012 cultrum,
3365 2948 3509 3001 Isaac

1989 3053 2095 3091 non
2128 3037 2272 3090 vadit
2295 3045 2413 3104 post
2448 3036 2640 3104 ipsum,
2685 3039 2778 3090 sed
2812 3051 2930 3090 cum
2956 3036 3090 3105 ipso,
3120 3044 3178 3089 ut
3199 3036 3509 3090 ostendatur

1987 3108 2105 3178 cum
2132 3124 2247 3193 ipso
2269 3123 2472 3191 pariter
2500 3123 2643 3192 fungi
2674 3122 2995 3176 sacerdotio.
3025 3121 3162 3186 Quid
3209 3129 3327 3189 post
3355 3119 3509 3174 haec!

1986 3210 2149 3276 Dixit,
2200 3210 2372 3278 inquit
2400 3211 2467 3273 ⁸ο,
2501 3209 2656 3262 Isaac
2702 3209 2768 3261 ad
2797 3208 3055 3260 Abraham
3088 3216 3285 3273 patrem
3314 3221 3463 3260 suum
3486 3220 3508 3258 :

1986 3297 2163 3352 Pater.
2187 3297 2251 3351 Et
2273 3299 2380 3350 haec
2410 3312 2504 3364 pro
2533 3306 2767 3362 tempore
2794 3309 2822 3346 a
2850 3294 2958 3348 ﬁlio
2975 3294 3175 3361 prolata
3201 3294 3508 3347 tentationis

1986 3394 2067 3439 est
2096 3400 2213 3438 vox.
2237 3385 2509 3450 Quomodo
2537 3384 2676 3437 enim
2712 3393 2864 3451 putas
2885 3381 3236 3435 immolandas
3259 3380 3398 3434 ﬁlius
3415 3395 3508 3449 per

1985 3474 2123 3528 hanc
2145 3489 2323 3527 vocem
2351 3474 2554 3526 viscera
2586 3479 2804 3539 paterna
2831 3470 3142 3524 concussit?
3172 3471 3236 3524 Et
3263 3469 3507 3539 quamvis

1985 3565 2252 3619 Abraham
2277 3563 2490 3631 rigidior
2514 3569 2651 3616 esset
2672 3575 2768 3630 pro
2793 3560 2912 3621 ﬁde,
2945 3559 3116 3611 reddit
3143 3569 3315 3612 tamen
3344 3559 3508 3613 etiam

1987 3654 2098 3721 ipse
2119 3652 2416 3705 all'ectionis
2446 3665 2656 3713 vocem,
2687 3657 2742 3702 et
2772 3647 3043 3716 respondit
3067 3661 3078 3694 :
3107 3645 3243 3709 Quid
3269 3654 3363 3711 est,
3389 3646 3510 3712 fili?

1985 3741 2049 3794 At
2077 3740 2163 3792 ille
2189 3754 2208 3790 :
2237 3743 2389 3804 Ecce,
2443 3740 2618 3807 inquit
2641 3739 2709 3802 ⁸¹,
2747 3738 2878 3804 ignis
2901 3747 2946 3789 et
2972 3736 3132 3804 ligna,
3163 3736 3248 3789 ubi
3280 3736 3386 3789 ovis
3432 3744 3510 3788 est

1986 3831 2052 3882 ad
2086 3829 2481 3882 holocaustum?
2516 3827 2595 3880 Ad
2619 3828 2727 3879 hwc
2749 3825 3008 3890 respondit
3032 3825 3291 3877 Abraham
3315 3838 3335 3875 :
3372 3822 3508 3874 Deus

1983 3919 2263 3988 providebit
2292 3919 2391 3970 sibi
2419 3933 2556 3970 orem
2586 3917 2652 3968 ad
2681 3913 3057 3978 holocaustum,
3088 3914 3187 3982 ﬁli.
3222 3912 3395 3966 Movet
3425 3923 3509 3963 me

1986 4008 2215 4062 Abrahae
2264 4007 2397 4059 satis
2432 4005 2653 4075 diligens
2681 4013 2735 4058 et
2761 4010 2913 4056 cauta
2966 4002 3263 4069 responsio.
3314 3997 3508 4054 Nescio

1984 4095 2108 4165 quid
2137 4094 2347 4147 videbat
2380 4094 2430 4145 in
2469 4092 2679 4160 spiritu,
2709 4091 2836 4158 quia
2857 4104 2961 4144 non
2995 4089 3059 4143 de
3098 4087 3366 4157 praesenti,
3417 4087 3511 4141 sed

1985 4184 2050 4238 de
2073 4183 2248 4235 futuro
2282 4181 2446 4234 dicit:
2478 4179 2613 4231 Deus
2639 4178 2914 4244 providebit
2939 4176 3046 4241 ipse
3086 4176 3184 4227 sibi
3215 4189 3393 4237 ovem;
3429 4172 3513 4226 fu-

279 4273 474 4326 silium
509 4275 797 4327 tentantis
828 4274 1070 4325 intueor.
1104 4272 1199 4325 Sic
1227 4274 1279 4325 in
1330 4273 1575 4340 proximo
1615 4288 1720 4327 non
1767 4282 1887 4327 erat
1913 4266 1959 4319 Ῑ)
1990 4283 2109 4326 tura
2147 4269 2418 4337 respondit
2447 4268 2556 4320 ﬁlio
2584 4268 2648 4320 de
2678 4266 3026 4334 praesentibus
3058 4263 3366 4333 requirenti.
3392 4262 3512 4331 Ipso

278 4377 439 4417 mons
454 4364 693 4431 aliquis,
710 4377 845 4416 cum
861 4372 1032 4415 totum
1047 4369 1304 4428 ageretur
1318 4362 1370 4413 in
1385 4362 1668 4425 montibus,
1685 4363 1776 4417 sed
1791 4377 1888 4430 per

278 4450 524 4506 triduum
545 4453 666 4505 iter
677 4450 1057 4518 protenditur,
1075 4463 1137 4503 ut
1157 4464 1253 4517 per
1273 4458 1439 4502 totum
1458 4451 1683 4504 triduum
1708 4465 1890 4504 recur-

273 4539 534 4594 santibus
586 4539 784 4600 curis,
818 4547 1049 4605 paterna
1080 4538 1292 4590 viscera
1314 4541 1634 4603 crucientur,
1660 4548 1715 4592 et
1742 4537 1885 4591 omni

276 4629 379 4684 hoc
407 4630 604 4699 spatio
635 4627 769 4697 (48)
802 4636 912 4680 tam
968 4625 1201 4694 prolixo
1236 4625 1534 4680 intueretur
1578 4628 1745 4681 ﬁlium
1777 4626 1884 4694 82

272 4728 453 4783 pater,
480 4719 688 4774 cibum
728 4730 859 4768 cum
892 4729 961 4768 eo
1017 4722 1299 4776 sumeret,
1349 4718 1422 4766 tot
1465 4716 1709 4769 noctibus
1754 4727 1886 4782 puer

274 4797 547 4872 penderet
586 4806 650 4859 in
702 4803 1071 4870 amplexibus
1106 4802 1311 4868 patris,
1346 4801 1627 4857 inbmreret
1659 4802 1883 4871 pectori,

275 4895 548 4949 cubitaret
595 4894 658 4947 in
678 4893 902 4962 gremio
923 4891 948 4942 ἲ
969 4888 1126 4941 Vide
1148 4888 1454 4954 inquantum
1472 4892 1693 4943 tentatio
1704 4903 1888 4943 cumu-

274 4980 437 5039 latur.
462 4984 670 5038 Tertia
711 4991 901 5035 tamen
946 4980 1083 5032 dies
1122 4990 1343 5042 semper
1367 4986 1479 5044 apta
1499 4978 1558 5031 ﬁt
1585 4991 1890 5033 sacramen-

281 5069 366 5126 tis.
395 5072 538 5124 Nam
562 5081 623 5125 et
671 5070 915 5138 populus
950 5078 1105 5120 cum
1141 5063 1344 5116 exisset
1372 5065 1432 5117 de
1452 5064 1701 5134 Egypto,
1731 5064 1887 5117 tertia

1993 4374 2220 4427 namque
2239 4358 2337 4411 sibi
2371 4355 2628 4408 Dominus
2655 4367 2808 4407 ovem
2848 4352 3158 4421 providebat
3191 4352 3245 4405 in
3271 4351 3507 4417 Christo,

1991 4447 2113 4514 quia
2134 4453 2187 4498 et
2203 4444 2456 4511 sapientia
2474 4443 2583 4508 ipsa
2601 4441 2697 4493 sibi
2718 4441 2928 4492 domum
2945 4438 3220 4506 wdiﬁcavit
3236 4440 3306 4502 ",
3327 4448 3380 4493 et
3398 4440 3512 4507 ipso

1988 4552 2041 4589 se
2056 4534 2336 4588 humiliavit
2359 4547 2515 4600 usque
2530 4531 2598 4582 ad
2615 4542 2823 4583 mortem
2835 4529 2901 4581 ’δε
2919 4536 2972 4581 et
2991 4528 3168 4583 omnia
3186 4539 3511 4595 quascunque

1990 4624 2183 4693 legeris
2239 4625 2304 4676 de
2347 4621 2581 4686 Christo,
2636 4633 2742 4672 non
2791 4618 3130 4683 necessitate,
3179 4616 3271 4671 sed
3320 4623 3510 4685 sponte

1987 4714 2129 4766 facta
2154 4711 2410 4779 reperies.

2052 4800 2107 4852 7.
2143 4797 2484 4850 Perrexerunt
2512 4810 2631 4864 ergo
2667 4794 2841 4856 ambo,
2882 4802 2928 4847 et
2965 4800 3207 4845 venerunt
3236 4790 3304 4843 ad
3340 4789 3506 4843 locum

1986 4903 2135 4957 quem
2183 4887 2386 4938 dixerat
2431 4885 2476 4937 ei
2527 4882 2662 4935 Deus
2700 4883 2770 4934 “.
2802 4880 3008 4949 Moyses
3038 4893 3157 4931 cum
3182 4878 3415 4932 venisset
3442 4879 3510 4930 ad

1986 4961 2160 5027 locum
2211 4984 2365 5038 quem
2414 4968 2647 5022 ostendit
2694 4966 2744 5020 ei
2807 4965 2976 5026 Deus,
3031 4977 3135 5015 non
3184 4961 3510 5029 permittitur

1990 5062 2302 5119 ascendere,
2338 5058 2428 5110 sed
2458 5064 2580 5108 ante
2621 5053 2669 5106 ei
2726 5053 2921 5106 dicitur
2945 5040 2989 5082 “
3020 5065 3036 5102 :
3066 5047 3213 5102 Solve
3234 5045 3506 5113 corrigiam

370 5162 419 5194 “
446 5131 803 5219 Cenem-xxvi,
825 5158 939 5219 i2;
974 5154 1169 5205 Rom.
1195 5166 1273 5212 rx,
1300 5153 1357 5215 7;
1379 5131 1650 5219 Habui—rt.
1683 5153 1780 5215 l8;
1835 5147 2190 5219 Gal.nt,16._
2242 5148 2286 5219 ξπ
2313 5146 2670 5219 (ienesz‘xlm,
2698 5141 2754 5194 2.
2827 5137 3016 5219 “ibid.
3039 5137 3091 5219 ζ).
3122 5133 3430 5219 ἢξζιίριῖἰάἱρ.

926 5216 982 5253 δ’
1009 5220 1245 5281 Genes.
1275 5233 1393 5283 ml,
1428 5216 1481 5270 6.
1626 5221 1671 5253 '°
1699 5220 1826 5273 ibid.
1856 5220 1909 5270 6.

279 5227 323 5259 "
354 5230 518 5284 Hebr.
586 5244 673 5290 ιι,
734 5227 826 5278 19.
926 5227 982 5253 δ’
1009 5227 1245 5281 Genes.
1275 5233 1373 5272 χχιι

279 5294 318 5326 ’⁸
339 5297 535 5349 Cenes.
563 5311 716 5349 xm.
755 5292 811 5346 9.
890 5282 946 5321 ⁸⁸
983 5283 1196 5337 Exod.
1228 5299 1303 5349 tu,
1329 5286 1375 5339 5.

274 5294 318 5326 ”
339 5297 535 5352 Cenes.
563 5311 716 5359 xm,
755 5292 811 5346 9.

346 5385 452 5454 με)
489 5383 583 5454 33¢
607 5395 748 5435 "'55-
781 5375 1102 5454 A“”*,-_.“._
1121 5374 1677 5454 ,ξθῖἷξὲνηηίνίίένυπέ
1698 5371 1883 5454 rex???

277 5433 754 5504 .drh'eriaidmr
773 5453 829 5496 ut
861 5433 1036 5493 omni
1061 5433 1182 5508 hac
1196 5439 1366 5508 spatio.
1385 5438 1566 5508 Paulo
1599 5447 1716 5508 post
1733 5437 1887 5490 iidem

281 5498 799 5583 ἶίιῖξξὼῖἀόἆὶὺω
820 5517 982 5575 pater
1007 5498 1304 5565 rendam.
1338 5504 1485 5559 Alias
1527 5498 1656 5573 puer
1683 5506 1885 5568 deerat,

2014 5195 2059 5249 ίῖ
2086 5195 2214 5271 ibid.
2243 5216 2296 5282 7,
2323 5195 2532 5267 87"“
2563 5195 2719 5265 Prov.
2749 5223 2826 5272 ιι,
2881 5207 2934 5258 l.
3042 5205 3088 5236 ει
3119 5202 3310 5269 Philip.
3351 5212 3412 5261 ιι,
3449 5195 3503 5248 8.

1986 5377 2040 5423 et
2070 5367 2372 5421 adverbium
2406 5380 2614 5432 semper,
2630 5359 2765 5429 quod
2796 5374 2861 5413 ex
2890 5371 3014 5432 mss.
3068 5349 3502 5432 restituimusmin

1992 5421 2169 5504 phrasi
2200 5450 2316 5501 quae
2346 5433 2478 5485 infra
2504 5421 2749 5504 habetur,
2795 5425 2943 5479 tertia
2972 5434 3139 5474 tamen
3169 5421 3274 5471 dies
3310 5429 3506 5482 semper

1991 5499 2109 5572 apta
2131 5504 2187 5572 ﬁt
2209 5499 2563 5556 sacramentis.
