3922 6296
394 273 494 328 ΏΟΊ

1833 262 2146 318 OlthENlS

3649 254 3776 311 208

391 383 724 437 catceamenti
771 382 833 433 de
860 380 1072 448 pedibus
1122 381 1243 434 tuis.
1287 380 1511 432 Abrahae
1536 376 1672 432 nihil
1720 380 1905 432 hormn
1938 383 1981 437 Α
2011 378 2259 446 ντωΐθτιε
2305 379 2429 442 Deo,
2477 393 2581 433 non
2631 377 2960 446 agnosceris
3009 374 3166 444 quia
3213 371 3493 425 timeas
3540 366 3775 424 Deum.

389 471 607 531 dicitur,
650 478 703 520 et
734 468 901 531 Isaac,
953 469 1044 521 sed
1093 468 1409 531 ascendunt,
1438 481 1533 529 nec
1555 467 1910 520 calceamenta

393 561 680 627 deponunt.
715 559 767 610 In
793 574 897 626 quo
922 557 1006 610 illa
1033 556 1275 611 fortassis
1300 567 1380 610 est
1416 557 1573 619 ratio,
1600 556 1737 621 quod
1765 555 1911 624 Moy-

388 660 496 708 ses,
521 646 762 713 quamvis
792 654 933 699 esset
965 659 1209 713 magnus,
1242 652 1416 696 tamen
1449 644 1513 695 de
1547 641 1771 711 Egypto
1820 657 1909 695 ve-

389 734 585 796 niebat,
617 744 669 787 et
697 743 851 787 erant
882 735 1056 801 aliqua
1095 733 1431 787 mortalitatis
1453 734 1661 786 vincula
1688 733 1908 799 pedibus

387 823 499 887 ejus
544 822 754 877 innexa.
802 822 1070 874 Abraham
1110 838 1235 874 vero
1270 832 1321 874 et
1361 821 1503 875 Isaac
1543 823 1671 874 nihil
1719 823 1904 875 horum

387 912 605 975 habent,
658 912 750 965 sed
800 912 1020 964 veniunt
1047 911 1110 962 ad
1146 912 1342 975 locum,
1380 911 1606 964 aedificat
1636 911 1904 965 Abraham

386 1000 577 1062 altare,
628 1000 854 1066 imponit
902 1000 1044 1065 ligna
1082 1014 1239 1066 super
1285 999 1453 1052 altare
1504 998 1634 1068 (49),
1692 999 1907 1067 colligat

385 1101 627 1154 puerum,
662 1096 925 1152 praeparat
965 1101 1023 1138 se
1057 1086 1118 1137 ad
1172 1087 1541 1154 jugulandum.
1587 1087 1731 1138 Multi
1775 1087 1905 1139 estis

384 1185 563 1242 patres
612 1176 663 1227 in
712 1175 947 1227 Ecclesia
982 1175 1102 1237 Dei,
1157 1176 1246 1240 qui
1299 1176 1409 1227 haec
1457 1176 1697 1227 audistis.
1745 1174 1905 1228 Putas

384 1264 576 1331 aliquis
604 1273 838 1316 vestrum
862 1276 928 1315 ex
968 1262 1075 1329 ipsa
1112 1262 1344 1314 historiae
1368 1263 1673 1315 narratione
1705 1270 1902 1314 tantum

383 1352 716 1414 constantiae,
765 1360 967 1405 tantum
1001 1351 1162 1403 animi
1212 1352 1374 1405 robur
1399 1349 1663 1417 acquirit,
1695 1358 1752 1402 ut
1781 1363 1902 1402 cum

382 1441 521 1494 forte
565 1441 828 1493 amittitur
864 1441 1001 1495 ﬁlius
1026 1451 1194 1493 morte
1223 1440 1512 1501 communi,
1557 1448 1610 1491 et
1661 1439 1904 1491 amnibus

383 1530 578 1592 debita,
630 1530 839 1585 etiamsi
891 1530 961 1583 sit
1008 1531 1218 1594 unicus,
1279 1529 1490 1582 etiamsi
1531 1528 1601 1582 sit
1649 1528 1900 1590 dilectus,

380 1619 610 1672 adducat
634 1618 733 1671 sibi
788 1618 839 1670 in
871 1619 1168 1682 exemplum
1222 1618 1519 1679 Abraham,
1549 1624 1602 1668 et
1630 1614 1903 1683 magnani-

2017 481 2111 519 nec
2134 467 2341 519 dicetur
2366 468 2429 519 de
2465 475 2539 531 te,
2580 467 2706 533 quia
2738 480 2890 517 nunc
2937 460 3221 532 cognovi
3269 456 3455 525 quia
3539 455 3776 507 timeas

2017 563 2067 606 tu
2102 554 2284 607 Deum.
2320 553 2384 605 Et
2417 562 2591 607 tamen
2629 552 3125 607 considerandum
3167 555 3320 610 est,
3354 543 3529 612 quia
3573 554 3775 610 ange-

2014 640 2094 693 lus
2129 643 2241 694 ltaee
2277 640 2506 693 refertur
2532 641 2597 693 ad
2642 640 2929 693 Abraham
2993 638 3301 698 locutus,
3372 642 3449 686 et
3508 631 3670 700 quia
3708 630 3771 683 iu

2012 731 2456 798 cottsetpxentilms
2482 728 2765 782 evidenter
2803 730 2895 781 hic
2930 727 3212 796 angelus
3258 722 3618 778 Dominus
3665 733 3771 774 os-

2015 818 2259 870 tenditur.
2291 817 2442 871 Unde
2479 826 2605 885 puto
2642 818 2785 884 quod
2824 817 2975 870 sicut
3012 815 3200 868 inter
3256 827 3398 865 nos
3456 809 3770 864 homines

2010 905 2191 957 habitu
2225 914 2466 972 repertus
2495 913 2661 957 estut
2704 905 2893 965 homo,
2944 904 3026 956 ita
3076 910 3153 955 et
3219 902 3425 954 inter
3495 898 3768 968 angelos

2013 993 2195 1047 habili]
2226 1002 2306 1047 est
2334 1002 2582 1061 repertus
2622 1004 2679 1045 ut
2726 992 2964 1062 angelus
3015 992 3190 1060 (50).
3253 992 3348 1045 Et
3405 990 3631 1060 ipsius
3660 1004 3766 1044 se—

2012 1091 2236 1150 quentes
2261 1082 2561 1150 exentplum
2594 1082 2768 1149 angeli
2831 1083 2886 1134 in
2943 1082 3107 1136 caelo
3170 1082 3520 1134 laetantur
3572 1092 3769 1144 super

2008 1185 2114 1223 uno
2143 1179 2425 1236 peccatore
2461 1171 2838 1238 pmnilentiam
2870 1180 3093 1239 agente
3140 1171 3229 1232 “,
3289 1178 3364 1223 et
3406 1169 3498 1223 de
3541 1166 3761 1237 ιιι-οἴει

2007 1258 2177 1310 ctibns
2204 1258 2474 1311 hominum
2504 1259 2825 1327 gloriantur.
2878 1260 2992 1328 lpsi
3026 1260 3215 1312 enim
3264 1258 3472 1311 velut
3519 1273 3763 1326 procu—

2008 1348 2262 1400 rationem
2285 1348 2585 1400 animarum
2616 1357 2938 1401 nostrarum
2973 1355 3243 1414 tenent,
3280 1347 3579 1417 quibus.
3612 1349 3762 1400 dum

2009 1435 2179 1488 adlmc
2210 1436 2415 1502 parvuli
2444 1451 2652 1503 sumus,
2686 1436 2838 1490 velut
2890 1437 3218 1490 tutoribus
3281 1446 3360 1491 et
3414 1436 3765 1490 actoribus

2006 1525 2386 1577 committimur
2431 1539 2603 1592 usque
2652 1527 2722 1578 ad
2767 1525 3135 1593 przeﬁnitum
3213 1537 3514 1595 tempus
3567 1542 3604 1580 a
3647 1522 3764 1579 Pa-

2008 1624 2087 1666 tre
2119 1613 2184 1665 “.
2216 1613 2277 1665 Et
2309 1613 2550 1682 ipsiergo
2573 1628 2717 1666 nunc
2756 1615 2823 1667 de
2855 1614 3140 1681 profectu
3196 1616 3762 1685 uniuscujusque

380 1708 616 1759 mitatem
651 1705 763 1770 ejus
792 1716 914 1759 ante
940 1707 1119 1760 oculos
1145 1705 1423 1774 ponat?Et
1451 1705 1658 1773 quidem
1681 1718 1707 1754 a
1728 1712 1779 1755 te
1797 1717 1898 1755 non
1931 1689 1973 1747 Β
2003 1711 2238 1754 nostrum
2275 1702 2481 1765 dicunt,
2515 1705 2637 1770 quia
2669 1720 2812 1757 nunc
2860 1705 3126 1771 cognovi
3190 1706 3374 1775 quia
3436 1715 3510 1759 tu
3575 1705 3764 1761 times

379 1796 613 1863 exigitur
656 1796 794 1849 istud
828 1796 988 1847 animi
1025 1795 1419 1863 magnitudinis,
1472 1803 1528 1847 nt
1556 1795 1665 1860 ipse
1714 1792 1897 1862 alliges

372 1884 566 1946 .ﬁlium,
616 1884 726 1950 ipse
757 1883 1111 1949 constringas,
1147 1881 1258 1949 ipse
1301 1880 1530 1947 gladium
1564 1894 1734 1947 pares,
1790 1880 1903 1946 ipse

378 1968 836 2039 unicumjugules.
867 1969 985 2023 llaec
1013 1970 1187 2021 omnia
1220 1984 1247 2020 a
1273 1978 1321 2021 te
1352 1968 1596 2036 mysteria
1624 1981 1724 2018 non
1758 1981 1901 2035 quae—

379 2067 588 2111 runtur.
631 2057 909 2125 Proposito
939 2058 1126 2110 saltem
1156 2064 1210 2109 et
1252 2065 1424 2108 mente
1464 2066 1718 2108 constans
1766 2062 1899 2117 esto,

379 2147 484 2199 llde
536 2145 674 2199 llxus
723 2146 872 2197 lactus
908 2145 1039 2198 oller
1087 2143 1245 2196 filium
1300 2144 1423 2197 Deo.
1472 2143 1597 2195 Esto
1655 2142 1901 2193 sacerdos

378 2236 566 2288 anima:
597 2234 688 2287 lilii
726 2235 819 2289 tui.
853 2233 1191 2287 Sacerdotem
1213 2241 1386 2286 autem
1416 2231 1770 2284 immolantem
1798 2230 1902 2281 Deo

378 2337 481 2374 non
509 2322 662 2375 decet
703 2320 851 2374 flere.
889 2322 981 2373 Vis
1017 2321 1194 2373 videre
1218 2321 1336 2386 quia
1364 2320 1592 2386 exigitur
1621 2320 1719 2371 hoc
1760 2333 1788 2370 a
1814 2317 1905 2371 te?

364 2408 433 2461 .In
467 2409 747 2477 Evangelio
768 2410 1021 2462 Dominus
1042 2409 1168 2460 dicit
1195 2408 1239 2438 “
1267 2424 1280 2460 :
1308 2406 1367 2460 Si
1405 2408 1501 2474 ﬁlii
1536 2407 1793 2459 Abraham
1822 2421 1903 2457 cs-

366 2501 515 2562 tsetis,
548 2515 698 2563 opera
735 2499 909 2565 utique
935 2498 1154 2551 Abrahte
1192 2498 1450 2564 faceretis.
1485 2496 1619 2549 Ecce
1658 2496 1795 2548 istud
1823 2500 1903 2547 est

374 2601 507 2654 opus
533 2588 776 2640 Abrahae.
810 2586 984 2639 Facite
1013 2601 1172 2653 opera
1196 2601 1311 2653 qua:
1351 2584 1474 2638 fecit
1499 2585 1785 2646 Abraham,
1810 2582 1900 2635 scd

378 2690 484 2728 non
532 2690 652 2729 cum
697 2677 948 2730 tristitia:
995 2675 1231 2727 Hilarem
1265 2677 1397 2727 enim
1447 2675 1677 2726 datorem
1730 2672 1901 2741 diligit

381 2767 518 2819 Deus
546 2768 610 2818 ⁸⁷.
644 2766 792 2831 Quod
826 2771 870 2820 si
898 2775 953 2819 et
981 2781 1074 2820 vos
1103 2775 1207 2819 tam
1236 2768 1457 2833 prompti
1488 2764 1713 2828 fueritis,
1738 2779 1766 2815 a
1795 2763 1901 2816 Deo

380 2857 589 2909 dicetur
620 2856 772 2909 vobis
802 2857 849 2889 ⁸⁸
888 2871 900 2902 τ
937 2857 1161 2907 Asceude
1187 2857 1238 2907 in
1269 2864 1456 2907 terram
1478 2852 1748 2912 excelsam.
1769 2861 1814 2903 et
1847 2852 1900 2903 in

377 2955 603 2997 montem
624 2960 769 3013 quem
799 2944 1064 2997 ostendero
1094 2945 1202 3007 tibi,
1237 2953 1289 2996 et
1320 2942 1389 2995 ibi
1419 2940 1546 2994 oller
1576 2941 1701 2993 mihi
1735 2941 1897 2992 ﬁlium

380 3044 549 3086 tuum.
580 3033 692 3086 Non
731 3035 780 3086 in
809 3033 1080 3100 profundis
1114 3042 1285 3096 terra},
1316 3047 1410 3085 nec
1444 3032 1492 3082 in
1537 3030 1779 3083 convalle
1806 3028 1900 3082 lle-

379 3132 484 3183 tus,
518 3123 608 3174 sed
656 3122 708 3172 in
757 3122 876 3173 altis
906 3131 959 3174 et
992 3119 1215 3173 excelsis
1252 3120 1519 3172 montibus
1563 3118 1694 3171 otler
1737 3117 1900 3169 tilium

380 3220 549 3261 tuum.
591 3207 819 3263 Ostende
846 3210 967 3276 quia
1013 3208 1143 3261 fides
1175 3209 1224 3260 in
1260 3208 1543 3260 Dominum
1589 3207 1777 3260 fortior
1822 3214 1903 3258 est

375 3310 535 3364 quam
569 3296 744 3349 carnis
770 3296 1007 3353 allectus.
1057 3296 1284 3348 Amabat
1315 3297 1479 3357 enim,
1511 3295 1699 3362 inquit,
1735 3294 1900 3346 Abra—

377 3384 499 3461 ham
539 3383 685 3436 lsaac
718 3384 879 3436 tilium
913 3399 1087 3445 suum,
1116 3384 1209 3436 sed
1249 3384 1415 3435 amori
1449 3383 1625 3436 carnis
1670 3383 1900 3448 praetulit

377 3486 614 3526 amorem
647 3472 757 3537 Dei,
788 3483 838 3526 et
870 3474 1112 3526 inventus
1138 3464 1220 3525 est
1253 3488 1355 3525 non
1393 3474 1441 3525 in
1474 3471 1760 3525 visceribus
1783 3485 1903 3522 car-

375 3560 486 3623 nis,
524 3560 615 3613 sed
658 3561 708 3612 in
738 3561 1029 3615 visceribus
1058 3561 1277 3622 Christi,
1308 3561 1356 3612 id
1395 3570 1477 3613 εει
1523 3562 1574 3611 in
1610 3559 1899 3612 visceribus

375 3650 524 3701 verbi
557 3648 647 3702 Dei
673 3658 726 3703 et
761 3650 1000 3702 veritatis
1028 3657 1077 3702 et
1109 3649 1402 3716 sapientiae.

443 3737 495 3789 8.
524 3736 791 3799 Extendit,
825 3737 994 3804 inqutt
1017 3737 1082 3801 ",
1107 3736 1367 3787 Abraham
1394 3751 1602 3787 manum
1637 3750 1807 3795 suam,
1840 3741 1894 3784 ut

371 3828 624 3893 acciperet
648 3826 901 3894 gladium,
928 3824 1254 3891 etjugularet
1277 3824 1443 3889 [ilium
1471 3838 1645 3881 suum,
1673 3832 1720 3873 et
1748 3836 1897 3874 voca-

370 3917 438 3966 vit
466 3930 579 3966 eum
608 3914 817 3981 angelus
852 3913 1055 3964 Domini
1083 3914 1145 3964 de
1174 3917 1319 3975 cado,
1344 3922 1388 3963 et
1415 3912 1547 3962 dixit
1572 3923 1591 3960 :
1616 3910 1895 3968 Abraham,

371 4001 654 4053 Abraham.
681 4002 740 4051 At
767 4000 851 4051 ille
881 4001 1008 4051 dixit
1039 4015 1050 4048 :
1082 4000 1212 4051 Ecce
1251 4016 1358 4067 ego.
1391 3998 1454 4048 Et
1479 4000 1615 4049 dixit
1646 4013 1664 4049 :
1704 3994 1783 4047 Ne
1816 3996 1897 4046 in-

365 4089 521 4156 jicias
564 4104 770 4139 manum
817 4098 956 4138 luant
1000 4104 1151 4154 super
1174 4104 1408 4152 puerum,
1462 4104 1617 4156 neque
1651 4088 1813 4151 facias
1848 4088 1896 4139 ei

367 4178 668 4243 quidquam.
704 4174 856 4227 Nunc
885 4177 1016 4228 enim
1048 4179 1255 4242 cognovi
1287 4178 1408 4243 quia
1442 4186 1495 4227 tu
1530 4180 1674 4229 times
1704 4177 1891 4229 Deum.

371 4267 426 4318 In
459 4266 557 4318 hoc
586 4280 711 4332 ergo
737 4280 977 4318 sermone
1017 4265 1151 4318 solet
1179 4264 1336 4330 objici
1369 4266 1516 4317 nobis
1537 4304 1550 4323 ,
1585 4267 1721 4333 quod
1754 4266 1891 4321 Deus
1924 4282 1965 4335 ι)
1995 4263 2115 4314 ham
2142 4265 2288 4316 audit
2324 4266 2463 4317 hanc
2503 4281 2711 4329 vocem,
2744 4277 2801 4320 et
2838 4270 3053 4328 dicitur
3090 4281 3172 4332 ad
3218 4301 3407 4345 eum
3457 4297 3523 4329 es

370 4370 512 4407 nunc
562 4369 618 4407 se
667 4356 976 4422 cognovisse
1027 4355 1187 4419 dicat,
1236 4356 1357 4422 quia
1406 4356 1671 4408 Abraham
1710 4357 1892 4410 timeat

370 4441 559 4505 Deum,
584 4443 733 4509 quasi
762 4444 846 4509 qui
889 4452 1010 4494 ante
1047 4434 1385 4510 ignoraverit.
1412 4445 1625 4498 Sciebat
1673 4445 1812 4497 Deus
1840 4457 1895 4499 et

370 4544 474 4584 non
523 4546 640 4583 eum
696 4531 910 4590 latebat,
961 4531 1154 4598 quippe
1189 4534 1275 4598 qui
1317 4535 1462 4584 novit
1508 4535 1686 4587 onmia
1739 4544 1891 4588 ante-

369 4632 527 4683 quam
557 4618 726 4680 tlant;
764 4620 851 4671 sed
882 4630 1094 4686 pr0pter
1125 4628 1173 4671 te
1206 4620 1314 4672 lucc
1347 4623 1543 4688 scripta
1580 4630 1739 4673 sunt:
1765 4622 1888 4687 quia

369 4714 424 4756 et
456 4714 511 4755 tu
559 4704 828 4756 credidisti
865 4704 1075 4771 quidem
1125 4705 1249 4765 Deo,
1284 4706 1375 4758 sed
1426 4706 1524 4757 nisi
1567 4720 1725 4772 Opera
1769 4704 1888 4755 fidei

368 4792 474 4861 83
517 4792 831 4859 expleveris,
879 4793 978 4845 nisi
1030 4794 1081 4846 in
1126 4793 1368 4847 omnibus
1402 4795 1678 4861 praeceptis
1725 4794 1886 4845 etiam

366 4880 747 4933 dillieilioribus
784 4882 1044 4948 parueris,
1070 4883 1504 4936 nisisacriﬁcium
1536 4882 1809 4944 obtuleris,
1835 4894 1887 4937 et

368 4968 658 5020 ostenderis
687 4970 807 5035 quia
842 4984 938 5023 nec
969 4980 1193 5039 patrem,
1222 4986 1317 5025 nec
1351 4981 1594 5032 matrem,
1626 4983 1723 5021 nec
1753 4970 1891 5024 tltios

470 5081 517 5112 “
535 5080 684 5135 Joan.
713 5094 829 5142 vut.
856 5082 942 5136 59.
1017 5082 1063 5114 "
1084 5082 1124 5135 ll
1149 5083 1272 5145 Cor,
1297 5097 1372 5143 ιχ,
1403 5082 1454 5131 7.

364 5163 439 5213 tv,
481 5150 536 5203 ἓ.
607 5147 651 5181 ⁸⁸
671 5148 825 5202 Rom.
855 5164 968 5213 vut,
989 5149 1078 5203 32.

433 5280 666 5365 (4.9)”Sic
712 5297 841 5337 mss.
875 5281 1045 5346 Alias,
1081 5281 1339 5347 aediﬁcant
1363 5278 1528 5331 altare
1556 5293 1574 5330 :
1618 5280 1880 5333 Abraham

360 5354 503 5417 ponit
528 5354 684 5418 tigna.

432 5418 541 5487 (50)
566 5418 768 5487 “Utrum
793 5416 1062 5487 Christum
1089 5423 1368 5487 antequam
1386 5414 1557 5487 homo
1578 5414 1749 5473 fleret.
1774 5414 1892 5467 sub-

361 5481 685 5539 sta'utialiter
722 5486 775 5539 in
802 5484 1002 5552 angelis
1027 5481 1299 5538 hominum
1322 5481 1544 5535 salutem
1572 5496 1891 5551 promoven-

1528 5081 1574 5113 ⁵⁸
1610 5082 1805 5136 Cenes.
1832 5100 1963 5146 xxu,
1994 5085 2048 5138 2.

1153 5150 1197 5181 ⁸⁸
1226 5150 1366 5202 Psal.
1395 5162 1516 5211 ειν,
1546 5148 1628 5200 12.
1700 5150 1744 5180 ⁸⁸
1770 5151 1923 5204 lium.
1948 5170 2062 5216 vut,
2091 5154 2179 5207 5'2.

2001 1789 2189 1843 Deum.
2244 1786 2399 1842 Verbi
2434 1805 2614 1854 causa,
2647 1794 3000 1860 propositum
3041 1794 3271 1846 habeo
3319 1796 3758 1864 martyrium,

2003 1895 2107 1933 non
2133 1895 2196 1932 ex
2222 1880 2321 1932 hoc
2350 1879 2531 1934 dicere
2553 1881 2620 1933 ad
2641 1896 2725 1934 me
2753 1882 2994 1950 angelus
3029 1884 3323 1950 poterit,
3373 1884 3545 1952 quia
3588 1900 3761 1938 nunc

2001 1968 2391 2036 cognoviquod
2423 1980 2475 2022 tu
2505 1970 2659 2022 times
2703 1971 3062 2024 Deum.‘l)co
3106 1973 3305 2024 enim
3342 1974 3486 2027 soli
3531 1974 3761 2041 cogni-

2006 2069 2114 2109 tum
2146 2060 2578 2125 estprOpositum
2631 2060 2855 2111 mentis.
2904 2057 2969 2112 Si
3020 2076 3184 2114 vero
3231 2077 3621 2117 accessero
3678 2064 3757 2117 ad

2002 2160 2217 2211 agones,
2251 2148 2521 2214 protulero
2555 2148 2752 2201 bonam
2787 2148 3293 2217 confessionem,
3363 2169 3530 2222 quae
3592 2152 3757 2208 infe-

2002 2243 2193 2288 runtur
2246 2244 2560 2289 constanter
2597 2246 2790 2289 cuncta
2837 2253 3205 2307 suscepere,
3288 2252 3473 2297 tunc
3542 2252 3759 2311 potest

2002 2324 2178 2377 dicere
2211 2328 2450 2392 angelus,
2502 2324 2656 2377 \elut
2706 2325 3063 2382 confirmans
3119 2346 3235 2385 nte
3297 2341 3374 2386 et
3430 2338 3758 2388 corrobo-

2004 2426 2124 2464 rans
2168 2428 2183 2463 :
2228 2410 2380 2463 Nunc
2433 2414 2650 2479 cognovi
2696 2416 2837 2481 quod
2863 2427 2922 2467 tu
2968 2406 3461 2473 times-Deum.
3509 2420 3753 2474 Verum

2002 2498 2114 2552 hzec
2141 2499 2283 2552 dicta
2328 2509 2453 2551 sunt
2499 2501 2565 2552 ad
2609 2500 2913 2565 Abraham,
2980 2513 3045 2557 ut
3094 2509 3614 2572 pronuntiatus
3673 2510 3759 2563 sit

2002 2589 2186 2640 timere
2209 2589 2389 2641 Donm.
2415 2588 2629 2651 Quare?
2660 2590 2790 2656 quia
2844 2606 2957 2642 non
2998 2598 3318 2661 pepercit
3410 2598 3559 2651 lilio
3606 2615 3753 2653 suo.

2002 2675 2109 2728 Nos
2137 2689 2265 2727 vcro
2304 2675 2645 2730 conferamus
2679 2679 2799 2730 haec
2837 2694 2969 2731 cum
3013 2683 3330 2749 Apostoli
3373 2686 3617 2754 dictis,
3648 2689 3753 2742 ubi

2001 2764 2128 2817 dicit
2151 2764 2215 2815 dc
2244 2764 2349 2816 Deo
2369 2764 2413 2797 ⁸³
2440 2784 2453 2818 :
2485 2763 2588 2827 Qui
2617 2768 2834 2833 proprio
2865 2766 3021 2821 Filio
3071 2788 3197 2823 suo
3246 2789 3393 2827 non
3433 2780 3755 2846 pepercit,

1999 2851 2088 2905 sed
2114 2867 2206 2919 pro
2250 2851 2393 2902 nobis
2435 2853 2671 2904 omnibus
2719 2855 2946 2906 tradidit
3007 2856 3224 2911 illum.
3289 2862 3483 2919 Vide
3542 2866 3754 2920 Deum

2001 2942 2277 3009 magnifica
2331 2956 2451 2994 cum
2503 2943 2814 2997 hominibus
2870 2945 3260 3006 liberalitate
3323 2967 3754 3011 certantem.

1998 3033 2268 3085 Abraham
2314 3030 2592 3083 mortalem
2630 3025 2958 3086 filium'non
3020 3040 3449 3097 moriturum
3507 3047 3758 3101 obtulit

2002 3121 2129 3184 Deo,
2166 3120 2303 3172 Dens
2347 3119 2706 3172 immortalem
2748 3120 2951 3174 Filiqu
2990 3140 3103 3192 pro
3153 3134 3507 3189 omnibus
3539 3138 3757 3191 tradi-

2000 3207 2074 3261 dit
2099 3207 2277 3259 morti.
2304 3206 2439 3270 Quid
2464 3221 2561 3260 nos
2581 3208 2646 3260 ad
2681 3209 2799 3262 haec
2829 3211 3148 3268 dicemus?
3186 3222 3361 3286 quid
3402 3226 3756 3281 retribue-

1999 3311 2115 3347 nms
2138 3295 2359 3347 Domino
2409 3309 2505 3361 pro
2537 3295 2788 3349 omnibus
2833 3314 2962 3365 qme
3017 3306 3347 3361 retribuit
3406 3316 3623 3368 nobis
3659 3316 3760 3371 "2

1998 3382 2136 3473 Deus
2169 3380 2325 3473 Pater
2377 3390 2597 3452 propter
2630 3399 2728 3438 nos
2782 3390 3019 3456 proprio
3072 3391 3251 3450 Filio
3303 3415 3453 3454 non
3505 3420 3754 3473 peper-

1998 3472 2070 3523 cit
2099 3469 2163 3523 ⁸⁸.
2190 3471 2320 3539 Quis
2350 3482 2586 3525 vestrum
2615 3483 2773 3540 putas
2805 3477 3002 3532 audiet
3049 3482 3442 3553 aliquando
3507 3469 3750 3552 avo—cem

1993 3562 2416 3631 angelidicentis
2450 3580 2465 3616 :
2500 3562 2654 3618 Nunc
2675 3567 2903 3634 cognovi
2940 3572 3083 3637 quia
3135 3576 3352 3633 times
3393 3593 3467 3635 tu
3510 3585 3755 3653 Deum,

1993 3652 2115 3718 quia
2148 3666 2248 3703 non
2276 3651 2557 3719 pepercisti
2589 3653 2698 3706 lilio
2735 3662 2826 3706 tuo
2856 3657 2943 3710 vel
2982 3658 3126 3712 filim
3163 3674 3342 3734 tuas,
3401 3675 3519 3728 vel
3590 3651 3758 3732 ιιιιοὲ

1995 3739 2062 3800 ri,
2103 3748 2194 3790 aut
2232 3755 2340 3792 non
2376 3743 2658 3808 pepercisti
2693 3747 2965 3811 pecunite,
3003 3754 3102 3803 vel
3156 3754 3583 3821 honoribus
3632 3783 3758 3822 sa—

1995 3826 2121 3889 culi,
2155 3835 2209 3878 et
2259 3827 2641 3882 ambitionibus
2690 3833 2900 3896 mundi,
2947 3838 3052 3889 sed
3105 3847 3358 3901 omnia
3433 3866 3760 3909 contem-

1996 3915 2142 3979 psisti
2168 3923 2221 3967 et
2248 3915 2424 3967 omnia
2456 3916 2657 3970 duxisti
2693 3931 2751 3971 ut
2784 3930 3076 3987 stercora.
3117 3940 3184 3982 ut
3224 3935 3619 3997 Clu-istum
3656 3948 3761 4000 ιιι-

1992 4003 2298 4067 crifaceres,
2334 4004 2618 4096 vendidisti
2656 4009 2836 4059 omnia
2878 4020 2935 4063 et
2975 4012 3206 4071 dedisti
3264 4034 3727 4096 pauppribus

1992 4100 2043 4142 et
2066 4100 2275 4143 secutus
2305 4084 2373 4144 es'
2392 4091 2608 4143 verbum
2638 4094 2772 4145 Dei?
2802 4095 2942 4160 Quis
2964 4079 3294 4173 vestrum:
3340 4079 3761 4187 porta-57a}:

1992 4179 2187 4268 dietab
2222 4180 2427 4268 angelis
2461 4179 2828 4246 hujuscemodi
2879 4192 3134 4243 vocem?
3187 4179 3483 4260 lter-um
3530 4179 3762 4268 A'bra-

2300 4306 2476 4369 .’ἶῗ’ξ.ἷ.
2512 4306 2714 4369 ’ξ’””“ἶ”.ἶ
2744 4306 2801 4369 “’ῗ
2838 4306 3039 4328 ""'""'
3090 4306 3171 4332 ⁴“¹
3218 4306 3407 4345 eum
3457 4306 3552 4362 "u
3596 4306 3759 4369 quia

1992 4367 2093 4403 non
2114 4354 2378 4418 pepercisti
2400 4354 2508 4420 ﬁlio
2531 4363 2620 4406 tuo
2641 4356 2829 4408 dilecto
2862 4373 3087 4428 propter
3123 4383 3258 4429 me,

2059 4441 2111 4492 9.
2152 4440 2217 4492 Et
2267 4444 2563 4507 respiciens,
2615 4443 2787 4510 inquit
2823 4444 2893 4511 “,
2938 4452 3251 4511 Abraham
3307 4475 3552 4529 oculis
3608 4484 3755 4535 suis

1990 4530 2137 4593 scidit,
2171 4540 2218 4581 et
2243 4545 2354 4581 ecce
2377 4530 2512 4582 aries
2535 4540 2809 4585 tenebatur
2835 4539 3100 4593 cornibus
3141 4547 3206 4598 in
3244 4556 3580 4626 virgulto

1991 4617 2133 4670 hac,"
2190 4617 2454 4682 Diximus’
2514 4630 2662 4686 Ρ¹¹¹⁰ν
2712 4622 2766 4674 i"
2810 4630 3231 4692 s"verioribus
3281 4617 3497 4713 mina
3550 4617 3757 4719 lc;;c

1994 4704 2219 4757 formam
2252 4717 2459 4772 gereret
2487 4707 2708 4773 Christi,
2742 4710 2839 4763 sed
2869 4722 2926 4764 et
2975 4718 3138 4772 aries
3179 4700 3333 4782 hic.
3375 4700 3763 4803 nilnil-3:13:

1993 4795 2350 4894 E‘.‘s.f°""‘i"'
2379 4795 2577 4847 Chris”
2619 4812 2808 4894 ger?”
2843 4803 3095 4894 vi‘lf’lul‘.
3154 4811 3303 4871 Sed
3375 4795 3712 4894 Qttonrotl

2109 4884 2119 4897 .
2623 4860 2644 4864 ‘
2718 4886 2728 4896 .
3170 4860 3303 4871 νη·
3375 4860 3761 4895 quvi-Iuno

1994 4885 2209 4938 Christo
2243 4892 2468 4950 uterque
2505 4895 2816 4949 conveniat,
2850 4897 2905 4940 et
2942 4890 3099 4947 Isaac
3129 4903 3249 4966 qui
3290 4924 3447 4967 non
3491 4932 3612 4975 est
3638 4924 3759 4991 ju-

1996 4974 2229 5042 gulatus,
2254 4982 2303 5025 et
2338 4975 2477 5025 aries
2519 4975 2608 5042 qui
2659 4975 2940 5044 jngnlatus
2975 4992 3086 5048 est,
3127 5002 3382 5058 opera:
3426 4974 3757 5073 pl‘eli;;n

2139 5086 2184 5117 η
2224 5087 2236 5097 .
2282 5086 2292 5096 .
2602 5102 2614 5122 ,

2139 5154 2179 5206 2.
2224 5085 2530 5207 "subiici?
2550 5091 2832 5219 iiiis};
2864 5091 3278 5228 huibiiti's'sct’
3392 5119 3457 5153 u
3503 5125 3755 5191 Galat’

1991 5281 2130 5361 tibus
2161 5281 2390 5361 adfuisse
2428 5283 2658 5335 senserit
2697 5284 2989 5361 Origenes,
3034 5306 3311 5361 consule

1993 5351 2296 5466 tirigenian.
2324 5348 2419 5401 lib.
2445 5364 2512 5428 ιι,
2549 5363 2745 5432 qua-st.
2776 5348 2831 5419 δῖ
2869 5348 3028 5414 num.
3070 5363 3132 5445 2ς
3156 5348 3354 5433 vili-ie
3382 5348 3757 5454 :j'g’sgum

1994 5427 2335 5487 quaestionem
2369 5420 2729 5487 qutntant,ubt
2768 5439 2991 5481 omnem
3029 5428 3328 5487 Οτιαειιίς
3364 5453 3469 5487 ιιι.
3523 5419 3757 5487 ,ηξεειι

1991 5483 2059 5540 lis
2091 5484 2388 5536 doctrinam
2412 5484 2530 5537 fuse
2550 5495 2604 5538 et
2634 5488 2796 5547 docte
2815 5496 3021 5560 aperit.

2312 6150 2647 6165 _~,_____¥__¥
