3922 6266
192 314 278 401 9³9
1521 360 1588 416 1N
1626 358 1903 418 GENESIM

2001 355 2230 413 outLtA
2262 358 2351 412 ιιι.
2829 341 2847 355 ⁸
3404 346 3509 403 ειο

81 377 207 509 β
1521 377 1586 416 ιινι
1626 377 1920 418 υωιιιδηι
1954 377 2230 413 numth
2262 377 2351 412 ιλ.
3409 377 3508 403 zu:

109 445 544 609 /““°5¢el’e.
580 458 914 528 Christus
945 475 1226 534 Verbum
1266 479 1352 533 Dei
1401 488 1505 543 est,
1542 479 1634 534 sed
1677 476 1893 531 Verbum
1920 482 1966 538 Α
1993 478 2081 530 sed
2129 477 2281 530 nobis
2321 489 2436 543 qua:
2473 472 2746 528 oﬂ'erimus
2797 475 3137 526 redonantur.
3185 470 3319 522 Deus
3364 468 3508 520 enim

174 546 309 609 ἤδη)
334 537 558 605 factum
588 561 685 604 εει
729 555 819 609 ⁵⁷.
868 559 1095 609 Untsm
1124 568 1291 609 iniim-
1326 571 1374 609 in
1403 568 1617 609 Cluviam
1641 569 1706 609 «in
1731 580 1888 609 suna-
1989 565 2181 609 nnllins
2214 565 2431 609 indicet.
2462 562 2553 609 Sed
2585 576 2681 609 nos
2713 561 2825 609 vult
2871 559 3064 609 divites
3099 572 3235 609 esse.
3268 565 3508 609 nostrum

133 537 558 683 Vibulanum
588 561 685 604 est
729 555 819 613 θ’.
868 559 1095 620 Unum
1124 568 1291 638 igitur
1326 571 1375 621 in
1403 568 1617 623 Christo
1641 569 1706 621 de
1730 580 1888 633 supe-
1989 565 2181 619 nullius
2214 565 2431 632 indiget,
2462 562 2553 616 sed
2585 576 2681 614 nos
2713 561 2825 614 vult
2871 559 3064 613 divites
3099 572 3235 618 esse,
3268 565 3509 609 nostrum

204 627 436 683 ,tortbus
459 647 583 683 est-
619 643 914 683 a‘lnrnm
972 671 1051 683 ι...
1090 658 1326 683 1............
1358 668 1540 683 ..ηιμ-,ι
1574 666 1616 683 ..ι
1650 656 1886 683 ..:....:....l:
1988 654 2244 683 Ληρειιιη-ηι
2285 667 2376 683 πη..
2404 651 2606 683 cingulo
2652 663 2871 683 ηειωηιω
2916 649 3205 683 nrnfanlnm
3264 645 3384 683 “mn
3416 659 3509 683 Im.

153 627 436 759 ?tilr'tbus
459 647 587 705 est,
619 643 915 704 alterum
971 671 1053 707 ex
1090 658 1329 710 humana
1358 668 1543 710 natura
1571 666 1622 710 et
1650 656 1888 726 virginali
1986 654 2250 707 desiderat
2285 667 2376 719 per
2404 651 2607 718 singula
2651 663 2872 718 quaeque
2916 649 3227 715 profectum.
3264 645 3386 698 ιιωο
3416 659 3511 697 no.

235 737 365 759 ‘nn
418 739 786 759 ²“⁵¹“¹““¹“⁴’
897 741 948 759 ’⁵
997 748 1066 759 ·⁵·
1371 749 1424 759 η·
1479 749 1491 759 -
1532 757 1539 759 .
1767 747 1779 759 .
1837 746 1848 757 .
1987 744 2036 759 ι.
2101 744 2127 759 ,,
2224 758 2253 759 Ὺ
2307 752 2423 759 μὴν
2471 741 2595 759 "LM
2630 741 2778 759 dum
2818 740 2864 759 ἕ--
2905 738 2985 759 L2"
3039 751 3149 759 nu“
3202 742 3343 759 -m‘“.
3385 740 3509 759 “In.

184 728 365 833 νιετο
418 739 821 800 susceptum.
897 741 1149 798 Patitur
1197 763 1322 816 ergo
1367 749 1633 808 Christus,
1689 747 1779 799 sed
1837 746 1889 797 in
1987 744 2068 797 bis
2100 744 2265 810 figura
2297 741 2597 795 ostenditur
2623 741 2783 792 etiam
2818 740 2868 790 in
2905 738 2987 790 his
3034 751 3152 804 quae
3200 742 3346 801 gesta
3385 740 3513 784 sunt

221 828 430 906 came;
461 829 527 873 ει
556 827 820 889 pertulit
850 844 1147 898 mortem,
1178 839 1268 889 sed
1292 851 1438 899 caro,
1467 836 1617 902 cujus
1639 836 1725 888 hic
1753 834 1893 887 aries
1988 848 2110 899 erga
2128 831 2245 885 Job.
2273 832 2334 884 Et
2361 830 2450 883 ille
2472 831 2608 881 enim
2635 836 2850 896 propter
2881 827 3043 878 Deum
3081 822 3306 891 perdidit
3334 818 3511 872 omnia

254 921 429 984 (arma
456 922 546 966 est
583 932 604 970 ι
631 915 797 971 sicut
836 930 902 972 et
929 921 1192 979 Joannes
1222 924 1492 978 dicebat“
1521 945 1533 979 :
1563 923 1696 976 Ecce
1730 939 1893 991 agnus
1989 935 2107 973 cum
2138 922 2286 973 dives
2312 928 2473 973 esset.
2499 917 2601 969 Sed
2629 917 2749 983 quia
2787 913 3004 982 pertulit
3032 913 3164 965 bene
3198 923 3391 978 agones
3415 922 3513 974 ps-

301 1006 537 1069 Dti,ecce
572 1008 666 1077 qui
697 1009 854 1063 tollit
888 1026 1130 1080 peccata
1177 1015 1380 1069 mundi.
1423 1013 1647 1068 Verbum
1679 1028 1807 1066 vero
1838 1013 1892 1066 in

311 1099 706 1165 incorruptione
739 1104 1095 1169 permansit,
1131 1104 1273 1172 quod
1295 1113 1379 1157 est
1416 1103 1707 1155 secundum
1733 1102 1893 1169 spiri-

313 1198 425 1240 tum
454 1188 730 1252 Christus,
777 1190 946 1255 cujus
990 1191 1178 1260 imago
1219 1201 1301 1246 est
1348 1193 1515 1245 Isaac.
1552 1189 1675 1244 ideo
1710 1191 1819 1258 ipse
1843 1199 1895 1242 et

308 1274 488 1326 hostia
521 1288 623 1339 est,
649 1287 704 1328 et
736 1275 990 1343 pontifex
1022 1277 1318 1330 secundum
1353 1275 1619 1343 spiritum.
1648 1272 1776 1325 Nam
1806 1271 1894 1339 qui

304 1360 471 1414 oﬂ'ert
502 1363 739 1418 hostium
771 1363 926 1416 Patri
959 1365 1261 1418 secundum
1304 1377 1542 1427 carnem,
1579 1363 1691 1431 ipse
1732 1362 1782 1413 in
1820 1360 1897 1412 al-

304 1453 425 1505 tari
457 1453 649 1506 crucis
679 1452 943 1516 olfertur,
973 1453 1100 1521 quia
1149 1453 1286 1505 sicut
1327 1452 1522 1505 dictum
1569 1461 1650 1503 est
1682 1452 1746 1503 de
1784 1463 1848 1501 co
1878 1467 1893 1502 :

305 1541 457 1593 Ecce
484 1557 656 1608 agnus
689 1540 816 1605 Dei,
860 1558 981 1593 ecce
1008 1542 1099 1608 qui
1131 1540 1263 1592 tollit
1301 1550 1560 1606 peccatum
1583 1538 1799 1600 mundi;
1827 1537 1898 1590 ita

296 1630 372 1681 tle
406 1643 482 1681 eo
512 1628 725 1682 dictum
767 1637 852 1682 est
877 1629 924 1660 ⁸⁸
957 1646 973 1681 :
1011 1628 1088 1681 Tu
1123 1645 1175 1680 es
1205 1628 1442 1680 sacerdos
1470 1628 1522 1678 in
1551 1635 1792 1679 wternum
1815 1639 1895 1675 se-

294 1719 559 1770 cundum
587 1718 832 1770 ordinem
868 1717 1266 1769 Melchisedech.
1300 1716 1530 1769 Tenetur
1553 1730 1677 1781 ergo
1713 1713 1896 1767 corni-

292 1806 411 1860 bus
445 1808 607 1860 aries
640 1808 696 1858 in
722 1807 968 1872 virgulto
1006 1806 1240 1858 Sabech.

375 1896 484 1950 ιο.
532 1894 603 1947 Ει
634 1896 865 1962 accepit,
902 1893 1083 1962 irquit
1116 1894 1182 1958 7°,
1222 1895 1450 1954 arietem,
1481 1899 1528 1943 et
1572 1889 1754 1942 obtulit
1782 1904 1895 1942 eum

290 1984 703 2037 holocaustum
745 1999 844 2049 pro
876 1982 1035 2034 Isaac
1067 1982 1177 2048 [ilio
1216 1997 1327 2044 suo,
1351 1990 1397 2032 et
1422 1981 1611 2033 vocavit
1638 1979 1898 2041 Abraham

295 2089 512 2125 nomen
569 2071 680 2123 loci
729 2071 900 2132 illius,
968 2069 1224 2121 Dominus
1256 2070 1408 2122 videt.
1453 2067 1752 2122 Scientibns
1788 2070 1899 2121 haec

300 2161 542 2220 audire,
578 2158 967 2224 intelligentia:
995 2157 1257 2223 Spiritalis
1283 2156 1499 2209 evidens
1520 2158 1764 2224 panditur
1793 2157 1897 2208 via.

300 2247 519 2302 Omnia
560 2248 714 2299 enim
754 2262 880 2315 qua:
912 2258 1064 2314 gesta
1108 2256 1251 2309 sunt,
1292 2245 1355 2297 ad
1404 2245 1665 2297 visionem
1713 2258 1900 2312 perve-

303 2336 511 2388 niunt.
550 2335 767 2399 Dicitur
796 2347 1035 2400 namque
1073 2333 1197 2399 quia
1245 2332 1496 2384 Dominus
1544 2332 1707 2383 videt.
1752 2328 1900 2383 Visio

306 2434 505 2476 autem
533 2437 704 2489 quam
735 2421 1002 2473 Dom‘inns
1039 2420 1196 2480 vidit,
1234 2419 1283 2471 in
1314 2419 1505 2485 spiritu
1540 2427 1640 2481 est,
1672 2428 1729 2469 ut
1765 2427 1817 2468 et
1846 2426 1899 2471 tu

308 2510 440 2562 base
488 2525 617 2575 quae
645 2510 852 2576 scripta
897 2516 1048 2571 sunt,
1092 2508 1144 2559 in
1186 2507 1376 2574 spiritu
1414 2507 1625 2571 videas;
1675 2516 1727 2559 et
1768 2507 1904 2559 sicut

308 2601 368 2654 in
395 2599 643 2652 Domino
667 2613 999 2665 corporeum
1032 2598 1162 2650 nihil
1201 2605 1300 2660 est,
1342 2597 1415 2648 ita
1454 2597 1612 2650 etiam
1643 2603 1695 2647 ιιι
1726 2595 1776 2647 ἰιι
1821 2594 1903 2648 his

308 2690 585 2743 omnibus
620 2702 953 2754 corporeum
978 2686 1110 2739 nihil
1140 2688 1372 2749 sentias;
1402 2684 1496 2738 sed
1520 2683 1573 2735 in
1606 2682 1792 2750 spiritu
1815 2696 1903 2750 ge-

312 2790 485 2828 neres
531 2776 705 2828 etiam
744 2784 800 2825 tu
855 2774 1026 2825 lilium
1071 2773 1238 2837 Isaac,
1285 2786 1404 2825 cum
1452 2769 1648 2822 habere
1674 2769 1903 2836 coeperis

315 2861 568 2915 fructum
603 2862 858 2929 spiritus,
888 2862 1169 2928 gaudium,
1204 2875 1407 2928 pacem.
1435 2859 1598 2923 Quem
1638 2863 1810 2913 tamen
1845 2860 1904 2911 il-

315 2952 454 3003 lium
486 2952 562 3004 ita
601 2951 823 3004 demum
859 2950 1173 3017 generahis,
1206 2950 1270 3012 si,
1298 2958 1355 3000 nt
1386 2950 1451 3003 de
1479 2950 1612 3004 Sara
1644 2951 1901 3017 scriptum

316 3049 403 3091 est
431 3040 504 3102 ",
536 3040 670 3106 quia
706 3038 1034 3093 defecerunt
1066 3038 1215 3091 Sara:
1248 3022 1551 3104 muliebria,
1581 3047 1632 3093 et
1660 3048 1785 3091 tunc
1813 3053 1903 3106 ge-

318 3130 444 3181 nuit
476 3129 660 3193 Isaac,
699 3129 773 3181 ita
808 3128 1069 3181 deﬁciant
1107 3138 1160 3181 et
1185 3120 1236 3181 in
1265 3129 1441 3181 anima
1481 3139 1569 3181 tua
1602 3130 1903 3194 muliebria,

330 3226 390 3269 ut
436 3217 584 3269 nihil
633 3215 749 3282 jam
795 3216 1067 3270 muliebre
1114 3225 1166 3269 et
1222 3215 1581 3271 effeminatum
1624 3218 1820 3270 habeas
1851 3217 1904 3270 in

324 3306 516 3357 anima
543 3315 668 3367 tua,
705 3306 806 3359 sed
834 3306 1069 3358 viriliter
1098 3319 1251 3370 agas,
1283 3316 1337 3360 et
1362 3308 1588 3360 viriliter
1615 3307 1907 3375 prmcingas

326 3395 554 3448 tumlms
604 3404 761 3455 tuos;
807 3395 854 3446 si
903 3395 975 3448 sit
1023 3405 1215 3463 pectus
1243 3404 1389 3449 tuum
1428 3397 1645 3449 thorace
1688 3396 1909 3465 iustitia:

323 3481 633 3539 munitum,
668 3480 713 3533 si
748 3480 907 3547 galea
947 3481 1144 3534 salutis
1176 3492 1227 3533 et
1263 3481 1443 3549 gladio
1473 3483 1693 3549 spiritus
1724 3482 1904 3535 accin-

324 3569 499 3633 gar-is.
535 3566 596 3620 Si
630 3583 764 3637 ergo
809 3568 1069 3621 deficiant
1131 3570 1410 3623 muliebria
1465 3570 1577 3621 lieri
1624 3571 1675 3623 in
1729 3570 1905 3622 anima

327 3664 439 3718 tua,
471 3671 711 3723 generas
748 3656 919 3707 lilitun
955 3657 1024 3710 dc
1049 3656 1281 3725 conjuge
1304 3669 1389 3709 tua
1414 3658 1605 3710 virtute
1627 3666 1680 3710 et
1703 3658 1909 3725 sapien-

325 3744 426 3807 tia,
460 3745 725 3811 gaudium
757 3759 823 3796 ac
861 3744 1130 3799 laetitiam.
1163 3743 1403 3798 Generas
1434 3754 1609 3798 autem
1636 3745 1905 3811 gaudium,

324 3834 371 3885 si
412 3849 585 3886 omne
607 3834 869 3901 gaudium
895 3834 1325 3897 existimaveris,
1358 3848 1478 3885 cum
1505 3835 1555 3886 in
1589 3833 1909 3887 tentationes

324 3926 514 3977 varias
538 3925 801 3977 incideris
836 3925 902 3985 ⁷³,
939 3933 993 3976 et
1024 3924 1170 3975 istud
1220 3924 1471 3992 gaudium
1498 3923 1690 3977 offeras
1734 3924 1785 3975 in
1824 3938 1906 3976 sa-

324 4011 606 4065 criﬁcium
673 4014 816 4086 Deo.
858 4014 998 4063 Cum
1058 4013 1209 4064 enim
1285 4011 1434 4065 laetus
1494 4013 1779 4065 accesseris
1842 4012 1907 4064 ad

323 4097 532 4158 Deum,
568 4098 766 4152 iterum
825 4101 924 4152 tibi
972 4099 1158 4151 reddit
1203 4099 1345 4166 quod
1386 4100 1669 4162 obtuleris,
1699 4109 1751 4154 et
1781 4100 1906 4154 dicit

325 4188 426 4238 tibi
453 4185 526 4248 ⁷³,
558 4186 684 4251 quia
717 4188 911 4238 iterum
944 4187 1189 4239 uidebitis
1214 4202 1312 4247 me,
1350 4197 1395 4239 et
1427 4188 1666 4255 gaudebit
1707 4205 1796 4241 cor
1824 4203 1907 4240 ve-

320 4284 521 4335 strum,
568 4283 621 4326 et
657 4277 917 4342 gaudium
954 4285 1187 4326 vestrum
1242 4290 1390 4326 nemo
1442 4276 1638 4341 auferet
1676 4293 1708 4327 a
1747 4277 1904 4329 vobis.

1991 1010 2210 1071 tientiac,
2238 1018 2289 1062 et
2325 1009 2377 1060 iu
2405 1007 2650 1059 omnibus
2691 1019 2806 1073 qum
2852 1018 3039 1072 passus
3083 1009 3185 1064 est,
3241 997 3515 1066 magnanin

1993 1110 2109 1147 mus
2134 1095 2249 1158 fuit,
2282 1103 2335 1147 et
2369 1093 2565 1145 dixit"
2597 1111 2609 1145 :
2643 1092 2892 1144 Dominus
2921 1089 3080 1151 dedit,
3117 1087 3365 1140 Dominus
3400 1083 3516 1137 abs-

1975 1182 2106 1243 ,tulit
2138 1196 2157 1232 :
2217 1192 2268 1234 ut
2299 1182 2512 1233 Domino
2537 1180 2750 1247 placuit,
2777 1179 2849 1230 ita
2888 1177 3082 1242 [actum
3113 1184 3207 1237 est,
3238 1173 3304 1225 sit
3335 1186 3517 1224 nomen

1993 1271 2199 1322 Domini
2225 1271 2537 1322 benedictum
2569 1284 2585 1320 :
2616 1269 2734 1320 vide
2779 1268 2841 1320 ad
2895 1266 3134 1318 ultimum
3165 1261 3290 1329 quid
3344 1261 3407 1313 de
3454 1273 3518 1311 eo

1992 1358 2241 1413 scribitur
2268 1375 2281 1410 :
2311 1357 2534 1423 Recepit,
2564 1357 2736 1424 inquit
2762 1357 2827 1421 "",
2858 1355 3028 1407 omnia
3067 1352 3224 1419 dupla
3252 1366 3366 1417 quae
3388 1349 3517 1401 ami-

1991 1456 2148 1498 serat.
2184 1444 2343 1499 Vides
2371 1445 2494 1512 quid
2521 1455 2601 1498 est
2627 1445 2873 1496 amittere
2902 1442 3100 1509 aliquid
3137 1456 3231 1508 pro
3263 1438 3387 1499 Deo,
3417 1437 3516 1489 hoc

1994 1543 2074 1588 est
2114 1534 2455 1603 multiplicata
2496 1535 2730 1601 recipere
2767 1533 2883 1587 tibi.
2936 1532 2995 1585 Et
3045 1528 3241 1597 aliquid
3293 1526 3517 1592 amplius

1995 1625 2275 1695 Evangelia
2329 1625 2642 1692 promittunt
2678 1624 2746 1687 ⁷⁸,
2792 1622 3093 1689 centuplum
3132 1619 3223 1673 tibi
3274 1619 3518 1687 pollicen-

1997 1722 2098 1774 tur,
2126 1713 2343 1779 insuper
2370 1721 2426 1765 et
2449 1712 2608 1763 vitam
2641 1719 2916 1770 aeternam,
2942 1709 2993 1761 in
3030 1708 3240 1762 Christo
3264 1705 3386 1760 Jesu
3421 1706 3519 1757 Du-

1927 1792 1968 1844 Β
1997 1803 2141 1858 ιιιὶηο
2171 1812 2375 1866 nostro,
2407 1803 2490 1855 cui
2539 1814 2619 1855 est
2651 1801 2816 1869 gloria
2848 1809 2903 1853 et
2934 1798 3212 1866 imperium
3250 1797 3302 1850 in
3326 1796 3516 1850 saacula

1993 1893 2326 1947 saeculorum.
2351 1893 2540 1945 Amen.

2559 1976 2830 2033 HOMILIA
2870 1975 2960 2029 IX.

2047 2071 2121 2125 De
2146 2070 2623 2139 repromissionibus
2645 2070 2881 2121 secundis
2904 2068 2972 2118 ad
3003 2066 3260 2118 Abraham
3290 2064 3459 2133 factis.

2065 2160 2117 2212 l.
2157 2158 2421 2224 Quantum
2459 2158 2690 2225 legentes
2718 2155 3106 2224 progredimur,
3140 2161 3338 2205 tantum
3368 2152 3524 2207 nobis

1996 2255 2442 2298 sacramentorum
2470 2242 2710 2295 cumulus
2743 2250 2980 2307 augetur.
3008 2240 3072 2291 Et
3107 2248 3165 2292 ut
3185 2239 3228 2291 si
3261 2238 3380 2305 quis
3408 2238 3524 2290 exi-

1998 2347 2100 2401 guo
2139 2340 2321 2384 vectus
2376 2331 2583 2400 navigio
2619 2329 2946 2398 ingrediatur
2976 2341 3143 2390 mare,
3174 2327 3339 2379 donec
3369 2335 3525 2379 terra:

1999 2423 2203 2475 vicinus
2230 2433 2329 2486 est,
2355 2421 2528 2473 minus
2552 2418 2742 2472 metuit
2778 2434 2792 2469 ε
2833 2429 2951 2469 cum
2994 2429 3120 2467 vero
3162 2414 3412 2482 paulatim
3469 2414 3524 2466 in

2000 2512 2164 2565 altum
2198 2511 2358 2563 fuerit
2388 2523 2715 2577 progressus,
2762 2516 2815 2561 et
2844 2506 2998 2558 undis
3034 2504 3523 2563 intumescentibus,

1998 2598 2083 2652 vel
2118 2599 2168 2651 in
2216 2599 2484 2652 excelsum
2537 2589 2994 2665 attolli’cmperit,
3029 2594 3111 2648 vel
3148 2594 3344 2647 eisdem
3373 2592 3524 2645 dehi-

2001 2690 2271 2744 scentihns
2300 2690 2352 2742 in
2387 2690 2490 2742 ima
2522 2688 2748 2749 deduci;
2806 2689 2877 2741 ibi
2925 2702 3051 2741 vero
3093 2694 3322 2739 mentem
3362 2699 3527 2752 pavor

2002 2779 2185 2845 ingens
2224 2785 2276 2830 et
2330 2776 2553 2830 formido
2594 2775 2839 2843 percutit,
2880 2776 3018 2842 quod
3064 2774 3308 2840 exiguam
3360 2781 3526 2825 ratem

2005 2875 2109 2919 tam
2133 2865 2402 2918 immensis
2431 2863 2677 2917 ﬂuctibus
2702 2864 2928 2917 credidit
2955 2881 2969 2916 :
3002 2865 3071 2916 ita
3095 2866 3254 2916 etiam
3292 2877 3389 2915 nos
3416 2860 3524 2927 pali

2003 2954 2259 3016 videmur,
2292 2954 2379 3020 qui
2402 2952 2579 3018 exigui
2610 2952 2813 3005 meritis
2842 2961 2893 3005 et
2922 2952 3135 3020 ingenio
3166 2963 3367 3012 tenues,
3392 2950 3528 3001 inire

2008 3051 2110 3095 tam
2143 3052 2348 3094 vastum
2378 3041 2747 3110 mysteriorum
2776 3040 2990 3107 pelagus
3019 3038 3291 3093 audemus.
3330 3037 3431 3091 Sed
3458 3037 3525 3099 si,

2004 3133 2276 3185 orantibus
2339 3130 2507 3192 vobis,
2572 3130 2824 3182 Dominus
2870 3130 3114 3197 dignetur
3170 3127 3397 3195 Spiritus
3445 3126 3528 3180 sui

2003 3220 2175 3272 sancti
2202 3233 2386 3272 auram
2423 3218 2575 3271 nobis
2612 3232 2917 3285 prosperam
2946 3201 3091 3279 dare,
3121 3216 3354 3269 secundo
3383 3214 3527 3267 verbi

2005 3323 2161 3361 cursu
2207 3317 2412 3375 portum
2457 3307 2641 3360 salutis
2695 3306 3028 3359 intrabimus.
3079 3303 3358 3358 Videamus
3401 3317 3530 3369 ergo

2007 3413 2146 3451 nunc
2179 3412 2295 3465 qua:
2323 3404 2462 3459 sunt,
2493 3411 2613 3464 quae
2647 3396 2798 3451 nobis
2838 3395 3059 3449 recitata
3098 3403 3239 3448 sunt.
3276 3392 3344 3445 Et
3382 3409 3531 3445 voca-

2006 3486 2100 3547 vit,
2126 3485 2382 3551 inquit",
2408 3484 2618 3551 angelus
2659 3484 2867 3536 Domini
2913 3482 3169 3535 Abraham
3208 3482 3429 3536 secundo
3468 3478 3531 3533 de

2005 3575 2153 3637 caelo,
2176 3576 2348 3627 dicens
2377 3589 2397 3628 :
2428 3571 2533 3626 Per
2571 3574 2918 3639 memetipsum
2946 3571 3141 3639 juravi,
3191 3572 3313 3623 dicit
3351 3571 3531 3622 Domi-

2007 3678 2102 3715 nus
2122 3677 2145 3713 ς
2181 3661 2459 3728 Propterea
2493 3664 2628 3728 quod
2666 3661 2834 3727 fecisti
2861 3660 3065 3712 verbum
3096 3660 3209 3723 hoc,
3242 3670 3286 3711 et
3319 3674 3418 3711 non
3445 3673 3534 3724 pe-

2003 3750 2208 3818 percisti
2236 3750 2347 3816 ﬁlio
2371 3757 2459 3800 tuo
2488 3749 2673 3800 dilecto
2695 3758 2901 3814 propter
2934 3763 3031 3811 me,
3063 3747 3356 3799 benedicens
3384 3745 3533 3797 bene-

2005 3838 2171 3890 dicam
2201 3847 2270 3899 te,
2299 3847 2346 3889 et
2372 3837 2718 3904 multiplicans
2749 3835 3097 3902 multiplicabo
3139 3843 3208 3896 te,
3237 3848 3282 3886 et
3316 3834 3411 3886 erit
3453 3849 3532 3886 se-

2007 3943 2121 3979 men
2154 3936 2303 3979 tuum
2347 3927 2474 3979 sicut
2523 3927 2687 3979 stellae
2726 3925 2837 3977 caeli
2862 3925 2913 3976 in
2953 3924 3304 3985 multitudine,
3334 3931 3383 3975 et
3403 3924 3533 3975 sicut

2007 4033 2164 4069 arena
2198 4018 2380 4079 maris,
2410 4032 2524 4085 qua:
2549 4031 2649 4067 non
2674 4023 2837 4082 potest
2873 4014 3347 4075 dinumerari,‘etc.
3378 4012 3535 4065 Solli-

2005 4107 2169 4159 citum
2206 4106 2316 4158 haec
2344 4115 2398 4158 et
2444 4105 2699 4158 intentum
2746 4104 3038 4156 auditorem
3081 4104 3375 4172 requirnnt.
3427 4100 3535 4154 No-

2006 4209 2126 4246 vum
2147 4204 2228 4247 est
2257 4194 2395 4246 enim
2419 4194 2557 4260 quod
2588 4193 2717 4246 dicit
2751 4207 2766 4246 :
2805 4192 2867 4245 Et
2898 4193 3113 4256 vocavit,
3153 4192 3341 4258 inquit,
3376 4206 3534 4258 ange-

2007 4283 2087 4335 lus
2118 4281 2324 4345 Domini
2354 4282 2616 4335 Abraham
2654 4284 2876 4335 secundu
2902 4285 2964 4334 de
3002 4282 3142 4334 caelo.
3179 4281 3327 4344 Quod
3360 4292 3534 4332 tamen

327 4361 421 4416 Sic
462 4378 599 4430 ergo
639 4378 763 4430 qua:
799 4363 1076 4416 obtuleris
1111 4362 1248 4422 Deo,
1283 4363 1629 4430 multiplicata
1662 4365 1905 4430 recipies.
1940 4374 1983 4428 D
2013 4369 2154 4422 addit
2185 4369 2315 4435 (51),
2342 4385 2442 4422 nou
2479 4378 2798 4422 estnovum.
2839 4366 2969 4419 Nam
3009 4366 3302 4418 benedicens
3327 4364 3535 4418 benedi-

328 4448 463 4503 Tale
494 4452 730 4517 aliquid,
786 4452 919 4504 licet
965 4466 1068 4518 per
1100 4449 1262 4501 aliam
1303 4451 1549 4516 liguram,
1588 4450 1813 4503 refertur
1852 4453 1904 4503 in

324 4540 636 4609 Evangeliis
666 4541 738 4598 ⁷⁸.
772 4554 900 4592 cum
931 4553 1033 4605 per
1062 4536 1377 4604 parabolam
1408 4539 1607 4591 dicitur
1641 4542 1907 4606 accepisse

328 4629 445 4696 quis
462 4643 651 4681 mnam
677 4635 739 4678 ut
764 4627 985 4694 negotia
996 4634 1158 4677 retur
1176 4632 1231 4675 et
1252 4625 1616 4690 patrifamilias
1632 4629 1906 4692 pecuniam

324 4726 609 4780 quaereret.
661 4715 772 4768 Sed
808 4714 855 4768 si
894 4712 1165 4765 attuleris
1200 4712 1427 4779 quinque
1457 4712 1805 4778 multiplicata
1855 4715 1907 4769 in

321 4804 526 4870 decem,
567 4804 668 4856 tibi
715 4802 820 4870 ipsi
870 4802 1189 4857 donantur,
1223 4799 1314 4851 tibi
1347 4802 1730 4855 coaceduntur.
1775 4803 1910 4858 Audi

321 4891 453 4944 enim
485 4892 620 4958 quid
644 4890 765 4960 84
795 4888 1009 4944 dicit"
1039 4904 1055 4939 :
1089 4884 1646 4952 Tollite,inquit,huic
1661 4903 1915 4956 mnam,et

324 4979 430 5031 date
464 4980 552 5031 illi
583 4982 678 5047 qui
721 4979 891 5031 habet
935 4976 1141 5027 decem
1186 4989 1354 5025 muas.
1384 4974 1469 5026 Sic
1501 4989 1628 5040 ergo
1676 4977 1919 5033 videmur

322 5068 521 5133 quidem
564 5070 809 5123 Domino
855 5060 1185 5139 negotiari,
1238 5062 1329 5113 sed
1363 5062 1503 5114 nobis
1529 5064 1725 5116 cedunt
1750 5080 1918 5133 uego-

324 5156 543 5214 tistionis
578 5158 739 5212 lucra
768 5173 787 5208 :
822 5162 886 5207 et
914 5150 1202 5204 videmur
1238 5147 1419 5200 oli’erre
1442 5147 1659 5202 Domino
1686 5151 1916 5220 hostias,

391 5310 439 5344 ⁸⁷
467 5310 641 5371 Joan,
669 5323 711 5370 ι,
736 5306 837 5358 η.
928 5296 1293 5371 “_ipid.__29.

285 5371 333 5410 ⁷³
359 5378 520 5435 Icari.
569 5365 813 5433 x911”
856 5378 922 5422 et

256 5430 738 5503 ξθίτπηϐεηεε.
782 5450 941 5498 uti,
974 5430 1057 5483 15
1081 5437 1143 5482 et
1173 5443 1327 5494 5qu-

1385 5297 1584 5352 "'Psal.
1611 5315 1696 5362 cx,
1721 5307 1773 5362 ι,

328 5585 443 5653 (51)
483 5581 679 5638 Alias,
719 5565 999 5624 addidit.
1040 5558 1215 5619 Mss,
1250 5558 1402 5616 addit.

1201 5296 1293 5349 29.
1385 5297 1584 5352 "'Psal.
1611 5315 1696 5362 cx.
1721 5307 1773 5362 ι.
1879 5309 1926 5341 ⁷ο
1964 5276 2097 5365 Gen.
2135 5330 2245 5367 xxu
2307 5315 2390 5368 13.

1177 5361 1354 5412 "Luc.
1391 5366 1592 5412 XIXJB.
1664 5372 1707 5402 ⁸η
1757 5374 1876 5412 ἰ1.ἰ.1
1949 5379 2020 5412 οι
2129 5383 2173 5412 rs
2213 5356 2340 5412 ιλι..

1275 5376 1354 5447 ac.
1391 5366 1592 5419 suum.
1664 5372 1707 5402 ⁷⁸
1756 5374 1896 5430 ibid.

2001 5380 2041 5432 t.
2129 5383 2173 5413 το
2204 5366 2302 5437 16b
2326 5366 2491 5447 ιζει.
2581 5366 2902 5443 attica,
2938 5377 3019 5428 to.
3119 5373 3165 5402 ’⁸
3207 5370 3391 5422 Mauh-
3434 5382 3547 5431 ιιι.

2011 4474 2121 4510 cum
2145 4467 2212 4521 te,
2240 4467 2293 4511 et
2322 4457 2564 4523 anteiam
2600 4459 2795 4511 dictum
2826 4466 2928 4519 est;
2958 4463 3011 4508 et
3038 4454 3388 4521 multiplicans
3405 4452 3542 4504 mul-

2013 4549 2253 4616 tiplicabo
2311 4558 2380 4611 te,
2433 4556 2555 4601 ante
2601 4548 2916 4616 promissum
2964 4555 3076 4609 est;
3120 4552 3174 4599 et
3226 4545 3325 4596 erit
3368 4557 3541 4595 semen

2013 4646 2158 4690 tuum
2179 4640 2309 4689 sicut
2338 4636 2500 4711 stella
2520 4638 2653 4699 cati,
2676 4647 2721 4689 et
2751 4636 2878 4689 sicut
2907 4649 3065 4686 arena
3101 4633 3279 4695 maris,
3306 4640 3359 4683 et
3390 4629 3538 4697 prius

2012 4727 2185 4781 fuerat
2216 4727 2628 4794 pronuntiatum.
2666 4725 2803 4791 Quid
2838 4740 2968 4792 ergo
3006 4736 3089 4779 est
3131 4737 3272 4776 nunc
3307 4718 3534 4787 amplius

2013 4815 2148 4882 quod
2176 4818 2407 4869 secundo
2433 4817 2691 4869 clamatur
2720 4830 2750 4868 e
2781 4815 2951 4869 ccelo?
2991 4814 3128 4879 Quid
3180 4812 3299 4864 novi
3339 4807 3531 4887 veterij

2014 4902 2114 4956 bus
2157 4903 2656 4963 repromissionibus
2688 4904 2935 4958 additur?
2978 4903 3112 4968 Quid
3167 4900 3283 4968 plus
3330 4896 3531 4966 praemii

2016 4984 2173 5037 datur
2194 4985 2245 5037 in
2276 4999 2338 5038 eo
2360 4988 2500 5053 quod
2528 4988 2691 5042 dicit:
2742 4987 3018 5056 Propterea
3050 4988 3188 5054 quod
3230 4984 3394 5051 fecisti
3430 4996 3540 5034 ver-

2020 5070 2137 5124 bum
2172 5073 2285 5135 hoc,
2335 5074 2388 5127 id
2438 5084 2521 5128 est
2565 5088 2844 5145 propterea
2898 5078 3038 5145 quod
3081 5075 3243 5127 lilium
3279 5068 3542 5131 obtulisti,

2024 5170 2303 5227 ιποιδιθτετι
2327 5164 2466 5231 quod
2494 5179 2596 5231 non
2624 5165 2908 5233 pepercisti
2942 5162 3098 5216 unico
3132 5160 3239 5213 lilio
3269 5152 3542 5210 tuoinihil

2499 5316 2540 5347 ⁷¹
2572 5316 2702 5370 Gen.
2728 5330 2874 5373 xvm,
2915 5312 2999 5365 Η.
3100 5308 3144 5339 ⁷⁹
3190 5305 3369 5373 Jacob-
3406 5316 3448 5360 ιο
3488 5302 3544 5354 9ο
