3922 6246
262 362 315 423 l3

112 377 315 545 β...

1556 421 1623 477 ΙΝ
1647 417 1935 477 ϐΕΝΕΞῑΜ
1971 414 2248 471 HOMILIA
2280 414 2369 470 1X.

3439 415 3545 471 2M

444 507 581 607 ης)
617 518 734 607 {Pi
780 532 881 576 est
930 527 1253 591 Christus.
1297 538 1371 592 De
1417 535 1635 591 Christo
1654 551 1783 605 ergo
1805 534 1937 589 dici-
1961 537 2013 594 Α
2038 547 2129 585 nos
2158 541 2341 595 terrte;
2372 527 2638 598 depellens
2668 528 2810 596 ipsos
2849 526 3065 597 angelos
3096 533 3352 596 potestate
3378 533 3433 579 et
3457 526 3553 577 do-

202 583 205 586 _
1017 583 1253 591 ηψπ,
1299 583 1369 592 __
1420 583 1624 591 ,,,,,,,,,
1657 583 1775 605 νο-
1810 583 1902 589 __-,

202 583 977 692 Ιῗῖῗῖλθίξίίιίνίίοωιε
1042 625 1419 692 multiplicabo
1466 642 1633 680 semen
1677 634 1843 687 tuum,
1882 631 1933 676 et

226 679 352 767 Im
381 679 511 754 (⁵8)
547 687 703 747 “cut
752 702 965 758 stella
1026 714 1163 766 caeli
1221 679 1280 768 in
1324 714 1673 779 multitudine,
1703 723 1751 766 et
1801 679 1933 766 sicut

259 784 435 871 βτθξξα
457 791 588 845 quae
617 793 709 836 est
743 790 825 841 ad
857 808 1043 851 oram
1072 804 1269 855 maris.
1308 804 1438 868 Quis
1462 802 1570 869 jam
1605 803 1934 871 expositione

275 862 528 938 ὶῖδῶῑθιὶ,
555 879 630 927 ut
655 875 811 931 sciat
845 896 1065 940 semen
1102 862 1588 959 Christiquomodo
1620 862 1935 960 multiplice-

324 959 543 1030 venturi
569 963 733 1019 videt
778 981 814 1019 a
871 969 1103 1028 ﬁnibus
1135 985 1295 1031 terra:
1329 992 1495 1046 usque
1518 978 1583 1032 ad
1618 979 1750 1032 ﬁnes
1776 959 1931 1031 terra:

350 1062 693 1122 propagata!“
740 1060 1224 1125 [Imdicationem
1285 1066 1578 1134 Evangelii,
1624 1075 1681 1120 et
1734 1065 1930 1120 nullum

353 1154 485 1209 pene
506 1154 630 1196 esse
654 1141 774 1212 jam
810 1144 1009 1201 locum
1043 1152 1142 1218 qui
1173 1166 1281 1206 non
1306 1167 1486 1207 semen
1514 1154 1660 1208 verbi
1687 1167 1933 1221 suscepe-

360 1230 464 1284 rit?
494 1229 606 1285 Hoc
634 1247 881 1300 namque
931 1245 991 1289 et
1032 1237 1093 1289 in
1134 1239 1304 1292 initiis
1342 1240 1526 1293 mundi
1560 1241 1933 1309 prmﬁguraba-

354 1324 466 1380 tur,
505 1332 630 1371 cum
673 1319 976 1374 diceretur
1022 1323 1156 1377 Adae
1177 1324 1222 1356 ”
1248 1342 1263 1378 :
1289 1323 1511 1378 Crescite
1548 1335 1595 1378 et
1625 1326 1930 1391 multiplica-

349 1406 513 1459 mini.
542 1406 697 1472 Quod
736 1418 794 1461 et
837 1409 1021 1475 ipsum
1056 1412 1190 1465 dicit
1228 1413 1511 1479 Apostolus
1531 1416 1596 1479 θα,
1634 1415 1685 1467 in
1716 1414 1930 1469 Christo

345 1490 461 1544 dici
491 1501 554 1546 et
581 1494 637 1546 in
672 1494 947 1548 Ecclesia.
978 1498 1135 1563 Quod
1173 1510 1355 1553 autem
1389 1502 1561 1555 dixit:
1591 1502 1738 1556 Sicut
1767 1503 1930 1557 stellis

266 1628 285 1638 ,
341 1580 471 1631 ccli
508 1582 567 1633 in
599 1583 974 1649 multitudine,
1007 1597 1064 1639 et
1096 1588 1312 1656 adjecit,
1356 1591 1490 1642 sicut
1530 1607 1685 1644 arena
1715 1607 1827 1661 qua
1855 1601 1930 1645 est

297 5275 354 5331 η,
381 5268 463 5322 l6.
506 5268 574 5321 ‘l
603 5267 771 5321 P'etr.
801 5281 864 5327 v,
895 5265 963 5318 8.

252 5545 303 5602 δ.
326 5530 484 5596 ‘ttttl’ﬂ.
517 5538 624 5602 26,
657 5536 744 5591 30
770 5541 837 5586 et

335 1669 416 1719 ad
448 1683 612 1721 oram
666 1674 833 1724 maris
872 1674 1307 1741 innumerabilis,
1347 1677 1573 1732 fortasse
1601 1681 1811 1746 quidem
1843 1681 1929 1734 di-

334 1764 434 1806 cat
465 1755 678 1822 aliquis
718 1760 968 1815 ctelestis
1013 1747 1219 1817 numeri
1248 1764 1470 1833 ﬁguram
1500 1766 1926 1822 Christianorum

333 1844 585 1909 populo,
621 1860 812 1901 arena:
842 1851 1011 1904 maris
1040 1850 1264 1906 Judaico
1290 1856 1719 1924 convenire.Ego
1748 1865 1924 1911 tamen

331 1928 451 1983 hoc
485 1933 675 2000 magis
725 1944 862 2001 puto
899 1939 1046 2005 quod
1087 1949 1373 2009 utrumque
1394 1944 1693 2011 exemplum
1720 1947 1929 2013 utrique

327 2018 557 2084 populo
589 2022 767 2087 possit
797 2026 999 2091 aptari.
1033 2026 1168 2081 Nam
1196 2041 1251 2082 et
1290 2031 1341 2082 in
1377 2030 1464 2081 illo
1495 2032 1686 2099 popqu
1717 2033 1930 2088 luerunt

331 2107 510 2160 multi
546 2108 687 2176 justi
720 2120 778 2164 et
805 2116 1108 2181 prophetae,
1135 2119 1332 2185 quibus
1362 2120 1511 2173 stella
1524 2135 1637 2172 rum
1667 2122 1787 2175 caeli
1815 2137 1925 2176 me-

335 2195 459 2248 rito
516 2212 882 2267 comparatur
920 2206 1228 2273 exemplum
1273 2218 1371 2262 :et
1401 2210 1453 2262 in
1509 2218 1692 2265 nostro
1734 2212 1928 2279 populo

334 2294 478 2337 sunt
513 2289 674 2341 multi
703 2291 799 2356 qui
834 2300 1056 2345 terrena
1081 2295 1318 2362 sapiunt,
1349 2307 1407 2350 et
1431 2312 1659 2365 quorum
1703 2300 1925 2354 stultitia

337 2376 582 2440 gravior
612 2387 701 2430 est
726 2393 899 2432 arena
926 2382 1123 2448 maris;
1155 2385 1206 2435 in
1233 2384 1427 2450 quibus
1462 2389 1728 2455 prmcipue
1758 2390 1926 2442 haere-

334 2463 594 2519 ticorum
647 2470 841 2523 turbas
888 2470 1131 2524 arbitror
1184 2474 1531 2539 deputandas.
1581 2478 1685 2531 Sed
1722 2493 1788 2532 ne
1830 2493 1926 2533 nos

334 2552 574 2617 quidem
623 2556 806 2608 securi
854 2557 1062 2622 simus;
1129 2561 1296 2616 donec
1350 2566 1491 2618 enim
1526 2570 1644 2634 quis
1683 2577 1924 2623 nostrum

335 2653 460 2692 non
490 2642 716 2708 deponit
752 2645 1046 2712 imaginem
1093 2653 1315 2715 terreni,
1343 2661 1395 2706 et
1426 2655 1596 2708 induit
1632 2657 1915 2725 imaginem

336 2728 625 2793 caelestis,
679 2735 921 2788 terrenis
956 2751 1304 2805 comparatur
1348 2745 1626 2811 exemplis.
1678 2747 1830 2801 Unde
1872 2762 1924 2804 et

336 2817 649 2885 Apostolus
671 2836 738 2874 ex
760 2822 871 2888 his,
907 2834 969 2876 ut
1002 2827 1213 2892 opinor,
1248 2840 1423 2884 motus
1456 2833 1506 2885 in
1526 2833 1838 2891 coelestibus
1869 2847 1923 2891 et

339 2909 725 2964 terrestribus
757 2915 1086 2979 corporibus
1121 2921 1531 2976 resurrectionis
1564 2923 1758 2978 format
1790 2926 1922 2979 ima-

337 2992 559 3060 ginem,
618 2996 872 3051 dicens"
905 3001 1069 3054 :Alia
1127 3006 1331 3072 quidem
1379 3009 1661 3063 cwlestium
1721 3014 1914 3080 gloria,

337 3081 672 3181 alimentaq-
714 3088 1068 3181 terrestrium.
1095 3089 1161 3141 Et
1185 3093 1334 3146 stella
1372 3096 1438 3147 ab
1477 3097 1625 3149 stella
1669 3100 1841 3166 differt
1864 3102 1918 3153 in
1945 3124 1987 3181 ο

338 3168 621 3232 claritate,
653 3172 730 3224 ita
777 3174 881 3226 erit
922 3186 969 3226 et
1014 3181 1325 3233 resurrectio
1366 3192 1709 3238 mortuorum.
1739 3187 1841 3241 Sed
1867 3199 1921 3243 et

338 3257 620 3313 Dominus
650 3274 781 3315 cum
815 3263 1016 3316 dicit”
1045 3283 1061 3318 :
1088 3266 1179 3320 Ita
1222 3268 1391 3323 luceat
1432 3271 1523 3324 lus
1552 3283 1716 3326 vestra
1747 3291 1919 3328 coram

339 3347 679 3412 nominibus,
709 3360 769 3401 ut
817 3353 1052 3407 uidentes
1100 3355 1332 3411 homines
1376 3375 1531 3427 opera
1578 3372 1741 3415 vestra
1785 3365 1918 3418 bona

338 3432 652 3498 glorificent
712 3434 935 3491 Patrem
986 3455 1215 3495 vestrum
1266 3447 1353 3512 qui
1415 3448 1469 3499 in
1517 3449 1656 3503 caelis
1700 3452 1919 3515 cst,boc

336 3517 490 3573 idem
522 3533 844 3579 commonet
863 3540 990 3580 eum
1017 3530 1109 3597 qui
1142 3533 1287 3585 novit
1312 3536 1515 3590 audire.

413 3610 471 3662 3.
504 3609 664 3674 Quod
699 3624 884 3667 autem
918 3615 1171 3674 Christus
1213 3636 1397 3677 semen
1437 3625 1665 3682 Abrahae
1691 3641 1742 3684 et
1775 3632 1915 3689 ﬁlius

334 3695 583 3749 Abrahae
605 3699 701 3762 sit,
732 3701 781 3753 si
828 3702 912 3754 vis
950 3704 1260 3759 evidentius
1306 3709 1598 3778 Scripturte
1628 3718 1804 3773 verbis
1830 3722 1912 3774 di-

336 3798 521 3868 scere,
557 3786 684 3839 audi
729 3788 1010 3854 quomodo
1051 3791 1103 3845 in
1165 3794 1455 3863 Evangelia
1493 3803 1747 3868 scriptum
1789 3817 1910 3860 est:

335 3867 816 3961 {.ibeginquit",
846 3880 1205 3945 generationis
1222 3883 1347 3938 Jesn
1372 3886 1569 3941 Christi
1595 3867 1694 3956 ﬁlii
1725 3894 1907 3961 David,

331 3954 441 4019 ﬁlii
470 3957 768 4013 Abraham.
802 3961 860 4015 lu
897 3964 1007 4018 hoc
1042 3981 1177 4034 ergo
1204 3972 1504 4039 completur
1539 3954 1706 4033 et‘ille
1737 3954 1911 4037 sermo

330 4057 507 4109 quem
542 4047 673 4099 dicit
696 4049 743 4080 “
768 4067 785 4101 :
816 4050 1155 4107 Hareditate
1192 4060 1355 4123 capiet
1374 4078 1544 4118 semen
1568 4075 1710 4121 tuum
1732 4072 1912 4124 civita-

326 4139 410 4181 tes
433 4131 893 4190 adversariorum.
925 4138 1215 4203 Quomodo
1248 4146 1557 4205 haereditate
1595 4157 1734 4223 cepit
1757 4157 1911 4212 Cbri~

326 4228 460 4272 etus
514 4219 769 4277 civitates
812 4227 1298 4285 adversariorum?
1331 4234 1435 4289 Per
1478 4240 1576 4293 hoc
1609 4219 1721 4296 sine
1750 4247 1908 4302 dubio

324 4308 477 4373 quod
502 4310 561 4361 in
584 4326 790 4365 omnem
810 4324 1012 4368 terram
1051 4320 1186 4370 exiit
1219 4338 1375 4376 sonus
1400 4331 1832 4399 apostolorum”,
1860 4346 1906 4388 et

2037 620 2348 683 minatione,
2377 615 2533 687 quam
2564 616 2830 670 habebant
2869 615 2921 667 in
2957 615 3275 677 nationibus,
3298 626 3554 682 provoca-

2032 706 2106 759 vit
2133 721 2227 760 eos
2245 708 2309 759 ad
2333 705 2684 759 iracundiam.
2717 704 2782 756 Et
2810 702 3009 756 idcirco
3046 702 3249 764 dicit”,
3279 704 3400 770 quia
3428 702 3557 755 asti-

2032 802 2198 845 terunt
2220 808 2359 860 reges
2383 803 2552 858 terrm,
2577 803 2626 846 et
2645 793 2895 860 principes
2929 797 3265 843 convenerunt
3294 793 3348 841 in
3371 803 3551 850 unum,

2033 881 2277 933 adversus
2300 881 2598 945 Dominum,
2621 890 2666 933 et
2679 882 2920 934 adversus
2938 879 3195 931 Christum
3208 878 3340 943 ejus.
3360 876 3420 928 Et
3436 874 3553 928 ideo

2031 968 2380 1022 adversantur
2406 970 2565 1022 etiam
2598 970 2771 1032 nobis,
2803 979 2961 1036 atque
2978 980 3171 1035 agones
3189 974 3368 1018 contra
3391 973 3554 1016 noset

2029 1061 2322 1110 certamina
2345 1058 2632 1111 concitant.
2659 1057 2789 1110 llinc
2806 1066 2858 1110 et
2875 1056 3159 1125 Apostolus
3179 1053 3374 1107 Christi
3405 1068 3418 1104 :
3445 1050 3551 1102 Lu-

2029 1151 2229 1196 ctamen
2256 1153 2350 1208 est,
2375 1145 2601 1211 inquiti,
2633 1144 2774 1197 nobis
2824 1159 2925 1196 non
2979 1143 3246 1194 adrersum
3277 1153 3480 1192 carnem
3501 1145 3552 1190 et

2029 1232 2351 1297 sanguinem,
2376 1233 2464 1284 sed
2487 1232 2756 1284 adversum
2785 1232 3102 1299 principatus
3128 1240 3173 1282 et
3190 1236 3482 1296 potestates,
3503 1235 3553 1280 et

2029 1317 2209 1368 mundi
2231 1317 2385 1384 hujus
2408 1329 2645 1371 rectores.
2665 1318 2952 1387 Propterea
2973 1333 3099 1385 ergo
3118 1317 3430 1386 vigilandum
3453 1330 3553 1370 no-

2030 1406 2109 1460 bis
2126 1417 2227 1471 est,
2260 1418 2312 1459 et
2328 1408 2554 1463 sollicite
2571 1411 2849 1478 agendum,
2875 1412 2995 1479 quia
3012 1408 3337 1460 adversarius
3359 1417 3550 1472 noster,

2027 1496 2158 1548 sicut
2194 1498 2271 1549 leo
2298 1499 2519 1565 rugiens,
2550 1500 2754 1561 circuit,
2779 1515 3009 1568 qua'rens
3038 1515 3182 1567 quem
3212 1497 3548 1550 transvorct’.

2026 1583 2122 1639 Cui
2142 1586 2610 1639 nislrestiterimus
2638 1586 2795 1653 fortes
2822 1589 2875 1639 in
2900 1586 3018 1653 ﬁde,
3050 1602 3252 1640 rursum
3273 1598 3368 1638 nos
3388 1586 3440 1637 in
3465 1597 3552 1637 ea-

2027 1676 2319 1743 ptivitatem
2354 1679 2643 1731 revocabit.
2690 1678 2837 1743 Quod
2869 1679 2913 1731 si
2953 1678 3344 1740 nobiseveniat,
3376 1676 3553 1744 ingra-

2031 1772 2136 1816 tum
2169 1764 2425 1819 faciemus
2451 1781 2581 1834 opus
2599 1766 2735 1833 ejus,
2765 1768 2854 1834 qui
2877 1769 3019 1821 cruci
3048 1766 3331 1821 suazallixit
3351 1768 3547 1836 princi-

2026 1863 2180 1921 patus
2206 1865 2256 1907 et
2284 1856 2630 1923 potestates‘,
2662 1871 2780 1908 cum
2812 1856 2997 1910 ﬁducia
3031 1858 3354 1925 triumphans
3377 1872 3470 1911 eos
3494 1859 3548 1912 in

2025 1944 2389 2010 semetipsum,
2421 1953 2473 1997 et
2503 1945 2589 2011 qui
2623 1945 2763 1997 venit
2804 1948 3040 2013 captivos
3082 1947 3351 2000 dimittere
3380 1948 3429 1999 in
3462 1961 3548 2001 re-

2025 2031 2401 2085 missionem‘.‘
2429 2032 2565 2097 Quin
2595 2035 2773 2101 potius
2804 2034 2957 2089 ﬁdem
3005 2035 3201 2090 Christi
3243 2045 3545 2104 sequentes,

2025 2120 2114 2186 qui
2145 2120 2487 2189 triumphavit
2523 2138 2639 2187 eos,
2668 2126 3060 2194 disrumpamus
3106 2127 3309 2186 vincula
3342 2143 3545 2192 eorum,

2026 2208 2216 2273 quibus
2247 2222 2342 2261 nos
2371 2209 2724 2264 devinxerunt
2749 2216 2999 2280 potestati
3026 2230 3152 2267 suae.
3183 2215 3392 2268 Vincula
3420 2232 3546 2270 vero

2024 2295 2221 2364 quibus
2251 2311 2349 2350 nos
2388 2300 2779 2369 constringunt,
2819 2304 3093 2368 passiones
3125 2312 3179 2356 et
3202 2305 3331 2356 vitia
3368 2314 3544 2358 nostra

2022 2392 2164 2446 sunt,
2200 2384 2392 2450 quibus
2417 2387 2594 2439 taudiu
2632 2388 2967 2448 innectimur.
3005 2391 3173 2443 donec
3199 2406 3412 2445 carnem
3450 2407 3546 2446 no-

2022 2480 2184 2524 stram
2209 2473 2580 2542 cruciﬁgamus
2609 2490 2728 2528 cum
2756 2477 2895 2529 vitiis
2920 2488 2969 2531 et
3002 2481 3469 2546 concupiscentiis,
3489 2492 3543 2534 et

2022 2560 2095 2613 ita
2123 2562 2330 2614 detnum
2358 2563 2736 2631 disrumpamus
2773 2566 2971 2619 uincula
2998 2583 3196 2634 eorum,
3224 2578 3270 2620 et
3299 2568 3545 2635 proiicia—

2020 2665 2131 2702 mus
2161 2667 2191 2701 a
2222 2652 2363 2703 nobis
2400 2652 2587 2719 jngum
2642 2656 2866 2721 ipsorum
2890 2658 2931 2709 ⁸.
2965 2655 3129 2725 Igitur
3155 2659 3430 2725 occupavit
3461 2671 3547 2712 se-

2021 2750 2140 2788 men
2184 2737 2407 2789 Abrahae
2434 2739 2675 2793 civitates
2699 2742 3150 2805 adversariorum,
3175 2742 3225 2795 id
3257 2751 3338 2794 est
3359 2756 3541 2794 semen

2021 2825 2189 2887 verbi,
2221 2827 2362 2893 quod
2408 2836 2488 2879 est
2517 2830 2820 2894 praedicatio
2850 2831 3125 2899 Evangelii
3150 2840 3203 2884 et
3226 2832 3353 2884 ﬁdes
3383 2831 3541 2885 Citri-

2021 2916 2110 2970 sti.
2144 2915 2246 2969 Sed
2279 2917 2396 2971 dico
2427 2933 2440 2969 :
2476 2917 2721 2987 Nunquid
2756 2921 3033 2988 iniquitate
3079 2935 3203 2974 usus
3243 2932 3325 2976 est
3361 2922 3539 2975 Domi-

2018 3016 2137 3067 nus,
2166 3011 2222 3056 ut
2243 3004 2471 3071 eriperet
2496 3016 2676 3073 gentes
2704 3007 2767 3060 de
2796 3016 3059 3074 potestate
3083 3010 3535 3072 adversariorum,

2020 3100 2072 3144 et
2101 3091 2167 3144 ad
2194 3091 2348 3145 ﬁdem
2380 3107 2533 3145 suam
2570 3094 2925 3162 ditiouentque
2957 3108 3230 3150 revocaret
3254 3097 3399 3166 (60)?
3433 3096 3537 3148 Ne-

2020 3196 2305 3249 quaquam.
2336 3184 2463 3236 Erat
2485 3184 2625 3237 enim
2653 3184 2936 3251 aliquando
2967 3201 3089 3253 pars
3124 3186 3326 3241 Domini
3354 3187 3538 3250 Israel,

2018 3272 2108 3322 sed
2138 3269 2213 3323 illi
2241 3285 2462 3339 peccare
2499 3270 2740 3324 fecerunt
2778 3271 2938 3325 Israel
2977 3287 3006 3324 a
3048 3273 3153 3327 Deo
3184 3289 3301 3341 suo,
3333 3283 3387 3328 et
3409 3291 3548 3343 pro-.

2015 3366 2133 3424 pter
2160 3367 2372 3425 peccata
2403 3374 2495 3411 sua
2524 3360 2654 3412 dixit
2681 3359 2757 3412 eis
2790 3361 2962 3414 Deus"
2994 3378 3009 3415 :
3040 3361 3171 3415 Ecce
3201 3364 3425 3431 peccatis
3447 3381 3535 3419 ce-

2016 3446 2136 3498 strt’s
2186 3446 2427 3498 distracti
2477 3450 2620 3511 estis,
2657 3458 2702 3499 et
2751 3456 2959 3514 propter
2997 3460 3206 3517 peccata
3258 3462 3422 3505 vestra
3456 3454 3538 3506 di-

2015 3535 2173 3601 spersi
2214 3535 2336 3586 estis
2360 3536 2452 3587 sub
2485 3537 2719 3589 universo
2766 3537 2911 3589 ctelo.
2947 3536 3049 3589 Sed
3094 3538 3284 3591 iterum
3309 3540 3437 3592 dicit
3468 3541 3536 3592 ad

2013 3624 2136 3676 eos"
2168 3622 2258 3674 :Si
2283 3622 2434 3689 fuerit
2471 3624 2720 3691 dispersio
2752 3636 2917 3678 vestra
2956 3627 3020 3678 ab
3066 3636 3289 3680 extremo
3312 3628 3423 3681 ειειὲ
3452 3644 3540 3680 us-

2013 3725 2107 3778 que
2135 3710 2200 3762 ad
2223 3719 2503 3762 extremum
2523 3710 2651 3778 ejus,
2680 3712 2796 3764 inde
2819 3712 3131 3780 congregabo
3154 3728 3259 3776 uos,
3281 3713 3402 3765 dicit
3426 3712 3539 3765 Do-

2010 3795 2197 3847 minus.
2227 3794 2360 3860 Quia
2393 3809 2520 3864 ergo
2543 3797 2807 3865 principes
2842 3797 2998 3864 hujus
3026 3799 3203 3851 mundi
3232 3799 3537 3853 invaserant

2011 3894 2213 3952 partem
2241 3884 2471 3949 Domini,
2502 3900 2718 3940 necesse
2754 3885 2936 3939 habuit
2972 3896 3153 3954 pastor
3197 3886 3371 3940 bonus
3407 3886 3536 3939 reli-

2008 3975 2110 4028 ctis
2135 3974 2186 4026 in
2221 3974 2464 4040 supernis
2492 3975 2778 4041 nonaginta
2817 3984 2869 4028 et
2894 3989 3080 4028 novem
3112 3975 3439 4029 descendere
3468 3976 3535 4029 ad

2010 4071 2201 4126 terras,
2227 4072 2280 4116 et
2302 4077 2459 4115 unam
2484 4077 2633 4116 ovem
2667 4078 2782 4131 quac
2808 4066 3039 4130 perierat
3061 4078 3319 4131 quaerere,
3347 4064 3532 4118 iuven-

2009 4158 2223 4218 tamque
2248 4159 2302 4204 et
2332 4151 2569 4206 humeris
2608 4161 2893 4215 revectam,
2938 4154 3001 4206 ad
3044 4167 3333 4220 supernum
3358 4152 3535 4221 perle-

2008 4239 2197 4293 ctionis
2233 4239 2371 4293 ovile
2418 4240 2727 4294 revocare“.
2757 4240 2860 4294 Sed
2911 4242 3034 4308 quid
3074 4242 3201 4294 mihi
3246 4242 3458 4309 prodest
3486 4243 3532 4295 si

2009 4341 2190 4381 semen
2238 4328 2462 4381 Abrahae
2492 4329 2581 4397 qui
2615 4337 2698 4382 est
2727 4330 2991 4392 Christus,
3022 4331 3331 4385 btereditate
3367 4332 3534 4399 possi-

321 4396 380 4448 ίιι
406 4399 590 4451 urbem
633 4410 797 4456 terra:
840 4406 1001 4458 verba
1027 4410 1301 4465 eorum".
1332 4412 1482 4468 Unde
1510 4426 1565 4470 et
1590 4422 1654 4473 ad
1689 4396 1902 4478 iracnn-
1933 4407 1983 4465 Ι)
2008 4415 2132 4468 deat
2170 4415 2413 4468 civitates
2457 4396 2906 4481 adversariorum,
2946 4426 2997 4469 et
3039 4432 3209 4471 meam
3257 4418 3526 4472 civitatem

321 4484 471 4538 diam
495 4491 733 4542 excitati
763 4500 897 4544 sunt
922 4494 1111 4562 angeli
1149 4497 1247 4561 illi,
1284 4503 1371 4567 qui
1405 4506 1642 4574 singulas
1667 4524 1904 4579 quasque

322 4576 573 4631 nationes
619 4580 728 4632 sub
761 4589 1044 4646 potestate
1094 4586 1397 4644 retinebant
1449 4594 1581 4664 (59).
1624 4598 1732 4667 86
1776 4576 1904 4656 Cum

315 4664 451 4717 enim
490 4666 757 4720 divideret
798 4668 1070 4723 Excelsae
1097 4684 1277 4739 gentes
1311 4685 1589 4735 secundum
1640 4664 1903 4745 numerum

314 4753 626 4819 angelorum
662 4755 786 4818 Dei,
823 4767 957 4809 tunc
980 4775 1118 4824 pars
1142 4760 1257 4826 ejus
1278 4764 1411 4828 facta
1438 4780 1509 4821 est
1537 4770 1722 4838 Iacob,
1752 4789 1798 4829 et
1820 4779 1905 4846 [u-

313 4842 517 4894 niculus
551 4843 902 4897 Ittereditatis
944 4846 1080 4911 ejus
1106 4845 1279 4901 Israel
1295 4852 1358 4904 ".
1384 4854 1635 4913 Christus
1659 4864 1802 4918 enim
1820 4842 1901 4923 tad

313 4941 463 4992 quem
518 4931 745 4984 dixerat
775 4932 954 4984 Pater
977 4932 1031 4963 ⁸⁸
1062 4950 1078 4984 :
1111 4933 1240 4987 Pete
1265 4954 1293 4988 a
1320 4955 1414 5004 me,
1437 4953 1480 4993 et
1499 4944 1636 4998 dabo
1664 4953 1756 5003 tibi
1778 4970 1902 5021 gen.

312 5023 379 5067 tes
400 5018 785 5071 hereditatem
834 5030 1032 5078 tuam,
1072 5027 1127 5070 et
1158 5028 1516 5084 possessionem
1543 5039 1686 5086 tuam
1721 5018 1902 5095 terrui-

368 5129 623 5199 {‘Genes.
648 5147 803 5193 xm,
822 5131 938 5199 717.
1002 5130 1281 5199 if‘l'Genes.
1300 5152 1332 5199 ι,
1352 5140 1431 5192 28.

2008 4520 2113 4558 non
2145 4505 2449 4570 possideat?
2472 4505 2584 4558 siin
2616 4519 2730 4559 mea
2759 4508 2995 4570 civitate,
3029 4507 3127 4561 hoc
3153 4516 3233 4562 est
3268 4509 3318 4562 in
3356 4510 3532 4563 anima

2008 4608 2143 4659 mea,
2171 4607 2289 4660 qua:
2314 4604 2397 4647 est
2413 4595 2602 4647 civitas
2628 4594 2790 4663 Regis
2810 4595 3008 4663 magni,
3038 4609 3207 4663 neque
3232 4596 3373 4664 leges
3388 4596 3524 4663 ejus,

2007 4697 2177 4750 neque
2212 4683 2449 4736 instituta
2476 4684 2789 4737 serventur?
2822 4684 2953 4749 Quid
2985 4686 3111 4738 mihi
3144 4687 3355 4753 prodest
3386 4688 3528 4753 quod

2008 4772 2310 4826 universum
2352 4775 2598 4827 mundum
2621 4775 2866 4843 subjecit,
2900 4783 2954 4825 et
2997 4774 3422 4829 adversariorum
3458 4777 3532 4830 ci-

2008 4863 2198 4917 vitates
2224 4865 2477 4931 possidet,
2525 4866 2569 4919 si
2606 4881 2710 4920 non
2751 4876 2804 4920 et
2844 4867 2899 4917 in
2931 4881 3012 4919 me
3037 4868 3372 4921 adversarios
3402 4882 3528 4921 suos

2005 4953 2203 5015 vincat,
2237 4951 2281 5004 si
2312 4967 2416 5004 non
2448 4956 2686 5006 destruat
2725 4953 2916 5021 legem,
2945 4970 3062 5023 quae
3089 4966 3173 5011 est
3197 4958 3247 5010 in
3278 4958 3531 5012 membris

2008 5040 2141 5094 meis
2182 5055 2475 5109 repugnans
2515 5042 2613 5109 legi
2645 5042 2837 5095 mentis
2877 5058 3023 5103 meae.
3056 5053 3110 5097 et
3141 5046 3405 5113 captivum
3440 5061 3528 5099 me

1470 5142 1731 5227 ""Ephes.
1760 5167 1811 5217 v,
1838 5158 1926 5227 32.
1966 5163 2005 5193 θ’
2038 5162 2055 5214 1
2087 5162 2206 5214 Cor.
2227 5175 2315 5221 xv,
2337 5159 2405 5213 40
2427 5167 2477 5210 et
2500 5173 2610 5227 seq.
2651 5162 2694 5191 ν’
2718 5159 2899 5213 Matth.
2922 5173 2974 5227 γ.
3011 5158 3096 5213 l6.
3136 5162 3180 5192 ⁸³
3201 5162 3385 5214 Matth.
3416 5164 3521 5222 1,1.

303 5193 750 5292 ςίῖεέιεξοβπξέξι
778 5198 879 5292 1].
897 5198 981 5292 9"
1013 5193 1398 5292 Ρξῗὲλιξλέάιξξ,
1423 5207 1477 5292 ᾗ
1507 5193 1731 5292 "limini
1761 5193 1818 5283 ἐξ
1838 5193 1932 5280 is.
1992 5193 2209 5281 *⁷³1ῖέἷῖιῖ
2229 5193 2477 5290 mliti:
2495 5193 2656 5280 EF»
2688 5193 2907 5291 Ρῖιῖίῖἶῖξ
2928 5193 2983 5277 Et.
3015 5193 3523 5292 ὐἷ’ίυίιῖἒῖ”ἶ’έί›ὖξ

332 5407 445 5477 (58)
477 5403 755 5477 Editi,__et
782 5406 994 5477 erunt.
1012 5396 1204 5477 “Mss”
1226 5409 1274 5477 et
1297 5405 1403 5461 erit.

478 5464 961 5555 yiie'l-{xe‘t‘iuzig
1003 5464 1437 5530 Origenianorum
1463 5475 1547 5530 lib.
1590 5497 1648 5547 tt,
1685 5498 1892 5555 quaest.

312 5593 569 5681 (gmw-Sic
606 5593 775 5660 ωδε,
845 5597 1053 5656 Alias,
1125 5593 1504 5672 deditionemque
1558 5627 1880 5679 reuocaret?

1056 5265 1086 5295 ³-
1107 5264 1310 5321 Coloss.
1342 5264 1393 5333 tt,
1423 5274 1501 5326 14.
1543 5278 1565 5306 ⁴
1592 5264 1731 5338 an:
1752 5264 1917 5355 {1'th

2029 5297 2050 5328 ι
2065 5264 2213 5349 illi:
2235 5264 2983 5360 1.23?ilv'éiteun.i.”i'iii&'.'
3005 5294 3026 5324 ε
3043 5264 3231 5349 Militi:
3258 5264 3521 5354 aucta:

2005 5431 2168 5505 Paulo
2190 5438 2303 5497 post
2331 5432 2465 5485 infra
2490 5446 2641 5495 mss.,
2667 5434 2755 5486 sed
2778 5432 3085 5505 illi‘peccare
3108 5428 3330 5505 [iecerunt
3353 5424 3522 5504 Israel

2005 5516 2037 5550 a
2061 5500 2163 5552 Deo
2186 5495 2279 5553 suo
2298 5509 2343 5552 et
2364 5511 2569 5567 pr0pter
2597 5507 2823 5567 peccata.
2849 5495 3016 5552 Alias.
3045 5499 3133 5543 Sed
3154 5495 3271 5559 quia
3300 5495 3519 5559 peccatis

2007 5576 2310 5622 recesserant
2341 5584 2371 5621 a
2408 5566 2514 5621 Deo
2543 5566 2653 5633 suo,
2690 5572 2897 5635 propter
2932 5566 3158 5625 peccata.
