3922 6252
248 375 350 434 4'“
1630 429 1695 486 IN
1716 429 2009 487 GENESIM
2039 427 2316 484 HOMILIA
2346 427 2413 482 Χ.
3497 425 3603 479 218

260 518 487 620 {Emi
527 518 754 620 ?“3““
784 531 876 600 ’⁵,
919 538 1234 601 bibentes.
1304 547 1546 617 Mysteria
1605 558 1729 602 sunt
1783 556 1975 602 cuncta

2080 561 2212 600 mus.
2237 544 2493 599 Habetote
2514 542 2848 611 patientiam,
2892 543 3016 611 quia
3040 543 3107 597 de
3141 543 3381 597 Rebecca
3423 545 3599 606 nobis,

264 612 869 712 ll‘13.t5§ripta_sutit
892 641 912 676 :
950 631 1099 685 vult
1136 644 1196 689 te
1218 612 1462 689 Christus
1488 635 1588 689 sibi
1615 637 1972 701 desponsare:
2018 616 2027 622 ’
2077 633 2127 685 id
2150 643 2232 685 est
2261 633 2326 685 de
2357 631 2630 699 patientia,
2657 645 2833 684 sermo
2857 639 2959 684 est.
2995 631 3069 684 Et
3112 645 3329 684 necesse
3363 639 3443 684 est
3494 644 3595 683 nos

298 690 370 758 ad
401 702 461 750 ω
484 699 650 755 mm“
681 703 985 777 ‘O‘lttitur
1021 734 1145 787 per
1189 725 1530 790 prophetam,
1558 690 1737 776 dicens
1761 724 1806 754 "
1832 739 1848 776 :
1873 722 1978 775 De-
2075 734 2168 774 eos
2200 720 2288 787 qui
2330 690 2627 773 collectam
2666 718 2970 786 negligunt,
3023 724 3077 770 et
3128 719 3312 770 audire
3334 718 3601 770 declinant

312 790 593 880 (mutabo
625 804 679 848 te
707 799 863 852 mihi
895 803 965 858 in
992 818 1298 873 a’lernum,
1325 820 1371 864 et
1413 813 1726 880 desponsabo
1755 820 1803 864 te
1855 813 1979 864 mihi
2076 810 2293 860 verbum
2346 807 2461 869 Dei,
2503 806 2769 873 paululum
2826 819 2922 873 per
2973 805 3286 872 patientiam
3315 806 3598 873 castigare,

344 879 402 935 'tu
430 880 533 950 ftde
564 893 614 936 et
647 888 1102 960 misericordia,
1131 910 1181 951 et
1206 917 1480 968 cognosces
1504 879 1806 952 Dominum.
1846 899 1978 963 Quia
2077 895 2166 963 qui
2208 911 2309 947 non
2340 895 2636 948 desiderant
2671 908 2855 960 panem
2885 893 3025 954 vitm,
3060 906 3157 944 nec
3185 907 3374 958 aquam
3408 892 3599 953 vivam,

380 989 499 1042 ergo
525 974 648 1027 vult
680 985 741 1031 el
771 988 829 1032 te
863 982 985 1036 sibi
1023 986 1289 1041 Christus
1314 989 1638 1055 despondere
1661 988 1792 1053 (65),
1819 987 1869 1039 id
1901 996 1981 1041 est

398 1067 745 1134 desponsam,
781 1072 1098 1136 prmmittit
1157 1076 1226 1128 ad
1270 1086 1320 1128 te
1350 1076 1508 1128 istum
1559 1091 1800 1141 puerum.
1841 1075 1982 1129 Puer

402 1155 504 1209 iste
527 1170 707 1209 sermo
737 1159 1124 1222 propheticus
1172 1172 1273 1224 est,
1305 1179 1460 1231 quem
1489 1164 1593 1216 nisi
1623 1165 1772 1229 prius
1798 1179 1979 1218 susce-

412 1245 579 1314 peris,
603 1245 814 1297 nubere
836 1245 1071 1301 Christo
1094 1264 1201 1300 non
1234 1250 1451 1315 poteris.
1479 1249 1628 1302 Scito
1653 1261 1822 1302 tamen
1857 1252 1978 1317 quia

392 1322 574 1385 nemo
608 1334 1014 1388 inexercitatus
1039 1338 1394 1402 etimperitus
1426 1352 1722 1392 sermonem
1756 1340 1983 1407 prophe«

406 1422 587 1474 ticum
608 1422 859 1489 suscipit,
884 1424 982 1476 sed
1012 1424 1106 1491 qui
1143 1425 1247 1476 scit
1273 1424 1486 1477 haurire
1514 1441 1704 1492 aquam
1755 1428 1818 1480 de
1854 1443 1981 1494 pro-

406 1506 587 1560 fundo
610 1510 784 1576 putei,
814 1518 871 1563 et
900 1510 994 1577 qui
1022 1511 1074 1562 in
1109 1519 1315 1563 tantum
1341 1512 1442 1565 scit
1471 1512 1710 1575 haurire,
1739 1522 1795 1565 ut
1817 1514 1978 1566 etiam

404 1597 501 1649 his
534 1597 764 1650 sufﬁciat
792 1599 885 1664 qui
911 1598 1315 1652 irrationabiles
1363 1608 1417 1653 et
1443 1600 1681 1666 perversi
1713 1601 1977 1664 videntur,

399 1701 655 1752 quorum
705 1688 939 1750 figuram
980 1695 1164 1740 tenent
1219 1686 1441 1740 cameli:
1488 1696 1547 1740 ut
1590 1697 1643 1740 et
1674 1689 1785 1756 ipse
1810 1691 1980 1756 possit

398 1773 644 1836 dicere,
703 1773 833 1840 quia
901 1775 1225 1846 sapientibus
1275 1781 1321 1826 et
1376 1775 1733 1842 insipientibus
1781 1777 1981 1829 debitor

2079 982 2165 1048 qui
2199 997 2300 1035 non
2329 993 2521 1035 exeunt
2546 983 2611 1036 de
2642 983 2848 1044 castris,
2882 994 2976 1034 nec
3006 981 3301 1048 procedunt
3330 981 3393 1033 de
3428 979 3598 1032 domi-

2079 1068 2178 1122 bus
2199 1070 2376 1131 luteis.
2408 1080 2462 1122 ut
2486 1071 2733 1137 colligant
2754 1070 2850 1123 sibi
2883 1084 3098 1131 manna,
3126 1070 3215 1135 qui
3247 1084 3350 1120 non
3382 1069 3606 1122 veniunt

2079 1159 2145 1211 ad
2182 1167 2403 1225 petram,
2436 1169 2491 1209 ut
2528 1160 2708 1211 bibant
2728 1160 2790 1211 de
2819 1160 3043 1226 spiritali
3069 1167 3234 1224 petra.
3274 1155 3426 1208 Petra
3459 1157 3600 1208 enim

2080 1255 2161 1300 est
2188 1247 2453 1309 Christus,
2482 1256 2537 1298 ut
2564 1246 2845 1312 Apostolus
2876 1248 2948 1298 ait
2968 1248 3032 1300 ³².
3066 1247 3340 1307 liabetote,
3367 1246 3600 1312 inquam,

2081 1349 2174 1388 vos
2206 1335 2474 1402 paululum
2509 1336 2838 1401 patientiam.
2873 1334 3061 1388 Sermo
3079 1335 3221 1387 enim
3252 1334 3402 1385 nobis
3425 1341 3507 1384 est
3537 1332 3603 1383 ad

2078 1423 2422 1490 negligentes,
2456 1433 2509 1476 et
2537 1438 2628 1477 eos
2657 1425 2743 1491 qui
2777 1425 2915 1476 male
2941 1425 3151 1477 habent.
3186 1421 3312 1475 Sani
3334 1421 3473 1473 enim
3503 1435 3604 1471 non

2080 1512 2305 1581 indigent
2331 1515 2549 1576 medico,
2573 1516 2661 1565 sed
2705 1514 2838 1565 male
2864 1512 3105 1565 habentes
3137 1513 3199 1564 ³⁸.
3256 1511 3427 1564 Dicite
3477 1510 3603 1563 mihi

2079 1617 2171 1656 vos
2199 1604 2308 1670 (68)
2339 1604 2425 1672 qui
2453 1604 2815 1656 tantummodo
2842 1602 2992 1655 festis
3027 1604 3211 1655 dielms
3241 1602 3303 1653 ad
3328 1600 3603 1654 ecclesiam

2079 1692 2392 1755 convenitis,
2425 1693 2600 1744 επιειί
2631 1691 2741 1744 dies
2769 1705 2869 1744 non
2896 1700 3018 1742 sunt
3043 1688 3193 1742 festi?
3218 1704 3319 1741 non
3350 1697 3469 1740 sunt
3495 1687 3607 1740 dies

2083 1780 2331 1833 Domini?
2359 1780 2660 1833 Judaeorum
2690 1789 2791 1843 est,
2820 1780 2934 1834 dies
2961 1790 3132 1832 certos
3158 1789 3209 1832 et
3236 1793 3385 1830 raros
3412 1777 3605 1829 obser-

395 1876 529 1911 sum
559 1862 627 1911 “.
661 1861 909 1928 Denique
931 1862 1012 1913 sic
1044 1862 1258 1914 dixerat
1302 1863 1351 1914 in
1381 1864 1540 1915 corde
1571 1879 1666 1916 suo
1696 1880 1827 1931 puer
1859 1865 1979 1918 iste:
2013 1856 2052 1909 Β
2087 1884 2207 1922 rare
2241 1869 2524 1922 solemnes.
2575 1869 2635 1920 Et
2686 1868 2803 1921 ideo
2840 1869 2905 1920 ad
2941 1883 3032 1921 eos
3058 1867 3186 1919 dicit
3227 1866 3363 1919 Deus
3385 1865 3449 1929 ³⁵,
3480 1865 3602 1931 quia

398 1946 499 1999 Ex
523 1948 637 2009 his,
675 1949 855 2017 inquit
878 1950 945 2013 ³⁷,
970 1951 1279 2016 uirginibus,
1303 1967 1417 2013 qua
1445 1954 1649 2003 veniunt
1670 1953 1738 2004 ad
1771 1970 1980 2021 aquam,

397 2050 751 2103 quacunque
780 2038 974 2089 dixerit
1003 2038 1129 2089 mihi
1159 2052 1177 2089 :
1207 2037 1334 2090 Bibe
1385 2049 1462 2102 tu,
1512 2049 1558 2091 et
1605 2041 1823 2094 camelos
1868 2052 1981 2094 tuos

402 2124 726 2188 adat/natm,
765 2127 885 2189 ipsa
940 2128 1040 2178 erit
1070 2142 1257 2192 sponsa
1308 2127 1503 2180 domini
1557 2131 1677 2180 mei.
1721 2130 1810 2182 Sic
1858 2144 1982 2198 ergo

404 2213 699 2279 Rebecca,
728 2233 849 2284 quae
877 2219 1269 2286 interpretatur
1304 2221 1554 2285 patientia
1607 2219 1738 2288 (66),
1769 2229 1823 2272 ut
1850 2222 1983 2272 vidit

406 2319 683 2371 puerum,
708 2317 765 2357 et
800 2308 1040 2372 inspexit
1065 2309 1430 2375 propheticum
1480 2308 1719 2372 verbum,
1769 2309 1983 2375 deponit

405 2393 480 2443 de
521 2391 761 2443 humero
786 2392 1063 2460 hydri-am.
1111 2393 1334 2458 Deponit
1373 2394 1515 2445 enim
1564 2394 1752 2447 elatam
1786 2394 1983 2448 Grmcze

408 2476 695 2530 facundia:
726 2480 1122 2547 arrogantiam,
1153 2488 1205 2531 et
1229 2479 1292 2530 ad
1319 2488 1421 2530 tam
1470 2480 1721 2531 humilem
1776 2496 1839 2533 ac
1874 2489 1979 2532 tam

407 2566 726 2631 simplicem
761 2582 822 2619 se
861 2566 1134 2618 inclinans
1161 2566 1525 2632 propheticum
1566 2581 1860 2620 sermonem
1902 2569 1979 2621 di-

404 2656 490 2709 cit
522 2671 538 2707 :
570 2655 704 2707 Bibe
726 2665 807 2718 tu,
838 2665 886 2708 et
917 2655 1140 2707 camelos
1169 2665 1284 2707 tuos
1313 2654 1602 2723 adnquabo.

479 2744 542 2797 3.
572 2743 682 2796 Sed
713 2744 853 2796 dicis
880 2744 1129 2806 fortasse,
1151 2742 1207 2796 Si
1234 2758 1363 2809 puer
1391 2743 1685 2811 prophetici
1715 2742 1981 2797 sermonis

406 2843 568 2885 tenet
598 2833 859 2899 ﬁguram,
899 2834 1175 2900 quomodo
1202 2841 1413 2897 potatur
1438 2847 1466 2883 a
1491 2831 1759 2894 Rebecca,
1815 2846 1975 2898 quant

403 2926 530 2991 ipse
562 2922 739 2988 magis
765 2930 964 2987 potare
993 2921 1248 2973 deberet?
1288 2920 1421 2973 Vide
1443 2934 1566 2988 ergo
1595 2934 1661 2973 ne
1685 2920 1820 2972 forte
1842 2920 1980 2972 sicut

406 3019 468 3062 et.
507 3010 781 3062 Dominus
826 3010 1007 3071 Iesus,
1033 3024 1152 3082 cum
1181 3009 1295 3077 ipse
1327 3010 1397 3061 sit
1423 3009 1574 3076 panis
1625 3009 1771 3070 vita},
1792 3019 1853 3059 et
1868 3007 1978 3074 ipse

402 3109 609 3169 pascat
658 3102 879 3152 animas
908 3100 1231 3163 esurientes,
1283 3101 1396 3166 ipse
1446 3113 1657 3151 rursum
1685 3099 1893 3151 esurire
1920 3112 1977 3152 se

404 3191 627 3247 fatetur
653 3208 779 3246 cum
806 3193 943 3244 dicit
976 3192 1022 3222 "
1048 3209 1060 3243 :
1091 3190 1319 3253 Esurivi,
1345 3200 1392 3243 et
1424 3191 1639 3244 dedistis
1667 3191 1792 3243 mihi
1827 3206 1974 3243 man-

407 3280 638 3339 ducare.
669 3288 724 3332 et
761 3281 961 3332 iterum
988 3292 1109 3329 cum
1137 3277 1250 3344 ipse
1277 3277 1344 3330 sit
1378 3292 1512 3343 aqua
1562 3279 1677 3328 viva
1714 3285 1767 3331 et
1799 3287 1975 3344 potum

408 3369 506 3420 det
524 3369 784 3420 omnibus
818 3367 1152 3429 sitientibus,
1192 3381 1401 3418 rursum
1432 3366 1545 3433 ipse
1559 3366 1767 3420 dicitad
1794 3366 1969 3419 Sama-

408 3457 654 3509 ritanam
683 3457 773 3507 ”:
807 3457 887 3508 Da
919 3458 1046 3509 mihi
1075 3460 1281 3521 bibere;
1306 3459 1383 3512 sic
1413 3465 1467 3510 et
1502 3458 1843 3524 propheticus
1867 3471 1978 3510 ser-

407 3558 526 3601 mo.
559 3559 683 3597 cum
710 3545 831 3611 ipse
884 3556 1071 3613 potum
1113 3548 1202 3600 det
1264 3546 1593 3608 sitientibus,
1632 3546 1977 3598 nihilominus

406 3635 530 3700 ipse
564 3636 635 3687 ah
665 3637 750 3689 bis
777 3638 958 3703 potari
997 3637 1228 3698 dicatur,
1283 3651 1403 3690 cum
1435 3637 1790 3689 studiosorum
1818 3651 1974 3690 exer-

407 3724 544 3776 citia
572 3732 630 3776 et
656 3724 1004 3791 vigilantiam
1031 3724 1281 3791 suscipit.
1322 3725 1423 3777 Ista
1460 3739 1588 3790 ergo
1627 3726 1747 3778 talis
1777 3711 1974 3787 anima,

405 3826 533 3879 qua
563 3814 677 3879 agit
706 3822 911 3865 cuncta
943 3817 1236 3880 patienter,
1285 3828 1402 3877 quae
1462 3823 1566 3865 tam
1615 3802 1858 3881 prompta
1893 3823 1977 3867 est

405 3907 464 3951 et
487 3905 645 3951 tanta
674 3899 988 3951 eruditione
1019 3899 1271 3961 subnixa,
1303 3915 1421 3966 qua:
1447 3899 1514 3952 de
1540 3900 1813 3967 profundis
1840 3901 1974 3953 Itan-

405 3986 523 4039 rire
550 3987 793 4040 scientiae
837 3986 1046 4040 ﬂuenta
1083 3988 1379 4049 consuevit.
1403 3989 1513 4055 ipsa
1544 3998 1719 4055 potest
1738 3990 1972 4056 copulari

404 4074 620 4139 nuptiis
669 4075 896 4127 Christi.
930 4074 1050 4127 Nisi
1082 4089 1214 4142 ergo
1254 4075 1509 4142 ‘quotidie
1556 4078 1737 4131 venias
1783 4080 1848 4129 ad
1879 4092 1976 4145 pu-

403 4171 557 4223 teos,
610 4162 710 4215 nisi
739 4162 990 4230 quotidie
1013 4163 1240 4216 haurias
1266 4179 1452 4231 aquas,
1503 4180 1606 4219 non
1649 4165 1815 4219 solum
1844 4165 1976 4218 alios

400 4258 603 4317 potare
636 4264 741 4301 non
770 4251 1010 4317 poteris,
1039 4251 1137 4302 sed
1176 4258 1229 4303 et
1275 4251 1385 4319 ipse
1406 4267 1618 4321 quoque
1650 4254 1792 4307 sitim
1826 4253 1972 4307 verbi

400 4335 502 4389 Dei
535 4337 787 4403 patieris.
821 4337 964 4388 Audi
991 4346 1049 4388 et
1084 4336 1365 4390 Dominum
1397 4340 1662 4394 dicentem
1713 4341 1765 4393 in
1804 4341 1974 4393 Evan-

2083 1961 2376 2010 neomenias
2412 1967 2622 2021 vestras,
2646 1968 2692 2010 et
2722 1958 2960 2019 sabbata,
2984 1965 3031 2009 et
3052 1957 3186 2006 diem
3220 1970 3460 2021 magnum
3502 1970 3603 2006 non

2082 2047 2331 2096 sustineo.
2360 2045 2652 2111 Jejuninm,
2682 2055 2729 2096 et
2762 2044 2937 2109 ferias,
2977 2055 3021 2095 et
3068 2046 3176 2095 dies
3204 2042 3360 2109 festos
3416 2049 3605 2093 vestros

2081 2132 2189 2185 odit
2218 2135 2390 2184 anima
2419 2148 2550 2186 mea.
2582 2133 2702 2186 Odit
2723 2148 2845 2197 ergo
2877 2132 3012 2184 Deus
3033 2146 3124 2185 cos
3155 2132 3241 2198 qui
3273 2148 3433 2184 unum
3467 2131 3604 2184 diem

2082 2231 2272 2290 putant
2301 2221 2489 2273 festum
2515 2221 2650 2271 diem
2680 2234 2796 2272 esse
2844 2220 3078 2272 Domini.
3142 2219 3427 2271 Christiani
3460 2217 3603 2269 omni

2084 2312 2169 2362 die
2191 2325 2379 2363 carnes
2410 2310 2530 2375 agni
2569 2310 2875 2371 comedunt,
2911 2308 2960 2360 id
2984 2317 3063 2360 est
3108 2321 3297 2358 carnes
3330 2305 3472 2358 verbi
3514 2305 3605 2357 Dei

2082 2399 2317 2466 quotidie
2351 2407 2583 2449 sumunt.
2630 2395 2831 2448 Pascha
2878 2397 3010 2447 enim
3047 2405 3277 2446 nostrum
3310 2392 3607 2444 immolatus

2080 2498 2150 2539 est
2173 2485 2405 2538 Christus
2433 2486 2498 2538 ³⁸.
2530 2485 2592 2537 Et
2617 2486 2738 2552 quia
2772 2484 2852 2536 lex
2901 2484 3117 2536 Pascha:
3174 2483 3294 2533 talis
3319 2491 3424 2544 est,
3461 2490 3519 2533 ut
3550 2482 3615 2535 in”

2081 2589 2304 2641 vespera
2329 2574 2660 2635 comedatur,
2709 2586 2984 2640 propterea
3050 2571 3100 2623 in
3152 2584 3372 2638 vespera
3425 2569 3605 2621 mundi

2080 2679 2268 2732 passus
2312 2672 2394 2715 est
2445 2661 2716 2723 Dominus,
2762 2670 2818 2713 ut
2870 2671 2923 2712 tu
2973 2674 3181 2725 semper
3228 2659 3514 2711 manduces
3542 2657 3607 2709 de

2079 2752 2333 2804 carnibus
2354 2749 2547 2812 Verbi,
2570 2754 2692 2817 quia
2719 2763 2931 2815 semper
2967 2747 3018 2798 in
3058 2760 3274 2813 vespera
3305 2761 3385 2808 es,
3410 2759 3606 2812 usque-

2078 2851 2182 2903 quo
2206 2837 2580 2888 veniatmane.
2614 2837 2675 2888 Et
2705 2835 2746 2887 si
2778 2836 2827 2887 in
2857 2836 2951 2887 hac
2976 2847 3190 2900 vespera
3214 2833 3472 2886 sollicitus
3493 2833 3608 2884 fue-

2079 2924 2173 2986 ris,
2201 2936 2253 2976 et
2279 2925 2330 2977 in
2363 2924 2483 2977 lletu
2519 2939 2581 2977 ac
2608 2924 2848 2991 jejuuiis,
2876 2934 3037 2989 atque
3064 2921 3207 2973 omni
3250 2921 3430 2975 labore
3456 2920 3608 2988 justi-

2081 3013 2166 3064 tize
2193 3013 2351 3063 vitam
2383 3013 2619 3073 duxeris,
2655 3012 2852 3079 poteris
2885 3021 2936 3065 et
2983 3022 3037 3063 tu
3077 3012 3255 3064 dicere
3299 3010 3343 3042 ³⁸
3371 3026 3385 3062 :
3417 3009 3497 3061 Ad
3522 3026 3605 3062 ve-

2078 3117 2277 3169 speram
2299 3101 2649 3153 demorabitur
2675 3102 2849 3168 ﬂetus,
2879 3110 2926 3154 et
2958 3102 3024 3153 ad
3050 3102 3362 3154 matutinum
3396 3099 3598 3153 lmtitia.

2075 3194 2364 3248 Laetaberis
2384 3192 2525 3244 enim
2555 3207 2731 3255 mane,
2756 3193 2806 3244 id
2837 3201 2919 3245 est
2947 3193 2996 3245 in
3028 3192 3218 3245 saeculo
3244 3191 3443 3253 futuro,
3470 3190 3513 3243 si
3550 3190 3602 3242 in
3651 3257 3659 3265 .

2077 3285 2178 3338 hoc
2206 3284 2399 3337 sa-culo
2423 3282 2648 3335 fructum
2671 3279 2888 3346 iustitiae
2923 3282 2974 3333 in
3008 3280 3127 3333 fletu
3155 3289 3206 3333 et
3239 3280 3417 3332 labore
3441 3279 3605 3332 colle--

2077 3376 2236 3442 εει-ξε.
2268 3375 2452 3428 Venite
2477 3390 2604 3442 ergo
2637 3385 2691 3427 et
2713 3388 2806 3426 vos
2831 3374 2951 3425 dum
2996 3380 3199 3438 tempus
3228 3380 3328 3433 est,
3360 3370 3605 3422 bibamus

2077 3465 2140 3517 de
2188 3472 2346 3530 puteo
2392 3463 2614 3515 visionis
2673 3462 2760 3515 ubi
2798 3462 2945 3513 Isaac
2971 3458 3367 3518 deambulabat,
3427 3466 3480 3509 et
3510 3455 3601 3507 ubi

2076 3552 2315 3619 procedit
2344 3551 2409 3603 ad
2443 3550 2775 3602 exercitium.
2831 3549 3066 3603 Observa
3102 3555 3299 3615 quanta
3344 3553 3602 3613 geruntur

2076 3640 2141 3690 ad
2161 3653 2340 3706 aquas.
2371 3637 2434 3690 Et
2463 3646 2516 3688 tu
2553 3637 2795 3689 invitaris
2846 3636 3080 3704 quotidie
3133 3635 3313 3686 venire
3337 3632 3401 3684 ad
3435 3645 3601 3698 aquas

2076 3728 2223 3779 verbi
2266 3727 2379 3789 Dei,
2440 3734 2492 3779 et
2520 3725 2774 3778 assistere
2810 3724 2982 3791 puteis
3026 3722 3158 3788 ejus,
3206 3722 3345 3772 sicut
3378 3717 3605 3771 faciebat

2076 3816 2334 3878 Rebecca,
2361 3815 2424 3867 de
2447 3829 2549 3880 qua
2588 3814 2776 3865 dicitur
2808 3812 2851 3842 ³⁷
2879 3828 2894 3862 :
2945 3808 3098 3876 Virgo
3135 3818 3243 3860 erat
3272 3810 3458 3860 decora
3492 3806 3602 3859 vat-

2075 3904 2137 3954 de
2163 3914 2208 3954 et
2232 3907 2306 3954 vir
2328 3918 2427 3953 non
2453 3908 2755 3969 cognouerat
2804 3913 2935 3951 eam.
2972 3896 3038 3948 Et
3063 3897 3194 3958 htec,
3252 3897 3449 3963 inquit,
3477 3894 3603 3946 exiit
3684 3910 3688 3914 ·

2075 4005 2188 4043 sero
2212 3988 2420 4040 haurire
2451 4002 2657 4055 aquam.

2141 4076 2196 4128 4.
2227 4074 2333 4128 Νεε
2365 4075 2465 4126 hoc
2494 4074 2690 4126 frustra
2716 4071 2968 4138 scriptum
3002 4076 3083 4121 est
3116 4068 3183 4120 de
3208 4082 3290 4120 ea.
3323 4067 3607 4121 Verumta—
3679 4105 3682 4108 .

2074 4177 2194 4216 men
2224 4170 2400 4215 movet
2425 4176 2529 4221 me,
2554 4161 2681 4228 quid
2704 4168 2788 4214 est
2813 4159 2954 4226 quod
2986 4155 3179 4210 dicitur
3214 4170 3228 4211 :
3263 4154 3416 4225 Virgo
3465 4167 3600 4219 erat,

2073 4254 2151 4305 vir
2178 4267 2278 4304 non
2299 4261 2597 4319 cognoverat
2647 4265 2798 4312 eam;
2827 4247 2974 4313 quasi
3027 4260 3155 4299 vero
3185 4245 3325 4298 aliud
3352 4247 3422 4298 sit
3452 4247 3605 4313 virgo

2075 4342 2173 4394 nisi
2197 4355 2354 4407 quam
2386 4339 2467 4390 vir
2487 4353 2592 4390 non
2615 4335 2839 4403 contigit
2867 4333 2995 4401 (69).
3020 4334 3083 4386 Et
3121 4332 3247 4401 quid
3271 4332 3368 4385 sibi
3397 4332 3605 4385 videtur

397 4425 557 4492 geliis
587 4425 634 4456 ”
660 4441 673 4475 :
721 4425 833 4488 Qui
857 4427 1003 4485 sitit,
1036 4425 1240 4487 veniat,
1298 4438 1345 4479 et
1390 4428 1550 4481 bibat.
1577 4428 1680 4481 Sed
1704 4438 1778 4492 tu,
1808 4438 1865 4480 ut
1890 4428 1960 4480 vi-
2004 4427 2048 4479 D
2078 4429 2494 4481 additamentum
2519 4426 2570 4476 in
2602 4424 2885 4491 virginem,
2920 4430 2976 4474 ut
2998 4422 3205 4475 dicatur
3229 4421 3352 4487 quia
3393 4419 3476 4471 vir
3498 4434 3600 4471 non

395 4515 655 4589 dentrice
686 4513 895 4573 esuris,
924 4528 1029 4565 nec
1063 4513 1188 4565 sitis
1209 4512 1490 4579 justitiam,
1513 4524 1567 4567 et
1589 4516 1975 4584 quomodo“

392 4605 603 4671 poteris
626 4604 817 4656 dicere
841 4601 886 4633 ³⁸
916 4620 929 4655 :
984 4602 1148 4655 Sicut
1176 4618 1347 4656 cervus
1395 4605 1653 4657 desiderat
1683 4607 1751 4657 ad
1812 4607 1974 4672 fontes

389 4708 678 4761 aquarum,
707 4692 785 4743 ita
813 4691 1096 4742 desiderat
1124 4692 1299 4742 anima
1323 4709 1432 4746 mea
1469 4695 1537 4745 ad
1566 4705 1634 4754 te,
1670 4679 1977 4751 Deus.'Siti-

386 4779 458 4829 ait
479 4778 669 4828 anima
709 4791 830 4827 mea
857 4776 930 4828 ad
957 4775 1137 4827 Deum
1161 4777 1323 4827 viuum
1355 4778 1464 4845 (67)
1492 4793 1505 4825 :
1541 4784 1747 4846 quando
1776 4784 1975 4834 veniam

382 4876 430 4918 et
450 4866 655 4933 parebo
691 4876 820 4918 ante
890 4874 1247 4930 conspectum
1279 4865 1426 4931 ejus?
1474 4866 1712 4923 Obsecro
1754 4884 1848 4923 vos
1888 4872 1977 4939 qui
2009 4920 2018 4929 .

382 4956 662 5008 auditorio
693 4954 856 5007 verbi
883 4965 1131 5016 semper
1156 4951 1420 5011 assistitis.
1441 4957 1703 5023 patienter
1730 4960 1975 5026 accipite,

380 5044 554 5097 donec
586 5043 890 5113 paululum
926 5042 1289 5113 negligentes
1323 5054 1370 5097 ει
1398 5045 1604 5098 desides
1643 5054 1981 5102 commonea-

441 5131 489 5162 “
524 5133 670 5186 Gen.
711 5147 880 5192 xxrv,
912 5130 1013 5183 t9.
1072 5196 1079 5197 ί
1108 5131 1175 5197 ,⁸⁵
1202 5130 1321 5185 Ose.
1356 5146 1410 5197 ιι,
1441 5132 1524 5191 l9.
1550 5133 1637 5186 20.

370 5212 439 5262 tv,
471 5199 523 5252 7.
604 5201 655 5231 ³⁸
692 5199 874 5252 Joan.
908 5212 1022 5258 vu,
1062 5196 1161 5248 37.
1238 5200 1277 5230 “
1305 5200 1430 5251 Psal.
1465 5215 1592 5261 xm,
1617 5203 1667 5263 l,
1690 5204 1744 5256 2.

361 5283 413 5325 ν,
451 5268 503 5324 7.
584 5268 636 5298 "
657 5267 824 5319 Psal.
860 5278 1038 5323 XXIX,
1079 5263 1138 5314 5.
1216 5266 1256 5303 ³τ
1289 5266 1408 5319 Gen.
1449 5281 1571 5330 xxv,
1600 5269 1681 5324 16.
1760 5328 1764 5332 Α

418 5352 538 5420 (65)
568 5352 673 5420 Sic
715 5365 867 5401 mss.
916 5347 1115 5420 Alias,
1142 5348 1251 5397 vult
1279 5360 1322 5399 te
1345 5350 1433 5400 sibi
1454 5352 1787 5420 desponsare.

412 5412 534 5483 (66)
574 5418 839 5469 Rebecca
860 5429 1003 5481 qua:
1030 5412 1396 5486 interpretatur
1413 5412 1677 5485 patientia,
1696 5441 1728 5474 α
1748 5437 1830 5484 3-1
1847 5429 1984 5481 mu].

335 5495 449 5538 tum
474 5498 527 5539 e.‘
556 5496 675 5546 τηρ
704 5487 1108 5546 επρεσιαιιιε.

401 5553 523 5622 (67)
552 5544 751 5622 Αηθὲ,
818 5544 917 5596 ⁷αά
988 5544 1175 5594 Deum
1224 5544 1392 5609 fontem
1417 5552 1592 5605 vivum.
1621 5556 1727 5612 Sed
1761 5560 1817 5612 in
1843 5576 1978 5618 mss.

327 5616 481 5674 deem
499 5616 631 5672 'vox
673 5616 938 5683 fontana.

2080 4522 2402 4582 cognoverat
2437 4512 2591 4564 eam?
2618 4511 2709 4562 Est
2728 4509 2866 4561 enim
2902 4507 3075 4572 aliqua
3104 4508 3253 4575 virgo
3283 4522 3440 4573 quam
3469 4520 3601 4559 con-

2083 4602 2263 4670 tigerit
2289 4599 2405 4652 vir?
2437 4599 2585 4667 Saepe
2606 4598 2716 4665 jam
2742 4598 2848 4651 dixi
2880 4598 3022 4664 quod
3050 4595 3103 4648 in
3130 4597 3213 4648 his
3235 4610 3338 4647 non
3364 4595 3604 4645 historiae

2080 4698 2387 4752 narrantur,
2422 4690 2514 4744 sed
2543 4690 2795 4756 mysteria
2830 4694 3207 4740 contexuntur.
3239 4683 3367 4735 Tale
3392 4696 3519 4750 ergo
3550 4683 3600 4732 in

2082 4781 2183 4834 hoc
2231 4779 2427 4847 aliquid
2483 4778 2702 4831 indicari
2739 4786 2884 4842 puto.
2919 4773 3069 4826 Sicut
3122 4773 3363 4825 Christus
3411 4769 3604 4821 οιιὶιιιιε

2082 4872 2165 4923 vir
2188 4871 2399 4930 dicitur,
2449 4868 2536 4934 cui
2568 4868 2720 4920 nubit
2748 4867 2921 4919 anima
2950 4879 3070 4918 cum
3119 4863 3266 4915 venit
3305 4859 3370 4911 ad
3405 4858 3556 4911 fidem
3584 4871 3600 4908 :

2080 4958 2151 5012 ita
2181 4968 2234 5011 et
2263 4958 2388 5012 huic
2433 4956 2733 5011 contrarius
2765 4955 2845 5007 vir
2880 4952 2970 5006 ille
3002 4961 3104 5015 est,
3136 4951 3218 5003 cui
3248 4947 3399 5002 nubit
3424 4947 3601 4999 anima

2081 5047 2455 5103 cum'declinat
2475 5047 2538 5098 ad
2561 5045 2855 5112 perfidiam.
2883 5042 3000 5110 Ipse
3021 5042 3107 5094 ille
3131 5040 3220 5108 qui
3259 5047 3313 5092 et
3357 5036 3604 5090 inimicus

1729 5138 1776 5168 ³⁸
1815 5136 1965 5191 Rom.

2080 5140 2131 5193 4.
2204 5139 2248 5171 ³⁷
2275 5138 2407 5193 Gen.
2435 5152 2581 5193 χχιιι,
2606 5135 2691 5188 li.
2765 5113 3020 5204 ’fblatth:
3060 5128 3310 5204 ξξννξιό.
3348 5124 3604 5204 __"_.lgau.

1828 5207 1871 5238 ³³
1894 5189 1977 5261 lCt

2090 5189 2258 5272 iv,10.
2285 5189 2305 5193 ἡ
2332 5206 2376 5237 ³⁸
2398 5205 2523 5259 Luc.
2552 5189 2601 5270 v,
2631 5204 2719 5256 51.
2790 5202 2835 5234 ³⁸
2868 5202 2969 5253 lsa.
3000 5214 3041 5264 ι,
3070 5189 3274 5261 15,⁷14.
3347 5193 3390 5224 ³⁵
3428 5193 3448 5243 ι
3478 5189 3604 5242 Cor.

2155 5361 2261 5431 (68)
2293 5361 2458 5413 Dicite
2490 5359 2610 5431 mihi
2639 5374 2746 5431 vos.
2775 5364 2880 5431 etc.
2907 5351 3058 5431 _Citat.
3084 5351 3226 5402 hunc
3247 5348 3415 5431 legum
3444 5340 3608 5394 Jonas

2086 5411 2495 5484 Aurelianensis
2522 5429 2611 5479 lib.
2648 5443 2663 5481 ι
2696 5411 2767 5478 De
2794 5422 2960 5475 instit.
2988 5418 3133 5475 taic.,
3159 5431 3274 5487 cap.
3302 5411 3385 5460 fl.
3417 5474 3448 5487 Δ,
3551 5474 3562 5483 '

2157 5499 2263 5565 (69)
2289 5498 2451 5557 Alias,
2512 5495 2683 5563 aliqua
2732 5494 2797 5544 sit
2832 5489 2973 5565 virgo
3020 5496 3174 5548 quam
3214 5482 3289 5532 vir
3314 5482 3607 5541 contigerit.

2089 5561 2210 5622 Sed.
2242 5561 2367 5621 mss.
2400 5574 2457 5618 ut
2490 5565 2542 5616 in
2575 5561 2754 5615 nostro
2789 5561 2951 5610 textu.
