3922 6248
240 343 343 397 219

1682 327 1995 386 ORlGENlS

3531 291 3677 348 220

243 457 399 510 homo
425 451 640 514 dicitur,
676 464 792 504 cum
820 448 1002 502 lolium
1026 444 1319 514 superserit
1343 443 1521 498 tritico
1559 442 1625 494 ³⁸.
1656 440 1769 494 Νοιι
1801 445 1843 498 Α
1872 439 2072 511 Raguel
2123 441 2188 496 ".
2235 437 2477 491 Nondum
2535 431 2779 489 moveris
2807 467 2825 493 ,
2888 432 2957 480 ut
3022 423 3205 478 hac
3284 407 3671 514 intellig—af

243 554 370 609 ergo
400 537 593 592 suﬂleit
614 540 804 590 animae
848 545 907 589 ut
957 543 1107 587 casta
1144 533 1216 586 sit
1251 545 1495 599 corpore,
1527 543 1658 597 opus
1688 537 1772 580 est

244 640 303 684 ut
329 639 385 684 et
412 628 496 683 vir
528 629 616 683 hic
647 629 910 696 pessimus
942 640 1045 678 non
1081 623 1389 693 cognoverit
1419 635 1557 675 eam.
1593 619 1774 673 Potest

242 720 385 774 enim
418 716 531 771 ﬁeri
561 727 616 770 ut
666 717 861 770 habeat
898 715 1018 781 quis
1045 715 1097 765 in
1137 725 1363 779 corpore
1389 709 1771 777 virginitatem,

243 816 298 861 et
343 819 676 875 cognoscens
735 805 892 857 istum
938 804 1107 857 virum
1170 800 1455 868 pessimum
1505 796 1772 851 diabolum

244 903 402 963 atque
427 894 494 948 ab
532 907 596 947 eo
623 891 1070 959 concupiscentiae
1110 888 1281 957 jaeula
1338 888 1388 939 in
1416 887 1574 940 corde
1604 884 1775 937 susci-

244 983 416 1051 piens,
456 982 645 1034 anima:
677 980 965 1049 perdiderit
997 978 1319 1031 castitatem.
1357 976 1487 1041 Quia
1511 988 1638 1041 ergo
1669 973 1772 1024 Re-

244 1071 405 1125 becca
438 1071 587 1137 virgo
612 1079 726 1122 erat
755 1076 941 1121 saneta
963 1081 1187 1132 corpore
1218 1073 1270 1118 et
1320 1064 1530 1131 spiritu,
1579 1062 1776 1115 idcirco

246 1160 361 1228 ejus
384 1157 613 1224 duplicat
652 1157 854 1209 laudem
887 1164 937 1208 et
961 1155 1088 1209 dicit
1114 1171 1128 1207 :
1162 1153 1314 1221 Virgo
1341 1162 1470 1215 erat,
1501 1161 1546 1203 et
1578 1150 1655 1202 vir
1677 1165 1777 1201 non

247 1254 551 1314 cognoverat
600 1261 735 1298 eam.
788 1243 1018 1310 Vespere
1063 1258 1188 1309 ergo
1217 1242 1359 1295 venit
1387 1241 1451 1293 ad
1498 1252 1679 1306 aquas.
1708 1235 1779 1288 De

246 1349 467 1400 vespera
491 1333 599 1401 jam
624 1347 783 1401 supra
807 1333 1061 1385 diximus.
1089 1331 1219 1384 Vide
1243 1338 1416 1382 autem
1445 1327 1777 1395 prudentiam

249 1422 418 1489 pueri.
467 1436 569 1475 non
627 1422 740 1474 vult
788 1435 1060 1476 assumere
1122 1434 1366 1486 sponsam
1418 1416 1631 1470 domino
1683 1428 1780 1468 suo

251 1510 420 1575 Isaac,
451 1511 552 1562 nisi
573 1523 732 1576 quam
758 1510 1018 1563 invenerit
1046 1509 1289 1561 decoram
1323 1517 1376 1560 et
1403 1505 1671 1573 pulchram
1698 1502 1778 1555 fat--

253 1597 336 1651 cie
379 1598 661 1665 virginem,
713 1606 765 1650 et
800 1611 901 1650 non
959 1596 1129 1650 solum
1172 1595 1453 1662 virginem,
1486 1594 1580 1645 sed
1622 1604 1780 1659 quam

253 1702 358 1740 non
402 1687 681 1754 contigerit
730 1686 830 1748 vir,
895 1695 948 1738 et
996 1685 1097 1739 nisi
1123 1698 1280 1752 quam
1332 1681 1591 1750 repererit
1620 1694 1782 1748 aquas

1871 498 2182 596 spiritaliter
2204 524 2345 580 dici?
2369 523 2475 576 Aut
2505 528 2663 591 putas
2693 529 2934 584 semper
2952 523 3147 596 casui
3177 517 3334 558 con
3347 498 3671 565 tingere,

1873 595 1930 669 ut
1982 613 2300 681 patriarcha:
2341 611 2405 665 ad
2437 619 2628 679 puteos
2662 606 2908 660 veniant
2950 609 3011 656 et
3051 595 3157 650 ad
3200 599 3671 681 aquas-con-

1867 674 2009 770 iugia
2029 699 2356 756 sortiantur?
2388 674 2489 763 Qui
2518 702 2631 751 inec
2662 696 2737 749 ita
2775 697 2947 760 putat
2968 725 2989 752 ,
3023 678 3411 770 animo“:
3455 674 3669 770 homo

1871 760 1971 853 esi,
2003 801 2056 845 et
2094 806 2194 842 non
2215 760 2429 855 percipii
2458 802 2575 863 qua:
2604 785 2707 837 sint
2740 780 2980 849 spiritus
3016 773 3185 863 Dei;
3205 768 3313 822 ⁸⁸.
3361 762 3543 863 Set:
3548 760 3671 829 qui

1874 880 1983 932 vult
2013 885 2223 931 maneat
2251 878 2302 930 in
2328 850 2432 940 his,
2464 850 2682 927 maneat
2709 867 2991 924 animalis
3028 861 3203 934 (7i)
3231 877 3252 912 :
3299 869 3452 922 ego
3487 850 3674 904 Pall-

1874 968 1979 1019 lum
2016 965 2310 1037 apostolum
2346 977 2576 1032 sequens
2600 1000 2615 1026 ,
2652 960 2778 1012 dico
2815 957 2945 1009 haec
2978 964 3149 1008 esse
3194 942 3669 1037 allegorica,

1873 1066 1927 1109 et
1961 1064 2270 1109 sanctorum
2308 1030 2519 1120 nuptias
2550 1048 3023 1117 conjunctionem
3055 1042 3250 1096 dico
3306 1049 3481 1091 esse
3517 1030 3677 1086 ani-

1876 1160 1975 1199 mae
2014 1159 2132 1198 cum
2162 1143 2324 1197 verbo
2368 1142 2482 1196 Dei.
2535 1140 2641 1204 Qui
2680 1137 2833 1191 enim
2883 1134 3110 1203 jungit
3167 1145 3254 1184 se
3296 1124 3671 1187 Domino,

1876 1251 2010 1286 unus
2050 1235 2263 1301 spiritus
2315 1242 2389 1286 est
2440 1231 2506 1283 ¹⁶³.
2567 1229 2719 1283 lianc
2771 1236 3005 1280 autem’
3035 1217 3674 1285 coniunctionem

1879 1322 2067 1374 anima:
2093 1337 2210 1374 eum
2243 1322 2425 1382 verbo.
2448 1328 2652 1373 certum
2681 1328 2768 1370 est
2791 1331 2907 1369 non
2940 1315 3153 1368 aliter
3204 1310 3384 1365 ﬁeri
3424 1320 3675 1377 posse.

1879 1410 1979 1464 nisi
2039 1424 2135 1478 per
2182 1410 2593 1463 instructionem
2650 1408 2985 1461 divinorum
3040 1405 3491 1459 librorum,
3548 1397 3675 1464 qui

1882 1499 2172 1568 ﬁguraliter
2215 1499 2352 1566 putei
2401 1497 2762 1564 appellantur.
2807 1495 2896 1547 Ad
2948 1506 3132 1560 quos
3212 1489 3282 1544 si
3327 1488 3505 1557 quis
3556 1500 3677 1540 ve-

1881 1588 2012 1651 niat,
2041 1598 2094 1640 et
2127 1587 2338 1639 hauriat
2376 1602 2439 1640 ex
2464 1586 2556 1638 his
2602 1599 2798 1653 aquas,
2834 1583 2893 1636 id
2943 1591 3041 1636 est
3092 1577 3555 1632 meditando
3606 1577 3675 1628 in

1883 1678 1995 1741 his,
2029 1690 2242 1728 sensum
2279 1684 2332 1727 et
2368 1674 2698 1727 intellectum
2730 1673 3025 1741 percipiat
3063 1670 3451 1724 altiorem
3478 1704 3504 1733 ,
3566 1665 3679 1719 itt-

252 1775 604 1838 hauricntem,
628 1790 733 1827 non
763 1773 873 1826 vult
894 1772 1053 1826 aliant
1079 1746 1409 1838 despondere
1425 1770 1639 1823 domino
1665 1746 1779 1835 suo,
1812 1746 1854 1798 Β
1886 1767 2055 1819 veniet
2080 1764 2292 1832 nuptias
2322 1764 2429 1816 Deo
2452 1764 2665 1829 dignas.
2700 1761 3127 1828 Conjungitur
3174 1759 3395 1814 enim
3436 1757 3678 1810 anima

252 1879 360 1919 non
386 1866 432 1918 ei
465 1866 554 1917 dat
580 1872 910 1927 ornamenta,
939 1863 1035 1915 nisi
1065 1862 1180 1914 talis
1217 1861 1304 1914 sit.
1341 1859 1450 1912 Non
1490 1859 1581 1910 dat
1632 1858 1784 1910 inau-

253 1965 363 2014 res,
396 1967 499 2005 non
528 1950 869 2004 hraecttialia.
901 1950 1075 2002 Manet
1102 1948 1473 2016 incomposita,
1496 1944 1782 2009 inerudita,

253 2041 539 2106 incompta.
590 2038 842 2090 Putamus
877 2037 1002 2105 quia
1049 2045 1203 2105 pater
1257 2037 1510 2095 Rebeccae
1532 2033 1612 2085 vir
1640 2034 1788 2087 dives

252 2143 359 2184 non
385 2129 614 2182 habebat
658 2126 977 2179 braeehialia
1022 2135 1076 2178 et
1131 2127 1363 2189 inaures,
1393 2138 1524 2191 quas
1548 2125 1786 2190 impone-

253 2230 337 2275 ret
363 2221 484 2274 lilia:
504 2220 646 2273 suae?
670 2218 835 2270 Tanta
870 2217 983 2285 ejus
1009 2217 1329 2285 negligentia
1353 2224 1493 2277 erat,
1525 2222 1618 2267 aut
1658 2228 1786 2266 ava-

254 2309 394 2370 ritia,
424 2317 481 2360 ut
512 2307 632 2358 tilia:
679 2312 987 2357 ornamenta
1022 2320 1125 2357 non
1179 2303 1367 2357 daret?
1412 2300 1515 2355 Sed
1547 2302 1787 2354 Rebecca

254 2410 358 2449 non
391 2396 500 2447 vult
526 2397 591 2448 de
616 2409 746 2447 auro
777 2394 1047 2448 Bathuelis
1073 2392 1277 2446 ornari.
1304 2390 1415 2445 Non
1438 2400 1559 2444 sunt
1591 2390 1637 2443 ei
1664 2406 1787 2442 eou-

253 2485 409 2553 digna
463 2496 775 2537 ornamenta
827 2483 1056 2535 hominis
1083 2481 1296 2534 barbari
1327 2492 1380 2532 et
1429 2479 1678 2547 imperiti.
1717 2480 1789 2532 De

255 2572 412 2625 domo
457 2573 683 2625 Abrahae
712 2573 936 2640 requirit
989 2569 1222 2635 monilia,
1276 2569 1399 2636 quia
1437 2569 1689 2633 patientia
1723 2569 1790 2621 de

255 2658 411 2711 domo
435 2660 690 2724 sapientis
716 2672 955 2712 ornatur.
1006 2657 1118 2711 Non
1160 2663 1443 2725 potuerunt
1479 2670 1606 2723 ergo
1631 2670 1788 2709 aures

255 2746 509 2799 Rebeccae
534 2746 767 2814 recipere
792 2747 1037 2800 decorem
1062 2759 1218 2799 suum
1238 2782 1254 2806 ,
1289 2743 1390 2796 nisi
1425 2744 1632 2796 veniret
1658 2758 1791 2808 puer

256 2833 506 2896 Abrahae,
542 2841 590 2886 et
643 2833 757 2900 ipse
793 2848 884 2886 eas
919 2843 1159 2887 ornaret.
1199 2830 1308 2884 Nec
1338 2844 1524 2883 manus
1567 2832 1681 2897 ejus
1710 2844 1795 2883 or-

257 2933 506 2977 namenta
560 2924 876 2991 suscipiunt,
932 2923 1031 2976 nisi
1085 2937 1202 2991 qua:
1228 2922 1435 2975 miserit
1467 2921 1632 2975 Isaac.
1673 2919 1791 2973 Vult

1882 1856 1996 1922 ejus
2025 1870 2142 1908 eum
2183 1856 2307 1908 Deo.
2344 1853 2530 1906 Desilit
2561 1854 2727 1906 etiam
2759 1852 2832 1905 de
2862 1850 3149 1904 camelis
3180 1889 3207 1914 ,
3255 1850 3334 1903 id
3377 1857 3501 1902 est.
3530 1847 3675 1904 dis-

1883 1945 2021 1999 cedit
2069 1959 2098 1996 a
2144 1942 2320 2005 vitiis,
2352 1942 2535 2007 abjieit
2562 1940 2674 2010 (72)
2706 1939 3195 1994 irrationabiles
3250 1954 3562 2003 sensus,
3603 1947 3679 1994 et

1883 2031 2219 2098 coniungitur
2264 2030 2432 2082 Isaac.
2489 2029 2716 2096 Dignum
2765 2042 3027 2095 namque
3089 2035 3223 2081 est
3320 2036 3404 2080 ul
3479 2026 3676 2081 Isaac

1884 2128 2116 2173 transeat
2166 2120 2231 2173 de
2261 2119 2459 2171 virtute
2496 2117 2563 2171 ad
2600 2117 2892 2170 virtutem.
2933 2116 3052 2181 Qui
3105 2118 3436 2173 virtutis
3488 2120 3676 2173 (ilius

1886 2221 1966 2261 est
1999 2207 2180 2271 Sane,
2215 2222 2357 2260 nunc
2393 2206 2741 2273 conjungitur
2768 2214 2827 2259 et
2861 2207 3176 2260 sociatur
3232 2209 3672 2276 patientiae,

1886 2315 2002 2367 quae
2027 2309 2109 2352 est
2138 2299 2397 2351 Rebecca.
2441 2298 2506 2350 Et
2539 2297 2641 2349 hoc
2673 2306 2758 2349 est
2794 2298 3062 2352 transire
3111 2300 3217 2352 de
3260 2299 3547 2355 virtute
3584 2303 3671 2354 ad

1888 2388 2160 2450 virtutem,
2187 2396 2242 2439 et
2268 2400 2332 2439 ex
2363 2385 2463 2437 [ide
2497 2387 2563 2438 ad
2600 2386 2789 2438 Iidem.
2833 2385 2952 2438 Sed
2986 2395 3053 2439 et
3094 2388 3201 2440 ad
3267 2389 3668 2459 Evangelia

1888 2477 2161 2529 veniamus
2187 2474 2252 2527 “.
2279 2475 2396 2541 Ipse
2432 2474 2693 2527 Dominus
2720 2489 2853 2528 cum
2883 2490 2959 2528 ex
2995 2477 3275 2531 itinere
3319 2478 3668 2550 fatigatos

1889 2565 2092 2628 fuisset,
2117 2565 2388 2617 videamus
2416 2564 2502 2615 ubi
2533 2565 2774 2631 requiem
2800 2566 3049 2633 quaerit.
3091 2565 3369 2631 Venit.
3405 2571 3670 2638 inquit,

1888 2655 1953 2707 ad
1986 2661 2224 2721 puteum,
2255 2661 2308 2704 et
2328 2652 2551 2706 sedebat
2579 2667 2744 2720 super
2765 2668 2921 2706 eum.
2954 2653 3178 2710 Vides
3223 2659 3507 2728 ubique
3532 2662 3668 2717 sibi

1889 2741 2216 2796 concordare
2239 2740 2517 2808 mysteria,
2546 2740 2698 2794 vides
2731 2739 2872 2794 Novi
2935 2751 3001 2796 et
3051 2743 3366 2801 Veteris
3411 2749 3669 2804 Testa-

1890 2831 2056 2885 menti
2086 2844 2353 2884 consonas
2387 2828 2611 2881 formas.
2664 2828 2739 2880 Ibi
2766 2830 2836 2881 ad
2871 2838 3111 2897 puteos
3175 2844 3258 2886 et.
3298 2836 3393 2889 ad
3445 2852 3668 2906 aquas

1889 2920 2137 2980 venitur,
2187 2927 2244 2970 ut
2293 2916 2638 2970 inveniantur
2689 2932 2914 2984 sponsae
2959 2921 3143 2988 (75),
3194 2933 3275 2977 et.
3342 2925 3668 2980 Ecclesia

257 3016 398 3066 enim
429 3028 587 3067 aurea
617 3012 726 3081 (70)
763 3014 812 3065 in
848 3013 1064 3065 auribus
1093 3011 1366 3078 suscipere
1395 3010 1576 3072 verba,
1609 3020 1660 3063 et
1693 3025 1790 3063 au-
1816 3029 1859 3085 ο
1892 3009 2104 3063 Christo
2135 3008 2186 3060 iu
2221 3006 2440 3059 lavacro
2473 3020 2629 3073 aquae
2664 3006 3072 3075 eonjungitur.
3146 3010 3386 3069 Vides
3441 3030 3669 3086 quan.

259 3118 382 3157 reos
403 3111 556 3156 actus
583 3104 633 3154 in
665 3102 910 3155 manibus
946 3103 1161 3154 habere.
1194 3099 1298 3153 Sed
1328 3100 1440 3153 luce
1471 3100 1618 3168 prius
1645 3099 1789 3153 acci-

258 3206 388 3260 pere
420 3206 522 3244 non
567 3190 756 3258 potuit,
791 3204 888 3242 nec
940 3189 1157 3251 mereri,
1205 3188 1307 3240 nisi
1342 3187 1572 3241 venisset
1602 3187 1667 3239 ad
1699 3202 1794 3254 pu-

262 3290 376 3334 teos
394 3280 603 3332 haurire
628 3293 812 3347 aquas.
842 3279 917 3331 Tu
939 3279 1029 3346 qui
1057 3293 1161 3332 non
1191 3278 1270 3330 vis
1300 3277 1481 3329 venire
1510 3279 1573 3328 ad
1606 3292 1790 3343 aquas,

261 3369 352 3435 qui
386 3382 488 3421 non
519 3367 598 3419 vis
622 3366 675 3419 in
704 3368 923 3421 auribus
948 3366 1050 3419 tuis
1071 3380 1231 3418 aurea
1269 3365 1648 3433 prophetarum
1675 3378 1793 3417 ver-

262 3459 329 3511 ha
353 3456 645 3524 suscipere,
690 3456 953 3523 quomodo
981 3455 1183 3523 poteris
1228 3463 1451 3507 ornatus
1476 3467 1593 3522 esse
1617 3453 1668 3504 in
1699 3452 1795 3509 do-

263 3546 456 3609 ctrina,
482 3555 697 3599 ornatus
727 3546 780 3598 in
804 3545 1032 3607 actibus,
1061 3551 1284 3596 ornatus
1308 3543 1359 3594 in
1388 3540 1658 3595 moribus?

330 3633 385 3688 5.
411 3634 532 3695 Sed,
568 3642 623 3686 ut
653 3635 962 3687 omittamus
1002 3632 1248 3702 plurima,
1280 3645 1448 3698 neque
1485 3630 1623 3683 enint
1653 3644 1796 3682 com-

262 3723 533 3777 mentandi
561 3738 698 3776 nunc
745 3732 950 3790 tempus
1002 3730 1104 3785 est,
1137 3723 1227 3775 sed
1272 3720 1564 3774 aediﬁcandi
1612 3717 1799 3771 Eccle-

264 3810 398 3864 siam
424 3809 540 3874 Dei,
586 3818 641 3864 et
670 3811 927 3879 pigriores
977 3824 1039 3864 ac
1068 3810 1273 3863 desides
1318 3807 1581 3861 auditores
1611 3821 1798 3860 exem-

262 3900 365 3967 plis
392 3909 692 3953 sanctorum
738 3910 792 3953 et
830 3900 1067 3968 mysticis
1099 3897 1560 3966 explanationibus
1610 3909 1801 3963 provo-

265 3990 420 4043 candi
448 4006 463 4043 :
487 3999 669 4043 secuta
694 4004 913 4055 puerum
941 3988 1204 4049 Rebecca,
1227 3986 1373 4038 venit
1398 3986 1462 4036 ad
1490 3983 1659 4035 Isaac.
1705 3981 1801 4035 Se-

266 4086 385 4129 cuta
407 4077 546 4130 enim
572 4089 866 4128 sermonem
899 4073 1263 4139 propheticum
1288 4068 1528 4120 Ecclesia
1557 4066 1700 4117 venit
1734 4064 1800 4117 ad

266 4162 559 4216 Christum.
610 4160 674 4212 Et
724 4159 810 4212 ubi
857 4172 979 4210 eum
1026 4155 1262 4208 invenit?
1318 4154 1395 4207 Ad
1438 4163 1669 4219 puteum,
1723 4151 1803 4202 in-

268 4250 385 4317 quit
424 4248 490 4311 ιο.
542 4246 823 4315 juramenti
885 4241 1319 4295 deumbulantem.
1384 4238 1654 4304 Nusquam
1720 4252 1805 4290 re-
1904 4243 1977 4297 οε
2005 4260 2063 4296 eo
2095 4242 2526 4325 quod_Abraimm
2567 4244 2855 4324 Cet/Iuram
2891 4256 3135 4320 accepit
3192 4276 3502 4325 uxorem

266 4336 472 4390 ceditur
535 4350 564 4386 a
621 4332 812 4395 puteis,
876 4343 1144 4398 nunquam
1195 4327 1471 4380 desistitur
1516 4325 1582 4378 ab
1624 4325 1793 4392 aquis.
1827 4321 1873 4379 Ι)

267 4424 509 4478 Rebecca
559 4422 824 4475 invenitur
873 4421 939 4474 ad
997 4428 1231 4487 puteum.
1294 4416 1526 4471 Rursum
1593 4415 1802 4470 Rebec-

267 4529 329 4568 ca
381 4514 447 4567 ad
523 4522 734 4581 puteum
783 4510 983 4563 invenit
1044 4508 1213 4563 Isaac.
1263 4507 1337 4561 lbi
1415 4508 1616 4573 primos
1688 4507 1803 4574 ejus

268 4601 657 4670 contemplatur
713 4609 991 4668 aspectus,
1067 4598 1138 4651 ibi
1195 4597 1371 4650 desilit
1426 4598 1491 4650 de
1552 4597 1802 4660 camelis,

268 4692 381 4762 89
412 4693 480 4746 ibi
508 4708 537 4744 a
577 4705 739 4759 puero
774 4690 872 4743 sibi
900 4691 1321 4742 demonstratum
1340 4686 1468 4738 vidit
1490 4686 1653 4739 Isaac.
1679 4686 1805 4741 lltec

270 4792 428 4848 putas
484 4781 597 4834 sola
644 4779 837 4834 referri
892 4778 960 4832 de
1001 4776 1215 4847 puteis?
1265 4784 1322 4829 et
1372 4775 1541 4829 Jacob
1590 4779 1657 4830 ad
1706 4792 1802 4844 pu-

271 4880 415 4925 teum
458 4872 645 4935 venit,
691 4881 746 4925 et
812 4869 883 4923 ibi
942 4866 1141 4921 invenit
1191 4865 1424 4928 Rachel,
1464 4874 1518 4918 et
1570 4865 1643 4918 ibi
1719 4867 1801 4919 in-

272 4962 501 5015 notescit
530 4962 578 5015 ei
613 4958 807 5014 Rachel
830 4959 967 5013 bona
998 4956 1166 5011 oculis
1196 4962 1250 5009 et
1275 4956 1465 5009 decora
1492 4965 1713 5023 aspectu
1738 4956 1802 5010 ⁸ο.

275 5050 379 5106 Sed
414 5057 467 5104 et
502 5049 706 5120 Moyses
739 5049 804 5103 ad
837 5055 1057 5117 puteum
1102 5045 1302 5099 invenit
1339 5043 1597 5098 Seﬂ‘oram
1643 5045 1805 5100 tiliam

378 5143 424 5176 ³⁸
446 5143 631 5197 Matth.
659 5157 776 5196 xm.

276 5213 323 5245 “
346 5212 499 5268 Joan.
533 5228 607 5277 Iv,
642 5211 696 5266 6.
767 5209 812 5242 “
837 5207 994 5262 Rom.
1024 5221 1097 5270 tv,
1130 5206 1215 5259 l9.

346 5304 455 5372 (70)
486 5302 608 5357 Vult
626 5303 961 5372 enimraurea,
989 5308 1093 5352 etc.
1121 5296 1271 5372 [Ione
1290 5297 1462 5372 locum
1484 5298 1652 5365 carpit
1680 5312 1807 5352 san-

279 5364 396 5424 ctus
426 5364 737 5425 Eustathius
770 5371 821 5423 in
858 5375 1082 5421 tractatu
1118 5364 1191 5417 De
1221 5366 1538 5433 pytltouissa.

350 5437 461 5506 (7|)
490 5440 634 5492 Alias
659 5437 875 5503 animal,
904 5436 1157 5506 sed_m_ss.
1188 5433 1451 5486 animalis.
1482 5433 1647 5506 Paulo
1670 5433 1808 5486 infra

279 5501 595 5621 zivs's.,'unut
626 5508 836 5574 spiritus
861 5501 957 5560 est.
993 5503 1153 5569 Editi,
1189 5517 1322 5555 unus
1345 5511 1419 5555 est
1457 5501 1666 5569 spiritus
1692 5516 1810 5553 cum

311 5588 356 5621 0.

311 5588 356 5621 0.

852 5141 896 5172 ³⁸
922 5139 1115 5194 Genes.
1150 5152 1297 5202 xxtv,
1327 5136 1414 5190 62.
1486 5136 1532 5169 ⁸⁸
1559 5135 1752 5193 Cenes.
1786 5155 1935 5197 xxxx.
2008 5140 2051 5171 “
2082 5138 2251 5193 Exod.
2286 5151 2352 5189 ιι.

1892 3108 1976 3153 tus
2013 3112 2112 3150 nos
2153 3105 2612 3149 sacramentorum
2642 3096 2899 3149 cumulus
2944 3113 3109 3166 peru
3125 3115 3304 3169 rget
3332 3145 3355 3170 ,
3401 3117 3667 3175 quam;

1890 3196 2146 3254 suntquae
2164 3195 2473 3247 occurrunt,
2501 3185 2777 3251 explicare
2798 3200 2913 3238 non
2941 3202 3384 3260 possumus,
3415 3198 3671 3256 saltem

1892 3277 2003 3329 haec
2041 3274 2263 3326 incitare
2293 3282 2345 3324 te
2385 3272 2581 3325 debent
2617 3273 2685 3325 ad
2731 3276 3105 3332 audiendum
3141 3321 3167 3344 ,
3236 3288 3337 3340 ad
3402 3306 3663 3349 conire.

1894 3363 2167 3441 niendum,
2200 3371 2256 3415 ut
2284 3362 2503 3414 etiamsi
2528 3377 2626 3414 nos
2653 3363 2836 3431 aliqua
2866 3379 2973 3431 pro
3011 3368 3397 3431 brevitate
3435 3390 3671 3440 trans-

1894 3453 2194 3515 currimus,
2234 3460 2287 3502 tu
2330 3465 2450 3504 cum
2506 3451 2699 3519 relcgis
2739 3461 2795 3504 et
2830 3456 3110 3521 requiris
3147 3500 3175 3525 ,
3253 3470 3487 3523 etiam
3522 3475 3671 3542 ipse

1895 3539 2149 3595 discutias
2189 3548 2243 3591 et
2277 3538 2551 3603 invenias,
2587 3549 2738 3592 certe
2785 3541 2874 3593 vel
2924 3545 2984 3597 in
3032 3548 3319 3608 horum
3370 3538 3672 3629 inquisi-

1985 3643 2041 3680 [ιθ
2069 3641 2419 3694 permaneas,
2455 3635 2512 3678 ut
2544 3637 2597 3679 et
2625 3636 2676 3679 te
2705 3628 2935 3682 verbum
2975 3631 3100 3687 Dei
3142 3628 3550 3705 inveniens
3585 3656 3668 3706 ad

1898 3734 2089 3787 aquam
2118 3726 2379 3781 assumat,
2404 3724 2455 3770 et
2479 3717 2779 3784 eonjungat
2817 3719 2952 3783 sibi,
2989 3733 3068 3776 ut
3096 3729 3472 3791 elliciaris
3513 3758 3668 3797 tum

1897 3822 1962 3861 eo
2012 3820 2150 3859 unus
2195 3805 2417 3872 spiritus
2475 3805 2527 3857 in
2579 3804 2801 3858 Christo
2831 3805 2982 3889 .iesu~
3025 3810 3364 3875 Ποπιιίηο
3423 3839 3668 3885 nostro

1899 3895 1982 3949 cui
2012 3904 2096 3947 est
2140 3892 2305 3961 gloria
2355 3901 2410 3946 et
2450 3892 2736 3960 imperium
2775 3894 2832 3947 in
2877 3900 3115 3955 saecula
3190 3915 3665 3975 saeculorum.

1899 3985 2092 4038 Amen.

2466 4112 2748 4168 HOMILIA
2789 4115 2884 4172 XI.

2053 4285 2191 4379 qu'od
2219 4310 2372 4363 Isaac
2400 4285 3502 4390 Iidoiraiii"§&",3'&:;ii;"£35073:?"
3529 4313 3552 4340 ι
3601 4285 3665 4329 α

1974 4424 2027 4477 1.
2072 4422 2293 4514 Semper
2324 4423 2730 4514 sanctus
2766 4427 2976 4483 Paulus
3008 4447 3419 4506 apostolus
3459 4470 3674 4514 occa-

1903 4511 2079 4564 siones
2102 4510 2302 4577 praebet
2327 4509 2692 4604 intelligentiae
2723 4515 3016 4585 spiritalis,
3061 4535 3140 4578 et
3196 4546 3445 4599 pauca

1907 4611 2096 4702 tamen.
2128 4601 2428 4702 necessaria
2470 4602 2727 4701 studiosis
2758 4607 3005 4659 ostendit
3042 4591 3392 4695 indi-cia;

1985 4692 2045 4744 od
2084 4690 2167 4786 lex
2195 4689 2451 4786 spirit-alis
2479 4690 2570 4752 sit,
2597 4689 2651 4786 in
2684 4694 2943 4746 omnibus
2976 4711 3311 4768 agnOSCa
3328 4689 3402 4771 ιλ.
3416 4689 3477 4776 ,ς’

1909 4744 1936 4790 ,³
1966 4782 1975 4791 .
2227 4744 2241 4756 “
2556 4744 2568 4752 ’
2804 4782 2814 4791 _
2922 4744 2937 4746 ἡ
2981 4744 3311 4768 ή⁷ῠ“’“’δυίι
3329 4744 3477 4776 ιιιΓ.
3518 4744 3671 4796 Ipse

1909 4788 2073 4875 Igitur
2196 4777 2469 4875 Abraham
2490 4788 2574 4875 .et.
2598 4775 2734 4831 Sara
2763 4780 3075 4875 disputans
3117 4806 3463 4867 quodam
3514 4817 3671 4875 loco

1908 4868 1984 4920 ait
2002 4865 2076 4920 ηε
2108 4865 2249 4929 Non,
2273 4865 2465 4932 inquit,
2484 4865 2784 4931 iit/innatus
2813 4869 2919 4935 ﬁde
2945 4865 3670 4964 consideravigvuﬁgj‘n:

1908 4971 2093 5022 corpus
2124 4964 2426 5017 emortuum,
2445 4970 2564 5006 cum
2592 4953 2701 5021 fere
2750 4964 2963 5010 centum
3006 4978 3382 5038 annorum

1910 5058 1956 5102 et
1981 5056 2268 5147 emortua-tn
2292 5044 2683 5147 valuerit-Sardi.
2702 5044 2858 5101 Hunc
2874 5064 3011 5118 01⁸80
3044 5070 3282 5125 quem
3332 5039 3465 5137 ille

2426 5134 2521 5187 ιιι
2558 5137 2685 5193 cor,
2722 5154 2788 5205 ιι,
2817 5140 2907 5195 ιι.
2987 5144 3036 5175 ⁸³
3088 5150 3115 5205 ι
3160 5156 3354 5223 Cor.
3399 5134 3667 5246 V—l,“i;:

1914 5291 2666 5420 mg?iinaiiis‘iigciziidf
2702 5308 2753 5352 α
2788 5316 3178 5376 conjuge“?
3219 5322 3478 5393 Isaac.
3518 5343 3665 5407 Sed

1984 5427 2566 5522 (Ξὲ,).ἓὶἳ.3ἷ¹⁸ἓ.;ιέξ¹ἔ¹ί
2593 5449 3104 5504 “mmorant”
3140 5455 3390 5522 rom.-

1917 5512 1968 5554 ut
1992 5494 2285 5554 inveniatur
2322 5508 2539 5561 sponsa,
2824 5494 3103 5504 “"va
3140 5494 3248 5522 ινα
3268 5494 3430 5528 συν-ε

3441 5518 3525 5535 θα
3587 5526 3652 5547 ,θ
