3922 6232
264 516 488 579 emortui
524 487 733 571 εοννοτῖε
772 477 822 531 in
1261 494 1607 579 fmhorum
1666 519 1890 560 numero

271 597 690 674 fuisse,ellsaac
731 565 1172 676 ina§'s::23}f\
1192 565 1356 630 ﬁdei
1411 599 1606 654 quam
1648 594 1892 663 corporis

270 649 583 753 leanditate
617 663 837 756 8°““i_sse
863 691 878 716 ’
905 649 1237 756 δθτίβίίξτδ
1301 680 1489 730 nunc
1524 681 1709 735 refert
1740 649 1892 736 acce-

273 787 427 854 pisse
451 785 646 836 uxorem
669 751 1271 854 ὒθῑῂξτξξῖίῖῖξηξηθ»
1310 768 1382 814 ει
1410 762 1571 822 ﬁlios
1596 783 1667 823 ex
1698 784 1759 823 ea
1786 769 1894 837 plu-

274 831 453 925 rimos
473 863 706 936 genuisse.
728 849 838 896 Cum
862 831 984 936 ίξτθ
1022 843 1288 936 cfntum
1322 849 1576 920 triginta
1614 864 1671 909 et
1693 831 1892 923 sepiem

279 959 562 1010 videretur
586 922 1012 1026 annorum-Etim
1038 924 1218 1021 .Sara
1253 948 1421 993 uxor
1454 943 1582 1010 ejus
1612 922 1797 998 decem
1829 942 1895 995 ab

283 1059 355 1098 eo
389 1043 555 1096 annis
577 1034 727 1106 iunior
759 1014 1064 1106 ερτί-δίίυτῖ
1106 1031 1252 1106 (ιδιεε
1287 1033 1621 1086 centesimo
1645 1031 1895 1084 vicesimo

286 1136 347 1180 et
372 1098 607 1194 septimo
640 1125 758 1172 anno
784 1098 1046 1158 defuncta
1080 1140 1098 1161 .
1147 1103 1392 1166 indicat
1427 1113 1709 1170 Abraham
1743 1127 1898 1179 super

292 1224 531 1267 centum
558 1209 744 1278 triginta
760 1199 948 1262 589mm
979 1204 1294 1251 il“ﬂorum
1322 1199 1533 1268 fuisse,
1559 1219 1678 1258 cum
1701 1202 1894 1255 Cethu-

293 1314 421 1352 ram
456 1300 662 1366 accepit
680 1295 900 1346 uxorem.
941 1279 1105 1346 Qum
1142 1289 1341 1356 ergo?
1379 1304 1638 1360 putamus
1665 1291 1802 1359 quod
1844 1291 1896 1343 in

296 1396 462 1440 ιιωο
493 1381 776 1453 patriarcha
801 1386 888 1441 per
917 1369 1078 1424 idem
1135 1382 1374 1444 tempus
1402 1381 1746 1433 incitamenta
1775 1392 1896 1430 car-

293 1475 386 1526 nis
434 1470 748 1540 viguerint?
794 1463 856 1518 Et
897 1460 995 1527 Qui
1053 1462 1203 1517 olim
1271 1468 1615 1521 naturalibus
1667 1467 1896 1518 motibus

295 1566 610 1613 emortuus
635 1557 831 1616 dicitur,
861 1563 1002 1602 nunc
1046 1551 1126 1604 ad
1164 1553 1461 1608 libidinem
1493 1553 1602 1624 (74)
1634 1553 1898 1606 redivivus

294 1645 641 1713 putabitur?
669 1643 762 1706 An,
787 1649 839 1693 ut
857 1651 996 1705 saepe
1023 1638 1152 1705 jam
1175 1641 1446 1706 diximus,
1479 1645 1894 1710 patriarcharum

297 1734 578 1802 coniugia
609 1734 878 1800 mysticum
904 1727 1142 1796 aliquod
1181 1731 1438 1785 indicant
1471 1731 1898 1786 sacramentum?

299 1823 470 1876 Sicut
494 1831 561 1874 et
592 1821 708 1884 ille,
751 1821 834 1888 qui
860 1819 1079 1872 dicebat
1109 1822 1184 1874 de
1213 1821 1486 1889 sapientia
1518 1821 1593 1874 “2
1628 1821 1779 1873 Hanc
1806 1835 1896 1887 ego

301 1913 551 1977 rogitavi
586 1926 797 1962 uxorem
823 1907 1086 1960 adducere
1129 1911 1290 1962 mihi.
1330 1909 1596 1963 Fortassis
1627 1923 1758 1976 ergo
1789 1909 1896 1976 jam

305 2011 443 2055 tunc
476 2012 541 2056 et
575 2003 842 2055 Abraham
872 2001 1050 2054 simile
1082 2001 1294 2068 aliquid
1328 2002 1596 2069 cogitavit,
1627 2008 1679 2053 et
1712 2015 1898 2066 qnam-

301 2093 392 2144 vis
417 2102 589 2144 esset
620 2091 855 2156 sapiens.
893 2090 1000 2142 hoc
1027 2090 1150 2157 ipso
1182 2098 1360 2142 tamen
1389 2088 1606 2152 sciebat,
1643 2089 1783 2156 quod
1816 2101 1902 2140 sa-

301 2180 544 2249 pientiae
569 2179 751 2232 nullus
775 2189 854 2232 est
877 2179 1022 2242 linis,
1056 2195 1156 2232 nec
1188 2178 1422 2232 discendi
1453 2176 1732 2230 terminum
1759 2191 1904 2230 sene.

303 2277 433 2320 ctus
477 2266 749 2333 impauit.
787 2266 886 2329 Qui
933 2266 1080 2318 enim
1113 2265 1396 2318 consuevit
1432 2279 1494 2318 eo
1537 2263 1690 2315 modo
1724 2259 1900 2316 sortiri

304 2355 779 2415 matrimonium,
804 2368 910 2421 quo
934 2354 1002 2405 de
1033 2354 1149 2421 ipso
1177 2353 1424 2420 superius
1452 2351 1824 2414 indicavimus,
1851 2349 1901 2402 id

313 2451 402 2494 est
451 2442 554 2509 qui
596 2442 866 2493 virtutem
901 2441 1104 2493 habere
1136 2443 1191 2493 in
1223 2440 1469 2507 conjugio
1506 2439 1667 2501 solet,
1693 2438 1903 2505 quando

306 2538 500 2597 potest
529 2530 606 2583 ab
632 2529 1017 2597 hujuscemodi
1045 2541 1260 2582 cessare
1287 2527 1570 2596 conjugiu?
1597 2527 1742 2580 Sarze
1763 2541 1905 2577 nam-

305 2630 421 2684 que
448 2618 748 2680 dormitio,
781 2618 1000 2670 virtutis
1027 2625 1110 2670 est
1135 2617 1470 2683 intelligenda
1495 2615 1900 2670 consummatio.

307 2708 416 2771 Qui
485 2721 632 2759 vero
681 2714 1074 2759 consummata:
1117 2717 1172 2758 et
1227 2705 1473 2772 perfecta:
1520 2704 1734 2755 virtutis
1782 2711 1902 2767 est,

308 2809 542 2862 semper
569 2808 808 2847 necesse
838 2803 921 2846 est
949 2803 1007 2845 ut
1039 2793 1092 2846 in
1126 2793 1301 2860 aliqua
1325 2794 1618 2846 eruditione
1643 2803 1900 2846 versetur.

309 2878 494 2942 Quam
550 2877 934 2930 eruditionem
994 2875 1272 2943 coniugem
1326 2876 1444 2943 ejus
1475 2891 1653 2929 sermo
1693 2876 1904 2929 divinus

309 2967 583 3034 appellat.
615 2966 936 3020 Secundum
964 2965 1066 3018 hoc
1093 2973 1222 3030 puto
1251 2965 1390 3032 quod
1421 2966 1546 3018 etin
1570 2965 1684 3033 lege
1714 2966 1904 3019 caelebs

1509 386 1595 444 ΙΝ
1638 393 1940 449 GENESIM
1972 389 2248 447 HOMILIA
2275 386 2374 441 XI.

3427 380 3535 434 228

1917 503 1963 560 Α
1990 509 2198 555 calores
2240 491 2419 565 porcis
2462 477 2879 565 compirantur,
2920 490 3006 556 qui
3041 489 3089 541 in
3131 488 3356 556 peccatis
3382 487 3528 542 velut

1991 589 2042 640 in
2071 557 2329 640 stercore.
2354 572 2530 633 fetido
2562 557 2891 627 VOIutantur.
2930 575 2994 627 Et
3023 575 3179 627 David
3207 589 3268 627 ex
3300 588 3521 642 persona

1990 673 2288 742 peccatoris
2331 652 2656 737 paenitentis
2702 659 2828 714 dicit
2871 662 2958 714 “z
2996 660 3420 728 Computruerunt
3470 670 3521 713 et

1990 777 2152 816 exesa:
2178 768 2294 812 sunt
2323 754 2591 810 cicatrices
2631 762 2777 802 metu.

2059 851 2113 903 2.
2142 849 2196 902 Si
2223 848 2342 915 quis
2363 857 2493 912 ergo
2524 845 2880 891 vestrum-est
2902 876 2917 899 ,
2953 837 3004 888 in
3027 849 3130 903 quo
3161 836 3291 887 odor
3317 833 3519 902 peccati

1986 939 2096 1006 jam
2128 937 2302 990 nullus
2332 942 2447 996 est,
2480 929 2569 984 sed
2602 927 2733 978 odor
2754 926 2970 992 justitite
2993 963 3006 986 ,
3038 922 3271 977 suavitas
3305 921 3519 974 miseri-

1994 1025 2205 1087 cordiae,
2234 1024 2278 1076 si
2308 1021 2426 1088 quis
2451 1019 2566 1072 sine
2603 1014 2992 1067 intermissione
3022 1012 3222 1065 orando
3247 1010 3397 1063 oll‘crt
3428 1010 3523 1062 Do-

1994 1114 2140 1169 mino
2174 1123 2382 1178 semper
2411 1109 2708 1165 incensum,
2737 1108 2789 1153 et
2820 1101 2948 1152 dicit
2971 1101 3014 1130 ⁸¹¹
3041 1116 3055 1150 :
3094 1098 3366 1165 Dirigutur
3389 1111 3511 1147 ora-

1995 1204 2064 1255 tio
2100 1215 2211 1252 mea
2259 1199 2387 1250 sicut
2437 1197 2694 1247 incensum
2727 1193 2779 1242 in
2829 1195 3102 1255 conspectu
3139 1196 3264 1248 tuo,
3313 1183 3520 1236 elevatio

1996 1301 2241 1340 manuum
2287 1297 2514 1335 arearum
2542 1279 2856 1344 sacriﬁcium
2893 1275 3264 1342 vespertinum,
3307 1271 3392 1323 hic
3421 1268 3522 1321 Ce-

1997 1377 2206 1429 thuram
2237 1372 2386 1424 duxit
2415 1384 2655 1422 uxorem.
2696 1368 2786 1421 Sic
2811 1380 2938 1433 ergo
2980 1377 3161 1416 senum
3210 1358 3419 1426 nuptias
3449 1357 3526 1409 in-

1997 1461 2274 1530 terpretari
2321 1458 2527 1527 dignius
2562 1465 2686 1524 puto
2711 1497 2725 1518 ,
2765 1455 2841 1509 sic
2887 1452 3106 1521 pulchre
3140 1449 3266 1503 inita
3299 1445 3524 1514 patriar-

1996 1555 2215 1608 charum
2248 1551 2300 1603 in
2331 1549 2512 1601 ultima
2541 1549 2644 1615 jam
2671 1555 2725 1598 et
2752 1544 2950 1597 defecta
2974 1550 3128 1596 attate
3153 1537 3414 1606 conjugia,
3446 1535 3524 1588 sic

1996 1638 2324 1692 necessarias
2354 1636 2579 1688 ﬁliorum
2622 1630 3019 1701 procreationes
3056 1626 3302 1679 existimo
3333 1636 3522 1676 nume-

1998 1729 2206 1781 randas.
2237 1726 2314 1777 Ad
2351 1724 2480 1776 tales
2507 1724 2647 1775 enim
2675 1721 2957 1789 nuptiaset
2986 1712 3346 1782 hujuscemodi
3377 1711 3526 1764 sobo-

1928 1793 1969 1847 Β
2000 1819 2099 1871 lem
2127 1858 2143 1883 ,
2195 1831 2296 1869 non
2336 1817 2404 1867 ita
2440 1814 2660 1880 juvenes
2694 1821 2751 1863 ut
2788 1823 2942 1863 senes
2973 1807 3080 1874 apti
3129 1812 3272 1858 sunt.
3318 1801 3526 1865 Quanto

1999 1910 2138 1962 enim
2173 1907 2294 1973 quis
2339 1919 2501 1957 carne
2532 1901 2647 1968 plus
2687 1899 2854 1952 lessus
2899 1906 3008 1956 est,
3047 1901 3190 1946 tanto
3234 1891 3336 1944 erit
3363 1888 3526 1942 animi

1999 2001 2192 2051 virtute
2229 1993 2498 2047 robustior
2525 2031 2538 2054 ,
2567 2001 2619 2043 et
2649 1987 2918 2054 sapientiae
2945 1981 3300 2050 complexibus
3337 1979 3526 2044 aptior.

2001 2087 2090 2142 Sic
2132 2095 2182 2139 et
2205 2085 2291 2137 ille
2331 2084 2383 2135 in
2427 2079 2718 2148 Scripturis
2748 2078 2791 2107 ⁸³
2824 2077 3097 2144 vit-justus
3137 2073 3366 2124 Elchana
3397 2069 3529 2120 duas

2001 2178 2156 2231 simul
2206 2176 2436 2229 refertur
2462 2170 2711 2223 habuisse
2757 2181 2982 2229 uxores,
3027 2176 3246 2230 quarum
3295 2174 3394 2212 una
3430 2158 3530 2210 Fe-

2001 2279 2213 2329 nenna,
2263 2262 2362 2313 alia
2427 2261 2576 2310 Anna
2643 2256 2956 2311 dicebatur.
3012 2251 3062 2303 id
3113 2257 3195 2301 est
3254 2245 3530 2299 conversio

2003 2364 2055 2408 et
2111 2351 2278 2420 gratia
2327 2347 2459 2418 (76).
2502 2346 2564 2397 Et
2605 2346 2775 2411 primo
2814 2341 3023 2407 quidem
3081 2337 3272 2389 dicitur
3320 2335 3384 2387 de
3430 2332 3532 2384 Fe-

2005 2456 2175 2495 neuna
2219 2439 2355 2490 ﬁlios
2407 2434 2725 2499 suscepisse,
2770 2431 2820 2482 id
2862 2437 2941 2481 est
2981 2428 3045 2480 de
3082 2423 3444 2483 conversione,
3475 2427 3531 2472 et

2003 2528 2334 2601 postmodum
2395 2527 2457 2578 de
2500 2525 2682 2582 Anna,
2737 2535 2851 2588 quae
2896 2526 2977 2571 est
3026 2515 3212 2582 gratia.
3257 2509 3532 2564 Profectus

2002 2619 2195 2672 etenim
2239 2623 2544 2667 sanctorum
2588 2612 2857 2676 Scriptura
2926 2603 3216 2673 ﬁguraliter
3272 2614 3365 2668 per
3405 2612 3532 2650 con-

1997 2708 2142 2776 jugia
2186 2705 2444 2770 designat.
2488 2701 2637 2755 Unde
2677 2707 2728 2750 et
2767 2707 2818 2749 tu
2848 2703 3016 2762 potes,
3052 2694 3095 2746 si
3135 2693 3236 2754 vis,
3288 2689 3534 2756 hujusce-

2004 2796 2144 2850 modi
2174 2792 2483 2860 nuptiarum
2516 2787 2737 2840 maritus
2761 2784 3042 2843 exsistere,
3082 2788 3154 2844 et,
3180 2776 3325 2830 verbi
3351 2788 3532 2838 causa,

2003 2888 2046 2940 si
2097 2881 2504 2950 hospitalitatem
2547 2875 2770 2926 libenter
2805 2883 3041 2930 exerces,
3091 2868 3225 2919 hanc
3269 2862 3363 2915 tibi
3409 2875 3536 2913 con-

1997 2947 2488 3041 jugemvvideberis
2547 2959 2920 3027 assumpsisse.
2983 2954 3116 3006 lluic
3171 2952 3213 3004 si
3269 2947 3535 3002 addideris

309 3065 365 3108 et
397 3056 625 3109 sterilis
654 3055 948 3109 maledicto
984 3053 1252 3118 subjacet.
1287 3054 1425 3107 Dicit
1455 3057 1632 3108 enim:
1686 3054 1908 3106 Maledi-
1932 3123 1965 3132 _
1997 3039 2281 3132 pauperum
2341 3067 2518 3107 curam
2565 3088 2580 3114 ,
2637 3047 2919 3102 secundam
2984 3041 3253 3096 videberis
3314 3039 3536 3091 sortitus

309 3155 430 3198 ctus
453 3147 555 3213 qui
589 3161 704 3197 non
732 3145 1003 3213 reliquerit
1029 3159 1201 3197 semen
1229 3144 1283 3196 in
1319 3142 1506 3198 Israel.
1539 3142 1686 3207 Quod
1717 3144 1760 3196 si
1791 3146 1900 3197 lttec
1927 3123 1968 3178 θ
2001 3123 2242 3204 quo‘rem.
2273 3141 2424 3207 Quod
2449 3141 2493 3193 si
2534 3146 2588 3192 et
2627 3135 2932 3204 patientiam
2962 3133 3056 3185 tibi
3079 3131 3272 3197 jungas
3307 3136 3359 3181 et
3389 3141 3536 3178 ma..-

310 3234 380 3286 de
417 3234 654 3287 carnali
698 3236 910 3287 semine
945 3233 1048 3285 dici
1091 3241 1383 3299 putentur,
1428 3246 1613 3284 omnes
1650 3229 1902 3284 Ecclesia:

310 3323 570 3389 virgines
606 3323 718 3375 sub
767 3322 1059 3375 maledicto
1096 3321 1281 3388 positae
1310 3321 1650 3374 videbuntur.
1682 3321 1748 3373 Et
1776 3320 1901 3387 quid

311 3411 382 3463 de
409 3412 686 3464 Ecclesia:
718 3409 1022 3476 virginibus
1049 3411 1201 3464 dico?
1232 3409 1348 3478 Ipse
1375 3409 1625 3475 Joannes,
1654 3424 1760 3477 quo
1789 3423 1904 3461 ma-

307 3496 400 3563 jor
428 3498 584 3550 inter
624 3508 790 3551 natos
821 3497 1110 3550 mulierum
1142 3512 1300 3551 nemo
1332 3499 1430 3550 fuit
1457 3498 1532 3560 ‘7,
1571 3507 1624 3550 et
1653 3497 1742 3549 alii
1783 3511 1905 3550 san-

314 3594 539 3641 ctorum
569 3587 801 3654 plurimi
826 3624 843 3648 ,
871 3599 1058 3638 semen
1080 3589 1369 3640 secundum
1395 3602 1608 3639 carnem
1647 3601 1746 3638 non
1779 3587 1903 3638 reli-

314 3683 595 3741 querunt,
625 3676 829 3741 quippe
859 3673 952 3739 qui
991 3688 1094 3726 nec
1123 3674 1306 3726 iniisse
1331 3675 1542 3741 quidem
1568 3674 1904 3726 matrimonia

314 3763 675 3816 referuntur.
712 3763 824 3817 Sed
860 3770 920 3815 et
954 3771 1164 3814 certum
1197 3772 1278 3815 est
1315 3763 1433 3816 illos
1463 3763 1700 3828 spiritale
1727 3776 1904 3814 semen

312 3861 368 3902 et
385 3851 685 3918 Spiritalcs
712 3851 862 3902 ﬁlios
881 3849 1193 3914 reliquisse,
1210 3859 1263 3903 et
1289 3851 1536 3904 habuisse
1561 3864 1907 3916 unumquem-

307 3952 419 4003 que
479 3939 783 4006 conjugem
841 3938 1206 4005 sapientiam,
1269 3939 1405 3992 sicut
1459 3949 1513 3993 et
1566 3942 1760 3997 Paulus
1814 3959 1908 4012 per

305 4024 684 4092 Evangelium
723 4027 870 4079 ﬁlios
911 4025 1207 4094 generabat
1233 4026 1295 4077 ‘3.
1334 4027 1553 4095 Accepit
1588 4045 1712 4100 ergo
1747 4047 1908 4089 senex

305 4113 564 4164 emortui
608 4114 718 4180 jam
767 4115 1020 4181 corporis
1048 4114 1321 4166 Abraham
1355 4115 1638 4170 Cethuram
1669 4135 1909 4176 uxorem:

313 4197 442 4266 Ego
475 4207 618 4266 puto
655 4201 957 4254 secundum
991 4201 1152 4265 hanc,
1189 4217 1349 4271 quam
1378 4218 1534 4270 supra
1571 4207 1911 4271 exposuimus

316 4287 630 4349 rationem,
661 4290 808 4354 quod
839 4288 1036 4341 melius
1063 4297 1191 4342 tunc
1227 4307 1363 4343 uxor
1387 4293 1668 4358 accipitur,
1699 4294 1910 4359 quando

311 4384 651 4427 emortuum
720 4391 924 4443 corpus
980 4385 1102 4442 est,
1163 4379 1383 4444 quando
1427 4381 1745 4434 mortiﬁcata
1791 4392 1911 4432 sunt

313 4467 596 4518 membra.
628 4463 806 4530 Major
828 4467 976 4517 enim
999 4467 1066 4517 ad
1097 4467 1421 4531 sapientiam
1450 4468 1695 4522 sensibus
1719 4469 1914 4521 nostris

309 4554 606 4617 capacitas
638 4552 756 4620 90
780 4553 944 4617 inest,
970 4553 1196 4620 quando
1219 4555 1560 4610 mortiﬁcatio
1583 4557 1779 4610 Christi
1810 4559 1916 4610 cir-

313 4639 644 4693 cumfertur
695 4642 753 4692 in
787 4655 1019 4708 corpore
1071 4650 1269 4694 nostro
1315 4645 1522 4696 mortali
1571 4645 1636 4698 ⁸³.
1679 4647 1916 4712 Denique

310 4728 566 4782 Cetbura
598 4743 774 4796 quam
808 4744 954 4782 nunc
981 4742 1156 4782 senex
1177 4729 1450 4782 Abraham
1477 4734 1695 4786 sortitur
1719 4734 1770 4785 in
1802 4749 1914 4786 ma-

314 4818 649 4870 trimonium
671 4853 690 4880 ,
721 4818 1022 4884 thymiama
1079 4816 1469 4881 interpretatur
1501 4819 1640 4888 (75),
1668 4822 1806 4888 quod
1835 4829 1916 4872 est

313 4904 612 4959 incensum
651 4943 671 4966 ,
705 4905 790 4957 vel
840 4905 1024 4957 bonus
1053 4903 1221 4954 odor.
1268 4903 1333 4954 Et
1373 4904 1479 4970 ipse
1524 4910 1663 4960 enim
1710 4907 1917 4962 dicebat

322 4995 461 5049 sicut
491 4994 710 5048 Paulus
735 4994 874 5046 dixit
901 4993 975 5056 ⁵ο,
1005 4992 1146 5058 quia
1177 4991 1374 5043 Christi
1395 4993 1549 5047 bonus
1571 4998 1700 5049 odor
1723 5012 1919 5050 sumus.

319 5085 609 5148 Quomodo
653 5092 840 5135 autem
891 5082 1030 5148 quis
1081 5079 1295 5130 Christi
1320 5081 1476 5134 bonus
1518 5085 1653 5138 odor
1681 5086 1922 5148 elﬁcitur,

320 5172 625 5226 videamus.
678 5171 987 5225 Peccatum
1049 5179 1149 5218 res
1189 5171 1274 5217 est
1315 5164 1480 5222 fetida.
1538 5172 1774 5240 Denique
1803 5187 1924 5241 pec-

385 5281 431 5312 “
459 5279 594 5346 Sap.
633 5294 757 5343 vttt,
787 5279 842 5332 9.

316 5345 375 5401 ὃ.
441 5349 488 5381 ⁶¹
516 5345 666 5402 Psal.
693 5363 837 5408 cxu,
877 5345 941 5396 2.

388 5439 498 5507 (76)
529 5439 608 5490 lta
648 5452 778 5507 mss.
811 5433 995 5507 editiz
1061 5443 1100 5478 α
1132 5427 1354 5507 libidine.
1398 5433 1572 5507 Paulo,
1597 5448 1719 5504 post
1747 5441 1872 5492 editi
1901 5479 1916 5502 ,

931 5276 985 5306 ⁸⁷
1006 5272 1218 5325 Matth.
1249 5275 1424 5336 xt,12.
1497 5277 1542 5308 ⁸⁸
1572 5278 1590 5328 l
1620 5281 1742 5332 Cor.
1771 5297 1840 5344 tv,
1878 5285 1897 5334 l

1035 5340 1094 5370 88
1130 5339 1143 5370 I
1179 5339 1286 5370 Ilua
1333 5356 1345 5370 ι
1431 5342 1475 5370 st
1507 5346 1568 5370 III
1600 5347 1808 5370 ι’)...ηιιη
1862 5364 1875 5370 -

2003 5282 2043 5313 ⁵9
2066 5281 2106 5334 ιι
2135 5281 2257 5334 Cur.
2297 5294 2366 5342 tv,
2402 5276 2489 5330 10.
2561 5277 2606 5306 ⁸ο
2634 5275 2672 5325 ll
2699 5273 2825 5328 Cor.
2853 5289 2913 5337 tt,
2938 5274 3023 5326 l5.

1126 5339 1147 5388 ι
1178 5339 1301 5405 Reg.
1333 5356 1365 5393 ι.
1431 5342 1475 5374 εδ
1503 5346 1568 5398 lll
1599 5339 2009 5414 Paralip.'t,12.

2005 3236 2358 3294 suetudinem,
2404 3237 2730 3292 caeterasque
2769 3225 3012 3283 virtutes,
3055 3229 3132 3274 tot
3157 3217 3418 3272 videberis
3451 3231 3540 3268 ac-

2005 3327 2209 3393 cepisse
2253 3331 2468 3378 uxores,
2516 3321 2646 3381 quot
2685 3311 2972 3363 virtutibus
3011 3307 3226 3376 gaudes.
3255 3307 3379 3358 Inde
3413 3318 3539 3371 ergo

2004 3425 2086 3469 est
2138 3411 2275 3478 quod
2325 3404 2604 3460 nonnullos
2658 3399 3082 3468 patriarcharum
3144 3394 3301 3447 simul
3359 3393 3540 3459 plures

2008 3502 2252 3556 habuisse
2293 3494 2564 3560 coniuges,
2611 3491 2742 3543 alios
2784 3487 3049 3541 defunctis
3091 3483 3358 3552 prioribus
3388 3497 3540 3535 acce-

2006 3595 2148 3662 pisse
2220 3587 2393 3648 alias,
2464 3581 2738 3648 Scriptura
2808 3585 3188 3630 commemorat
3240 3591 3254 3625 :
3305 3581 3362 3624 ut
3413 3570 3538 3623 illud

2011 3661 2299 3748 ﬁguraliter
2327 3675 2610 3732 indicetur,
2640 3667 2778 3735 quod
2803 3666 3012 3732 quidam
3050 3663 3224 3729 plures
3247 3661 3398 3714 simul
3421 3671 3542 3726 pos-

2012 3777 2136 3823 sunt
2180 3775 2431 3817 exercere
2492 3759 2758 3816 virtutes,
2810 3752 2898 3805 alii
2945 3766 3047 3802 non
3103 3750 3246 3815 prius
3300 3761 3415 3813 qua:
3455 3759 3542 3798 se-

2009 3863 2242 3925 quuntur
2293 3850 2526 3915 incipere
2559 3883 2574 3907 ,
2632 3856 2786 3910 quam
2850 3839 3026 3905 priora
3087 3834 3431 3903 perduxerint
3473 3833 3540 3884 ad

2012 3919 2327 4011 perfectum.
2358 3938 2480 3990 Inde
2509 3932 2738 3998 denique
2777 3929 3025 3982 Salomon
3065 3925 3240 3991 plures
3264 3921 3420 3974 simul
3449 3919 3544 3971 ba-

2013 4033 2189 4087 buisse
2235 4027 2462 4082 refertur
2505 4035 2696 4074 uxores
2729 4058 2744 4081 ,
2788 4019 2871 4072 cui
2913 4017 3120 4069 dixerat
3162 4010 3415 4064 Dominus
3453 4007 3540 4058 l":

2015 4115 2229 4182 Sapiens
2263 4119 2380 4162 ante
2419 4119 2464 4160 te
2505 4123 2605 4158 non
2652 4105 2747 4170 fuit
2791 4103 2946 4164 tatis,
2971 4110 3016 4153 et
3059 4108 3168 4166 post
3212 4109 3259 4149 te
3300 4112 3398 4149 non
3424 4095 3539 4147 erit.

2016 4201 2148 4265 Quia
2187 4213 2313 4266 ergo
2353 4198 2571 4250 dederat
2625 4195 2670 4245 ei
2716 4192 2964 4245 Dominus
3003 4187 3385 4240 multitudinem
3420 4198 3544 4251 pru-

2016 4291 2209 4343 dentis:
2234 4329 2248 4352 ,
2286 4289 2424 4341 sicut
2469 4301 2630 4338 arena
2675 4294 2756 4336 est
2803 4282 2965 4334 maris
2990 4319 3004 4344 ,
3057 4287 3114 4332 ut
3153 4277 3413 4344 judicarct
3451 4290 3545 4343 po-

2019 4383 2194 4450 pulum
2236 4394 2385 4433 suum
2432 4378 2483 4429 in
2530 4375 2824 4442 sapientia,
2872 4373 2991 4424 ideo
3032 4370 3209 4438 plures
3249 4368 3409 4420 simul
3456 4380 3542 4434 po-

2015 4479 2157 4524 terat
2199 4481 2448 4521 exercere
2505 4465 2748 4516 virtutes.
2813 4462 2952 4515 Sane
2994 4471 3188 4528 praeter
3226 4458 3359 4520 hoc,
3407 4455 3544 4522 quod

2017 4574 2084 4613 ex
2119 4558 2232 4624 lege
2266 4556 2357 4608 Dei
2400 4557 2716 4614 educentur,
2764 4553 2808 4604 si
2849 4551 3010 4603 etiam
3052 4566 3116 4603 ex
3157 4547 3240 4600 his
3287 4545 3546 4598 eruditio-

2019 4648 2206 4706 nibus,
2249 4658 2363 4709 quze
2407 4642 2739 4693 extrinsecus
2782 4639 3029 4690 videntur
3071 4651 3186 4690 esse
3234 4636 3284 4686 in
3332 4631 3544 4692 saeculo,

1980 4724 2223 4801 'aliquas
2261 4731 2620 4798 contigimus;
2669 4728 2814 4780 verbi
2856 4741 3039 4788 causa,
3089 4735 3147 4778 ut
3190 4727 3290 4778 est'
3319 4721 3548 4774 eruditio

2020 4825 2336 4880 litterarum,
2363 4821 2440 4872 vel
2476 4819 2603 4870 artis
2622 4816 3012 4884 grammaticae,
3039 4822 3097 4866 ut
3117 4822 3198 4866 est
3229 4811 3548 4878 geometrica

2020 4913 2286 4975 doctrina,
2329 4910 2412 4962 vel
2455 4908 2592 4960 ratio
2643 4922 3008 4969 numerorum,
3050 4903 3134 4957 vel
3176 4902 3334 4955 etiam
3381 4899 3548 4952 diale-

2021 5005 2155 5054 ctica
2195 4996 2513 5065 disciplina;
2563 5003 2618 5046 et
2660 4996 2768 5046 haec
2813 4994 2988 5046 omnia
3039 4990 3369 5044 extrinsecus
3407 4999 3551 5048 quae-

2023 5088 2161 5148 sita,
2216 5084 2282 5137 ad
2339 5091 2520 5135 nostra
2578 5081 2820 5133 instituta
2867 5079 3242 5146 perducimus,
3291 5081 3452 5135 atque
3496 5071 3549 5121 in

2026 5174 2374 5229 assertionem
2421 5177 2619 5222 nostrae
2667 5167 2799 5236 legis
2847 5167 3160 5220 asciscituus
3187 5199 3202 5222 ,
3241 5169 3365 5210 tunc
3403 5155 3552 5206 vide-

3117 5269 3161 5299 ’ί
3187 5262 3322 5316 Psal.
3347 5273 3552 5322 xxxvu,

2022 5441 2441 5520 ιιεὴηξξῖφππορν
2470 5431 2943 5520 αάίὲἔετθὲί.ἠ³¹ίζῖῖ¹9ί⁸·
2967 5494 2999 5520 .-

2093 5481 2735 5570 tlidlmli‘eiizz'nita“dicitur
2779 5481 3003 5570 βήμειὶ
3039 5481 3351 5570 convertit-)1:
3385 5481 3566 5570 letho

3122 5547 3288 5616 gratia
3327 5558 3356 5594 a
3385 5547 3572 5601 radice

3122 5629 3219 5667 »ειη
3248 5609 3362 5675 fuit.

320 5495 585 5581 amnicum
615 5505 824 5572 aliquid
855 5495 1143 5550 indicant
1175 5503 1222 5542 et
1258 5510 1522 5557 sacratum.
1559 5495 1672 5560 Sed
1710 5523 1834 5560 mss.
1863 5495 1920 5559 ut

327 5587 377 5622 ιιι
412 5583 592 5624 "OSer
627 5581 798 5622 textu.

410 5583 592 5651 postne
627 5563 798 5651 textu.
853 5626 1188 5651 Annam“
1231 5625 1296 5651 τῇ.
2029 5563 2152 5635 ηιξ),
2193 5575 2412 5638 aspexit,
2458 5563 2727 5621 conuertit,
2765 5564 2925 5612 Anna
2963 5571 3088 5632 vero

1306 5643 1412 5651 n..-,,
1451 5645 1461 5651 .
1511 5648 1519 5651 .
1823 5642 1852 5651 ι.
2303 5642 2312 5651 υ
2437 5635 2459 5651 ι·
2501 5635 2557 5651 ,3.
2622 5628 2917 5651 -.-2-,ιιῖρριμρ
2969 5633 3088 5651 ...ιι-η

385 5638 492 5708 (75)
545 5639 782 5692 Cetbura
847 5631 1188 5693 thymiama
1229 5631 1596 5699 interpretatur
1661 5657 1694 5694 a
1745 5642 1919 5696 radice

2183 5624 2410 5711 gratiam.
2430 5635 2558 5701 fecit
2580 5668 2593 5694 ,
2622 5628 2939 5687 misericors,
2965 5624 3219 5692 gratiosus
