  <div class='ocr_page' id='page_1' title='image "/cluster/home/n/w/nwhite01/storage/ocr_20150623/12 (Origen; pt. 2)/nyp.33433081862272/119.png"; bbox 0 0 3922 6246; ppageno 0'>
   <div class='ocr_carea' id='block_1_1' title="bbox 254 330 356 385">
    <p class='ocr_par' dir='ltr' id='par_1_1' title="bbox 254 330 356 385">
     <span class='ocr_line' id='line_1_1' title="bbox 254 330 356 385; baseline 0 0"><span class='ocrx_word' id='word_1_1' title='bbox 254 330 356 385; x_wconf 72' lang='grc'><strong>223</strong></span> 
     </span>
    </p>
   </div>
   <div class='ocr_carea' id='block_1_2' title="bbox 1705 329 2013 387">
    <p class='ocr_par' dir='ltr' id='par_1_2' title="bbox 1705 329 2013 387">
     <span class='ocr_line' id='line_1_2' title="bbox 1705 329 2013 387; baseline -0.013 0"><span class='ocrx_word' id='word_1_2' title='bbox 1705 329 2013 387; x_wconf 80' lang='lat' dir='ltr'><strong>ORIGENIS</strong></span> 
     </span>
    </p>
   </div>
   <div class='ocr_carea' id='block_1_3' title="bbox 3523 308 3668 361">
    <p class='ocr_par' dir='ltr' id='par_1_3' title="bbox 3523 308 3668 361">
     <span class='ocr_line' id='line_1_3' title="bbox 3523 308 3668 361; baseline 0 0"><span class='ocrx_word' id='word_1_3' title='bbox 3523 308 3668 361; x_wconf 66' lang='grc'><strong>224</strong></span> 
     </span>
    </p>
   </div>
   <div class='ocr_carea' id='block_1_4' title="bbox 253 430 3673 512">
    <p class='ocr_par' dir='ltr' id='par_1_4' title="bbox 253 430 3673 512">
     <span class='ocr_line' id='line_1_4' title="bbox 253 430 3673 512; baseline -0.005 -16"><span class='ocrx_word' id='word_1_4' title='bbox 253 445 428 497; x_wconf 88' lang='lat' dir='ltr'><strong>bimur</strong></span> <span class='ocrx_word' id='word_1_5' title='bbox 465 440 546 494; x_wconf 87' lang='lat' dir='ltr'><strong>vel</strong></span> <span class='ocrx_word' id='word_1_6' title='bbox 575 441 900 511; x_wconf 78' lang='lat' dir='ltr'><strong>alienigenas</strong></span> <span class='ocrx_word' id='word_1_7' title='bbox 934 443 986 496; x_wconf 91' lang='lat' dir='ltr'><strong>in</strong></span> <span class='ocrx_word' id='word_1_8' title='bbox 1030 442 1431 498; x_wconf 91' lang='lat' dir='ltr'><strong>matrimonium</strong></span> <span class='ocrx_word' id='word_1_9' title='bbox 1475 446 1785 512; x_wconf 84' lang='lat' dir='ltr'><strong>sumpsisse,</strong></span> <span class='ocrx_word' id='word_1_10' title='bbox 1818 434 1859 504; x_wconf 62' lang='grc' dir='ltr'><strong>Α</strong></span> <span class='ocrx_word' id='word_1_11' title='bbox 1891 444 2049 495; x_wconf 90' lang='lat' dir='ltr'><strong>donet</strong></span> <span class='ocrx_word' id='word_1_12' title='bbox 2078 440 2213 494; x_wconf 89' lang='lat' dir='ltr'><strong>hanc</strong></span> <span class='ocrx_word' id='word_1_13' title='bbox 2245 436 2696 501; x_wconf 86' lang='lat' dir='ltr'><strong>benedictionem,</strong></span> <span class='ocrx_word' id='word_1_14' title='bbox 2747 444 2813 489; x_wconf 87' lang='lat' dir='ltr'><strong>ut</strong></span> <span class='ocrx_word' id='word_1_15' title='bbox 2851 430 3160 488; x_wconf 72' lang='lat' dir='ltr'><strong>habitare</strong></span> <span class='ocrx_word' id='word_1_16' title='bbox 3216 438 3536 512; x_wconf 56' lang='lat' dir='ltr'><strong>merear</strong></span> <span class='ocrx_word' id='word_1_17' title='bbox 3586 438 3673 473; x_wconf 72' lang='lat' dir='ltr'><strong>at.</strong></span> 
     </span>
    </p>
   </div>
   <div class='ocr_carea' id='block_1_5' title="bbox 251 531 1782 601">
    <p class='ocr_par' dir='ltr' id='par_1_5' title="bbox 251 531 1782 601">
     <span class='ocr_line' id='line_1_5' title="bbox 251 531 1782 601; baseline 0.001 -16"><span class='ocrx_word' id='word_1_18' title='bbox 251 532 334 586; x_wconf 94' lang='lat' dir='ltr'><strong>vel</strong></span> <span class='ocrx_word' id='word_1_19' title='bbox 370 532 532 584; x_wconf 89' lang='lat' dir='ltr'><strong>etiam</strong></span> <span class='ocrx_word' id='word_1_20' title='bbox 561 531 928 599; x_wconf 78' lang='lat' dir='ltr'><strong>concubinas.</strong></span> <span class='ocrx_word' id='word_1_21' title='bbox 975 533 1040 586; x_wconf 87' lang='lat' dir='ltr'><strong>Et</strong></span> <span class='ocrx_word' id='word_1_22' title='bbox 1080 535 1123 587; x_wconf 88' lang='lat' dir='ltr'><strong>si</strong></span> <span class='ocrx_word' id='word_1_23' title='bbox 1161 534 1227 588; x_wconf 83' lang='lat' dir='ltr'><strong>de</strong></span> <span class='ocrx_word' id='word_1_24' title='bbox 1274 534 1630 601; x_wconf 85' lang='lat' dir='ltr'><strong>hujuscemodi</strong></span> <span class='ocrx_word' id='word_1_25' title='bbox 1658 548 1782 587; x_wconf 90' lang='lat' dir='ltr'><strong>con-</strong></span> 
     </span>
    </p>
   </div>
   <div class='ocr_carea' id='block_1_6' title="bbox 248 620 1783 691">
    <p class='ocr_par' dir='ltr' id='par_1_6' title="bbox 248 620 1783 691">
     <span class='ocr_line' id='line_1_6' title="bbox 248 620 1783 691; baseline 0.003 -19"><span class='ocrx_word' id='word_1_26' title='bbox 248 620 406 688; x_wconf 83' lang='lat' dir='ltr'><strong>jugiis</strong></span> <span class='ocrx_word' id='word_1_27' title='bbox 444 621 794 687; x_wconf 89' lang='lat' dir='ltr'><strong>disputando,</strong></span> <span class='ocrx_word' id='word_1_28' title='bbox 834 621 1139 675; x_wconf 88' lang='lat' dir='ltr'><strong>disserendo</strong></span> <span class='ocrx_word' id='word_1_29' title='bbox 1181 623 1312 691; x_wconf 89' lang='lat'><strong>(77),</strong></span> <span class='ocrx_word' id='word_1_30' title='bbox 1355 624 1783 681; x_wconf 73' lang='lat' dir='ltr'><strong>contradicentes</strong></span> 
     </span>
    </p>
   </div>
   <div class='ocr_carea' id='block_1_7' title="bbox 251 708 1782 779">
    <p class='ocr_par' dir='ltr' id='par_1_7' title="bbox 251 708 1782 779">
     <span class='ocr_line' id='line_1_7' title="bbox 251 708 1782 779; baseline 0.003 -19"><span class='ocrx_word' id='word_1_31' title='bbox 251 708 650 775; x_wconf 86' lang='lat' dir='ltr'><strong>redarguendo,</strong></span> <span class='ocrx_word' id='word_1_32' title='bbox 712 721 1023 764; x_wconf 73' lang='lat' dir='ltr'><strong>convertere</strong></span> <span class='ocrx_word' id='word_1_33' title='bbox 1087 712 1292 778; x_wconf 91' lang='lat' dir='ltr'><strong>aliquos</strong></span> <span class='ocrx_word' id='word_1_34' title='bbox 1360 713 1651 779; x_wconf 84' lang='lat' dir='ltr'><strong>poterimus</strong></span> <span class='ocrx_word' id='word_1_35' title='bbox 1715 712 1782 765; x_wconf 87' lang='lat' dir='ltr'><strong>ad</strong></span> 
     </span>
    </p>
   </div>
   <div class='ocr_carea' id='block_1_8' title="bbox 253 795 1782 865">
    <p class='ocr_par' dir='ltr' id='par_1_8' title="bbox 253 795 1782 865">
     <span class='ocr_line' id='line_1_8' title="bbox 253 795 1782 865; baseline 0.003 -18"><span class='ocrx_word' id='word_1_36' title='bbox 253 795 429 856; x_wconf 82' lang='lat' dir='ltr'><strong>ﬁdem,</strong></span> <span class='ocrx_word' id='word_1_37' title='bbox 469 804 523 848; x_wconf 91' lang='lat' dir='ltr'><strong>et</strong></span> <span class='ocrx_word' id='word_1_38' title='bbox 568 795 614 848; x_wconf 94' lang='lat' dir='ltr'><strong>si</strong></span> <span class='ocrx_word' id='word_1_39' title='bbox 656 797 768 849; x_wconf 88' lang='lat' dir='ltr'><strong>suis</strong></span> <span class='ocrx_word' id='word_1_40' title='bbox 811 810 903 850; x_wconf 88' lang='lat' dir='ltr'><strong>eos</strong></span> <span class='ocrx_word' id='word_1_41' title='bbox 941 797 1235 850; x_wconf 82' lang='lat' dir='ltr'><strong>rationibus</strong></span> <span class='ocrx_word' id='word_1_42' title='bbox 1274 807 1327 851; x_wconf 92' lang='lat' dir='ltr'><strong>et</strong></span> <span class='ocrx_word' id='word_1_43' title='bbox 1372 798 1575 851; x_wconf 86' lang='lat' dir='ltr'><strong>artibus</strong></span> <span class='ocrx_word' id='word_1_44' title='bbox 1622 813 1782 865; x_wconf 80' lang='lat' dir='ltr'><strong>supe-</strong></span> 
     </span>
    </p>
   </div>
   <div class='ocr_carea' id='block_1_9' title="bbox 252 884 1782 953">
    <p class='ocr_par' dir='ltr' id='par_1_9' title="bbox 252 884 1782 953">
     <span class='ocr_line' id='line_1_9' title="bbox 252 884 1782 953; baseline 0.004 -18"><span class='ocrx_word' id='word_1_45' title='bbox 252 891 466 947; x_wconf 86' lang='lat' dir='ltr'><strong>rantes,</strong></span> <span class='ocrx_word' id='word_1_46' title='bbox 500 898 676 935; x_wconf 85' lang='lat' dir='ltr'><strong>veram</strong></span> <span class='ocrx_word' id='word_1_47' title='bbox 711 884 1099 951; x_wconf 87' lang='lat' dir='ltr'><strong>philosophiam</strong></span> <span class='ocrx_word' id='word_1_48' title='bbox 1143 886 1336 940; x_wconf 80' lang='lat' dir='ltr'><strong>Christi</strong></span> <span class='ocrx_word' id='word_1_49' title='bbox 1379 896 1433 939; x_wconf 87' lang='lat' dir='ltr'><strong>et</strong></span> <span class='ocrx_word' id='word_1_50' title='bbox 1456 901 1633 939; x_wconf 86' lang='lat' dir='ltr'><strong>veram</strong></span> <span class='ocrx_word' id='word_1_51' title='bbox 1669 889 1782 953; x_wconf 87' lang='lat' dir='ltr'><strong>pie-</strong></span> 
     </span>
    </p>
   </div>
   <div class='ocr_carea' id='block_1_10' title="bbox 256 971 1780 1038">
    <p class='ocr_par' dir='ltr' id='par_1_10' title="bbox 256 971 1780 1038">
     <span class='ocr_line' id='line_1_10' title="bbox 256 971 1780 1038; baseline 0.003 -13"><span class='ocrx_word' id='word_1_52' title='bbox 256 978 413 1025; x_wconf 81' lang='lat' dir='ltr'><strong>tatem</strong></span> <span class='ocrx_word' id='word_1_53' title='bbox 442 971 530 1023; x_wconf 91' lang='lat' dir='ltr'><strong>Dei</strong></span> <span class='ocrx_word' id='word_1_54' title='bbox 562 974 833 1038; x_wconf 85' lang='lat' dir='ltr'><strong>suscipere</strong></span> <span class='ocrx_word' id='word_1_55' title='bbox 861 975 1214 1027; x_wconf 90' lang='lat' dir='ltr'><strong>snascrimus:</strong></span> <span class='ocrx_word' id='word_1_56' title='bbox 1261 986 1383 1030; x_wconf 91' lang='lat' dir='ltr'><strong>tunc</strong></span> <span class='ocrx_word' id='word_1_57' title='bbox 1404 992 1469 1030; x_wconf 70' lang='lat' dir='ltr'><strong>ev</strong></span> <span class='ocrx_word' id='word_1_58' title='bbox 1502 978 1780 1031; x_wconf 87' lang='lat' dir='ltr'><strong>dialectica</strong></span> 
     </span>
    </p>
   </div>
   <div class='ocr_carea' id='block_1_11' title="bbox 252 1059 1783 1134">
    <p class='ocr_par' dir='ltr' id='par_1_11' title="bbox 252 1059 1783 1134">
     <span class='ocr_line' id='line_1_11' title="bbox 252 1059 1783 1134; baseline 0.007 -25"><span class='ocrx_word' id='word_1_59' title='bbox 252 1059 336 1110; x_wconf 88' lang='lat' dir='ltr'><strong>vel</strong></span> <span class='ocrx_word' id='word_1_60' title='bbox 380 1060 644 1112; x_wconf 90' lang='lat' dir='ltr'><strong>rhetorica</strong></span> <span class='ocrx_word' id='word_1_61' title='bbox 692 1061 990 1114; x_wconf 78' lang='lat' dir='ltr'><strong>videbimur</strong></span> <span class='ocrx_word' id='word_1_62' title='bbox 1033 1063 1180 1128; x_wconf 90' lang='lat' dir='ltr'><strong>quasi</strong></span> <span class='ocrx_word' id='word_1_63' title='bbox 1222 1079 1284 1117; x_wconf 80' lang='lat' dir='ltr'><strong>ex</strong></span> <span class='ocrx_word' id='word_1_64' title='bbox 1331 1067 1622 1133; x_wconf 82' lang='lat' dir='ltr'><strong>alienigena</strong></span> <span class='ocrx_word' id='word_1_65' title='bbox 1657 1081 1783 1134; x_wconf 89' lang='lat' dir='ltr'><strong>qua-</strong></span> 
     </span>
    </p>
   </div>
   <div class='ocr_carea' id='block_1_12' title="bbox 253 1146 1780 1222">
    <p class='ocr_par' dir='ltr' id='par_1_12' title="bbox 253 1146 1780 1222">
     <span class='ocr_line' id='line_1_12' title="bbox 253 1146 1780 1222; baseline 0.005 -21"><span class='ocrx_word' id='word_1_66' title='bbox 253 1146 415 1210; x_wconf 74' lang='lat' dir='ltr'><strong>dam,</strong></span> <span class='ocrx_word' id='word_1_67' title='bbox 473 1148 555 1201; x_wconf 95' lang='lat' dir='ltr'><strong>vel</strong></span> <span class='ocrx_word' id='word_1_68' title='bbox 597 1150 932 1212; x_wconf 87' lang='lat' dir='ltr'><strong>concubina,</strong></span> <span class='ocrx_word' id='word_1_69' title='bbox 988 1150 1125 1203; x_wconf 83' lang='lat' dir='ltr'><strong>illius</strong></span> <span class='ocrx_word' id='word_1_70' title='bbox 1175 1154 1444 1219; x_wconf 76' lang='lat' dir='ltr'><strong>genuisse.</strong></span> <span class='ocrx_word' id='word_1_71' title='bbox 1494 1155 1660 1222; x_wconf 85' lang='lat' dir='ltr'><strong>Igitur</strong></span> <span class='ocrx_word' id='word_1_72' title='bbox 1715 1157 1780 1208; x_wconf 89' lang='lat' dir='ltr'><strong>ad</strong></span> 
     </span>
    </p>
   </div>
   <div class='ocr_carea' id='block_1_13' title="bbox 257 1237 1782 1311">
    <p class='ocr_par' dir='ltr' id='par_1_13' title="bbox 257 1237 1782 1311">
     <span class='ocr_line' id='line_1_13' title="bbox 257 1237 1782 1311; baseline 0.005 -23"><span class='ocrx_word' id='word_1_73' title='bbox 257 1237 386 1290; x_wconf 83' lang='lat' dir='ltr'><strong>tales</strong></span> <span class='ocrx_word' id='word_1_74' title='bbox 432 1239 641 1305; x_wconf 86' lang='lat' dir='ltr'><strong>nuptias</strong></span> <span class='ocrx_word' id='word_1_75' title='bbox 669 1279 684 1303; x_wconf 92' lang='lat'><strong>,</strong></span> <span class='ocrx_word' id='word_1_76' title='bbox 727 1239 807 1291; x_wconf 87' lang='lat' dir='ltr'><strong>vel</strong></span> <span class='ocrx_word' id='word_1_77' title='bbox 862 1241 927 1291; x_wconf 89' lang='lat' dir='ltr'><strong>ad</strong></span> <span class='ocrx_word' id='word_1_78' title='bbox 970 1240 1336 1305; x_wconf 85' lang='lat' dir='ltr'><strong>hujuscemodi</strong></span> <span class='ocrx_word' id='word_1_79' title='bbox 1387 1243 1524 1297; x_wconf 76' lang='lat' dir='ltr'><strong>filios</strong></span> <span class='ocrx_word' id='word_1_80' title='bbox 1565 1258 1782 1311; x_wconf 85' lang='lat' dir='ltr'><strong>procre-</strong></span> 
     </span>
    </p>
   </div>
   <div class='ocr_carea' id='block_1_14' title="bbox 254 1326 1779 1399">
    <p class='ocr_par' dir='ltr' id='par_1_14' title="bbox 254 1326 1779 1399">
     <span class='ocr_line' id='line_1_14' title="bbox 254 1326 1779 1399; baseline 0.007 -23"><span class='ocrx_word' id='word_1_81' title='bbox 254 1326 454 1387; x_wconf 89' lang='lat' dir='ltr'><strong>andos,</strong></span> <span class='ocrx_word' id='word_1_82' title='bbox 492 1340 586 1392; x_wconf 90' lang='lat' dir='ltr'><strong>per</strong></span> <span class='ocrx_word' id='word_1_83' title='bbox 629 1338 897 1381; x_wconf 87' lang='lat' dir='ltr'><strong>senectam</strong></span> <span class='ocrx_word' id='word_1_84' title='bbox 952 1330 1123 1383; x_wconf 89' lang='lat' dir='ltr'><strong>nullus</strong></span> <span class='ocrx_word' id='word_1_85' title='bbox 1171 1331 1491 1391; x_wconf 77' lang='lat' dir='ltr'><strong>excluditur,</strong></span> <span class='ocrx_word' id='word_1_86' title='bbox 1539 1333 1643 1385; x_wconf 91' lang='lat' dir='ltr'><strong>imo</strong></span> <span class='ocrx_word' id='word_1_87' title='bbox 1686 1348 1779 1399; x_wconf 90' lang='lat' dir='ltr'><strong>po-</strong></span> 
     </span>
    </p>
   </div>
   <div class='ocr_carea' id='block_1_15' title="bbox 257 1413 1781 1488">
    <p class='ocr_par' dir='ltr' id='par_1_15' title="bbox 257 1413 1781 1488">
     <span class='ocr_line' id='line_1_15' title="bbox 257 1413 1781 1488; baseline 0.005 -23"><span class='ocrx_word' id='word_1_88' title='bbox 257 1413 358 1466; x_wconf 90' lang='lat' dir='ltr'><strong>tius</strong></span> <span class='ocrx_word' id='word_1_89' title='bbox 400 1415 510 1467; x_wconf 70' lang='lat' dir='ltr'><strong>haec</strong></span> <span class='ocrx_word' id='word_1_90' title='bbox 539 1429 684 1468; x_wconf 84' lang='lat' dir='ltr'><strong>casta</strong></span> <span class='ocrx_word' id='word_1_91' title='bbox 732 1420 1007 1486; x_wconf 84' lang='lat' dir='ltr'><strong>progenies</strong></span> <span class='ocrx_word' id='word_1_92' title='bbox 1052 1428 1273 1473; x_wconf 75' lang='lat' dir='ltr'><strong>matura:</strong></span> <span class='ocrx_word' id='word_1_93' title='bbox 1311 1421 1451 1472; x_wconf 72' lang='lat' dir='ltr'><strong>aetati</strong></span> <span class='ocrx_word' id='word_1_94' title='bbox 1498 1422 1613 1488; x_wconf 91' lang='lat' dir='ltr'><strong>plus</strong></span> <span class='ocrx_word' id='word_1_95' title='bbox 1652 1436 1781 1473; x_wconf 88' lang='lat' dir='ltr'><strong>con-</strong></span> 
     </span>
    </p>
   </div>
   <div class='ocr_carea' id='block_1_16' title="bbox 254 1503 1781 1577">
    <p class='ocr_par' dir='ltr' id='par_1_16' title="bbox 254 1503 1781 1577">
     <span class='ocr_line' id='line_1_16' title="bbox 254 1503 1781 1577; baseline 0.008 -26"><span class='ocrx_word' id='word_1_96' title='bbox 254 1503 415 1553; x_wconf 89' lang='lat' dir='ltr'><strong>venit.</strong></span> <span class='ocrx_word' id='word_1_97' title='bbox 453 1504 600 1556; x_wconf 83' lang='lat' dir='ltr'><strong>Sicut</strong></span> <span class='ocrx_word' id='word_1_98' title='bbox 642 1514 697 1559; x_wconf 88' lang='lat' dir='ltr'><strong>et</strong></span> <span class='ocrx_word' id='word_1_99' title='bbox 737 1522 873 1560; x_wconf 86' lang='lat' dir='ltr'><strong>nunc</strong></span> <span class='ocrx_word' id='word_1_100' title='bbox 907 1509 1171 1561; x_wconf 79' lang='lat' dir='ltr'><strong>Abraham</strong></span> <span class='ocrx_word' id='word_1_101' title='bbox 1211 1509 1527 1577; x_wconf 62' lang='lat' dir='ltr'><strong>grandaevus</strong></span> <span class='ocrx_word' id='word_1_102' title='bbox 1556 1548 1570 1572; x_wconf 96' lang='lat'><strong>,</strong></span> <span class='ocrx_word' id='word_1_103' title='bbox 1617 1519 1693 1572; x_wconf 89' lang='lat' dir='ltr'><strong>el,</strong></span> <span class='ocrx_word' id='word_1_104' title='bbox 1725 1519 1781 1563; x_wconf 90' lang='lat' dir='ltr'><strong>ut</strong></span> 
     </span>
    </p>
   </div>
   <div class='ocr_carea' id='block_1_17' title="bbox 257 1591 1778 1666">
    <p class='ocr_par' dir='ltr' id='par_1_17' title="bbox 257 1591 1778 1666">
     <span class='ocr_line' id='line_1_17' title="bbox 257 1591 1778 1666; baseline 0.007 -24"><span class='ocrx_word' id='word_1_105' title='bbox 257 1591 530 1659; x_wconf 84' lang='lat' dir='ltr'><strong>Scriptura</strong></span> <span class='ocrx_word' id='word_1_106' title='bbox 563 1594 693 1646; x_wconf 86' lang='lat' dir='ltr'><strong>dicit</strong></span> <span class='ocrx_word' id='word_1_107' title='bbox 712 1596 758 1626; x_wconf 84' lang='lat'><strong>&quot;</strong></span> <span class='ocrx_word' id='word_1_108' title='bbox 782 1635 796 1656; x_wconf 98' lang='lat'><strong>,</strong></span> <span class='ocrx_word' id='word_1_109' title='bbox 815 1612 970 1650; x_wconf 68' lang='lat' dir='ltr'><strong>senem</strong></span> <span class='ocrx_word' id='word_1_110' title='bbox 989 1607 1033 1650; x_wconf 89' lang='lat' dir='ltr'><strong>et</strong></span> <span class='ocrx_word' id='word_1_111' title='bbox 1050 1597 1231 1666; x_wconf 82' lang='lat' dir='ltr'><strong>plenus</strong></span> <span class='ocrx_word' id='word_1_112' title='bbox 1265 1600 1464 1652; x_wconf 86' lang='lat' dir='ltr'><strong>dierum</strong></span> <span class='ocrx_word' id='word_1_113' title='bbox 1495 1600 1778 1655; x_wconf 86' lang='lat' dir='ltr'><strong>Cethuram</strong></span> 
     </span>
    </p>
   </div>
   <div class='ocr_carea' id='block_1_18' title="bbox 255 1681 1780 1755">
    <p class='ocr_par' dir='ltr' id='par_1_18' title="bbox 255 1681 1780 1755">
     <span class='ocr_line' id='line_1_18' title="bbox 255 1681 1780 1755; baseline 0.009 -25"><span class='ocrx_word' id='word_1_114' title='bbox 255 1681 400 1734; x_wconf 83' lang='lat' dir='ltr'><strong>ducit</strong></span> <span class='ocrx_word' id='word_1_115' title='bbox 434 1697 673 1735; x_wconf 80' lang='lat' dir='ltr'><strong>uxorem.</strong></span> <span class='ocrx_word' id='word_1_116' title='bbox 708 1684 809 1737; x_wconf 89' lang='lat' dir='ltr'><strong>Sed</strong></span> <span class='ocrx_word' id='word_1_117' title='bbox 861 1702 925 1739; x_wconf 88' lang='lat' dir='ltr'><strong>ne</strong></span> <span class='ocrx_word' id='word_1_118' title='bbox 960 1689 1057 1741; x_wconf 92' lang='lat' dir='ltr'><strong>hoc</strong></span> <span class='ocrx_word' id='word_1_119' title='bbox 1089 1688 1298 1755; x_wconf 87' lang='lat' dir='ltr'><strong>quidem</strong></span> <span class='ocrx_word' id='word_1_120' title='bbox 1340 1689 1504 1743; x_wconf 90' lang='lat' dir='ltr'><strong>latere</strong></span> <span class='ocrx_word' id='word_1_121' title='bbox 1550 1704 1646 1742; x_wconf 90' lang='lat' dir='ltr'><strong>nos</strong></span> <span class='ocrx_word' id='word_1_122' title='bbox 1689 1689 1780 1743; x_wconf 88' lang='lat' dir='ltr'><strong>de-</strong></span> 
     </span>
    </p>
   </div>
   <div class='ocr_carea' id='block_1_19' title="bbox 256 1769 1782 1844">
    <p class='ocr_par' dir='ltr' id='par_1_19' title="bbox 256 1769 1782 1844">
     <span class='ocr_line' id='line_1_19' title="bbox 256 1769 1782 1844; baseline 0.005 -22"><span class='ocrx_word' id='word_1_123' title='bbox 256 1769 345 1822; x_wconf 87' lang='lat' dir='ltr'><strong>bet</strong></span> <span class='ocrx_word' id='word_1_124' title='bbox 387 1786 449 1823; x_wconf 81' lang='lat' dir='ltr'><strong>ex</strong></span> <span class='ocrx_word' id='word_1_125' title='bbox 482 1771 563 1825; x_wconf 90' lang='lat' dir='ltr'><strong>his</strong></span> <span class='ocrx_word' id='word_1_126' title='bbox 596 1787 712 1839; x_wconf 68' lang='lat' dir='ltr'><strong>quze</strong></span> <span class='ocrx_word' id='word_1_127' title='bbox 745 1788 838 1840; x_wconf 91' lang='lat' dir='ltr'><strong>per</strong></span> <span class='ocrx_word' id='word_1_128' title='bbox 871 1774 1148 1828; x_wconf 85' lang='lat' dir='ltr'><strong>historiam</strong></span> <span class='ocrx_word' id='word_1_129' title='bbox 1203 1776 1508 1830; x_wconf 77' lang='lat' dir='ltr'><strong>referuntur</strong></span> <span class='ocrx_word' id='word_1_130' title='bbox 1531 1816 1545 1837; x_wconf 92' lang='lat'><strong>,</strong></span> <span class='ocrx_word' id='word_1_131' title='bbox 1577 1792 1693 1844; x_wconf 77' lang='lat' dir='ltr'><strong>qua:</strong></span> <span class='ocrx_word' id='word_1_132' title='bbox 1729 1786 1782 1831; x_wconf 90' lang='lat' dir='ltr'><strong>et</strong></span> 
     </span>
    </p>
   </div>
   <div class='ocr_carea' id='block_1_20' title="bbox 255 1858 1779 1934">
    <p class='ocr_par' dir='ltr' id='par_1_20' title="bbox 255 1858 1779 1934">
     <span class='ocr_line' id='line_1_20' title="bbox 255 1858 1779 1934; baseline 0.008 -27"><span class='ocrx_word' id='word_1_133' title='bbox 255 1858 440 1924; x_wconf 88' lang='lat' dir='ltr'><strong>qualos</strong></span> <span class='ocrx_word' id='word_1_134' title='bbox 468 1860 572 1912; x_wconf 91' lang='lat' dir='ltr'><strong>sint</strong></span> <span class='ocrx_word' id='word_1_135' title='bbox 599 1862 968 1929; x_wconf 87' lang='lat' dir='ltr'><strong>generationes</strong></span> <span class='ocrx_word' id='word_1_136' title='bbox 986 1904 1001 1927; x_wconf 90' lang='lat'><strong>,</strong></span> <span class='ocrx_word' id='word_1_137' title='bbox 1029 1880 1146 1932; x_wconf 60' lang='lat' dir='ltr'><strong>qua?</strong></span> <span class='ocrx_word' id='word_1_138' title='bbox 1175 1878 1235 1917; x_wconf 82' lang='lat' dir='ltr'><strong>ex</strong></span> <span class='ocrx_word' id='word_1_139' title='bbox 1268 1866 1380 1932; x_wconf 90' lang='lat' dir='ltr'><strong>ipsa</strong></span> <span class='ocrx_word' id='word_1_140' title='bbox 1406 1875 1779 1934; x_wconf 88' lang='lat' dir='ltr'><strong>propagantnr.</strong></span> 
     </span>
    </p>
   </div>
   <div class='ocr_carea' id='block_1_21' title="bbox 259 1946 1784 2017">
    <p class='ocr_par' dir='ltr' id='par_1_21' title="bbox 259 1946 1784 2017">
     <span class='ocr_line' id='line_1_21' title="bbox 259 1946 1784 2017; baseline 0.007 -19"><span class='ocrx_word' id='word_1_141' title='bbox 259 1946 313 1999; x_wconf 90' lang='lat' dir='ltr'><strong>Si</strong></span> <span class='ocrx_word' id='word_1_142' title='bbox 346 1948 484 2000; x_wconf 89' lang='lat' dir='ltr'><strong>enim</strong></span> <span class='ocrx_word' id='word_1_143' title='bbox 519 1949 706 2002; x_wconf 86' lang='lat' dir='ltr'><strong>horum</strong></span> <span class='ocrx_word' id='word_1_144' title='bbox 750 1953 1146 2008; x_wconf 88' lang='lat' dir='ltr'><strong>meminerimus</strong></span> <span class='ocrx_word' id='word_1_145' title='bbox 1171 1992 1186 2017; x_wconf 95' lang='lat'><strong>,</strong></span> <span class='ocrx_word' id='word_1_146' title='bbox 1225 1955 1432 2008; x_wconf 77' lang='lat' dir='ltr'><strong>facilius</strong></span> <span class='ocrx_word' id='word_1_147' title='bbox 1469 1956 1533 2009; x_wconf 88' lang='lat' dir='ltr'><strong>de</strong></span> <span class='ocrx_word' id='word_1_148' title='bbox 1566 1956 1784 2009; x_wconf 84' lang='lat' dir='ltr'><strong>diversis</strong></span> 
     </span>
    </p>
   </div>
   <div class='ocr_carea' id='block_1_22' title="bbox 258 2036 1785 2109">
    <p class='ocr_par' dir='ltr' id='par_1_22' title="bbox 258 2036 1785 2109">
     <span class='ocr_line' id='line_1_22' title="bbox 258 2036 1785 2109; baseline 0.007 -23"><span class='ocrx_word' id='word_1_149' title='bbox 258 2036 506 2101; x_wconf 77' lang='lat' dir='ltr'><strong>gentibus</strong></span> <span class='ocrx_word' id='word_1_150' title='bbox 552 2052 668 2105; x_wconf 60' lang='lat' dir='ltr'><strong>qua:</strong></span> <span class='ocrx_word' id='word_1_151' title='bbox 721 2039 771 2090; x_wconf 94' lang='lat' dir='ltr'><strong>in</strong></span> <span class='ocrx_word' id='word_1_152' title='bbox 820 2037 1112 2106; x_wconf 88' lang='lat' dir='ltr'><strong>Scripturis</strong></span> <span class='ocrx_word' id='word_1_153' title='bbox 1157 2042 1444 2105; x_wconf 90' lang='lat' dir='ltr'><strong>dicuntur,</strong></span> <span class='ocrx_word' id='word_1_154' title='bbox 1494 2044 1785 2109; x_wconf 87' lang='lat' dir='ltr'><strong>poterimus</strong></span> 
     </span>
    </p>
   </div>
   <div class='ocr_carea' id='block_1_23' title="bbox 259 2128 1787 2202">
    <p class='ocr_par' dir='ltr' id='par_1_23' title="bbox 259 2128 1787 2202">
     <span class='ocr_line' id='line_1_23' title="bbox 259 2128 1787 2202; baseline 0.005 -26"><span class='ocrx_word' id='word_1_155' title='bbox 259 2137 588 2191; x_wconf 71' lang='lat' dir='ltr'><strong>agnoscere:</strong></span> <span class='ocrx_word' id='word_1_156' title='bbox 624 2128 769 2179; x_wconf 89' lang='lat' dir='ltr'><strong>verbi</strong></span> <span class='ocrx_word' id='word_1_157' title='bbox 795 2143 973 2191; x_wconf 86' lang='lat' dir='ltr'><strong>causa,</strong></span> <span class='ocrx_word' id='word_1_158' title='bbox 1009 2140 1065 2183; x_wconf 89' lang='lat' dir='ltr'><strong>ut</strong></span> <span class='ocrx_word' id='word_1_159' title='bbox 1095 2145 1213 2183; x_wconf 88' lang='lat' dir='ltr'><strong>cum</strong></span> <span class='ocrx_word' id='word_1_160' title='bbox 1247 2132 1439 2183; x_wconf 92' lang='lat' dir='ltr'><strong>dicitur</strong></span> <span class='ocrx_word' id='word_1_161' title='bbox 1468 2135 1605 2198; x_wconf 89' lang='lat' dir='ltr'><strong>quod</strong></span> <span class='ocrx_word' id='word_1_162' title='bbox 1644 2133 1787 2202; x_wconf 82' lang='lat' dir='ltr'><strong>Moy-</strong></span> 
     </span>
    </p>
   </div>
   <div class='ocr_carea' id='block_1_24' title="bbox 257 2215 1781 2286">
    <p class='ocr_par' dir='ltr' id='par_1_24' title="bbox 257 2215 1781 2286">
     <span class='ocr_line' id='line_1_24' title="bbox 257 2215 1781 2286; baseline 0.004 -19"><span class='ocrx_word' id='word_1_163' title='bbox 257 2229 343 2268; x_wconf 81' lang='lat' dir='ltr'><strong>ses</strong></span> <span class='ocrx_word' id='word_1_164' title='bbox 365 2215 567 2280; x_wconf 83' lang='lat' dir='ltr'><strong>accepit</strong></span> <span class='ocrx_word' id='word_1_165' title='bbox 597 2232 812 2268; x_wconf 75' lang='lat' dir='ltr'><strong>uxorem</strong></span> <span class='ocrx_word' id='word_1_166' title='bbox 844 2217 1000 2269; x_wconf 80' lang='lat' dir='ltr'><strong>tiliam</strong></span> <span class='ocrx_word' id='word_1_167' title='bbox 1030 2216 1215 2271; x_wconf 86' lang='lat' dir='ltr'><strong>Jethro</strong></span> <span class='ocrx_word' id='word_1_168' title='bbox 1241 2220 1528 2273; x_wconf 84' lang='lat' dir='ltr'><strong>sacerdotis</strong></span> <span class='ocrx_word' id='word_1_169' title='bbox 1558 2219 1781 2286; x_wconf 85' lang='lat' dir='ltr'><strong>Madian,</strong></span> 
     </span>
    </p>
   </div>
   <div class='ocr_carea' id='block_1_25' title="bbox 259 2301 1787 2366">
    <p class='ocr_par' dir='ltr' id='par_1_25' title="bbox 259 2301 1787 2366">
     <span class='ocr_line' id='line_1_25' title="bbox 259 2301 1787 2366; baseline 0.006 -15"><span class='ocrx_word' id='word_1_170' title='bbox 259 2302 346 2366; x_wconf 88' lang='lat' dir='ltr'><strong>qui</strong></span> <span class='ocrx_word' id='word_1_171' title='bbox 379 2301 583 2353; x_wconf 81' lang='lat' dir='ltr'><strong>Madian</strong></span> <span class='ocrx_word' id='word_1_172' title='bbox 613 2304 877 2356; x_wconf 85' lang='lat' dir='ltr'><strong>invenitur</strong></span> <span class='ocrx_word' id='word_1_173' title='bbox 905 2305 1046 2357; x_wconf 85' lang='lat' dir='ltr'><strong>ﬁlius</strong></span> <span class='ocrx_word' id='word_1_174' title='bbox 1076 2305 1240 2357; x_wconf 79' lang='lat' dir='ltr'><strong>fuisse</strong></span> <span class='ocrx_word' id='word_1_175' title='bbox 1265 2305 1508 2358; x_wconf 70' lang='lat' dir='ltr'><strong>Cethura:</strong></span> <span class='ocrx_word' id='word_1_176' title='bbox 1537 2316 1590 2360; x_wconf 91' lang='lat' dir='ltr'><strong>et</strong></span> <span class='ocrx_word' id='word_1_177' title='bbox 1618 2307 1787 2360; x_wconf 85' lang='lat' dir='ltr'><strong>Abra-</strong></span> 
     </span>
    </p>
   </div>
   <div class='ocr_carea' id='block_1_26' title="bbox 258 2387 1787 2462">
    <p class='ocr_par' dir='ltr' id='par_1_26' title="bbox 258 2387 1787 2462">
     <span class='ocr_line' id='line_1_26' title="bbox 258 2387 1787 2462; baseline 0.007 -23"><span class='ocrx_word' id='word_1_178' title='bbox 258 2387 378 2439; x_wconf 92' lang='lat' dir='ltr'><strong>ham</strong></span> <span class='ocrx_word' id='word_1_179' title='bbox 409 2388 474 2441; x_wconf 80' lang='lat'><strong>&quot;.</strong></span> <span class='ocrx_word' id='word_1_180' title='bbox 505 2389 853 2454; x_wconf 84' lang='lat' dir='ltr'><strong>Agnoscimus</strong></span> <span class='ocrx_word' id='word_1_181' title='bbox 885 2405 1031 2457; x_wconf 79' lang='lat' dir='ltr'><strong>ergo,</strong></span> <span class='ocrx_word' id='word_1_182' title='bbox 1074 2393 1212 2458; x_wconf 87' lang='lat' dir='ltr'><strong>quod</strong></span> <span class='ocrx_word' id='word_1_183' title='bbox 1247 2409 1381 2445; x_wconf 79' lang='lat' dir='ltr'><strong>uxor</strong></span> <span class='ocrx_word' id='word_1_184' title='bbox 1415 2394 1580 2462; x_wconf 82' lang='lat' dir='ltr'><strong>Moysi</strong></span> <span class='ocrx_word' id='word_1_185' title='bbox 1607 2409 1669 2447; x_wconf 82' lang='lat' dir='ltr'><strong>ex</strong></span> <span class='ocrx_word' id='word_1_186' title='bbox 1703 2410 1787 2449; x_wconf 92' lang='lat' dir='ltr'><strong>se-</strong></span> 
     </span>
    </p>
   </div>
   <div class='ocr_carea' id='block_1_27' title="bbox 264 2475 1786 2546">
    <p class='ocr_par' dir='ltr' id='par_1_27' title="bbox 264 2475 1786 2546">
     <span class='ocr_line' id='line_1_27' title="bbox 264 2475 1786 2546; baseline 0.007 -19"><span class='ocrx_word' id='word_1_187' title='bbox 264 2478 403 2527; x_wconf 85' lang='lat' dir='ltr'><strong>mine</strong></span> <span class='ocrx_word' id='word_1_188' title='bbox 432 2475 698 2528; x_wconf 80' lang='lat' dir='ltr'><strong>Abraham</strong></span> <span class='ocrx_word' id='word_1_189' title='bbox 730 2477 820 2539; x_wconf 90' lang='lat' dir='ltr'><strong>sil,</strong></span> <span class='ocrx_word' id='word_1_190' title='bbox 848 2487 897 2530; x_wconf 86' lang='lat' dir='ltr'><strong>et</strong></span> <span class='ocrx_word' id='word_1_191' title='bbox 934 2494 1036 2531; x_wconf 87' lang='lat' dir='ltr'><strong>non</strong></span> <span class='ocrx_word' id='word_1_192' title='bbox 1070 2480 1228 2533; x_wconf 81' lang='lat' dir='ltr'><strong>fuerit</strong></span> <span class='ocrx_word' id='word_1_193' title='bbox 1258 2482 1572 2546; x_wconf 77' lang='lat' dir='ltr'><strong>alienigena.</strong></span> <span class='ocrx_word' id='word_1_194' title='bbox 1601 2484 1703 2537; x_wconf 86' lang='lat' dir='ltr'><strong>Sed</strong></span> <span class='ocrx_word' id='word_1_195' title='bbox 1733 2494 1786 2537; x_wconf 82' lang='lat' dir='ltr'><strong>et</strong></span> 
     </span>
    </p>
   </div>
   <div class='ocr_carea' id='block_1_28' title="bbox 259 2567 1787 2637">
    <p class='ocr_par' dir='ltr' id='par_1_28' title="bbox 259 2567 1787 2637">
     <span class='ocr_line' id='line_1_28' title="bbox 259 2567 1787 2637; baseline 0.009 -23"><span class='ocrx_word' id='word_1_196' title='bbox 259 2577 380 2616; x_wconf 90' lang='lat' dir='ltr'><strong>cum</strong></span> <span class='ocrx_word' id='word_1_197' title='bbox 414 2567 668 2619; x_wconf 85' lang='lat' dir='ltr'><strong>scribitur</strong></span> <span class='ocrx_word' id='word_1_198' title='bbox 700 2570 879 2637; x_wconf 82' lang='lat' dir='ltr'><strong>regina</strong></span> <span class='ocrx_word' id='word_1_199' title='bbox 918 2571 1107 2633; x_wconf 88' lang='lat' dir='ltr'><strong>Ccdar,</strong></span> <span class='ocrx_word' id='word_1_200' title='bbox 1142 2573 1414 2625; x_wconf 88' lang='lat' dir='ltr'><strong>sciendum</strong></span> <span class='ocrx_word' id='word_1_201' title='bbox 1448 2573 1787 2628; x_wconf 86' lang='lat' dir='ltr'><strong>nihilominus</strong></span> 
     </span>
    </p>
   </div>
   <div class='ocr_carea' id='block_1_29' title="bbox 264 2656 1788 2727">
    <p class='ocr_par' dir='ltr' id='par_1_29' title="bbox 264 2656 1788 2727">
     <span class='ocr_line' id='line_1_29' title="bbox 264 2656 1788 2727; baseline 0.005 -23"><span class='ocrx_word' id='word_1_202' title='bbox 264 2662 367 2713; x_wconf 87' lang='lat' dir='ltr'><strong>est,</strong></span> <span class='ocrx_word' id='word_1_203' title='bbox 400 2656 539 2721; x_wconf 92' lang='lat' dir='ltr'><strong>quod</strong></span> <span class='ocrx_word' id='word_1_204' title='bbox 568 2665 621 2707; x_wconf 91' lang='lat' dir='ltr'><strong>et</strong></span> <span class='ocrx_word' id='word_1_205' title='bbox 648 2656 819 2709; x_wconf 81' lang='lat' dir='ltr'><strong>Cedar</strong></span> <span class='ocrx_word' id='word_1_206' title='bbox 845 2673 909 2710; x_wconf 82' lang='lat' dir='ltr'><strong>ex</strong></span> <span class='ocrx_word' id='word_1_207' title='bbox 943 2661 1053 2725; x_wconf 88' lang='lat' dir='ltr'><strong>ipso</strong></span> <span class='ocrx_word' id='word_1_208' title='bbox 1079 2675 1270 2727; x_wconf 84' lang='lat' dir='ltr'><strong>genere</strong></span> <span class='ocrx_word' id='word_1_209' title='bbox 1295 2661 1540 2714; x_wconf 69' lang='lat' dir='ltr'><strong>Cethurtc</strong></span> <span class='ocrx_word' id='word_1_210' title='bbox 1569 2663 1788 2715; x_wconf 87' lang='lat' dir='ltr'><strong>descen-</strong></span> 
     </span>
    </p>
   </div>
   <div class='ocr_carea' id='block_1_30' title="bbox 262 2742 1787 2817">
    <p class='ocr_par' dir='ltr' id='par_1_30' title="bbox 262 2742 1787 2817">
     <span class='ocr_line' id='line_1_30' title="bbox 262 2742 1787 2817; baseline 0.01 -24"><span class='ocrx_word' id='word_1_211' title='bbox 262 2742 352 2796; x_wconf 85' lang='lat' dir='ltr'><strong>dat</strong></span> <span class='ocrx_word' id='word_1_212' title='bbox 395 2754 449 2797; x_wconf 86' lang='lat' dir='ltr'><strong>et</strong></span> <span class='ocrx_word' id='word_1_213' title='bbox 495 2747 783 2800; x_wconf 87' lang='lat' dir='ltr'><strong>Abraham.</strong></span> <span class='ocrx_word' id='word_1_214' title='bbox 818 2749 919 2800; x_wconf 87' lang='lat' dir='ltr'><strong>Sed</strong></span> <span class='ocrx_word' id='word_1_215' title='bbox 951 2758 1003 2802; x_wconf 90' lang='lat' dir='ltr'><strong>et</strong></span> <span class='ocrx_word' id='word_1_216' title='bbox 1048 2749 1098 2801; x_wconf 92' lang='lat' dir='ltr'><strong>iu</strong></span> <span class='ocrx_word' id='word_1_217' title='bbox 1138 2751 1568 2817; x_wconf 79' lang='lat' dir='ltr'><strong>generationibus</strong></span> <span class='ocrx_word' id='word_1_218' title='bbox 1600 2753 1787 2807; x_wconf 88' lang='lat' dir='ltr'><strong>lsmael</strong></span> 
     </span>
    </p>
   </div>
   <div class='ocr_carea' id='block_1_31' title="bbox 259 2831 1788 2907">
    <p class='ocr_par' dir='ltr' id='par_1_31' title="bbox 259 2831 1788 2907">
     <span class='ocr_line' id='line_1_31' title="bbox 259 2831 1788 2907; baseline 0.007 -25"><span class='ocrx_word' id='word_1_219' title='bbox 259 2831 447 2883; x_wconf 86' lang='lat' dir='ltr'><strong>similia</strong></span> <span class='ocrx_word' id='word_1_220' title='bbox 487 2834 744 2887; x_wconf 81' lang='lat' dir='ltr'><strong>invenies.</strong></span> <span class='ocrx_word' id='word_1_221' title='bbox 780 2835 922 2900; x_wconf 81' lang='lat' dir='ltr'><strong>Quas</strong></span> <span class='ocrx_word' id='word_1_222' title='bbox 954 2836 998 2889; x_wconf 89' lang='lat' dir='ltr'><strong>si</strong></span> <span class='ocrx_word' id='word_1_223' title='bbox 1034 2838 1311 2905; x_wconf 79' lang='lat' dir='ltr'><strong>diligenter</strong></span> <span class='ocrx_word' id='word_1_224' title='bbox 1341 2838 1631 2902; x_wconf 88' lang='lat' dir='ltr'><strong>iutuearls,</strong></span> <span class='ocrx_word' id='word_1_225' title='bbox 1671 2841 1788 2907; x_wconf 90' lang='lat' dir='ltr'><strong>plu-</strong></span> 
     </span>
    </p>
   </div>
   <div class='ocr_carea' id='block_1_32' title="bbox 261 2919 1789 2995">
    <p class='ocr_par' dir='ltr' id='par_1_32' title="bbox 261 2919 1789 2995">
     <span class='ocr_line' id='line_1_32' title="bbox 261 2919 1789 2995; baseline 0.008 -24"><span class='ocrx_word' id='word_1_226' title='bbox 261 2919 424 2973; x_wconf 87' lang='lat' dir='ltr'><strong>rimas</strong></span> <span class='ocrx_word' id='word_1_227' title='bbox 459 2921 510 2974; x_wconf 91' lang='lat' dir='ltr'><strong>in</strong></span> <span class='ocrx_word' id='word_1_228' title='bbox 546 2923 628 2975; x_wconf 88' lang='lat' dir='ltr'><strong>his</strong></span> <span class='ocrx_word' id='word_1_229' title='bbox 665 2938 778 2988; x_wconf 73' lang='lat' dir='ltr'><strong>qua:</strong></span> <span class='ocrx_word' id='word_1_230' title='bbox 821 2934 1040 2978; x_wconf 71' lang='lat' dir='ltr'><strong>cancros</strong></span> <span class='ocrx_word' id='word_1_231' title='bbox 1084 2924 1252 2979; x_wconf 86' lang='lat' dir='ltr'><strong>latent</strong></span> <span class='ocrx_word' id='word_1_232' title='bbox 1304 2926 1551 2980; x_wconf 82' lang='lat' dir='ltr'><strong>historias</strong></span> <span class='ocrx_word' id='word_1_233' title='bbox 1602 2930 1789 2995; x_wconf 82' lang='lat' dir='ltr'><strong>depre-</strong></span> 
     </span>
    </p>
   </div>
   <div class='ocr_carea' id='block_1_33' title="bbox 1879 509 3673 592">
    <p class='ocr_par' dir='ltr' id='par_1_33' title="bbox 1879 509 3673 592">
     <span class='ocr_line' id='line_1_33' title="bbox 1879 509 3673 592; baseline -0.009 -17"><span class='ocrx_word' id='word_1_234' title='bbox 1879 534 2094 592; x_wconf 88' lang='lat' dir='ltr'><strong>puteum</strong></span> <span class='ocrx_word' id='word_1_235' title='bbox 2140 522 2387 575; x_wconf 83' lang='lat' dir='ltr'><strong>visionis!</strong></span> <span class='ocrx_word' id='word_1_236' title='bbox 2427 521 2556 587; x_wconf 86' lang='lat' dir='ltr'><strong>Quis</strong></span> <span class='ocrx_word' id='word_1_237' title='bbox 2612 529 2799 589; x_wconf 89' lang='lat' dir='ltr'><strong>potest</strong></span> <span class='ocrx_word' id='word_1_238' title='bbox 2862 520 3029 574; x_wconf 88' lang='lat' dir='ltr'><strong>scire</strong></span> <span class='ocrx_word' id='word_1_239' title='bbox 3085 526 3175 571; x_wconf 89' lang='lat' dir='ltr'><strong>et</strong></span> <span class='ocrx_word' id='word_1_240' title='bbox 3252 509 3673 576; x_wconf 77' lang='lat' dir='ltr'><strong>intelligere</strong></span> 
     </span>
    </p>
   </div>
   <div class='ocr_carea' id='block_1_34' title="bbox 1880 598 3673 683">
    <p class='ocr_par' dir='ltr' id='par_1_34' title="bbox 1880 598 3673 683">
     <span class='ocr_line' id='line_1_34' title="bbox 1880 598 3673 683; baseline -0.006 -20"><span class='ocrx_word' id='word_1_241' title='bbox 1880 628 1995 683; x_wconf 74' lang='lat' dir='ltr'><strong>qua:</strong></span> <span class='ocrx_word' id='word_1_242' title='bbox 2031 622 2112 665; x_wconf 91' lang='lat' dir='ltr'><strong>est</strong></span> <span class='ocrx_word' id='word_1_243' title='bbox 2143 612 2295 677; x_wconf 83' lang='lat' dir='ltr'><strong>visio,</strong></span> <span class='ocrx_word' id='word_1_244' title='bbox 2329 626 2484 679; x_wconf 80' lang='lat' dir='ltr'><strong>quam</strong></span> <span class='ocrx_word' id='word_1_245' title='bbox 2517 611 2651 663; x_wconf 89' lang='lat' dir='ltr'><strong>vidit</strong></span> <span class='ocrx_word' id='word_1_246' title='bbox 2677 611 2852 664; x_wconf 86' lang='lat' dir='ltr'><strong>Isaias</strong></span> <span class='ocrx_word' id='word_1_247' title='bbox 2894 609 3062 662; x_wconf 84' lang='lat' dir='ltr'><strong>titius</strong></span> <span class='ocrx_word' id='word_1_248' title='bbox 3108 606 3367 659; x_wconf 87' lang='lat' dir='ltr'><strong>Amos</strong></span> <span class='ocrx_word' id='word_1_249' title='bbox 3399 598 3437 654; x_wconf 69' lang='grc'><strong><em>2</em></strong></span> <span class='ocrx_word' id='word_1_250' title='bbox 3492 599 3673 664; x_wconf 80' lang='lat' dir='ltr'><strong>Quis</strong></span> 
     </span>
    </p>
   </div>
   <div class='ocr_carea' id='block_1_35' title="bbox 1880 686 3671 769">
    <p class='ocr_par' dir='ltr' id='par_1_35' title="bbox 1880 686 3671 769">
     <span class='ocr_line' id='line_1_35' title="bbox 1880 686 3671 769; baseline -0.009 -16"><span class='ocrx_word' id='word_1_251' title='bbox 1880 710 2052 769; x_wconf 83' lang='lat' dir='ltr'><strong>potest</strong></span> <span class='ocrx_word' id='word_1_252' title='bbox 2070 702 2210 754; x_wconf 89' lang='lat' dir='ltr'><strong>scire</strong></span> <span class='ocrx_word' id='word_1_253' title='bbox 2236 716 2352 769; x_wconf 83' lang='lat' dir='ltr'><strong>qua:</strong></span> <span class='ocrx_word' id='word_1_254' title='bbox 2388 709 2469 753; x_wconf 89' lang='lat' dir='ltr'><strong>est</strong></span> <span class='ocrx_word' id='word_1_255' title='bbox 2492 700 2630 752; x_wconf 87' lang='lat' dir='ltr'><strong>visio</strong></span> <span class='ocrx_word' id='word_1_256' title='bbox 2670 698 2896 751; x_wconf 86' lang='lat' dir='ltr'><strong>Nautn?</strong></span> <span class='ocrx_word' id='word_1_257' title='bbox 2921 692 3099 763; x_wconf 82' lang='lat' dir='ltr'><strong>Quis</strong></span> <span class='ocrx_word' id='word_1_258' title='bbox 3130 700 3402 761; x_wconf 80' lang='lat' dir='ltr'><strong>potest</strong></span> <span class='ocrx_word' id='word_1_259' title='bbox 3448 686 3671 742; x_wconf 70' lang='lat' dir='ltr'><strong>intel~</strong></span> 
     </span>
    </p>
   </div>
   <div class='ocr_carea' id='block_1_36' title="bbox 1879 775 3668 857">
    <p class='ocr_par' dir='ltr' id='par_1_36' title="bbox 1879 775 3668 857">
     <span class='ocr_line' id='line_1_36' title="bbox 1879 775 3668 857; baseline -0.008 -14"><span class='ocrx_word' id='word_1_260' title='bbox 1879 790 2043 857; x_wconf 87' lang='lat' dir='ltr'><strong>ligere</strong></span> <span class='ocrx_word' id='word_1_261' title='bbox 2076 790 2201 856; x_wconf 86' lang='lat' dir='ltr'><strong>quid</strong></span> <span class='ocrx_word' id='word_1_262' title='bbox 2227 789 2496 840; x_wconf 89' lang='lat' dir='ltr'><strong>contineat</strong></span> <span class='ocrx_word' id='word_1_263' title='bbox 2528 788 2615 839; x_wconf 89' lang='lat' dir='ltr'><strong>illa</strong></span> <span class='ocrx_word' id='word_1_264' title='bbox 2655 788 2797 840; x_wconf 89' lang='lat' dir='ltr'><strong>visio</strong></span> <span class='ocrx_word' id='word_1_265' title='bbox 2828 800 3014 854; x_wconf 82' lang='lat' dir='ltr'><strong>quant</strong></span> <span class='ocrx_word' id='word_1_266' title='bbox 3056 782 3260 836; x_wconf 84' lang='lat' dir='ltr'><strong>vidit</strong></span> <span class='ocrx_word' id='word_1_267' title='bbox 3302 776 3548 832; x_wconf 69' lang='lat' dir='ltr'><strong>Iacob</strong></span> <span class='ocrx_word' id='word_1_268' title='bbox 3598 775 3668 829; x_wconf 88' lang='lat' dir='ltr'><strong>in</strong></span> 
     </span>
    </p>
   </div>
   <div class='ocr_carea' id='block_1_37' title="bbox 1880 869 3667 946">
    <p class='ocr_par' dir='ltr' id='par_1_37' title="bbox 1880 869 3667 946">
     <span class='ocr_line' id='line_1_37' title="bbox 1880 869 3667 946; baseline -0.008 -11"><span class='ocrx_word' id='word_1_269' title='bbox 1880 881 2086 944; x_wconf 89' lang='lat' dir='ltr'><strong>Bethel,</strong></span> <span class='ocrx_word' id='word_1_270' title='bbox 2109 897 2228 934; x_wconf 92' lang='lat' dir='ltr'><strong>eum</strong></span> <span class='ocrx_word' id='word_1_271' title='bbox 2259 881 2431 932; x_wconf 89' lang='lat' dir='ltr'><strong>abiret</strong></span> <span class='ocrx_word' id='word_1_272' title='bbox 2458 881 2510 932; x_wconf 93' lang='lat' dir='ltr'><strong>in</strong></span> <span class='ocrx_word' id='word_1_273' title='bbox 2536 880 3039 946; x_wconf 76' lang='lat' dir='ltr'><strong>Mes0potamiam,</strong></span> <span class='ocrx_word' id='word_1_274' title='bbox 3105 876 3247 929; x_wconf 82' lang='lat' dir='ltr'><strong>ubi</strong></span> <span class='ocrx_word' id='word_1_275' title='bbox 3293 872 3497 926; x_wconf 78' lang='lat' dir='ltr'><strong>dixit</strong></span> <span class='ocrx_word' id='word_1_276' title='bbox 3547 869 3609 901; x_wconf 77' lang='grc'><strong>⁸⁸</strong></span> <span class='ocrx_word' id='word_1_277' title='bbox 3644 884 3667 922; x_wconf 87' lang='lat'><strong>:</strong></span> 
     </span>
    </p>
   </div>
   <div class='ocr_carea' id='block_1_38' title="bbox 1881 961 3668 1036">
    <p class='ocr_par' dir='ltr' id='par_1_38' title="bbox 1881 961 3668 1036">
     <span class='ocr_line' id='line_1_38' title="bbox 1881 961 3668 1036; baseline -0.004 -15"><span class='ocrx_word' id='word_1_278' title='bbox 1881 969 2008 1021; x_wconf 63' lang='lat' dir='ltr'><strong>Haec</strong></span> <span class='ocrx_word' id='word_1_279' title='bbox 2036 979 2107 1021; x_wconf 84' lang='lat' dir='ltr'><strong>est</strong></span> <span class='ocrx_word' id='word_1_280' title='bbox 2132 970 2314 1021; x_wconf 90' lang='lat' dir='ltr'><strong>domus</strong></span> <span class='ocrx_word' id='word_1_281' title='bbox 2346 968 2460 1031; x_wconf 96' lang='lat' dir='ltr'><strong>Dei,</strong></span> <span class='ocrx_word' id='word_1_282' title='bbox 2493 978 2540 1021; x_wconf 73' lang='lat' dir='ltr'><strong>et</strong></span> <span class='ocrx_word' id='word_1_283' title='bbox 2569 978 2721 1036; x_wconf 87' lang='lat' dir='ltr'><strong>porta</strong></span> <span class='ocrx_word' id='word_1_284' title='bbox 2751 967 2924 1021; x_wconf 76' lang='lat' dir='ltr'><strong>caeli?</strong></span> <span class='ocrx_word' id='word_1_285' title='bbox 2954 968 3031 1021; x_wconf 84' lang='lat' dir='ltr'><strong>Et.</strong></span> <span class='ocrx_word' id='word_1_286' title='bbox 3069 966 3137 1020; x_wconf 85' lang='lat' dir='ltr'><strong>si</strong></span> <span class='ocrx_word' id='word_1_287' title='bbox 3202 961 3391 1033; x_wconf 73' lang='lat' dir='ltr'><strong>Quis</strong></span> <span class='ocrx_word' id='word_1_288' title='bbox 3427 969 3668 1029; x_wconf 74' lang='lat' dir='ltr'><strong>potest</strong></span> 
     </span>
    </p>
   </div>
   <div class='ocr_carea' id='block_1_39' title="bbox 1880 1056 3664 1126">
    <p class='ocr_par' dir='ltr' id='par_1_39' title="bbox 1880 1056 3664 1126">
     <span class='ocr_line' id='line_1_39' title="bbox 1880 1056 3664 1126; baseline -0.004 -16"><span class='ocrx_word' id='word_1_289' title='bbox 1880 1059 2110 1126; x_wconf 87' lang='lat' dir='ltr'><strong>singulas</strong></span> <span class='ocrx_word' id='word_1_290' title='bbox 2141 1073 2381 1126; x_wconf 88' lang='lat' dir='ltr'><strong>quasque</strong></span> <span class='ocrx_word' id='word_1_291' title='bbox 2417 1059 2673 1124; x_wconf 81' lang='lat' dir='ltr'><strong>visiones,</strong></span> <span class='ocrx_word' id='word_1_292' title='bbox 2731 1059 2819 1111; x_wconf 89' lang='lat' dir='ltr'><strong>vel</strong></span> <span class='ocrx_word' id='word_1_293' title='bbox 2874 1072 3016 1125; x_wconf 77' lang='lat' dir='ltr'><strong>qua:</strong></span> <span class='ocrx_word' id='word_1_294' title='bbox 3062 1059 3143 1109; x_wconf 88' lang='lat' dir='ltr'><strong>in</strong></span> <span class='ocrx_word' id='word_1_295' title='bbox 3223 1056 3402 1120; x_wconf 77' lang='lat' dir='ltr'><strong>lege</strong></span> <span class='ocrx_word' id='word_1_296' title='bbox 3459 1059 3664 1113; x_wconf 86' lang='lat' dir='ltr'><strong>sunt,</strong></span> 
     </span>
    </p>
   </div>
   <div class='ocr_carea' id='block_1_40' title="bbox 1880 1141 3665 1213">
    <p class='ocr_par' dir='ltr' id='par_1_40' title="bbox 1880 1141 3665 1213">
     <span class='ocr_line' id='line_1_40' title="bbox 1880 1141 3665 1213; baseline -0.003 -14"><span class='ocrx_word' id='word_1_297' title='bbox 1880 1146 1960 1199; x_wconf 90' lang='lat' dir='ltr'><strong>vel</strong></span> <span class='ocrx_word' id='word_1_298' title='bbox 1993 1162 2109 1213; x_wconf 70' lang='lat' dir='ltr'><strong>qua:</strong></span> <span class='ocrx_word' id='word_1_299' title='bbox 2141 1147 2191 1198; x_wconf 90' lang='lat' dir='ltr'><strong>in</strong></span> <span class='ocrx_word' id='word_1_300' title='bbox 2217 1147 2509 1212; x_wconf 86' lang='lat' dir='ltr'><strong>prophetis,</strong></span> <span class='ocrx_word' id='word_1_301' title='bbox 2541 1148 2684 1200; x_wconf 90' lang='lat' dir='ltr'><strong>scire</strong></span> <span class='ocrx_word' id='word_1_302' title='bbox 2706 1156 2758 1199; x_wconf 87' lang='lat' dir='ltr'><strong>et</strong></span> <span class='ocrx_word' id='word_1_303' title='bbox 2799 1147 3177 1213; x_wconf 81' lang='lat' dir='ltr'><strong>intelligere</strong></span> <span class='ocrx_word' id='word_1_304' title='bbox 3209 1183 3235 1208; x_wconf 85' lang='lat'><strong>,</strong></span> <span class='ocrx_word' id='word_1_305' title='bbox 3290 1142 3419 1197; x_wconf 88' lang='lat' dir='ltr'><strong>ille</strong></span> <span class='ocrx_word' id='word_1_306' title='bbox 3459 1141 3665 1196; x_wconf 82' lang='lat' dir='ltr'><strong>babi-</strong></span> 
     </span>
    </p>
   </div>
   <div class='ocr_carea' id='block_1_41' title="bbox 1881 1232 3663 1304">
    <p class='ocr_par' dir='ltr' id='par_1_41' title="bbox 1881 1232 3663 1304">
     <span class='ocr_line' id='line_1_41' title="bbox 1881 1232 3663 1304; baseline -0.001 -19"><span class='ocrx_word' id='word_1_307' title='bbox 1881 1243 1958 1286; x_wconf 90' lang='lat' dir='ltr'><strong>tat</strong></span> <span class='ocrx_word' id='word_1_308' title='bbox 2006 1237 2071 1287; x_wconf 87' lang='lat' dir='ltr'><strong>ad</strong></span> <span class='ocrx_word' id='word_1_309' title='bbox 2128 1246 2343 1304; x_wconf 89' lang='lat' dir='ltr'><strong>puteum</strong></span> <span class='ocrx_word' id='word_1_310' title='bbox 2400 1235 2645 1289; x_wconf 91' lang='lat' dir='ltr'><strong>visionis.</strong></span> <span class='ocrx_word' id='word_1_311' title='bbox 2708 1235 2818 1288; x_wconf 91' lang='lat' dir='ltr'><strong>Sed</strong></span> <span class='ocrx_word' id='word_1_312' title='bbox 2867 1244 2931 1290; x_wconf 85' lang='lat' dir='ltr'><strong>et</strong></span> <span class='ocrx_word' id='word_1_313' title='bbox 2992 1236 3131 1289; x_wconf 87' lang='lat' dir='ltr'><strong>hoc</strong></span> <span class='ocrx_word' id='word_1_314' title='bbox 3221 1232 3663 1297; x_wconf 78' lang='lat' dir='ltr'><strong>diligentius</strong></span> 
     </span>
    </p>
   </div>
   <div class='ocr_carea' id='block_1_42' title="bbox 1879 1319 3661 1391">
    <p class='ocr_par' dir='ltr' id='par_1_42' title="bbox 1879 1319 3661 1391">
     <span class='ocr_line' id='line_1_42' title="bbox 1879 1319 3661 1391; baseline -0.001 -17"><span class='ocrx_word' id='word_1_315' title='bbox 1879 1323 2143 1390; x_wconf 86' lang='lat' dir='ltr'><strong>perspice,</strong></span> <span class='ocrx_word' id='word_1_316' title='bbox 2169 1323 2307 1389; x_wconf 89' lang='lat' dir='ltr'><strong>quod</strong></span> <span class='ocrx_word' id='word_1_317' title='bbox 2337 1323 2407 1374; x_wconf 89' lang='lat' dir='ltr'><strong>ita</strong></span> <span class='ocrx_word' id='word_1_318' title='bbox 2441 1337 2688 1391; x_wconf 85' lang='lat' dir='ltr'><strong>magnam</strong></span> <span class='ocrx_word' id='word_1_319' title='bbox 2714 1322 3260 1375; x_wconf 80' lang='lat' dir='ltr'><strong>benedictioneus</strong></span> <span class='ocrx_word' id='word_1_320' title='bbox 3315 1319 3661 1386; x_wconf 74' lang='lat' dir='ltr'><strong>accipere</strong></span> 
     </span>
    </p>
   </div>
   <div class='ocr_carea' id='block_1_43' title="bbox 1881 1410 3661 1474">
    <p class='ocr_par' dir='ltr' id='par_1_43' title="bbox 1881 1410 3661 1474">
     <span class='ocr_line' id='line_1_43' title="bbox 1881 1410 3661 1474; baseline -0.003 -11"><span class='ocrx_word' id='word_1_321' title='bbox 1881 1411 2161 1463; x_wconf 81' lang='lat' dir='ltr'><strong>allomiuo</strong></span> <span class='ocrx_word' id='word_1_322' title='bbox 2190 1411 2383 1464; x_wconf 90' lang='lat' dir='ltr'><strong>meruit</strong></span> <span class='ocrx_word' id='word_1_323' title='bbox 2422 1410 2602 1474; x_wconf 85' lang='lat' dir='ltr'><strong>Isaac,</strong></span> <span class='ocrx_word' id='word_1_324' title='bbox 2662 1419 2723 1463; x_wconf 91' lang='lat' dir='ltr'><strong>ut</strong></span> <span class='ocrx_word' id='word_1_325' title='bbox 2780 1411 3102 1463; x_wconf 84' lang='lat' dir='ltr'><strong>habitaret</strong></span> <span class='ocrx_word' id='word_1_326' title='bbox 3184 1411 3288 1461; x_wconf 82' lang='lat' dir='ltr'><strong>ad</strong></span> <span class='ocrx_word' id='word_1_327' title='bbox 3358 1414 3661 1474; x_wconf 81' lang='lat' dir='ltr'><strong>puteum</strong></span> 
     </span>
    </p>
   </div>
   <div class='ocr_carea' id='block_1_44' title="bbox 1881 1497 3663 1565">
    <p class='ocr_par' dir='ltr' id='par_1_44' title="bbox 1881 1497 3663 1565">
     <span class='ocr_line' id='line_1_44' title="bbox 1881 1497 3663 1565; baseline -0.001 -14"><span class='ocrx_word' id='word_1_328' title='bbox 1881 1499 2118 1552; x_wconf 89' lang='lat' dir='ltr'><strong>visionis.</strong></span> <span class='ocrx_word' id='word_1_329' title='bbox 2152 1498 2257 1550; x_wconf 86' lang='lat' dir='ltr'><strong>Nos</strong></span> <span class='ocrx_word' id='word_1_330' title='bbox 2289 1513 2417 1552; x_wconf 88' lang='lat' dir='ltr'><strong>vero</strong></span> <span class='ocrx_word' id='word_1_331' title='bbox 2464 1499 2682 1565; x_wconf 88' lang='lat' dir='ltr'><strong>quando</strong></span> <span class='ocrx_word' id='word_1_332' title='bbox 2726 1499 2869 1552; x_wconf 87' lang='lat' dir='ltr'><strong>satis</strong></span> <span class='ocrx_word' id='word_1_333' title='bbox 2910 1500 3169 1552; x_wconf 84' lang='lat' dir='ltr'><strong>mereri</strong></span> <span class='ocrx_word' id='word_1_334' title='bbox 3244 1497 3663 1564; x_wconf 82' lang='lat' dir='ltr'><strong>poterimus</strong></span> 
     </span>
    </p>
   </div>
   <div class='ocr_carea' id='block_1_45' title="bbox 1880 1587 3659 1656">
    <p class='ocr_par' dir='ltr' id='par_1_45' title="bbox 1880 1587 3659 1656">
     <span class='ocr_line' id='line_1_45' title="bbox 1880 1587 3659 1656; baseline -0.003 -15"><span class='ocrx_word' id='word_1_335' title='bbox 1880 1589 1923 1641; x_wconf 88' lang='lat' dir='ltr'><strong>si</strong></span> <span class='ocrx_word' id='word_1_336' title='bbox 1972 1587 2111 1640; x_wconf 82' lang='lat' dir='ltr'><strong>forte</strong></span> <span class='ocrx_word' id='word_1_337' title='bbox 2160 1587 2441 1639; x_wconf 88' lang='lat' dir='ltr'><strong>transitum</strong></span> <span class='ocrx_word' id='word_1_338' title='bbox 2507 1587 2708 1640; x_wconf 81' lang='lat' dir='ltr'><strong>habere</strong></span> <span class='ocrx_word' id='word_1_339' title='bbox 2760 1588 3069 1654; x_wconf 87' lang='lat' dir='ltr'><strong>possimus</strong></span> <span class='ocrx_word' id='word_1_340' title='bbox 3143 1601 3293 1656; x_wconf 87' lang='lat' dir='ltr'><strong>per</strong></span> <span class='ocrx_word' id='word_1_341' title='bbox 3359 1595 3659 1652; x_wconf 86' lang='lat' dir='ltr'><strong>puteum</strong></span> 
     </span>
    </p>
   </div>
   <div class='ocr_carea' id='block_1_46' title="bbox 1879 1675 3666 1742">
    <p class='ocr_par' dir='ltr' id='par_1_46' title="bbox 1879 1675 3666 1742">
     <span class='ocr_line' id='line_1_46' title="bbox 1879 1675 3666 1742; baseline 0 -14"><span class='ocrx_word' id='word_1_342' title='bbox 1879 1677 2118 1730; x_wconf 85' lang='lat' dir='ltr'><strong>visionis.</strong></span> <span class='ocrx_word' id='word_1_343' title='bbox 2163 1675 2254 1731; x_wconf 89' lang='lat' dir='ltr'><strong>llle</strong></span> <span class='ocrx_word' id='word_1_344' title='bbox 2283 1684 2459 1728; x_wconf 91' lang='lat' dir='ltr'><strong>tamen</strong></span> <span class='ocrx_word' id='word_1_345' title='bbox 2493 1690 2818 1742; x_wconf 88' lang='lat' dir='ltr'><strong>permanere</strong></span> <span class='ocrx_word' id='word_1_346' title='bbox 2846 1677 3076 1730; x_wconf 85' lang='lat' dir='ltr'><strong>meruit</strong></span> <span class='ocrx_word' id='word_1_347' title='bbox 3129 1678 3207 1729; x_wconf 87' lang='lat' dir='ltr'><strong>in</strong></span> <span class='ocrx_word' id='word_1_348' title='bbox 3252 1676 3554 1729; x_wconf 80' lang='lat' dir='ltr'><strong>visione</strong></span> <span class='ocrx_word' id='word_1_349' title='bbox 3592 1682 3666 1729; x_wconf 85' lang='lat' dir='ltr'><strong>ct</strong></span> 
     </span>
    </p>
   </div>
   <div class='ocr_carea' id='block_1_47' title="bbox 1883 1762 3660 1829">
    <p class='ocr_par' dir='ltr' id='par_1_47' title="bbox 1883 1762 3660 1829">
     <span class='ocr_line' id='line_1_47' title="bbox 1883 1762 3660 1829; baseline 0.001 -14"><span class='ocrx_word' id='word_1_350' title='bbox 1883 1763 2140 1826; x_wconf 85' lang='lat' dir='ltr'><strong>habitare,</strong></span> <span class='ocrx_word' id='word_1_351' title='bbox 2176 1777 2271 1815; x_wconf 89' lang='lat' dir='ltr'><strong>nos</strong></span> <span class='ocrx_word' id='word_1_352' title='bbox 2300 1776 2484 1829; x_wconf 89' lang='lat' dir='ltr'><strong>parum</strong></span> <span class='ocrx_word' id='word_1_353' title='bbox 2510 1762 2635 1828; x_wconf 91' lang='lat' dir='ltr'><strong>quid</strong></span> <span class='ocrx_word' id='word_1_354' title='bbox 2665 1762 2971 1815; x_wconf 82' lang='lat' dir='ltr'><strong>illuntinati</strong></span> <span class='ocrx_word' id='word_1_355' title='bbox 3004 1778 3136 1829; x_wconf 89' lang='lat' dir='ltr'><strong>per</strong></span> <span class='ocrx_word' id='word_1_356' title='bbox 3185 1762 3327 1817; x_wconf 85' lang='lat' dir='ltr'><strong>Dei</strong></span> <span class='ocrx_word' id='word_1_357' title='bbox 3368 1762 3660 1817; x_wconf 73' lang='lat' dir='ltr'><strong>miseri-</strong></span> 
     </span>
    </p>
   </div>
   <div class='ocr_carea' id='block_1_48' title="bbox 1881 1851 3658 1922">
    <p class='ocr_par' dir='ltr' id='par_1_48' title="bbox 1881 1851 3658 1922">
     <span class='ocr_line' id='line_1_48' title="bbox 1881 1851 3658 1922; baseline -0.001 -16"><span class='ocrx_word' id='word_1_358' title='bbox 1881 1852 2114 1906; x_wconf 90' lang='lat' dir='ltr'><strong>cordiam</strong></span> <span class='ocrx_word' id='word_1_359' title='bbox 2138 1854 2357 1915; x_wconf 90' lang='lat' dir='ltr'><strong>sentire,</strong></span> <span class='ocrx_word' id='word_1_360' title='bbox 2386 1851 2465 1904; x_wconf 91' lang='lat' dir='ltr'><strong>vel</strong></span> <span class='ocrx_word' id='word_1_361' title='bbox 2487 1852 2754 1919; x_wconf 89' lang='lat' dir='ltr'><strong>suspicari</strong></span> <span class='ocrx_word' id='word_1_362' title='bbox 2783 1855 2853 1905; x_wconf 89' lang='lat' dir='ltr'><strong>de</strong></span> <span class='ocrx_word' id='word_1_363' title='bbox 2883 1867 3331 1922; x_wconf 78' lang='lat' dir='ltr'><strong>unaquaque</strong></span> <span class='ocrx_word' id='word_1_364' title='bbox 3371 1853 3658 1905; x_wconf 77' lang='lat' dir='ltr'><strong>visione</strong></span> 
     </span>
    </p>
   </div>
   <div class='ocr_carea' id='block_1_49' title="bbox 1882 1940 3656 2015">
    <p class='ocr_par' dir='ltr' id='par_1_49' title="bbox 1882 1940 3656 2015">
     <span class='ocr_line' id='line_1_49' title="bbox 1882 1940 3656 2015; baseline 0.005 -25"><span class='ocrx_word' id='word_1_365' title='bbox 1882 1940 1967 1992; x_wconf 80' lang='lat' dir='ltr'><strong>vix</strong></span> <span class='ocrx_word' id='word_1_366' title='bbox 2009 1954 2306 2006; x_wconf 86' lang='lat' dir='ltr'><strong>possumus.</strong></span> <span class='ocrx_word' id='word_1_367' title='bbox 2375 1940 2430 1993; x_wconf 90' lang='lat' dir='ltr'><strong>Si</strong></span> <span class='ocrx_word' id='word_1_368' title='bbox 2481 1950 2659 1994; x_wconf 87' lang='lat' dir='ltr'><strong>tamen</strong></span> <span class='ocrx_word' id='word_1_369' title='bbox 2709 1952 2957 2008; x_wconf 84' lang='lat' dir='ltr'><strong>potuero</strong></span> <span class='ocrx_word' id='word_1_370' title='bbox 3011 1959 3253 1995; x_wconf 87' lang='lat' dir='ltr'><strong>unum</strong></span> <span class='ocrx_word' id='word_1_371' title='bbox 3330 1944 3656 2015; x_wconf 79' lang='lat' dir='ltr'><strong>aliquem</strong></span> 
     </span>
    </p>
   </div>
   <div class='ocr_carea' id='block_1_50' title="bbox 1884 2028 3656 2094">
    <p class='ocr_par' dir='ltr' id='par_1_50' title="bbox 1884 2028 3656 2094">
     <span class='ocr_line' id='line_1_50' title="bbox 1884 2028 3656 2094; baseline 0.003 -14"><span class='ocrx_word' id='word_1_372' title='bbox 1884 2028 2206 2081; x_wconf 88' lang='lat' dir='ltr'><strong>intellectum</strong></span> <span class='ocrx_word' id='word_1_373' title='bbox 2248 2028 2445 2080; x_wconf 85' lang='lat' dir='ltr'><strong>sentire</strong></span> <span class='ocrx_word' id='word_1_374' title='bbox 2487 2028 2553 2080; x_wconf 91' lang='lat' dir='ltr'><strong>de</strong></span> <span class='ocrx_word' id='word_1_375' title='bbox 2601 2028 2919 2081; x_wconf 87' lang='lat' dir='ltr'><strong>visionibus</strong></span> <span class='ocrx_word' id='word_1_376' title='bbox 2956 2030 3102 2094; x_wconf 84' lang='lat' dir='ltr'><strong>Dei,</strong></span> <span class='ocrx_word' id='word_1_377' title='bbox 3167 2048 3410 2085; x_wconf 76' lang='lat' dir='ltr'><strong>unum</strong></span> <span class='ocrx_word' id='word_1_378' title='bbox 3469 2033 3656 2086; x_wconf 80' lang='lat' dir='ltr'><strong>diem</strong></span> 
     </span>
    </p>
   </div>
   <div class='ocr_carea' id='block_1_51' title="bbox 1880 2115 3656 2182">
    <p class='ocr_par' dir='ltr' id='par_1_51' title="bbox 1880 2115 3656 2182">
     <span class='ocr_line' id='line_1_51' title="bbox 1880 2115 3656 2182; baseline 0.006 -15"><span class='ocrx_word' id='word_1_379' title='bbox 1880 2115 2100 2169; x_wconf 85' lang='lat' dir='ltr'><strong>videbor</strong></span> <span class='ocrx_word' id='word_1_380' title='bbox 2136 2116 2327 2169; x_wconf 78' lang='lat' dir='ltr'><strong>fecisse</strong></span> <span class='ocrx_word' id='word_1_381' title='bbox 2377 2115 2442 2167; x_wconf 87' lang='lat' dir='ltr'><strong>ad</strong></span> <span class='ocrx_word' id='word_1_382' title='bbox 2488 2125 2707 2182; x_wconf 82' lang='lat' dir='ltr'><strong>puteum</strong></span> <span class='ocrx_word' id='word_1_383' title='bbox 2751 2116 3023 2172; x_wconf 87' lang='lat' dir='ltr'><strong>visionis.</strong></span> <span class='ocrx_word' id='word_1_384' title='bbox 3105 2120 3191 2173; x_wconf 89' lang='lat' dir='ltr'><strong>Si</strong></span> <span class='ocrx_word' id='word_1_385' title='bbox 3274 2136 3457 2176; x_wconf 76' lang='lat' dir='ltr'><strong>vero</strong></span> <span class='ocrx_word' id='word_1_386' title='bbox 3516 2139 3656 2177; x_wconf 89' lang='lat' dir='ltr'><strong>non</strong></span> 
     </span>
    </p>
   </div>
   <div class='ocr_carea' id='block_1_52' title="bbox 1882 2204 3653 2274">
    <p class='ocr_par' dir='ltr' id='par_1_52' title="bbox 1882 2204 3653 2274">
     <span class='ocr_line' id='line_1_52' title="bbox 1882 2204 3653 2274; baseline 0.005 -18"><span class='ocrx_word' id='word_1_387' title='bbox 1882 2204 2051 2256; x_wconf 91' lang='lat' dir='ltr'><strong>solum</strong></span> <span class='ocrx_word' id='word_1_388' title='bbox 2078 2204 2366 2258; x_wconf 90' lang='lat' dir='ltr'><strong>secundum</strong></span> <span class='ocrx_word' id='word_1_389' title='bbox 2394 2206 2624 2258; x_wconf 88' lang='lat' dir='ltr'><strong>litteram</strong></span> <span class='ocrx_word' id='word_1_390' title='bbox 2651 2247 2666 2272; x_wconf 89' lang='lat'><strong>,</strong></span> <span class='ocrx_word' id='word_1_391' title='bbox 2698 2211 2794 2259; x_wconf 88' lang='lat' dir='ltr'><strong>sed</strong></span> <span class='ocrx_word' id='word_1_392' title='bbox 2829 2208 3066 2274; x_wconf 85' lang='lat' dir='ltr'><strong>aliquid</strong></span> <span class='ocrx_word' id='word_1_393' title='bbox 3108 2220 3191 2263; x_wconf 91' lang='lat' dir='ltr'><strong>et</strong></span> <span class='ocrx_word' id='word_1_394' title='bbox 3238 2214 3653 2267; x_wconf 81' lang='lat' dir='ltr'><strong>secundum</strong></span> 
     </span>
    </p>
   </div>
   <div class='ocr_carea' id='block_1_53' title="bbox 1882 2293 3655 2371">
    <p class='ocr_par' dir='ltr' id='par_1_53' title="bbox 1882 2293 3655 2371">
     <span class='ocr_line' id='line_1_53' title="bbox 1882 2293 3655 2371; baseline 0.007 -25"><span class='ocrx_word' id='word_1_395' title='bbox 1882 2293 2125 2358; x_wconf 90' lang='lat' dir='ltr'><strong>spiritum</strong></span> <span class='ocrx_word' id='word_1_396' title='bbox 2170 2294 2458 2360; x_wconf 87' lang='lat' dir='ltr'><strong>attingere,</strong></span> <span class='ocrx_word' id='word_1_397' title='bbox 2518 2295 2740 2348; x_wconf 88' lang='lat' dir='ltr'><strong>biduum</strong></span> <span class='ocrx_word' id='word_1_398' title='bbox 2782 2296 3037 2350; x_wconf 87' lang='lat' dir='ltr'><strong>videbor</strong></span> <span class='ocrx_word' id='word_1_399' title='bbox 3114 2299 3410 2355; x_wconf 74' lang='lat' dir='ltr'><strong>fecisse</strong></span> <span class='ocrx_word' id='word_1_400' title='bbox 3472 2307 3655 2371; x_wconf 83' lang='lat' dir='ltr'><strong>apud</strong></span> 
     </span>
    </p>
   </div>
   <div class='ocr_carea' id='block_1_54' title="bbox 1883 2384 3654 2451">
    <p class='ocr_par' dir='ltr' id='par_1_54' title="bbox 1883 2384 3654 2451">
     <span class='ocr_line' id='line_1_54' title="bbox 1883 2384 3654 2451; baseline 0.007 -16"><span class='ocrx_word' id='word_1_401' title='bbox 1883 2392 2100 2451; x_wconf 82' lang='lat' dir='ltr'><strong>puteum</strong></span> <span class='ocrx_word' id='word_1_402' title='bbox 2129 2384 2368 2437; x_wconf 88' lang='lat' dir='ltr'><strong>visionis.</strong></span> <span class='ocrx_word' id='word_1_403' title='bbox 2399 2384 2551 2449; x_wconf 89' lang='lat' dir='ltr'><strong>Quod</strong></span> <span class='ocrx_word' id='word_1_404' title='bbox 2594 2392 2649 2437; x_wconf 85' lang='lat' dir='ltr'><strong>et</strong></span> <span class='ocrx_word' id='word_1_405' title='bbox 2692 2386 2737 2438; x_wconf 86' lang='lat' dir='ltr'><strong>si</strong></span> <span class='ocrx_word' id='word_1_406' title='bbox 2772 2387 3068 2440; x_wconf 83' lang='lat' dir='ltr'><strong>moralem</strong></span> <span class='ocrx_word' id='word_1_407' title='bbox 3105 2389 3374 2449; x_wconf 70' lang='lat' dir='ltr'><strong>locus“</strong></span> <span class='ocrx_word' id='word_1_408' title='bbox 3413 2393 3654 2446; x_wconf 84' lang='lat' dir='ltr'><strong>conti-</strong></span> 
     </span>
    </p>
   </div>
   <div class='ocr_carea' id='block_1_55' title="bbox 1883 2472 3651 2541">
    <p class='ocr_par' dir='ltr' id='par_1_55' title="bbox 1883 2472 3651 2541">
     <span class='ocr_line' id='line_1_55' title="bbox 1883 2472 3651 2541; baseline 0.008 -17"><span class='ocrx_word' id='word_1_409' title='bbox 1883 2487 2047 2541; x_wconf 86' lang='lat' dir='ltr'><strong>gero,</strong></span> <span class='ocrx_word' id='word_1_410' title='bbox 2100 2472 2318 2526; x_wconf 81' lang='lat' dir='ltr'><strong>fecerim</strong></span> <span class='ocrx_word' id='word_1_411' title='bbox 2355 2473 2618 2538; x_wconf 89' lang='lat' dir='ltr'><strong>triduum,</strong></span> <span class='ocrx_word' id='word_1_412' title='bbox 2682 2475 2770 2527; x_wconf 90' lang='lat' dir='ltr'><strong>vel</strong></span> <span class='ocrx_word' id='word_1_413' title='bbox 2825 2487 2995 2530; x_wconf 86' lang='lat' dir='ltr'><strong>certe</strong></span> <span class='ocrx_word' id='word_1_414' title='bbox 3049 2480 3289 2534; x_wconf 78' lang='lat' dir='ltr'><strong>etiam</strong></span> <span class='ocrx_word' id='word_1_415' title='bbox 3367 2484 3431 2536; x_wconf 89' lang='lat' dir='ltr'><strong>si</strong></span> <span class='ocrx_word' id='word_1_416' title='bbox 3513 2499 3651 2538; x_wconf 86' lang='lat' dir='ltr'><strong>non</strong></span> 
     </span>
    </p>
   </div>
   <div class='ocr_carea' id='block_1_56' title="bbox 1883 2562 3653 2640">
    <p class='ocr_par' dir='ltr' id='par_1_56' title="bbox 1883 2562 3653 2640">
     <span class='ocr_line' id='line_1_56' title="bbox 1883 2562 3653 2640; baseline 0.008 -27"><span class='ocrx_word' id='word_1_417' title='bbox 1883 2571 2107 2628; x_wconf 88' lang='lat' dir='ltr'><strong>potuero</strong></span> <span class='ocrx_word' id='word_1_418' title='bbox 2132 2562 2310 2614; x_wconf 90' lang='lat' dir='ltr'><strong>omnia</strong></span> <span class='ocrx_word' id='word_1_419' title='bbox 2356 2562 2658 2630; x_wconf 89' lang='lat' dir='ltr'><strong>intelligere</strong></span> <span class='ocrx_word' id='word_1_420' title='bbox 2681 2602 2698 2624; x_wconf 92' lang='lat'><strong>,</strong></span> <span class='ocrx_word' id='word_1_421' title='bbox 2732 2564 2963 2618; x_wconf 85' lang='lat' dir='ltr'><strong>assideo</strong></span> <span class='ocrx_word' id='word_1_422' title='bbox 3006 2573 3263 2622; x_wconf 83' lang='lat' dir='ltr'><strong>tame‘n</strong></span> <span class='ocrx_word' id='word_1_423' title='bbox 3316 2569 3653 2640; x_wconf 78' lang='lat' dir='ltr'><strong>Scriptu-</strong></span> 
     </span>
    </p>
   </div>
   <div class='ocr_carea' id='block_1_57' title="bbox 1886 2651 3651 2722">
    <p class='ocr_par' dir='ltr' id='par_1_57' title="bbox 1886 2651 3651 2722">
     <span class='ocr_line' id='line_1_57' title="bbox 1886 2651 3651 2722; baseline 0.009 -18"><span class='ocrx_word' id='word_1_424' title='bbox 1886 2652 1958 2704; x_wconf 91' lang='lat' dir='ltr'><strong>ris</strong></span> <span class='ocrx_word' id='word_1_425' title='bbox 1997 2651 2132 2719; x_wconf 86' lang='lat'><strong>(79)</strong></span> <span class='ocrx_word' id='word_1_426' title='bbox 2167 2651 2384 2714; x_wconf 83' lang='lat' dir='ltr'><strong>divinis,</strong></span> <span class='ocrx_word' id='word_1_427' title='bbox 2434 2654 2572 2705; x_wconf 90' lang='lat' dir='ltr'><strong>etin</strong></span> <span class='ocrx_word' id='word_1_428' title='bbox 2622 2653 2742 2722; x_wconf 87' lang='lat' dir='ltr'><strong>lege</strong></span> <span class='ocrx_word' id='word_1_429' title='bbox 2796 2656 2893 2709; x_wconf 86' lang='lat' dir='ltr'><strong>Dei</strong></span> <span class='ocrx_word' id='word_1_430' title='bbox 2961 2657 3285 2712; x_wconf 86' lang='lat' dir='ltr'><strong>meditor</strong></span> <span class='ocrx_word' id='word_1_431' title='bbox 3368 2663 3490 2717; x_wconf 84' lang='lat' dir='ltr'><strong>die</strong></span> <span class='ocrx_word' id='word_1_432' title='bbox 3567 2679 3651 2721; x_wconf 82' lang='lat' dir='ltr'><strong>ac</strong></span> 
     </span>
    </p>
   </div>
   <div class='ocr_carea' id='block_1_58' title="bbox 1884 2743 3648 2820">
    <p class='ocr_par' dir='ltr' id='par_1_58' title="bbox 1884 2743 3648 2820">
     <span class='ocr_line' id='line_1_58' title="bbox 1884 2743 3648 2820; baseline 0.009 -25"><span class='ocrx_word' id='word_1_433' title='bbox 1884 2751 2062 2807; x_wconf 87' lang='lat' dir='ltr'><strong>nocte,</strong></span> <span class='ocrx_word' id='word_1_434' title='bbox 2116 2751 2171 2796; x_wconf 87' lang='lat' dir='ltr'><strong>et</strong></span> <span class='ocrx_word' id='word_1_435' title='bbox 2219 2743 2438 2795; x_wconf 89' lang='lat' dir='ltr'><strong>omnino</strong></span> <span class='ocrx_word' id='word_1_436' title='bbox 2491 2759 2769 2813; x_wconf 87' lang='lat' dir='ltr'><strong>nunquam</strong></span> <span class='ocrx_word' id='word_1_437' title='bbox 2827 2747 3040 2802; x_wconf 88' lang='lat' dir='ltr'><strong>desino</strong></span> <span class='ocrx_word' id='word_1_438' title='bbox 3072 2788 3093 2811; x_wconf 88' lang='lat'><strong>,</strong></span> <span class='ocrx_word' id='word_1_439' title='bbox 3170 2751 3648 2820; x_wconf 81' lang='lat' dir='ltr'><strong>inquirendo.</strong></span> 
     </span>
    </p>
   </div>
   <div class='ocr_carea' id='block_1_59' title="bbox 1887 2833 3647 2906">
    <p class='ocr_par' dir='ltr' id='par_1_59' title="bbox 1887 2833 3647 2906">
     <span class='ocr_line' id='line_1_59' title="bbox 1887 2833 3647 2906; baseline 0.01 -20"><span class='ocrx_word' id='word_1_440' title='bbox 1887 2833 2236 2894; x_wconf 80' lang='lat' dir='ltr'><strong>discutienda,</strong></span> <span class='ocrx_word' id='word_1_441' title='bbox 2282 2833 2581 2897; x_wconf 87' lang='lat' dir='ltr'><strong>tractando,</strong></span> <span class='ocrx_word' id='word_1_442' title='bbox 2637 2842 2693 2886; x_wconf 88' lang='lat' dir='ltr'><strong>et</strong></span> <span class='ocrx_word' id='word_1_443' title='bbox 2728 2846 2908 2900; x_wconf 87' lang='lat' dir='ltr'><strong>certe,</strong></span> <span class='ocrx_word' id='word_1_444' title='bbox 2971 2842 3167 2906; x_wconf 83' lang='lat' dir='ltr'><strong>quod</strong></span> <span class='ocrx_word' id='word_1_445' title='bbox 3245 2848 3647 2903; x_wconf 76' lang='lat' dir='ltr'><strong>maximum</strong></span> 
     </span>
    </p>
   </div>
   <div class='ocr_carea' id='block_1_60' title="bbox 1887 2920 3638 2999">
    <p class='ocr_par' dir='ltr' id='par_1_60' title="bbox 1887 2920 3638 2999">
     <span class='ocr_line' id='line_1_60' title="bbox 1887 2920 3638 2999; baseline 0.009 -23"><span class='ocrx_word' id='word_1_446' title='bbox 1887 2929 1988 2983; x_wconf 89' lang='lat' dir='ltr'><strong>est,</strong></span> <span class='ocrx_word' id='word_1_447' title='bbox 2012 2920 2213 2974; x_wconf 87' lang='lat' dir='ltr'><strong>orando</strong></span> <span class='ocrx_word' id='word_1_448' title='bbox 2242 2920 2429 2984; x_wconf 91' lang='lat' dir='ltr'><strong>Deum,</strong></span> <span class='ocrx_word' id='word_1_449' title='bbox 2456 2930 2510 2974; x_wconf 89' lang='lat' dir='ltr'><strong>et</strong></span> <span class='ocrx_word' id='word_1_450' title='bbox 2537 2922 2602 2974; x_wconf 89' lang='lat' dir='ltr'><strong>ab</strong></span> <span class='ocrx_word' id='word_1_451' title='bbox 2631 2923 2751 2988; x_wconf 90' lang='lat' dir='ltr'><strong>ipso</strong></span> <span class='ocrx_word' id='word_1_452' title='bbox 2776 2927 3087 2990; x_wconf 81' lang='lat' dir='ltr'><strong>poscendo</strong></span> <span class='ocrx_word' id='word_1_453' title='bbox 3133 2930 3638 2999; x_wconf 86' lang='lat' dir='ltr'><strong>intellectum.</strong></span> 
     </span>
    </p>
   </div>
   <div class='ocr_carea' id='block_1_61' title="bbox 262 3009 1811 3096">
    <p class='ocr_par' dir='ltr' id='par_1_61' title="bbox 262 3009 1791 3085">
     <span class='ocr_line' id='line_1_61' title="bbox 262 3009 1791 3085; baseline 0.007 -24"><span class='ocrx_word' id='word_1_454' title='bbox 262 3009 478 3062; x_wconf 86' lang='lat' dir='ltr'><strong>hendcs.</strong></span> <span class='ocrx_word' id='word_1_455' title='bbox 528 3009 630 3064; x_wconf 87' lang='lat' dir='ltr'><strong>Sed</strong></span> <span class='ocrx_word' id='word_1_456' title='bbox 671 3020 725 3065; x_wconf 91' lang='lat' dir='ltr'><strong>et</strong></span> <span class='ocrx_word' id='word_1_457' title='bbox 770 3028 865 3065; x_wconf 90' lang='lat' dir='ltr'><strong>nos</strong></span> <span class='ocrx_word' id='word_1_458' title='bbox 901 3013 1107 3065; x_wconf 89' lang='lat' dir='ltr'><strong>interim</strong></span> <span class='ocrx_word' id='word_1_459' title='bbox 1155 3014 1268 3068; x_wconf 76' lang='lat' dir='ltr'><strong>hzec</strong></span> <span class='ocrx_word' id='word_1_460' title='bbox 1314 3015 1366 3068; x_wconf 92' lang='lat' dir='ltr'><strong>in</strong></span> <span class='ocrx_word' id='word_1_461' title='bbox 1403 3016 1541 3068; x_wconf 87' lang='lat' dir='ltr'><strong>aliud</strong></span> <span class='ocrx_word' id='word_1_462' title='bbox 1586 3024 1791 3085; x_wconf 90' lang='lat' dir='ltr'><strong>tempus</strong></span> 
     </span>
    </p>
   </div>
   <div class='ocr_carea' id='block_1_62' title="bbox 2103 3009 3652 3096">
    <p class='ocr_par' dir='ltr' id='par_1_62' title="bbox 2103 3009 3652 3096">
     <span class='ocr_line' id='line_1_62' title="bbox 2103 3009 3652 3096; baseline 0.013 -35"><span class='ocrx_word' id='word_1_463' title='bbox 2103 3018 2169 3062; x_wconf 86' lang='lat' dir='ltr'><strong>:et</strong></span> <span class='ocrx_word' id='word_1_464' title='bbox 2212 3009 2476 3061; x_wconf 82' lang='lat' dir='ltr'><strong>hominem</strong></span> <span class='ocrx_word' id='word_1_465' title='bbox 2522 3010 2838 3075; x_wconf 87' lang='lat' dir='ltr'><strong>scientiam,</strong></span> <span class='ocrx_word' id='word_1_466' title='bbox 2880 3014 3164 3071; x_wconf 84' lang='lat' dir='ltr'><strong>videbor</strong></span> <span class='ocrx_word' id='word_1_467' title='bbox 3222 3022 3455 3076; x_wconf 82' lang='lat' dir='ltr'><strong>etiam</strong></span> <span class='ocrx_word' id='word_1_468' title='bbox 3522 3040 3652 3096; x_wconf 76' lang='lat' dir='ltr'><strong>ego</strong></span> 
     </span>
    </p>
   </div>
   <div class='ocr_carea' id='block_1_63' title="bbox 264 3099 1787 3174">
    <p class='ocr_par' dir='ltr' id='par_1_63' title="bbox 264 3099 1787 3174">
     <span class='ocr_line' id='line_1_63' title="bbox 264 3099 1787 3174; baseline 0.01 -27"><span class='ocrx_word' id='word_1_469' title='bbox 264 3099 591 3153; x_wconf 85' lang='lat' dir='ltr'><strong>remittentes</strong></span> <span class='ocrx_word' id='word_1_470' title='bbox 619 3100 726 3169; x_wconf 89' lang='lat'><strong>(78)</strong></span> <span class='ocrx_word' id='word_1_471' title='bbox 747 3140 761 3163; x_wconf 92' lang='lat'><strong>,</strong></span> <span class='ocrx_word' id='word_1_472' title='bbox 795 3104 858 3154; x_wconf 87' lang='lat' dir='ltr'><strong>ad</strong></span> <span class='ocrx_word' id='word_1_473' title='bbox 887 3117 954 3154; x_wconf 84' lang='lat' dir='ltr'><strong>ea</strong></span> <span class='ocrx_word' id='word_1_474' title='bbox 982 3119 1099 3171; x_wconf 81' lang='lat' dir='ltr'><strong>quae</strong></span> <span class='ocrx_word' id='word_1_475' title='bbox 1126 3104 1177 3157; x_wconf 93' lang='lat' dir='ltr'><strong>in</strong></span> <span class='ocrx_word' id='word_1_476' title='bbox 1217 3108 1662 3174; x_wconf 88' lang='lat' dir='ltr'><strong>consequentibus</strong></span> <span class='ocrx_word' id='word_1_477' title='bbox 1701 3123 1787 3162; x_wconf 89' lang='lat' dir='ltr'><strong>re-</strong></span> 
     </span>
    </p>
   </div>
   <div class='ocr_carea' id='block_1_64' title="bbox 264 3184 967 3254">
    <p class='ocr_par' dir='ltr' id='par_1_64' title="bbox 264 3184 967 3254">
     <span class='ocr_line' id='line_1_64' title="bbox 264 3184 967 3254; baseline 0.01 -19"><span class='ocrx_word' id='word_1_478' title='bbox 264 3184 422 3236; x_wconf 85' lang='lat' dir='ltr'><strong>citata</strong></span> <span class='ocrx_word' id='word_1_479' title='bbox 451 3195 572 3237; x_wconf 93' lang='lat' dir='ltr'><strong>sunt</strong></span> <span class='ocrx_word' id='word_1_480' title='bbox 605 3202 967 3254; x_wconf 84' lang='lat' dir='ltr'><strong>properemus.</strong></span> 
     </span>
    </p>
   </div>
   <div class='ocr_carea' id='block_1_65' title="bbox 330 3272 1789 3348">
    <p class='ocr_par' dir='ltr' id='par_1_65' title="bbox 330 3272 1789 3348">
     <span class='ocr_line' id='line_1_65' title="bbox 330 3272 1789 3348; baseline 0.01 -24"><span class='ocrx_word' id='word_1_481' title='bbox 330 3273 386 3325; x_wconf 79' lang='grc'><strong>5.</strong></span> <span class='ocrx_word' id='word_1_482' title='bbox 417 3272 481 3324; x_wconf 86' lang='lat' dir='ltr'><strong>Et</strong></span> <span class='ocrx_word' id='word_1_483' title='bbox 514 3272 708 3340; x_wconf 76' lang='lat' dir='ltr'><strong>factum</strong></span> <span class='ocrx_word' id='word_1_484' title='bbox 735 3289 829 3341; x_wconf 80' lang='lat' dir='ltr'><strong>est,</strong></span> <span class='ocrx_word' id='word_1_485' title='bbox 864 3277 1033 3344; x_wconf 92' lang='lat' dir='ltr'><strong>inquit</strong></span> <span class='ocrx_word' id='word_1_486' title='bbox 1056 3279 1122 3342; x_wconf 80' lang='grc'><strong>⁵⁷,</strong></span> <span class='ocrx_word' id='word_1_487' title='bbox 1152 3290 1419 3348; x_wconf 82' lang='lat' dir='ltr'><strong>postquam</strong></span> <span class='ocrx_word' id='word_1_488' title='bbox 1449 3292 1682 3337; x_wconf 77' lang='lat' dir='ltr'><strong>mortuus</strong></span> <span class='ocrx_word' id='word_1_489' title='bbox 1715 3294 1789 3338; x_wconf 81' lang='lat' dir='ltr'><strong>est</strong></span> 
     </span>
    </p>
   </div>
   <div class='ocr_carea' id='block_1_66' title="bbox 265 3356 1790 3437">
    <p class='ocr_par' dir='ltr' id='par_1_66' title="bbox 265 3356 1790 3437">
     <span class='ocr_line' id='line_1_66' title="bbox 265 3356 1790 3437; baseline 0.01 -26"><span class='ocrx_word' id='word_1_490' title='bbox 265 3358 520 3412; x_wconf 85' lang='lat' dir='ltr'><strong>Abraham</strong></span> <span class='ocrx_word' id='word_1_491' title='bbox 549 3397 566 3422; x_wconf 92' lang='lat'><strong>,</strong></span> <span class='ocrx_word' id='word_1_492' title='bbox 604 3362 853 3416; x_wconf 68' lang='lat' dir='ltr'><strong>benedixit</strong></span> <span class='ocrx_word' id='word_1_493' title='bbox 894 3365 1144 3419; x_wconf 87' lang='lat' dir='ltr'><strong>Dominus</strong></span> <span class='ocrx_word' id='word_1_494' title='bbox 1174 3366 1328 3420; x_wconf 88' lang='lat' dir='ltr'><strong>Isaac</strong></span> <span class='ocrx_word' id='word_1_495' title='bbox 1353 3370 1519 3435; x_wconf 80' lang='lat' dir='ltr'><strong>ﬁlium</strong></span> <span class='ocrx_word' id='word_1_496' title='bbox 1548 3356 1660 3437; x_wconf 74' lang='lat' dir='ltr'><strong>ejus</strong></span> <span class='ocrx_word' id='word_1_497' title='bbox 1688 3412 1703 3437; x_wconf 94' lang='lat'><strong>,</strong></span> <span class='ocrx_word' id='word_1_498' title='bbox 1740 3382 1790 3426; x_wconf 82' lang='lat' dir='ltr'><strong>et</strong></span> 
     </span>
    </p>
   </div>
   <div class='ocr_carea' id='block_1_67' title="bbox 265 3448 1789 3517">
    <p class='ocr_par' dir='ltr' id='par_1_67' title="bbox 265 3448 1789 3517">
     <span class='ocr_line' id='line_1_67' title="bbox 265 3448 1789 3517; baseline 0.011 -18"><span class='ocrx_word' id='word_1_499' title='bbox 265 3448 508 3500; x_wconf 77' lang='lat' dir='ltr'><strong>habitarit</strong></span> <span class='ocrx_word' id='word_1_500' title='bbox 542 3451 607 3500; x_wconf 84' lang='lat' dir='ltr'><strong>ad</strong></span> <span class='ocrx_word' id='word_1_501' title='bbox 655 3463 860 3517; x_wconf 80' lang='lat' dir='ltr'><strong>puteum</strong></span> <span class='ocrx_word' id='word_1_502' title='bbox 908 3455 1136 3509; x_wconf 77' lang='lat' dir='ltr'><strong>visionis.</strong></span> <span class='ocrx_word' id='word_1_503' title='bbox 1188 3456 1261 3511; x_wconf 90' lang='lat' dir='ltr'><strong>De</strong></span> <span class='ocrx_word' id='word_1_504' title='bbox 1311 3470 1479 3513; x_wconf 82' lang='lat' dir='ltr'><strong>morte</strong></span> <span class='ocrx_word' id='word_1_505' title='bbox 1525 3462 1789 3516; x_wconf 87' lang='lat' dir='ltr'><strong>Abraham</strong></span> 
     </span>
    </p>
   </div>
   <div class='ocr_carea' id='block_1_68' title="bbox 266 3536 1794 3610">
    <p class='ocr_par' dir='ltr' id='par_1_68' title="bbox 266 3536 1794 3610">
     <span class='ocr_line' id='line_1_68' title="bbox 266 3536 1794 3610; baseline 0.012 -25"><span class='ocrx_word' id='word_1_506' title='bbox 266 3536 390 3602; x_wconf 89' lang='lat' dir='ltr'><strong>quid</strong></span> <span class='ocrx_word' id='word_1_507' title='bbox 421 3536 571 3589; x_wconf 90' lang='lat' dir='ltr'><strong>nobis</strong></span> <span class='ocrx_word' id='word_1_508' title='bbox 606 3538 829 3604; x_wconf 82' lang='lat' dir='ltr'><strong>amplius</strong></span> <span class='ocrx_word' id='word_1_509' title='bbox 850 3540 1123 3595; x_wconf 86' lang='lat' dir='ltr'><strong>dicendum</strong></span> <span class='ocrx_word' id='word_1_510' title='bbox 1154 3555 1269 3609; x_wconf 92' lang='lat' dir='ltr'><strong>est,</strong></span> <span class='ocrx_word' id='word_1_511' title='bbox 1303 3561 1457 3610; x_wconf 87' lang='lat' dir='ltr'><strong>quam</strong></span> <span class='ocrx_word' id='word_1_512' title='bbox 1488 3562 1662 3600; x_wconf 87' lang='lat' dir='ltr'><strong>sermo</strong></span> <span class='ocrx_word' id='word_1_513' title='bbox 1694 3549 1794 3603; x_wconf 90' lang='lat' dir='ltr'><strong>Do-</strong></span> 
     </span>
    </p>
   </div>
   <div class='ocr_carea' id='block_1_69' title="bbox 269 3623 1793 3693">
    <p class='ocr_par' dir='ltr' id='par_1_69' title="bbox 269 3623 1793 3693">
     <span class='ocr_line' id='line_1_69' title="bbox 269 3623 1793 3693; baseline 0.009 -18"><span class='ocrx_word' id='word_1_514' title='bbox 269 3623 394 3675; x_wconf 87' lang='lat' dir='ltr'><strong>tniui</strong></span> <span class='ocrx_word' id='word_1_515' title='bbox 425 3623 474 3675; x_wconf 93' lang='lat' dir='ltr'><strong>in</strong></span> <span class='ocrx_word' id='word_1_516' title='bbox 505 3624 797 3692; x_wconf 83' lang='lat' dir='ltr'><strong>Evangeliis</strong></span> <span class='ocrx_word' id='word_1_517' title='bbox 831 3630 1085 3693; x_wconf 87' lang='lat' dir='ltr'><strong>continet,</strong></span> <span class='ocrx_word' id='word_1_518' title='bbox 1120 3632 1304 3685; x_wconf 85' lang='lat' dir='ltr'><strong>dicens</strong></span> <span class='ocrx_word' id='word_1_519' title='bbox 1333 3632 1417 3686; x_wconf 68' lang='grc' dir='ltr'><strong>’δι</strong></span> <span class='ocrx_word' id='word_1_520' title='bbox 1451 3633 1524 3686; x_wconf 81' lang='lat' dir='ltr'><strong>De</strong></span> <span class='ocrx_word' id='word_1_521' title='bbox 1566 3650 1793 3688; x_wconf 81' lang='lat' dir='ltr'><strong>resurre-</strong></span> 
     </span>
    </p>
   </div>
   <div class='ocr_carea' id='block_1_70' title="bbox 267 3711 1792 3789">
    <p class='ocr_par' dir='ltr' id='par_1_70' title="bbox 267 3711 1792 3789">
     <span class='ocr_line' id='line_1_70' title="bbox 267 3711 1792 3789; baseline 0.01 -28"><span class='ocrx_word' id='word_1_522' title='bbox 267 3711 435 3763; x_wconf 83' lang='lat' dir='ltr'><strong>ctione</strong></span> <span class='ocrx_word' id='word_1_523' title='bbox 470 3723 637 3765; x_wconf 85' lang='lat' dir='ltr'><strong>autem</strong></span> <span class='ocrx_word' id='word_1_524' title='bbox 664 3725 981 3770; x_wconf 84' lang='lat' dir='ltr'><strong>mortuorum</strong></span> <span class='ocrx_word' id='word_1_525' title='bbox 1010 3736 1108 3771; x_wconf 85' lang='lat' dir='ltr'><strong>non</strong></span> <span class='ocrx_word' id='word_1_526' title='bbox 1155 3719 1351 3787; x_wconf 78' lang='lat' dir='ltr'><strong>legistis</strong></span> <span class='ocrx_word' id='word_1_527' title='bbox 1380 3725 1635 3789; x_wconf 79' lang='lat' dir='ltr'><strong>quomodo</strong></span> <span class='ocrx_word' id='word_1_528' title='bbox 1667 3727 1792 3777; x_wconf 81' lang='lat' dir='ltr'><strong>dicit</strong></span> 
     </span>
    </p>
   </div>
   <div class='ocr_carea' id='block_1_71' title="bbox 267 3800 1794 3875">
    <p class='ocr_par' dir='ltr' id='par_1_71' title="bbox 267 3800 1794 3875">
     <span class='ocr_line' id='line_1_71' title="bbox 267 3800 1794 3875; baseline 0.01 -24"><span class='ocrx_word' id='word_1_529' title='bbox 267 3801 322 3852; x_wconf 84' lang='lat' dir='ltr'><strong>in</strong></span> <span class='ocrx_word' id='word_1_530' title='bbox 360 3801 504 3865; x_wconf 89' lang='lat' dir='ltr'><strong>rubo,</strong></span> <span class='ocrx_word' id='word_1_531' title='bbox 535 3800 672 3855; x_wconf 89' lang='lat' dir='ltr'><strong>Deus</strong></span> <span class='ocrx_word' id='word_1_532' title='bbox 702 3804 983 3871; x_wconf 74' lang='lat' dir='ltr'><strong>Abraham,</strong></span> <span class='ocrx_word' id='word_1_533' title='bbox 1014 3817 1060 3860; x_wconf 83' lang='lat' dir='ltr'><strong>et</strong></span> <span class='ocrx_word' id='word_1_534' title='bbox 1092 3807 1226 3861; x_wconf 78' lang='lat' dir='ltr'><strong>Deus</strong></span> <span class='ocrx_word' id='word_1_535' title='bbox 1258 3808 1433 3875; x_wconf 84' lang='lat' dir='ltr'><strong>Isaac,</strong></span> <span class='ocrx_word' id='word_1_536' title='bbox 1458 3821 1504 3864; x_wconf 83' lang='lat' dir='ltr'><strong>et</strong></span> <span class='ocrx_word' id='word_1_537' title='bbox 1541 3812 1675 3865; x_wconf 81' lang='lat' dir='ltr'><strong>Deus</strong></span> <span class='ocrx_word' id='word_1_538' title='bbox 1698 3813 1794 3866; x_wconf 86' lang='lat' dir='ltr'><strong>Ja-</strong></span> 
     </span>
    </p>
   </div>
   <div class='ocr_carea' id='block_1_72' title="bbox 268 3890 1790 3960">
    <p class='ocr_par' dir='ltr' id='par_1_72' title="bbox 268 3890 1790 3960">
     <span class='ocr_line' id='line_1_72' title="bbox 268 3890 1790 3960; baseline 0.009 -18"><span class='ocrx_word' id='word_1_539' title='bbox 268 3892 357 3943; x_wconf 81' lang='lat' dir='ltr'><strong>cob</strong></span> <span class='ocrx_word' id='word_1_540' title='bbox 384 3892 409 3944; x_wconf 80' lang='lat'><strong><em>?</em></strong></span> <span class='ocrx_word' id='word_1_541' title='bbox 436 3890 568 3946; x_wconf 78' lang='lat' dir='ltr'><strong>Deus</strong></span> <span class='ocrx_word' id='word_1_542' title='bbox 603 3903 772 3946; x_wconf 79' lang='lat' dir='ltr'><strong>autem</strong></span> <span class='ocrx_word' id='word_1_543' title='bbox 803 3912 904 3948; x_wconf 88' lang='lat' dir='ltr'><strong>non</strong></span> <span class='ocrx_word' id='word_1_544' title='bbox 940 3906 1013 3949; x_wconf 88' lang='lat' dir='ltr'><strong>est</strong></span> <span class='ocrx_word' id='word_1_545' title='bbox 1049 3910 1365 3952; x_wconf 82' lang='lat' dir='ltr'><strong>mortuorum</strong></span> <span class='ocrx_word' id='word_1_546' title='bbox 1383 3939 1396 3960; x_wconf 86' lang='lat'><strong>,</strong></span> <span class='ocrx_word' id='word_1_547' title='bbox 1425 3903 1514 3953; x_wconf 80' lang='lat' dir='ltr'><strong>sed</strong></span> <span class='ocrx_word' id='word_1_548' title='bbox 1541 3902 1790 3955; x_wconf 81' lang='lat' dir='ltr'><strong>vivorum.</strong></span> 
     </span>
    </p>
   </div>
   <div class='ocr_carea' id='block_1_73' title="bbox 270 3976 1787 4056">
    <p class='ocr_par' dir='ltr' id='par_1_73' title="bbox 270 3976 1787 4056">
     <span class='ocr_line' id='line_1_73' title="bbox 270 3976 1787 4056; baseline 0.009 -26"><span class='ocrx_word' id='word_1_549' title='bbox 270 3976 455 4031; x_wconf 85' lang='lat' dir='ltr'><strong>Omnes</strong></span> <span class='ocrx_word' id='word_1_550' title='bbox 481 3985 613 4033; x_wconf 83' lang='lat' dir='ltr'><strong>enim</strong></span> <span class='ocrx_word' id='word_1_551' title='bbox 642 3981 716 4034; x_wconf 83' lang='lat' dir='ltr'><strong>illi</strong></span> <span class='ocrx_word' id='word_1_552' title='bbox 745 3984 917 4036; x_wconf 82' lang='lat' dir='ltr'><strong>vivunt</strong></span> <span class='ocrx_word' id='word_1_553' title='bbox 936 3985 960 4037; x_wconf 83' lang='lat'><strong><em>?</em></strong></span> <span class='ocrx_word' id='word_1_554' title='bbox 978 3984 1230 4052; x_wconf 87' lang='lat' dir='ltr'><strong>Optemus</strong></span> <span class='ocrx_word' id='word_1_555' title='bbox 1245 4001 1370 4054; x_wconf 87' lang='lat' dir='ltr'><strong>ergo</strong></span> <span class='ocrx_word' id='word_1_556' title='bbox 1400 3997 1453 4040; x_wconf 90' lang='lat' dir='ltr'><strong>et</strong></span> <span class='ocrx_word' id='word_1_557' title='bbox 1482 4004 1578 4042; x_wconf 88' lang='lat' dir='ltr'><strong>nos</strong></span> <span class='ocrx_word' id='word_1_558' title='bbox 1605 3991 1787 4056; x_wconf 85' lang='lat' dir='ltr'><strong>hujus-</strong></span> 
     </span>
    </p>
   </div>
   <div class='ocr_carea' id='block_1_74' title="bbox 272 4068 1797 4142">
    <p class='ocr_par' dir='ltr' id='par_1_74' title="bbox 272 4068 1797 4142">
     <span class='ocr_line' id='line_1_74' title="bbox 272 4068 1797 4142; baseline 0.009 -24"><span class='ocrx_word' id='word_1_559' title='bbox 272 4068 413 4121; x_wconf 89' lang='lat' dir='ltr'><strong>modi</strong></span> <span class='ocrx_word' id='word_1_560' title='bbox 470 4079 689 4124; x_wconf 91' lang='lat' dir='ltr'><strong>mortem</strong></span> <span class='ocrx_word' id='word_1_561' title='bbox 714 4109 731 4135; x_wconf 92' lang='lat'><strong>,</strong></span> <span class='ocrx_word' id='word_1_562' title='bbox 774 4068 912 4126; x_wconf 90' lang='lat' dir='ltr'><strong>sicut</strong></span> <span class='ocrx_word' id='word_1_563' title='bbox 943 4083 996 4126; x_wconf 88' lang='lat' dir='ltr'><strong>et</strong></span> <span class='ocrx_word' id='word_1_564' title='bbox 1023 4075 1307 4142; x_wconf 81' lang='lat' dir='ltr'><strong>Apostolus</strong></span> <span class='ocrx_word' id='word_1_565' title='bbox 1331 4076 1460 4129; x_wconf 91' lang='lat' dir='ltr'><strong>dicit</strong></span> <span class='ocrx_word' id='word_1_566' title='bbox 1489 4078 1534 4109; x_wconf 80' lang='lat'><strong>”</strong></span> <span class='ocrx_word' id='word_1_567' title='bbox 1556 4117 1570 4139; x_wconf 94' lang='lat'><strong>,</strong></span> <span class='ocrx_word' id='word_1_568' title='bbox 1600 4087 1658 4131; x_wconf 88' lang='lat' dir='ltr'><strong>ut</strong></span> <span class='ocrx_word' id='word_1_569' title='bbox 1684 4094 1797 4131; x_wconf 84' lang='lat' dir='ltr'><strong>nio-</strong></span> 
     </span>
    </p>
   </div>
   <div class='ocr_carea' id='block_1_75' title="bbox 271 4157 1797 4236">
    <p class='ocr_par' dir='ltr' id='par_1_75' title="bbox 271 4157 1797 4236">
     <span class='ocr_line' id='line_1_75' title="bbox 271 4157 1797 4236; baseline 0.01 -29"><span class='ocrx_word' id='word_1_570' title='bbox 271 4157 476 4210; x_wconf 91' lang='lat' dir='ltr'><strong>riamur</strong></span> <span class='ocrx_word' id='word_1_571' title='bbox 502 4170 737 4227; x_wconf 89' lang='lat' dir='ltr'><strong>peccato,</strong></span> <span class='ocrx_word' id='word_1_572' title='bbox 766 4163 1004 4216; x_wconf 79' lang='lat' dir='ltr'><strong>vivamus</strong></span> <span class='ocrx_word' id='word_1_573' title='bbox 1030 4174 1205 4218; x_wconf 88' lang='lat' dir='ltr'><strong>autem</strong></span> <span class='ocrx_word' id='word_1_574' title='bbox 1239 4166 1364 4219; x_wconf 89' lang='lat' dir='ltr'><strong>Deo.</strong></span> <span class='ocrx_word' id='word_1_575' title='bbox 1400 4167 1542 4222; x_wconf 82' lang='lat' dir='ltr'><strong>Talis</strong></span> <span class='ocrx_word' id='word_1_576' title='bbox 1568 4183 1797 4236; x_wconf 87' lang='lat' dir='ltr'><strong>namque</strong></span> 
     </span>
    </p>
   </div>
   <div class='ocr_carea' id='block_1_76' title="bbox 271 4245 1797 4321">
    <p class='ocr_par' dir='ltr' id='par_1_76' title="bbox 271 4245 1797 4321">
     <span class='ocr_line' id='line_1_76' title="bbox 271 4245 1797 4321; baseline 0.009 -24"><span class='ocrx_word' id='word_1_577' title='bbox 271 4245 495 4300; x_wconf 67' lang='lat' dir='ltr'><strong>Abrahae</strong></span> <span class='ocrx_word' id='word_1_578' title='bbox 518 4264 658 4302; x_wconf 88' lang='lat' dir='ltr'><strong>mors</strong></span> <span class='ocrx_word' id='word_1_579' title='bbox 689 4249 1019 4319; x_wconf 84' lang='lat' dir='ltr'><strong>intelligenda</strong></span> <span class='ocrx_word' id='word_1_580' title='bbox 1048 4262 1165 4316; x_wconf 87' lang='lat' dir='ltr'><strong>est,</strong></span> <span class='ocrx_word' id='word_1_581' title='bbox 1196 4269 1313 4321; x_wconf 66' lang='lat' dir='ltr'><strong>qua:</strong></span> <span class='ocrx_word' id='word_1_582' title='bbox 1343 4256 1393 4308; x_wconf 90' lang='lat' dir='ltr'><strong>in</strong></span> <span class='ocrx_word' id='word_1_583' title='bbox 1432 4265 1631 4310; x_wconf 92' lang='lat' dir='ltr'><strong>tantum</strong></span> <span class='ocrx_word' id='word_1_584' title='bbox 1664 4258 1797 4311; x_wconf 74' lang='lat' dir='ltr'><strong>dila-</strong></span> 
     </span>
    </p>
   </div>
   <div class='ocr_carea' id='block_1_77' title="bbox 276 4328 1869 4413">
    <p class='ocr_par' dir='ltr' id='par_1_77' title="bbox 276 4328 1869 4413">
     <span class='ocr_line' id='line_1_77' title="bbox 276 4328 1869 4413; baseline 0.009 -28"><span class='ocrx_word' id='word_1_585' title='bbox 276 4335 462 4388; x_wconf 87' lang='lat' dir='ltr'><strong>laverit</strong></span> <span class='ocrx_word' id='word_1_586' title='bbox 494 4337 645 4392; x_wconf 88' lang='lat' dir='ltr'><strong>sinus</strong></span> <span class='ocrx_word' id='word_1_587' title='bbox 682 4338 814 4403; x_wconf 81' lang='lat' dir='ltr'><strong>ejus,</strong></span> <span class='ocrx_word' id='word_1_588' title='bbox 853 4348 909 4393; x_wconf 91' lang='lat' dir='ltr'><strong>ut</strong></span> <span class='ocrx_word' id='word_1_589' title='bbox 943 4356 1126 4397; x_wconf 90' lang='lat' dir='ltr'><strong>omnes</strong></span> <span class='ocrx_word' id='word_1_590' title='bbox 1153 4345 1321 4397; x_wconf 86' lang='lat' dir='ltr'><strong>sancti</strong></span> <span class='ocrx_word' id='word_1_591' title='bbox 1355 4345 1442 4411; x_wconf 91' lang='lat' dir='ltr'><strong>qui</strong></span> <span class='ocrx_word' id='word_1_592' title='bbox 1473 4346 1535 4398; x_wconf 87' lang='lat' dir='ltr'><strong>de</strong></span> <span class='ocrx_word' id='word_1_593' title='bbox 1562 4355 1796 4413; x_wconf 86' lang='lat' dir='ltr'><strong>quatuor</strong></span> <span class='ocrx_word' id='word_1_594' title='bbox 1828 4328 1869 4382; x_wconf 72' lang='grc' dir='ltr'><strong>θ</strong></span> 
     </span>
    </p>
   </div>
   <div class='ocr_carea' id='block_1_78' title="bbox 272 4424 1793 4503">
    <p class='ocr_par' dir='ltr' id='par_1_78' title="bbox 272 4424 1793 4503">
     <span class='ocr_line' id='line_1_78' title="bbox 272 4424 1793 4503; baseline 0.008 -25"><span class='ocrx_word' id='word_1_595' title='bbox 272 4424 534 4493; x_wconf 66' lang='lat' dir='ltr'><strong>91terrae</strong></span> <span class='ocrx_word' id='word_1_596' title='bbox 554 4431 790 4496; x_wconf 88' lang='lat' dir='ltr'><strong>partibus</strong></span> <span class='ocrx_word' id='word_1_597' title='bbox 812 4432 1048 4497; x_wconf 83' lang='lat' dir='ltr'><strong>veniunt,</strong></span> <span class='ocrx_word' id='word_1_598' title='bbox 1074 4435 1124 4487; x_wconf 93' lang='lat' dir='ltr'><strong>in</strong></span> <span class='ocrx_word' id='word_1_599' title='bbox 1144 4435 1317 4488; x_wconf 89' lang='lat' dir='ltr'><strong>sinum</strong></span> <span class='ocrx_word' id='word_1_600' title='bbox 1336 4436 1559 4489; x_wconf 64' lang='lat' dir='ltr'><strong>Abrahae</strong></span> <span class='ocrx_word' id='word_1_601' title='bbox 1581 4446 1793 4503; x_wconf 88' lang='lat' dir='ltr'><strong>porten-</strong></span> 
     </span>
    </p>
   </div>
   <div class='ocr_carea' id='block_1_79' title="bbox 276 4516 1795 4595">
    <p class='ocr_par' dir='ltr' id='par_1_79' title="bbox 276 4516 1795 4595">
     <span class='ocr_line' id='line_1_79' title="bbox 276 4516 1795 4595; baseline 0.009 -29"><span class='ocrx_word' id='word_1_602' title='bbox 276 4522 359 4567; x_wconf 91' lang='lat' dir='ltr'><strong>tur</strong></span> <span class='ocrx_word' id='word_1_603' title='bbox 384 4516 448 4568; x_wconf 90' lang='lat' dir='ltr'><strong>ab</strong></span> <span class='ocrx_word' id='word_1_604' title='bbox 471 4521 685 4586; x_wconf 77' lang='lat' dir='ltr'><strong>angelis.</strong></span> <span class='ocrx_word' id='word_1_605' title='bbox 702 4522 802 4574; x_wconf 89' lang='lat' dir='ltr'><strong>Sed</strong></span> <span class='ocrx_word' id='word_1_606' title='bbox 821 4522 1209 4589; x_wconf 86' lang='lat' dir='ltr'><strong>videamusjam</strong></span> <span class='ocrx_word' id='word_1_607' title='bbox 1236 4528 1499 4592; x_wconf 90' lang='lat' dir='ltr'><strong>quomodo</strong></span> <span class='ocrx_word' id='word_1_608' title='bbox 1522 4535 1638 4595; x_wconf 90' lang='lat' dir='ltr'><strong>post</strong></span> <span class='ocrx_word' id='word_1_609' title='bbox 1654 4541 1795 4579; x_wconf 88' lang='lat' dir='ltr'><strong>mor-</strong></span> 
     </span>
    </p>
   </div>
   <div class='ocr_carea' id='block_1_80' title="bbox 276 4605 1795 4678">
    <p class='ocr_par' dir='ltr' id='par_1_80' title="bbox 276 4605 1795 4678">
     <span class='ocr_line' id='line_1_80' title="bbox 276 4605 1795 4678; baseline 0.007 -24"><span class='ocrx_word' id='word_1_610' title='bbox 276 4609 381 4655; x_wconf 90' lang='lat' dir='ltr'><strong>tem</strong></span> <span class='ocrx_word' id='word_1_611' title='bbox 405 4605 520 4672; x_wconf 88' lang='lat' dir='ltr'><strong>ejus</strong></span> <span class='ocrx_word' id='word_1_612' title='bbox 561 4608 884 4663; x_wconf 79' lang='lat' dir='ltr'><strong>benediserit</strong></span> <span class='ocrx_word' id='word_1_613' title='bbox 908 4611 1160 4664; x_wconf 82' lang='lat' dir='ltr'><strong>Dominus</strong></span> <span class='ocrx_word' id='word_1_614' title='bbox 1191 4611 1338 4665; x_wconf 90' lang='lat' dir='ltr'><strong>Isaac</strong></span> <span class='ocrx_word' id='word_1_615' title='bbox 1373 4613 1534 4664; x_wconf 84' lang='lat' dir='ltr'><strong>lilium</strong></span> <span class='ocrx_word' id='word_1_616' title='bbox 1576 4611 1711 4678; x_wconf 84' lang='lat' dir='ltr'><strong>ejus,</strong></span> <span class='ocrx_word' id='word_1_617' title='bbox 1743 4622 1795 4664; x_wconf 91' lang='lat' dir='ltr'><strong>et</strong></span> 
     </span>
    </p>
   </div>
   <div class='ocr_carea' id='block_1_81' title="bbox 277 4694 1796 4767">
    <p class='ocr_par' dir='ltr' id='par_1_81' title="bbox 277 4694 1796 4767">
     <span class='ocr_line' id='line_1_81' title="bbox 277 4694 1796 4767; baseline 0.007 -25"><span class='ocrx_word' id='word_1_618' title='bbox 277 4706 394 4758; x_wconf 75' lang='lat' dir='ltr'><strong>qua:</strong></span> <span class='ocrx_word' id='word_1_619' title='bbox 425 4703 505 4745; x_wconf 88' lang='lat' dir='ltr'><strong>est</strong></span> <span class='ocrx_word' id='word_1_620' title='bbox 528 4694 624 4748; x_wconf 92' lang='lat' dir='ltr'><strong>ista</strong></span> <span class='ocrx_word' id='word_1_621' title='bbox 655 4697 972 4753; x_wconf 90' lang='lat' dir='ltr'><strong>benedictio.</strong></span> <span class='ocrx_word' id='word_1_622' title='bbox 1006 4700 1297 4765; x_wconf 73' lang='lat' dir='ltr'><strong>Benedixit,</strong></span> <span class='ocrx_word' id='word_1_623' title='bbox 1327 4700 1515 4767; x_wconf 91' lang='lat' dir='ltr'><strong>inquit,</strong></span> <span class='ocrx_word' id='word_1_624' title='bbox 1547 4700 1796 4752; x_wconf 81' lang='lat' dir='ltr'><strong>Dominus</strong></span> 
     </span>
    </p>
   </div>
   <div class='ocr_carea' id='block_1_82' title="bbox 279 4776 1796 4857">
    <p class='ocr_par' dir='ltr' id='par_1_82' title="bbox 279 4776 1796 4857">
     <span class='ocr_line' id='line_1_82' title="bbox 279 4776 1796 4857; baseline 0.008 -26"><span class='ocrx_word' id='word_1_625' title='bbox 279 4776 453 4843; x_wconf 84' lang='lat' dir='ltr'><strong>Isaac,</strong></span> <span class='ocrx_word' id='word_1_626' title='bbox 473 4791 519 4834; x_wconf 79' lang='lat' dir='ltr'><strong>et</strong></span> <span class='ocrx_word' id='word_1_627' title='bbox 546 4782 789 4838; x_wconf 78' lang='lat' dir='ltr'><strong>habitavit</strong></span> <span class='ocrx_word' id='word_1_628' title='bbox 819 4789 886 4841; x_wconf 85' lang='lat' dir='ltr'><strong>ad</strong></span> <span class='ocrx_word' id='word_1_629' title='bbox 911 4799 1117 4857; x_wconf 78' lang='lat' dir='ltr'><strong>puteum</strong></span> <span class='ocrx_word' id='word_1_630' title='bbox 1145 4791 1370 4843; x_wconf 85' lang='lat' dir='ltr'><strong>visionis.</strong></span> <span class='ocrx_word' id='word_1_631' title='bbox 1411 4788 1530 4842; x_wconf 64' lang='lat' dir='ltr'><strong>Ilaec</strong></span> <span class='ocrx_word' id='word_1_632' title='bbox 1554 4797 1636 4841; x_wconf 83' lang='lat' dir='ltr'><strong>est</strong></span> <span class='ocrx_word' id='word_1_633' title='bbox 1655 4791 1796 4843; x_wconf 90' lang='lat' dir='ltr'><strong>cnim</strong></span> 
     </span>
    </p>
   </div>
   <div class='ocr_carea' id='block_1_83' title="bbox 279 4865 1802 4943">
    <p class='ocr_par' dir='ltr' id='par_1_83' title="bbox 279 4865 1802 4943">
     <span class='ocr_line' id='line_1_83' title="bbox 279 4865 1802 4943; baseline 0.01 -27"><span class='ocrx_word' id='word_1_634' title='bbox 279 4865 454 4919; x_wconf 86' lang='lat' dir='ltr'><strong>omnis</strong></span> <span class='ocrx_word' id='word_1_635' title='bbox 478 4867 788 4938; x_wconf 87' lang='lat' dir='ltr'><strong>benedictio,</strong></span> <span class='ocrx_word' id='word_1_636' title='bbox 822 4890 921 4943; x_wconf 92' lang='lat' dir='ltr'><strong>qua</strong></span> <span class='ocrx_word' id='word_1_637' title='bbox 948 4878 1217 4931; x_wconf 80' lang='lat' dir='ltr'><strong>benedixit</strong></span> <span class='ocrx_word' id='word_1_638' title='bbox 1264 4876 1515 4930; x_wconf 84' lang='lat' dir='ltr'><strong>Dominus</strong></span> <span class='ocrx_word' id='word_1_639' title='bbox 1550 4876 1716 4937; x_wconf 87' lang='lat' dir='ltr'><strong>Isaac,</strong></span> <span class='ocrx_word' id='word_1_640' title='bbox 1744 4888 1802 4931; x_wconf 89' lang='lat' dir='ltr'><strong>ut</strong></span> 
     </span>
    </p>
   </div>
   <div class='ocr_carea' id='block_1_84' title="bbox 286 4953 1800 5033">
    <p class='ocr_par' dir='ltr' id='par_1_84' title="bbox 286 4953 1800 5033">
     <span class='ocr_line' id='line_1_84' title="bbox 286 4953 1800 5033; baseline 0.007 -27"><span class='ocrx_word' id='word_1_641' title='bbox 286 4953 548 5009; x_wconf 84' lang='lat' dir='ltr'><strong>habitaret</strong></span> <span class='ocrx_word' id='word_1_642' title='bbox 575 4959 640 5010; x_wconf 87' lang='lat' dir='ltr'><strong>ad</strong></span> <span class='ocrx_word' id='word_1_643' title='bbox 667 4971 876 5027; x_wconf 85' lang='lat' dir='ltr'><strong>puteum</strong></span> <span class='ocrx_word' id='word_1_644' title='bbox 910 4966 1147 5020; x_wconf 87' lang='lat' dir='ltr'><strong>visionis.</strong></span> <span class='ocrx_word' id='word_1_645' title='bbox 1192 4965 1605 5033; x_wconf 87' lang='lat' dir='ltr'><strong>Intelligentibus</strong></span> <span class='ocrx_word' id='word_1_646' title='bbox 1637 4980 1800 5033; x_wconf 85' lang='lat' dir='ltr'><strong>gran-</strong></span> 
     </span>
    </p>
   </div>
   <div class='ocr_carea' id='block_1_85' title="bbox 283 5041 1801 5108">
    <p class='ocr_par' dir='ltr' id='par_1_85' title="bbox 283 5041 1801 5108">
     <span class='ocr_line' id='line_1_85' title="bbox 283 5041 1801 5108; baseline 0.008 -14"><span class='ocrx_word' id='word_1_647' title='bbox 283 5041 365 5094; x_wconf 91' lang='lat' dir='ltr'><strong>dis</strong></span> <span class='ocrx_word' id='word_1_648' title='bbox 402 5056 484 5099; x_wconf 89' lang='lat' dir='ltr'><strong>est</strong></span> <span class='ocrx_word' id='word_1_649' title='bbox 528 5044 626 5100; x_wconf 91' lang='lat' dir='ltr'><strong>ista</strong></span> <span class='ocrx_word' id='word_1_650' title='bbox 672 5049 989 5108; x_wconf 88' lang='lat' dir='ltr'><strong>benedictio.</strong></span> <span class='ocrx_word' id='word_1_651' title='bbox 1019 5054 1229 5108; x_wconf 82' lang='lat' dir='ltr'><strong>Utinam</strong></span> <span class='ocrx_word' id='word_1_652' title='bbox 1268 5062 1322 5108; x_wconf 88' lang='lat' dir='ltr'><strong>et</strong></span> <span class='ocrx_word' id='word_1_653' title='bbox 1368 5053 1621 5107; x_wconf 90' lang='lat' dir='ltr'><strong>Dominus</strong></span> <span class='ocrx_word' id='word_1_654' title='bbox 1672 5053 1801 5107; x_wconf 92' lang='lat' dir='ltr'><strong>mihi</strong></span> 
     </span>
    </p>
   </div>
   <div class='ocr_carea' id='block_1_86' title="bbox 355 5154 3032 5230">
    <p class='ocr_par' dir='ltr' id='par_1_86' title="bbox 355 5154 3032 5230">
     <span class='ocr_line' id='line_1_86' title="bbox 355 5154 3032 5230; baseline 0.003 -18"><span class='ocrx_word' id='word_1_655' title='bbox 355 5154 401 5187; x_wconf 86' lang='grc'><strong><em>⁸³</em></strong></span> <span class='ocrx_word' id='word_1_656' title='bbox 430 5157 618 5230; x_wconf 69' lang='lat' dir='ltr'><strong>cenes.</strong></span> <span class='ocrx_word' id='word_1_657' title='bbox 642 5179 789 5227; x_wconf 73' lang='lat' dir='ltr'><strong>xxtv,</strong></span> <span class='ocrx_word' id='word_1_658' title='bbox 821 5167 908 5223; x_wconf 70' lang='grc' dir='ltr'><strong>ιδ.</strong></span> <span class='ocrx_word' id='word_1_659' title='bbox 979 5168 1025 5200; x_wconf 79' lang='grc'><strong>⁸⁸</strong></span> <span class='ocrx_word' id='word_1_660' title='bbox 1054 5166 1218 5219; x_wconf 73' lang='lat' dir='ltr'><strong>Exod.</strong></span> <span class='ocrx_word' id='word_1_661' title='bbox 1252 5180 1308 5217; x_wconf 90' lang='lat' dir='ltr'><strong>tt.</strong></span> <span class='ocrx_word' id='word_1_662' title='bbox 1381 5165 1427 5201; x_wconf 82' lang='grc'><strong>³⁷</strong></span> <span class='ocrx_word' id='word_1_663' title='bbox 1457 5164 1647 5218; x_wconf 85' lang='lat' dir='ltr'><strong>Genes.</strong></span> <span class='ocrx_word' id='word_1_664' title='bbox 1721 5180 1843 5221; x_wconf 74' lang='lat' dir='ltr'><strong>xxv.</strong></span> <span class='ocrx_word' id='word_1_665' title='bbox 1887 5165 1971 5218; x_wconf 79' lang='lat' dir='ltr'><strong>ll.</strong></span> <span class='ocrx_word' id='word_1_666' title='bbox 2034 5162 2081 5194; x_wconf 82' lang='grc'><strong>⁸⁸</strong></span> <span class='ocrx_word' id='word_1_667' title='bbox 2113 5161 2275 5214; x_wconf 79' lang='lat' dir='ltr'><strong>Marc.</strong></span> <span class='ocrx_word' id='word_1_668' title='bbox 2307 5175 2405 5224; x_wconf 80' lang='lat' dir='ltr'><strong>xu,</strong></span> <span class='ocrx_word' id='word_1_669' title='bbox 2429 5159 2594 5224; x_wconf 70' lang='lat' dir='ltr'><strong>26,et</strong></span> <span class='ocrx_word' id='word_1_670' title='bbox 2626 5162 2760 5218; x_wconf 85' lang='lat' dir='ltr'><strong>Luc.</strong></span> <span class='ocrx_word' id='word_1_671' title='bbox 2799 5180 2895 5230; x_wconf 75' lang='lat' dir='ltr'><strong>xx,</strong></span> <span class='ocrx_word' id='word_1_672' title='bbox 2932 5167 3032 5225; x_wconf 80' lang='lat'><strong>&#39;57.</strong></span> 
     </span>
    </p>
   </div>
   <div class='ocr_carea' id='block_1_87' title="bbox 283 5220 1832 5299">
    <p class='ocr_par' dir='ltr' id='par_1_87' title="bbox 283 5220 1832 5299">
     <span class='ocr_line' id='line_1_87' title="bbox 283 5220 1832 5299; baseline 0.006 -23"><span class='ocrx_word' id='word_1_673' title='bbox 283 5220 372 5277; x_wconf 69' lang='grc' dir='ltr'><strong>ει.</strong></span> <span class='ocrx_word' id='word_1_674' title='bbox 481 5227 525 5260; x_wconf 81' lang='grc'><strong><em>⁸⁸</em></strong></span> <span class='ocrx_word' id='word_1_675' title='bbox 560 5229 750 5287; x_wconf 81' lang='lat' dir='ltr'><strong>Cenes.</strong></span> <span class='ocrx_word' id='word_1_676' title='bbox 778 5220 962 5299; x_wconf 63' lang='lat' dir='ltr'><strong>invni,</strong></span> <span class='ocrx_word' id='word_1_677' title='bbox 989 5235 1073 5288; x_wconf 84' lang='lat' dir='ltr'><strong>l7.</strong></span> <span class='ocrx_word' id='word_1_678' title='bbox 1146 5235 1187 5265; x_wconf 82' lang='grc'><strong>⁶¹</strong></span> <span class='ocrx_word' id='word_1_679' title='bbox 1225 5233 1377 5286; x_wconf 81' lang='lat' dir='ltr'><strong>Joau.</strong></span> <span class='ocrx_word' id='word_1_680' title='bbox 1402 5247 1475 5295; x_wconf 89' lang='lat' dir='ltr'><strong>tv,</strong></span> <span class='ocrx_word' id='word_1_681' title='bbox 1502 5232 1589 5289; x_wconf 77' lang='grc' dir='ltr'><strong>Η.</strong></span> <span class='ocrx_word' id='word_1_682' title='bbox 1658 5233 1700 5265; x_wconf 78' lang='grc'><strong><em>⁸⁸</em></strong></span> <span class='ocrx_word' id='word_1_683' title='bbox 1736 5232 1781 5285; x_wconf 85' lang='grc' dir='ltr'><strong>ιι</strong></span> <span class='ocrx_word' id='word_1_684' title='bbox 1805 5233 1832 5286; x_wconf 84' lang='lat' dir='ltr'><strong><em>C</em></strong></span> 
     </span>
    </p>
   </div>
   <div class='ocr_carea' id='block_1_88' title="bbox 594 5220 2143 5299">
    <p class='ocr_par' dir='ltr' id='par_1_88' title="bbox 594 5220 2143 5299">
     <span class='ocr_line' id='line_1_88' title="bbox 594 5220 2143 5299; baseline 0.002 -17"><span class='ocrx_word' id='word_1_685' title='bbox 594 5231 750 5287; x_wconf 73' lang='lat' dir='ltr'><strong>leues.</strong></span> <span class='ocrx_word' id='word_1_686' title='bbox 778 5220 962 5299; x_wconf 63' lang='lat' dir='ltr'><strong>invni,</strong></span> <span class='ocrx_word' id='word_1_687' title='bbox 989 5235 1073 5288; x_wconf 84' lang='lat' dir='ltr'><strong>l7.</strong></span> <span class='ocrx_word' id='word_1_688' title='bbox 1146 5235 1187 5265; x_wconf 82' lang='grc'><strong>⁶¹</strong></span> <span class='ocrx_word' id='word_1_689' title='bbox 1225 5233 1377 5286; x_wconf 81' lang='lat' dir='ltr'><strong>Joau.</strong></span> <span class='ocrx_word' id='word_1_690' title='bbox 1402 5247 1475 5295; x_wconf 89' lang='lat' dir='ltr'><strong>tv,</strong></span> <span class='ocrx_word' id='word_1_691' title='bbox 1502 5232 1589 5289; x_wconf 77' lang='grc' dir='ltr'><strong>Η.</strong></span> <span class='ocrx_word' id='word_1_692' title='bbox 1658 5233 1700 5265; x_wconf 78' lang='grc'><strong><em>⁸⁸</em></strong></span> <span class='ocrx_word' id='word_1_693' title='bbox 1736 5232 1781 5285; x_wconf 85' lang='grc' dir='ltr'><strong>ιι</strong></span> <span class='ocrx_word' id='word_1_694' title='bbox 1805 5233 1928 5286; x_wconf 89' lang='lat' dir='ltr'><strong>Cor.</strong></span> <span class='ocrx_word' id='word_1_695' title='bbox 1954 5247 2032 5293; x_wconf 89' lang='lat' dir='ltr'><strong>ttt,</strong></span> <span class='ocrx_word' id='word_1_696' title='bbox 2057 5230 2143 5285; x_wconf 79' lang='grc'><strong>18.</strong></span> 
     </span>
    </p>
   </div>
   <div class='ocr_carea' id='block_1_89' title="bbox 355 5359 1800 5429">
    <p class='ocr_par' dir='ltr' id='par_1_89' title="bbox 355 5359 1800 5429">
     <span class='ocr_line' id='line_1_89' title="bbox 355 5359 1800 5429; baseline 0.003 -18"><span class='ocrx_word' id='word_1_697' title='bbox 355 5359 465 5424; x_wconf 87' lang='lat'><strong>(77)</strong></span> <span class='ocrx_word' id='word_1_698' title='bbox 505 5361 831 5427; x_wconf 84' lang='lat' dir='ltr'><strong>Disserendo,</strong></span> <span class='ocrx_word' id='word_1_699' title='bbox 862 5365 1010 5418; x_wconf 80' lang='lat' dir='ltr'><strong>deest</strong></span> <span class='ocrx_word' id='word_1_700' title='bbox 1035 5364 1087 5416; x_wconf 94' lang='lat' dir='ltr'><strong>in</strong></span> <span class='ocrx_word' id='word_1_701' title='bbox 1119 5374 1270 5416; x_wconf 83' lang='lat' dir='ltr'><strong>antea</strong></span> <span class='ocrx_word' id='word_1_702' title='bbox 1316 5362 1493 5426; x_wconf 85' lang='lat' dir='ltr'><strong>editis,</strong></span> <span class='ocrx_word' id='word_1_703' title='bbox 1524 5363 1614 5415; x_wconf 88' lang='lat' dir='ltr'><strong>sed</strong></span> <span class='ocrx_word' id='word_1_704' title='bbox 1651 5378 1800 5429; x_wconf 83' lang='lat' dir='ltr'><strong>repe-</strong></span> 
     </span>
    </p>
   </div>
   <div class='ocr_carea' id='block_1_90' title="bbox 286 5424 1804 5500">
    <p class='ocr_par' dir='ltr' id='par_1_90' title="bbox 286 5424 1804 5500">
     <span class='ocr_line' id='line_1_90' title="bbox 286 5424 1804 5500; baseline 0.003 -22"><span class='ocrx_word' id='word_1_705' title='bbox 286 5424 421 5500; x_wconf 66' lang='lat' dir='ltr'><strong>ritur</strong></span> <span class='ocrx_word' id='word_1_706' title='bbox 447 5429 500 5482; x_wconf 89' lang='lat' dir='ltr'><strong>in</strong></span> <span class='ocrx_word' id='word_1_707' title='bbox 530 5447 657 5500; x_wconf 79' lang='lat' dir='ltr'><strong>mss.</strong></span> <span class='ocrx_word' id='word_1_708' title='bbox 688 5424 852 5485; x_wconf 81' lang='lat' dir='ltr'><strong>Paulo</strong></span> <span class='ocrx_word' id='word_1_709' title='bbox 882 5443 997 5500; x_wconf 85' lang='lat' dir='ltr'><strong>post</strong></span> <span class='ocrx_word' id='word_1_710' title='bbox 1022 5433 1167 5491; x_wconf 89' lang='lat' dir='ltr'><strong>editi,</strong></span> <span class='ocrx_word' id='word_1_711' title='bbox 1207 5424 1521 5500; x_wconf 77' lang='lat' dir='ltr'><strong>superantes,</strong></span> <span class='ocrx_word' id='word_1_712' title='bbox 1547 5424 1804 5500; x_wconf 53' lang='lat' dir='ltr'><strong>adseram</strong></span> 
     </span>
    </p>
   </div>
   <div class='ocr_carea' id='block_1_91' title="bbox 286 5491 1805 5565">
    <p class='ocr_par' dir='ltr' id='par_1_91' title="bbox 286 5491 1805 5565">
     <span class='ocr_line' id='line_1_91' title="bbox 286 5491 1805 5565; baseline 0.005 -24"><span class='ocrx_word' id='word_1_713' title='bbox 286 5491 659 5565; x_wconf 68' lang='lat' dir='ltr'><strong>philosophia»:</strong></span> <span class='ocrx_word' id='word_1_714' title='bbox 702 5491 920 5565; x_wconf 75' lang='lat' dir='ltr'><strong>Christi,</strong></span> <span class='ocrx_word' id='word_1_715' title='bbox 969 5509 1015 5552; x_wconf 81' lang='lat' dir='ltr'><strong>et</strong></span> <span class='ocrx_word' id='word_1_716' title='bbox 1054 5515 1222 5551; x_wconf 76' lang='lat' dir='ltr'><strong>rerum</strong></span> <span class='ocrx_word' id='word_1_717' title='bbox 1270 5491 1563 5551; x_wconf 65' lang='lat' dir='ltr'><strong>societatem</strong></span> <span class='ocrx_word' id='word_1_718' title='bbox 1594 5498 1805 5563; x_wconf 82' lang='lat' dir='ltr'><strong>Christi,</strong></span> 
     </span>
    </p>
   </div>
   <div class='ocr_carea' id='block_1_92' title="bbox 295 5562 1561 5634">
    <p class='ocr_par' dir='ltr' id='par_1_92' title="bbox 295 5562 1561 5634">
     <span class='ocr_line' id='line_1_92' title="bbox 295 5562 1561 5634; baseline -0.006 -10"><span class='ocrx_word' id='word_1_719' title='bbox 295 5562 533 5624; x_wconf 74' lang='grc' dir='ltr'><strong>νίσισιεηι</strong></span> <span class='ocrx_word' id='word_1_720' title='bbox 579 5566 700 5634; x_wconf 76' lang='lat' dir='ltr'><strong>Dei;</strong></span> <span class='ocrx_word' id='word_1_721' title='bbox 743 5580 794 5622; x_wconf 88' lang='lat' dir='ltr'><strong>at</strong></span> <span class='ocrx_word' id='word_1_722' title='bbox 847 5562 971 5623; x_wconf 81' lang='lat' dir='ltr'><strong>mss.</strong></span> <span class='ocrx_word' id='word_1_723' title='bbox 1014 5577 1070 5619; x_wconf 88' lang='lat' dir='ltr'><strong>ut</strong></span> <span class='ocrx_word' id='word_1_724' title='bbox 1104 5568 1153 5621; x_wconf 86' lang='lat' dir='ltr'><strong>in</strong></span> <span class='ocrx_word' id='word_1_725' title='bbox 1186 5576 1366 5620; x_wconf 89' lang='lat' dir='ltr'><strong>nostro</strong></span> <span class='ocrx_word' id='word_1_726' title='bbox 1398 5573 1561 5619; x_wconf 77' lang='lat' dir='ltr'><strong>textu.</strong></span> 
     </span>
    </p>
   </div>
   <div class='ocr_carea' id='block_1_93' title="bbox 1894 3099 3652 3184">
    <p class='ocr_par' dir='ltr' id='par_1_93' title="bbox 1894 3099 3652 3184">
     <span class='ocr_line' id='line_1_93' title="bbox 1894 3099 3652 3184; baseline 0.007 -30"><span class='ocrx_word' id='word_1_727' title='bbox 1894 3102 2132 3154; x_wconf 88' lang='lat' dir='ltr'><strong>habitare</strong></span> <span class='ocrx_word' id='word_1_728' title='bbox 2175 3100 2239 3152; x_wconf 90' lang='lat' dir='ltr'><strong>ad</strong></span> <span class='ocrx_word' id='word_1_729' title='bbox 2282 3110 2495 3166; x_wconf 88' lang='lat' dir='ltr'><strong>puteum</strong></span> <span class='ocrx_word' id='word_1_730' title='bbox 2547 3099 2798 3155; x_wconf 89' lang='lat' dir='ltr'><strong>visionis.</strong></span> <span class='ocrx_word' id='word_1_731' title='bbox 2873 3101 2981 3155; x_wconf 89' lang='lat' dir='ltr'><strong>Sin</strong></span> <span class='ocrx_word' id='word_1_732' title='bbox 3046 3120 3237 3164; x_wconf 80' lang='lat' dir='ltr'><strong>vero</strong></span> <span class='ocrx_word' id='word_1_733' title='bbox 3287 3115 3652 3184; x_wconf 68' lang='lat' dir='ltr'><strong>negligas]:</strong></span> 
     </span>
    </p>
   </div>
   <div class='ocr_carea' id='block_1_94' title="bbox 1896 3189 3652 3264">
    <p class='ocr_par' dir='ltr' id='par_1_94' title="bbox 1896 3189 3652 3264">
     <span class='ocr_line' id='line_1_94' title="bbox 1896 3189 3652 3264; baseline -0.001 -22"><span class='ocrx_word' id='word_1_734' title='bbox 1896 3204 2065 3258; x_wconf 87' lang='lat' dir='ltr'><strong>neque</strong></span> <span class='ocrx_word' id='word_1_735' title='bbox 2095 3189 2233 3242; x_wconf 89' lang='lat' dir='ltr'><strong>domi</strong></span> <span class='ocrx_word' id='word_1_736' title='bbox 2263 3202 2518 3241; x_wconf 78' lang='lat' dir='ltr'><strong>exercear</strong></span> <span class='ocrx_word' id='word_1_737' title='bbox 2555 3189 2608 3241; x_wconf 93' lang='lat' dir='ltr'><strong>in</strong></span> <span class='ocrx_word' id='word_1_738' title='bbox 2653 3191 2823 3242; x_wconf 90' lang='lat' dir='ltr'><strong>verbo</strong></span> <span class='ocrx_word' id='word_1_739' title='bbox 2884 3189 3022 3252; x_wconf 89' lang='lat' dir='ltr'><strong>Dei,</strong></span> <span class='ocrx_word' id='word_1_740' title='bbox 3093 3210 3349 3264; x_wconf 75' lang='lat' dir='ltr'><strong>neque</strong></span> <span class='ocrx_word' id='word_1_741' title='bbox 3412 3202 3652 3257; x_wconf 64' lang='grc' dir='ltr'><strong>εοειε-</strong></span> 
     </span>
    </p>
   </div>
   <div class='ocr_carea' id='block_1_95' title="bbox 1894 3279 3651 3358">
    <p class='ocr_par' dir='ltr' id='par_1_95' title="bbox 1894 3279 3651 3358">
     <span class='ocr_line' id='line_1_95' title="bbox 1894 3279 3651 3358; baseline 0.008 -24"><span class='ocrx_word' id='word_1_742' title='bbox 1894 3282 2023 3334; x_wconf 90' lang='lat' dir='ltr'><strong>siam</strong></span> <span class='ocrx_word' id='word_1_743' title='bbox 2053 3280 2115 3333; x_wconf 90' lang='lat' dir='ltr'><strong>ad</strong></span> <span class='ocrx_word' id='word_1_744' title='bbox 2147 3280 2462 3333; x_wconf 88' lang='lat' dir='ltr'><strong>audiendum</strong></span> <span class='ocrx_word' id='word_1_745' title='bbox 2506 3281 2732 3334; x_wconf 80' lang='lat' dir='ltr'><strong>verbum</strong></span> <span class='ocrx_word' id='word_1_746' title='bbox 2762 3279 2862 3333; x_wconf 89' lang='lat' dir='ltr'><strong>Dei</strong></span> <span class='ocrx_word' id='word_1_747' title='bbox 2914 3280 3344 3351; x_wconf 76' lang='lat' dir='ltr'><strong>frequenter</strong></span> <span class='ocrx_word' id='word_1_748' title='bbox 3402 3294 3651 3358; x_wconf 60' lang='grc' dir='ltr'><strong>ξηαπ-ες</strong></span> 
     </span>
    </p>
   </div>
   <div class='ocr_carea' id='block_1_96' title="bbox 1895 3368 3652 3444">
    <p class='ocr_par' dir='ltr' id='par_1_96' title="bbox 1895 3368 3652 3444">
     <span class='ocr_line' id='line_1_96' title="bbox 1895 3368 3652 3444; baseline 0.006 -22"><span class='ocrx_word' id='word_1_749' title='bbox 1895 3371 2030 3432; x_wconf 90' lang='lat' dir='ltr'><strong>diar,</strong></span> <span class='ocrx_word' id='word_1_750' title='bbox 2076 3370 2215 3422; x_wconf 90' lang='lat' dir='ltr'><strong>sicut</strong></span> <span class='ocrx_word' id='word_1_751' title='bbox 2259 3368 2538 3422; x_wconf 89' lang='lat' dir='ltr'><strong>nonnullos</strong></span> <span class='ocrx_word' id='word_1_752' title='bbox 2598 3369 2650 3421; x_wconf 92' lang='lat' dir='ltr'><strong>in</strong></span> <span class='ocrx_word' id='word_1_753' title='bbox 2704 3370 2862 3423; x_wconf 87' lang='lat' dir='ltr'><strong>vobis</strong></span> <span class='ocrx_word' id='word_1_754' title='bbox 2912 3373 3141 3439; x_wconf 75' lang='lat' dir='ltr'><strong>video,</strong></span> <span class='ocrx_word' id='word_1_755' title='bbox 3196 3381 3327 3444; x_wconf 86' lang='lat' dir='ltr'><strong>qui</strong></span> <span class='ocrx_word' id='word_1_756' title='bbox 3398 3385 3652 3439; x_wconf 82' lang='lat' dir='ltr'><strong>diebus</strong></span> 
     </span>
    </p>
   </div>
   <div class='ocr_carea' id='block_1_97' title="bbox 1897 3457 3648 3542">
    <p class='ocr_par' dir='ltr' id='par_1_97' title="bbox 1897 3457 3648 3542">
     <span class='ocr_line' id='line_1_97' title="bbox 1897 3457 3648 3542; baseline 0.009 -31"><span class='ocrx_word' id='word_1_757' title='bbox 1897 3458 2260 3511; x_wconf 89' lang='lat' dir='ltr'><strong>tantummodo</strong></span> <span class='ocrx_word' id='word_1_758' title='bbox 2289 3457 2624 3510; x_wconf 89' lang='lat' dir='ltr'><strong>solemnibus</strong></span> <span class='ocrx_word' id='word_1_759' title='bbox 2654 3460 2720 3509; x_wconf 90' lang='lat' dir='ltr'><strong>ad</strong></span> <span class='ocrx_word' id='word_1_760' title='bbox 2751 3458 3076 3515; x_wconf 84' lang='lat' dir='ltr'><strong>ecclesiam</strong></span> <span class='ocrx_word' id='word_1_761' title='bbox 3125 3469 3441 3524; x_wconf 77' lang='lat' dir='ltr'><strong>veniunt</strong></span> <span class='ocrx_word' id='word_1_762' title='bbox 3469 3513 3492 3536; x_wconf 84' lang='lat'><strong>,</strong></span> <span class='ocrx_word' id='word_1_763' title='bbox 3531 3476 3648 3542; x_wconf 85' lang='lat' dir='ltr'><strong>qui</strong></span> 
     </span>
    </p>
   </div>
   <div class='ocr_carea' id='block_1_98' title="bbox 1896 3546 3651 3626">
    <p class='ocr_par' dir='ltr' id='par_1_98' title="bbox 1896 3546 3651 3626">
     <span class='ocr_line' id='line_1_98' title="bbox 1896 3546 3651 3626; baseline 0.009 -27"><span class='ocrx_word' id='word_1_764' title='bbox 1896 3546 2262 3614; x_wconf 86' lang='lat' dir='ltr'><strong>hujuscemodi</strong></span> <span class='ocrx_word' id='word_1_765' title='bbox 2327 3554 2501 3609; x_wconf 91' lang='lat' dir='ltr'><strong>sunt,</strong></span> <span class='ocrx_word' id='word_1_766' title='bbox 2571 3560 2676 3600; x_wconf 93' lang='lat' dir='ltr'><strong>nou</strong></span> <span class='ocrx_word' id='word_1_767' title='bbox 2743 3547 3011 3603; x_wconf 78' lang='lat' dir='ltr'><strong>habitant</strong></span> <span class='ocrx_word' id='word_1_768' title='bbox 3077 3558 3281 3619; x_wconf 81' lang='lat' dir='ltr'><strong>apud</strong></span> <span class='ocrx_word' id='word_1_769' title='bbox 3357 3572 3651 3626; x_wconf 85' lang='lat' dir='ltr'><strong>puteum</strong></span> 
     </span>
    </p>
   </div>
   <div class='ocr_carea' id='block_1_99' title="bbox 1895 3635 3651 3723">
    <p class='ocr_par' dir='ltr' id='par_1_99' title="bbox 1895 3635 3651 3723">
     <span class='ocr_line' id='line_1_99' title="bbox 1895 3635 3651 3723; baseline 0.003 -33"><span class='ocrx_word' id='word_1_770' title='bbox 1895 3637 2136 3691; x_wconf 88' lang='lat' dir='ltr'><strong>visionis.</strong></span> <span class='ocrx_word' id='word_1_771' title='bbox 2162 3635 2273 3702; x_wconf 84' lang='lat' dir='ltr'><strong>Ego</strong></span> <span class='ocrx_word' id='word_1_772' title='bbox 2310 3643 2489 3687; x_wconf 91' lang='lat' dir='ltr'><strong>autem</strong></span> <span class='ocrx_word' id='word_1_773' title='bbox 2514 3650 2705 3689; x_wconf 88' lang='lat' dir='ltr'><strong>vereor</strong></span> <span class='ocrx_word' id='word_1_774' title='bbox 2741 3650 2812 3689; x_wconf 92' lang='lat' dir='ltr'><strong>ne</strong></span> <span class='ocrx_word' id='word_1_775' title='bbox 2840 3635 2996 3691; x_wconf 81' lang='lat' dir='ltr'><strong>forte</strong></span> <span class='ocrx_word' id='word_1_776' title='bbox 3054 3644 3185 3710; x_wconf 91' lang='lat' dir='ltr'><strong>qui</strong></span> <span class='ocrx_word' id='word_1_777' title='bbox 3266 3648 3371 3702; x_wconf 77' lang='lat' dir='ltr'><strong>ita</strong></span> <span class='ocrx_word' id='word_1_778' title='bbox 3422 3655 3651 3723; x_wconf 77' lang='lat' dir='ltr'><strong>negli-</strong></span> 
     </span>
    </p>
   </div>
   <div class='ocr_carea' id='block_1_100' title="bbox 1896 3724 3651 3803">
    <p class='ocr_par' dir='ltr' id='par_1_100' title="bbox 1896 3724 3651 3803">
     <span class='ocr_line' id='line_1_100' title="bbox 1896 3724 3651 3803; baseline 0.01 -24"><span class='ocrx_word' id='word_1_779' title='bbox 1896 3735 2083 3795; x_wconf 84' lang='lat' dir='ltr'><strong>gentes</strong></span> <span class='ocrx_word' id='word_1_780' title='bbox 2111 3732 2253 3786; x_wconf 86' lang='lat' dir='ltr'><strong>sunt,</strong></span> <span class='ocrx_word' id='word_1_781' title='bbox 2277 3724 2435 3777; x_wconf 88' lang='lat' dir='ltr'><strong>etiam</strong></span> <span class='ocrx_word' id='word_1_782' title='bbox 2467 3739 2599 3776; x_wconf 88' lang='lat' dir='ltr'><strong>cum</strong></span> <span class='ocrx_word' id='word_1_783' title='bbox 2621 3725 2687 3777; x_wconf 88' lang='lat' dir='ltr'><strong>ad</strong></span> <span class='ocrx_word' id='word_1_784' title='bbox 2726 3726 3045 3781; x_wconf 88' lang='lat' dir='ltr'><strong>ecclesiam</strong></span> <span class='ocrx_word' id='word_1_785' title='bbox 3112 3739 3473 3803; x_wconf 77' lang='lat' dir='ltr'><strong>veniunt,</strong></span> <span class='ocrx_word' id='word_1_786' title='bbox 3514 3758 3651 3797; x_wconf 90' lang='lat' dir='ltr'><strong>non</strong></span> 
     </span>
    </p>
   </div>
   <div class='ocr_carea' id='block_1_101' title="bbox 1895 3813 3653 3900">
    <p class='ocr_par' dir='ltr' id='par_1_101' title="bbox 1895 3813 3653 3900">
     <span class='ocr_line' id='line_1_101' title="bbox 1895 3813 3653 3900; baseline 0.005 -33"><span class='ocrx_word' id='word_1_787' title='bbox 1895 3816 2077 3868; x_wconf 83' lang='lat' dir='ltr'><strong>bibant</strong></span> <span class='ocrx_word' id='word_1_788' title='bbox 2103 3815 2168 3867; x_wconf 90' lang='lat' dir='ltr'><strong>de</strong></span> <span class='ocrx_word' id='word_1_789' title='bbox 2198 3823 2358 3880; x_wconf 88' lang='lat' dir='ltr'><strong>puteo</strong></span> <span class='ocrx_word' id='word_1_790' title='bbox 2392 3813 2534 3873; x_wconf 64' lang='lat' dir='ltr'><strong>vitae,</strong></span> <span class='ocrx_word' id='word_1_791' title='bbox 2578 3827 2677 3866; x_wconf 89' lang='lat' dir='ltr'><strong>nec</strong></span> <span class='ocrx_word' id='word_1_792' title='bbox 2717 3814 3096 3881; x_wconf 78' lang='lat' dir='ltr'><strong>reﬁciantur,</strong></span> <span class='ocrx_word' id='word_1_793' title='bbox 3160 3828 3296 3880; x_wconf 79' lang='lat' dir='ltr'><strong>scd</strong></span> <span class='ocrx_word' id='word_1_794' title='bbox 3337 3844 3653 3900; x_wconf 68' lang='lat' dir='ltr'><strong>occupa-</strong></span> 
     </span>
    </p>
   </div>
   <div class='ocr_carea' id='block_1_102' title="bbox 1899 3900 3653 3989">
    <p class='ocr_par' dir='ltr' id='par_1_102' title="bbox 1899 3900 3653 3989">
     <span class='ocr_line' id='line_1_102' title="bbox 1899 3900 3653 3989; baseline 0.012 -32"><span class='ocrx_word' id='word_1_795' title='bbox 1899 3902 2128 3957; x_wconf 87' lang='lat' dir='ltr'><strong>tionibus</strong></span> <span class='ocrx_word' id='word_1_796' title='bbox 2175 3909 2365 3955; x_wconf 90' lang='lat' dir='ltr'><strong>vacent</strong></span> <span class='ocrx_word' id='word_1_797' title='bbox 2410 3900 2586 3954; x_wconf 90' lang='lat' dir='ltr'><strong>cordis</strong></span> <span class='ocrx_word' id='word_1_798' title='bbox 2627 3903 2710 3955; x_wconf 91' lang='lat' dir='ltr'><strong>sui</strong></span> <span class='ocrx_word' id='word_1_799' title='bbox 2759 3913 2816 3958; x_wconf 89' lang='lat' dir='ltr'><strong>et</strong></span> <span class='ocrx_word' id='word_1_800' title='bbox 2861 3906 3431 3973; x_wconf 84' lang='lat' dir='ltr'><strong>cogitationibus</strong></span> <span class='ocrx_word' id='word_1_801' title='bbox 3472 3937 3653 3989; x_wconf 81' lang='lat' dir='ltr'><strong>quas</strong></span> 
     </span>
    </p>
   </div>
   <div class='ocr_carea' id='block_1_103' title="bbox 1897 3993 3653 4071">
    <p class='ocr_par' dir='ltr' id='par_1_103' title="bbox 1897 3993 3653 4071">
     <span class='ocr_line' id='line_1_103' title="bbox 1897 3993 3653 4071; baseline 0.014 -22"><span class='ocrx_word' id='word_1_802' title='bbox 1897 4010 2073 4050; x_wconf 92' lang='lat' dir='ltr'><strong>secum</strong></span> <span class='ocrx_word' id='word_1_803' title='bbox 2105 3994 2370 4057; x_wconf 80' lang='lat' dir='ltr'><strong>deferunt,</strong></span> <span class='ocrx_word' id='word_1_804' title='bbox 2412 4003 2466 4046; x_wconf 91' lang='lat' dir='ltr'><strong>et</strong></span> <span class='ocrx_word' id='word_1_805' title='bbox 2507 3993 2791 4049; x_wconf 85' lang='lat' dir='ltr'><strong>discedant</strong></span> <span class='ocrx_word' id='word_1_806' title='bbox 2816 3998 3270 4063; x_wconf 87' lang='lat' dir='ltr'><strong>nihilominus</strong></span> <span class='ocrx_word' id='word_1_807' title='bbox 3312 4013 3409 4068; x_wconf 82' lang='lat' dir='ltr'><strong>ab</strong></span> <span class='ocrx_word' id='word_1_808' title='bbox 3450 4014 3653 4071; x_wconf 80' lang='lat' dir='ltr'><strong>Scri-</strong></span> 
     </span>
    </p>
   </div>
   <div class='ocr_carea' id='block_1_104' title="bbox 1902 4083 3657 4169">
    <p class='ocr_par' dir='ltr' id='par_1_104' title="bbox 1902 4083 3657 4169">
     <span class='ocr_line' id='line_1_104' title="bbox 1902 4083 3657 4169; baseline 0.015 -34"><span class='ocrx_word' id='word_1_809' title='bbox 1902 4093 2183 4151; x_wconf 84' lang='lat' dir='ltr'><strong>pturarum</strong></span> <span class='ocrx_word' id='word_1_810' title='bbox 2228 4084 2404 4147; x_wconf 88' lang='lat' dir='ltr'><strong>puteis</strong></span> <span class='ocrx_word' id='word_1_811' title='bbox 2436 4083 2706 4137; x_wconf 88' lang='lat' dir='ltr'><strong>sitientes.</strong></span> <span class='ocrx_word' id='word_1_812' title='bbox 2751 4083 3063 4143; x_wconf 86' lang='lat' dir='ltr'><strong>Festinate</strong></span> <span class='ocrx_word' id='word_1_813' title='bbox 3134 4109 3325 4166; x_wconf 76' lang='lat' dir='ltr'><strong>ergo</strong></span> <span class='ocrx_word' id='word_1_814' title='bbox 3388 4118 3552 4169; x_wconf 76' lang='lat' dir='ltr'><strong>vos,</strong></span> <span class='ocrx_word' id='word_1_815' title='bbox 3585 4116 3657 4160; x_wconf 86' lang='lat' dir='ltr'><strong>et</strong></span> 
     </span>
    </p>
   </div>
   <div class='ocr_carea' id='block_1_105' title="bbox 1900 4170 3654 4249">
    <p class='ocr_par' dir='ltr' id='par_1_105' title="bbox 1900 4170 3654 4249">
     <span class='ocr_line' id='line_1_105' title="bbox 1900 4170 3654 4249; baseline 0.025 -41"><span class='ocrx_word' id='word_1_816' title='bbox 1900 4171 2031 4225; x_wconf 50' lang='lat' dir='ltr'><strong>satis</strong></span> <span class='ocrx_word' id='word_1_817' title='bbox 2083 4170 2269 4236; x_wconf 74' lang='lat' dir='ltr'><strong>agite,</strong></span> <span class='ocrx_word' id='word_1_818' title='bbox 2329 4177 2386 4221; x_wconf 92' lang='lat' dir='ltr'><strong>ut</strong></span> <span class='ocrx_word' id='word_1_819' title='bbox 2442 4170 2547 4222; x_wconf 90' lang='lat' dir='ltr'><strong>ista</strong></span> <span class='ocrx_word' id='word_1_820' title='bbox 2596 4170 2661 4223; x_wconf 89' lang='lat' dir='ltr'><strong>ad</strong></span> <span class='ocrx_word' id='word_1_821' title='bbox 2712 4184 2814 4225; x_wconf 90' lang='lat' dir='ltr'><strong>vos</strong></span> <span class='ocrx_word' id='word_1_822' title='bbox 2875 4172 3140 4233; x_wconf 84' lang='lat' dir='ltr'><strong>Domini</strong></span> <span class='ocrx_word' id='word_1_823' title='bbox 3231 4185 3654 4249; x_wconf 85' lang='lat' dir='ltr'><strong>benedictio</strong></span> 
     </span>
    </p>
   </div>
   <div class='ocr_carea' id='block_1_106' title="bbox 1905 4253 3653 4343">
    <p class='ocr_par' dir='ltr' id='par_1_106' title="bbox 1905 4253 3653 4343">
     <span class='ocr_line' id='line_1_106' title="bbox 1905 4253 3653 4343; baseline 0.017 -36"><span class='ocrx_word' id='word_1_824' title='bbox 1905 4258 2100 4319; x_wconf 81' lang='lat' dir='ltr'><strong>veniat,</strong></span> <span class='ocrx_word' id='word_1_825' title='bbox 2123 4270 2226 4322; x_wconf 87' lang='lat' dir='ltr'><strong>qua</strong></span> <span class='ocrx_word' id='word_1_826' title='bbox 2254 4253 2391 4321; x_wconf 91' lang='lat' dir='ltr'><strong>apud</strong></span> <span class='ocrx_word' id='word_1_827' title='bbox 2415 4264 2632 4321; x_wconf 87' lang='lat' dir='ltr'><strong>puteum</strong></span> <span class='ocrx_word' id='word_1_828' title='bbox 2655 4255 2887 4310; x_wconf 87' lang='lat' dir='ltr'><strong>visionis</strong></span> <span class='ocrx_word' id='word_1_829' title='bbox 2925 4260 3267 4326; x_wconf 77' lang='lat' dir='ltr'><strong>habitare</strong></span> <span class='ocrx_word' id='word_1_830' title='bbox 3321 4281 3653 4343; x_wconf 78' lang='lat' dir='ltr'><strong>pqssitis.</strong></span> 
     </span>
    </p>
   </div>
   <div class='ocr_carea' id='block_1_107' title="bbox 1899 4343 3660 4427">
    <p class='ocr_par' dir='ltr' id='par_1_107' title="bbox 1899 4343 3660 4427">
     <span class='ocr_line' id='line_1_107' title="bbox 1899 4343 3660 4427; baseline 0.01 -29"><span class='ocrx_word' id='word_1_831' title='bbox 1899 4354 1957 4399; x_wconf 87' lang='lat' dir='ltr'><strong>ut</strong></span> <span class='ocrx_word' id='word_1_832' title='bbox 2019 4345 2226 4412; x_wconf 86' lang='lat' dir='ltr'><strong>aperiat</strong></span> <span class='ocrx_word' id='word_1_833' title='bbox 2271 4344 2524 4397; x_wconf 86' lang='lat' dir='ltr'><strong>Dominus</strong></span> <span class='ocrx_word' id='word_1_834' title='bbox 2579 4343 2768 4398; x_wconf 92' lang='lat' dir='ltr'><strong>oculos</strong></span> <span class='ocrx_word' id='word_1_835' title='bbox 2822 4355 3062 4403; x_wconf 89' lang='lat' dir='ltr'><strong>vestros</strong></span> <span class='ocrx_word' id='word_1_836' title='bbox 3098 4392 3121 4417; x_wconf 85' lang='lat'><strong>,</strong></span> <span class='ocrx_word' id='word_1_837' title='bbox 3198 4369 3280 4412; x_wconf 71' lang='lat' dir='ltr'><strong>et</strong></span> <span class='ocrx_word' id='word_1_838' title='bbox 3348 4365 3660 4427; x_wconf 59' lang='lat' dir='ltr'><strong>videaris</strong></span> 
     </span>
    </p>
   </div>
   <div class='ocr_carea' id='block_1_108' title="bbox 1899 4432 3655 4523">
    <p class='ocr_par' dir='ltr' id='par_1_108' title="bbox 1899 4432 3655 4523">
     <span class='ocr_line' id='line_1_108' title="bbox 1899 4432 3655 4523; baseline 0.017 -39"><span class='ocrx_word' id='word_1_839' title='bbox 1899 4443 2111 4502; x_wconf 89' lang='lat' dir='ltr'><strong>puteum</strong></span> <span class='ocrx_word' id='word_1_840' title='bbox 2136 4432 2378 4495; x_wconf 85' lang='lat' dir='ltr'><strong>visionis,</strong></span> <span class='ocrx_word' id='word_1_841' title='bbox 2410 4439 2466 4485; x_wconf 88' lang='lat' dir='ltr'><strong>et</strong></span> <span class='ocrx_word' id='word_1_842' title='bbox 2496 4432 2808 4499; x_wconf 89' lang='lat' dir='ltr'><strong>percipiatis</strong></span> <span class='ocrx_word' id='word_1_843' title='bbox 2827 4448 2894 4487; x_wconf 81' lang='lat' dir='ltr'><strong>ex</strong></span> <span class='ocrx_word' id='word_1_844' title='bbox 2939 4449 3014 4489; x_wconf 89' lang='lat' dir='ltr'><strong>eo</strong></span> <span class='ocrx_word' id='word_1_845' title='bbox 3060 4456 3345 4512; x_wconf 75' lang='lat' dir='ltr'><strong>aquam</strong></span> <span class='ocrx_word' id='word_1_846' title='bbox 3384 4457 3655 4523; x_wconf 77' lang='lat' dir='ltr'><strong>vivam,</strong></span> 
     </span>
    </p>
   </div>
   <div class='ocr_carea' id='block_1_109' title="bbox 1900 4519 3659 4605">
    <p class='ocr_par' dir='ltr' id='par_1_109' title="bbox 1900 4519 3659 4605">
     <span class='ocr_line' id='line_1_109' title="bbox 1900 4519 3659 4605; baseline 0.019 -30"><span class='ocrx_word' id='word_1_847' title='bbox 1900 4537 2017 4591; x_wconf 73' lang='lat' dir='ltr'><strong>qua:</strong></span> <span class='ocrx_word' id='word_1_848' title='bbox 2043 4520 2134 4576; x_wconf 79' lang='lat' dir='ltr'><strong>(lat</strong></span> <span class='ocrx_word' id='word_1_849' title='bbox 2162 4522 2212 4574; x_wconf 88' lang='lat' dir='ltr'><strong>in</strong></span> <span class='ocrx_word' id='word_1_850' title='bbox 2235 4521 2386 4575; x_wconf 87' lang='lat' dir='ltr'><strong>vobis</strong></span> <span class='ocrx_word' id='word_1_851' title='bbox 2407 4519 2524 4574; x_wconf 85' lang='lat' dir='ltr'><strong>fons</strong></span> <span class='ocrx_word' id='word_1_852' title='bbox 2550 4535 2704 4589; x_wconf 77' lang='lat' dir='ltr'><strong>aqua:</strong></span> <span class='ocrx_word' id='word_1_853' title='bbox 2745 4522 3000 4579; x_wconf 88' lang='lat' dir='ltr'><strong>salientis</strong></span> <span class='ocrx_word' id='word_1_854' title='bbox 3039 4528 3118 4584; x_wconf 89' lang='lat' dir='ltr'><strong>in</strong></span> <span class='ocrx_word' id='word_1_855' title='bbox 3167 4538 3407 4597; x_wconf 81' lang='lat' dir='ltr'><strong>vitam</strong></span> <span class='ocrx_word' id='word_1_856' title='bbox 3441 4519 3659 4605; x_wconf 57' lang='lat' dir='ltr'><strong>mter;</strong></span> 
     </span>
    </p>
   </div>
   <div class='ocr_carea' id='block_1_110' title="bbox 1901 4608 3629 4695">
    <p class='ocr_par' dir='ltr' id='par_1_110' title="bbox 1901 4608 3629 4695">
     <span class='ocr_line' id='line_1_110' title="bbox 1901 4608 3629 4695; baseline 0.002 -32"><span class='ocrx_word' id='word_1_857' title='bbox 1901 4625 2025 4663; x_wconf 87' lang='lat' dir='ltr'><strong>nam</strong></span> <span class='ocrx_word' id='word_1_858' title='bbox 2056 4610 2123 4661; x_wconf 81' lang='grc'><strong>⁶¹.</strong></span> <span class='ocrx_word' id='word_1_859' title='bbox 2171 4608 2370 4674; x_wconf 89' lang='lat' dir='ltr'><strong>Siquis</strong></span> <span class='ocrx_word' id='word_1_860' title='bbox 2420 4618 2598 4662; x_wconf 86' lang='lat' dir='ltr'><strong>autem</strong></span> <span class='ocrx_word' id='word_1_861' title='bbox 2636 4623 2761 4662; x_wconf 91' lang='lat' dir='ltr'><strong>raro</strong></span> <span class='ocrx_word' id='word_1_862' title='bbox 2818 4612 2887 4665; x_wconf 88' lang='lat' dir='ltr'><strong>ad</strong></span> <span class='ocrx_word' id='word_1_863' title='bbox 2931 4618 3328 4686; x_wconf 72' lang='lat' dir='ltr'><strong>ecclesiam</strong></span> <span class='ocrx_word' id='word_1_864' title='bbox 3385 4643 3629 4695; x_wconf 50' lang='lat' dir='ltr'><strong>veniat</strong></span> 
     </span>
    </p>
   </div>
   <div class='ocr_carea' id='block_1_111' title="bbox 1904 4690 3662 4800">
    <p class='ocr_par' dir='ltr' id='par_1_111' title="bbox 1904 4690 3662 4800">
     <span class='ocr_line' id='line_1_111' title="bbox 1904 4690 3662 4800; baseline 0.016 -51"><span class='ocrx_word' id='word_1_865' title='bbox 1904 4712 2026 4750; x_wconf 92' lang='lat' dir='ltr'><strong>raro</strong></span> <span class='ocrx_word' id='word_1_866' title='bbox 2068 4697 2134 4750; x_wconf 88' lang='lat' dir='ltr'><strong>de</strong></span> <span class='ocrx_word' id='word_1_867' title='bbox 2174 4696 2574 4765; x_wconf 86' lang='lat' dir='ltr'><strong>Scripturarum</strong></span> <span class='ocrx_word' id='word_1_868' title='bbox 2628 4696 2876 4754; x_wconf 86' lang='lat' dir='ltr'><strong>t‘untibus</strong></span> <span class='ocrx_word' id='word_1_869' title='bbox 2916 4701 3203 4767; x_wconf 80' lang='lat' dir='ltr'><strong>hauriat</strong></span> <span class='ocrx_word' id='word_1_870' title='bbox 3239 4757 3263 4781; x_wconf 84' lang='lat'><strong>,</strong></span> <span class='ocrx_word' id='word_1_871' title='bbox 3356 4690 3662 4800; x_wconf 38' lang='lat' dir='ltr'><strong>cingi—1;;</strong></span> 
     </span>
    </p>
   </div>
   <div class='ocr_carea' id='block_1_112' title="bbox 1901 4786 3663 4888">
    <p class='ocr_par' dir='ltr' id='par_1_112' title="bbox 1901 4786 3663 4888">
     <span class='ocr_line' id='line_1_112' title="bbox 1901 4786 3663 4888; baseline 0.024 -50"><span class='ocrx_word' id='word_1_872' title='bbox 1901 4787 2069 4848; x_wconf 89' lang='lat' dir='ltr'><strong>audit,</strong></span> <span class='ocrx_word' id='word_1_873' title='bbox 2097 4787 2352 4840; x_wconf 91' lang='lat' dir='ltr'><strong>continuo</strong></span> <span class='ocrx_word' id='word_1_874' title='bbox 2374 4786 2697 4888; x_wconf 78' lang='lat' dir='ltr'><strong>discedens,</strong></span> <span class='ocrx_word' id='word_1_875' title='bbox 2735 4796 2790 4840; x_wconf 90' lang='lat' dir='ltr'><strong>et</strong></span> <span class='ocrx_word' id='word_1_876' title='bbox 2818 4788 2944 4841; x_wconf 83' lang='lat' dir='ltr'><strong>aliis</strong></span> <span class='ocrx_word' id='word_1_877' title='bbox 2977 4805 3303 4865; x_wconf 77' lang='lat' dir='ltr'><strong>negotiis</strong></span> <span class='ocrx_word' id='word_1_878' title='bbox 3340 4786 3663 4888; x_wconf 47' lang='lat' dir='ltr'><strong>occa-pa:-</strong></span> 
     </span>
    </p>
   </div>
   <div class='ocr_carea' id='block_1_113' title="bbox 1902 4874 3655 4966">
    <p class='ocr_par' dir='ltr' id='par_1_113' title="bbox 1902 4874 3655 4966">
     <span class='ocr_line' id='line_1_113' title="bbox 1902 4874 3655 4966; baseline 0.013 -38"><span class='ocrx_word' id='word_1_879' title='bbox 1902 4885 1985 4929; x_wconf 91' lang='lat' dir='ltr'><strong>tus</strong></span> <span class='ocrx_word' id='word_1_880' title='bbox 2011 4877 2246 4939; x_wconf 84' lang='lat' dir='ltr'><strong>omittat,</strong></span> <span class='ocrx_word' id='word_1_881' title='bbox 2272 4874 2358 4928; x_wconf 90' lang='lat' dir='ltr'><strong>hic</strong></span> <span class='ocrx_word' id='word_1_882' title='bbox 2403 4889 2508 4927; x_wconf 91' lang='lat' dir='ltr'><strong>non</strong></span> <span class='ocrx_word' id='word_1_883' title='bbox 2544 4875 2762 4931; x_wconf 86' lang='lat' dir='ltr'><strong>habitat</strong></span> <span class='ocrx_word' id='word_1_884' title='bbox 2791 4880 2935 4944; x_wconf 91' lang='lat' dir='ltr'><strong>apud</strong></span> <span class='ocrx_word' id='word_1_885' title='bbox 2967 4895 3275 4949; x_wconf 75' lang='lat' dir='ltr'><strong>pilleum</strong></span> <span class='ocrx_word' id='word_1_886' title='bbox 3320 4874 3655 4966; x_wconf 67' lang='grc' dir='ltr'><strong>νίεῑοιίίει,</strong></span> 
     </span>
    </p>
   </div>
   <div class='ocr_carea' id='block_1_114' title="bbox 1901 4962 3655 5055">
    <p class='ocr_par' dir='ltr' id='par_1_114' title="bbox 1901 4962 3655 5055">
     <span class='ocr_line' id='line_1_114' title="bbox 1901 4962 3655 5055; baseline -0.023 -38"><span class='ocrx_word' id='word_1_887' title='bbox 1901 4962 1994 5017; x_wconf 77' lang='lat' dir='ltr'><strong>Vis</strong></span> <span class='ocrx_word' id='word_1_888' title='bbox 2018 4963 2109 5016; x_wconf 89' lang='lat' dir='ltr'><strong>tibi</strong></span> <span class='ocrx_word' id='word_1_889' title='bbox 2137 4962 2560 5034; x_wconf 82' lang='lat' dir='ltr'><strong>ostendamquis</strong></span> <span class='ocrx_word' id='word_1_890' title='bbox 2590 4973 2691 5039; x_wconf 68' lang='lat' dir='ltr'><strong>est,</strong></span> <span class='ocrx_word' id='word_1_891' title='bbox 2737 4966 2834 5033; x_wconf 69' lang='lat' dir='ltr'><strong>qui</strong></span> <span class='ocrx_word' id='word_1_892' title='bbox 2874 4982 3227 5040; x_wconf 60' lang='lat' dir='ltr'><strong>umquam</strong></span> <span class='ocrx_word' id='word_1_893' title='bbox 3291 4962 3655 5055; x_wconf 33' lang='lat' dir='ltr'><strong>recedi;</strong></span> 
     </span>
    </p>
   </div>
   <div class='ocr_carea' id='block_1_115' title="bbox 1901 5049 3658 5144">
    <p class='ocr_par' dir='ltr' id='par_1_115' title="bbox 1901 5049 3658 5144">
     <span class='ocr_line' id='line_1_115' title="bbox 1901 5049 3658 5144; baseline 0.011 -42"><span class='ocrx_word' id='word_1_894' title='bbox 1901 5059 2062 5120; x_wconf 89' lang='lat' dir='ltr'><strong>puteo</strong></span> <span class='ocrx_word' id='word_1_895' title='bbox 2091 5049 2356 5103; x_wconf 86' lang='lat' dir='ltr'><strong>visionis?</strong></span> <span class='ocrx_word' id='word_1_896' title='bbox 2392 5049 2686 5117; x_wconf 87' lang='lat' dir='ltr'><strong>Apostolus</strong></span> <span class='ocrx_word' id='word_1_897' title='bbox 2725 5053 2958 5119; x_wconf 83' lang='lat' dir='ltr'><strong>Paulus,</strong></span> <span class='ocrx_word' id='word_1_898' title='bbox 3008 5065 3136 5127; x_wconf 80' lang='lat' dir='ltr'><strong>qui</strong></span> <span class='ocrx_word' id='word_1_899' title='bbox 3190 5049 3658 5144; x_wconf 26' lang='lat' dir='ltr'><strong>dicebatis};</strong></span> 
     </span>
    </p>
   </div>
   <div class='ocr_carea' id='block_1_116' title="bbox 3136 5178 3660 5271">
    <p class='ocr_par' dir='ltr' id='par_1_116' title="bbox 3136 5178 3660 5271">
     <span class='ocr_line' id='line_1_116' title="bbox 3136 5178 3660 5271; baseline 0.017 -28"><span class='ocrx_word' id='word_1_900' title='bbox 3136 5178 3206 5215; x_wconf 76' lang='grc'><strong>⁸⁹</strong></span> <span class='ocrx_word' id='word_1_901' title='bbox 3246 5186 3276 5241; x_wconf 85' lang='grc' dir='ltr'><strong>Ι</strong></span> <span class='ocrx_word' id='word_1_902' title='bbox 3305 5188 3660 5271; x_wconf 58' lang='grc' dir='ltr'><strong>Ρθιινη,</strong></span> 
     </span>
    </p>
   </div>
   <div class='ocr_carea' id='block_1_117' title="bbox 1978 5357 3152 5437">
    <p class='ocr_par' dir='ltr' id='par_1_117' title="bbox 1978 5357 3152 5437">
     <span class='ocr_line' id='line_1_117' title="bbox 1978 5357 3152 5437; baseline 0.02 -33"><span class='ocrx_word' id='word_1_903' title='bbox 1978 5357 2087 5429; x_wconf 80' lang='grc'><strong>(78)</strong></span> <span class='ocrx_word' id='word_1_904' title='bbox 2149 5357 2238 5411; x_wconf 86' lang='lat' dir='ltr'><strong>Sic</strong></span> <span class='ocrx_word' id='word_1_905' title='bbox 2267 5357 2633 5437; x_wconf 18' lang='lat' dir='ltr'><strong>Amss.._Alias.</strong></span> <span class='ocrx_word' id='word_1_906' title='bbox 2694 5361 3100 5432; x_wconf 78' lang='lat' dir='ltr'><strong>deprehendas.</strong></span> <span class='ocrx_word' id='word_1_907' title='bbox 3130 5415 3152 5430; x_wconf 91' lang='lat'><strong>.</strong></span> 
     </span>
    </p>
   </div>
   <div class='ocr_carea' id='block_1_118' title="bbox 1912 5434 2615 5491">
    <p class='ocr_par' dir='ltr' id='par_1_118' title="bbox 1912 5434 2615 5491">
     <span class='ocr_line' id='line_1_118' title="bbox 1912 5434 2615 5491; baseline -0.004 -9"><span class='ocrx_word' id='word_1_908' title='bbox 1912 5439 2104 5488; x_wconf 78' lang='lat' dir='ltr'><strong>tempus</strong></span> <span class='ocrx_word' id='word_1_909' title='bbox 2150 5434 2615 5491; x_wconf 74' lang='lat' dir='ltr'><strong>prmlermittenles.</strong></span> 
     </span>
    </p>
   </div>
   <div class='ocr_carea' id='block_1_119' title="bbox 1982 5488 2960 5570">
    <p class='ocr_par' dir='ltr' id='par_1_119' title="bbox 1982 5488 2960 5570">
     <span class='ocr_line' id='line_1_119' title="bbox 1982 5488 2960 5570; baseline 0.018 -31"><span class='ocrx_word' id='word_1_910' title='bbox 1982 5495 2118 5562; x_wconf 87' lang='lat'><strong>(79)</strong></span> <span class='ocrx_word' id='word_1_911' title='bbox 2152 5488 2359 5570; x_wconf 55' lang='lat' dir='ltr'><strong>&quot;Alias,</strong></span> <span class='ocrx_word' id='word_1_912' title='bbox 2401 5494 2608 5547; x_wconf 81' lang='lat' dir='ltr'><strong>assideo</strong></span> <span class='ocrx_word' id='word_1_913' title='bbox 2675 5506 2848 5555; x_wconf 83' lang='lat' dir='ltr'><strong>tamen</strong></span> <span class='ocrx_word' id='word_1_914' title='bbox 2903 5502 2960 5556; x_wconf 82' lang='lat' dir='ltr'><strong>in</strong></span> 
     </span>
    </p>
   </div>
   <div class='ocr_carea' id='block_1_120' title="bbox 1920 5568 2630 5618">
    <p class='ocr_par' dir='ltr' id='par_1_120' title="bbox 1920 5568 2630 5618">
     <span class='ocr_line' id='line_1_120' title="bbox 1920 5568 2630 5618; baseline 0.001 -2"><span class='ocrx_word' id='word_1_915' title='bbox 1920 5578 2046 5618; x_wconf 87' lang='lat' dir='ltr'><strong>mss.</strong></span> <span class='ocrx_word' id='word_1_916' title='bbox 2081 5575 2137 5614; x_wconf 90' lang='lat' dir='ltr'><strong>ttt</strong></span> <span class='ocrx_word' id='word_1_917' title='bbox 2166 5568 2215 5611; x_wconf 84' lang='lat' dir='ltr'><strong>in</strong></span> <span class='ocrx_word' id='word_1_918' title='bbox 2247 5568 2432 5613; x_wconf 87' lang='lat' dir='ltr'><strong>nostro</strong></span> <span class='ocrx_word' id='word_1_919' title='bbox 2463 5570 2630 5618; x_wconf 75' lang='lat' dir='ltr'><strong>textu.</strong></span> 
     </span>
    </p>
   </div>
   <div class='ocr_carea' id='block_1_121' title="bbox 3183 5387 3661 5454">
    <p class='ocr_par' dir='ltr' id='par_1_121' title="bbox 3183 5387 3661 5454">
     <span class='ocr_line' id='line_1_121' title="bbox 3183 5387 3661 5454; baseline 0.029 -13"><span class='ocrx_word' id='word_1_920' title='bbox 3183 5417 3254 5438; x_wconf 77' lang='grc' dir='ltr'><strong>ο.</strong></span> <span class='ocrx_word' id='word_1_921' title='bbox 3297 5387 3383 5442; x_wconf 67' lang='lat' dir='ltr'><strong>in</strong></span> <span class='ocrx_word' id='word_1_922' title='bbox 3454 5396 3661 5454; x_wconf 60' lang='lat' dir='ltr'><strong>aliud</strong></span> 
     </span>
    </p>
   </div>
   <div class='ocr_carea' id='block_1_122' title="bbox 3014 5507 3659 5593">
    <p class='ocr_par' dir='ltr' id='par_1_122' title="bbox 3014 5507 3659 5593">
     <span class='ocr_line' id='line_1_122' title="bbox 3014 5507 3659 5593; baseline 0.02 -12"><span class='ocrx_word' id='word_1_923' title='bbox 3014 5507 3436 5587; x_wconf 65' lang='lat' dir='ltr'><strong>Scriptum.</strong></span> <span class='ocrx_word' id='word_1_924' title='bbox 3513 5535 3659 5593; x_wconf 77' lang='lat' dir='ltr'><strong>Sed</strong></span> 
     </span>
    </p>
   </div>
  </div>
