3922 6232
265 310 377 368 ΞΞΞ

279 423 393 477 Nos
440 419 585 471 auten:
623 399 781 452 om!m
826 370 1060 430 “iam”
1091 377 1290 476 .f‘wie
1358 401 1640 470 gloriam
1695 421 1899 473 Domini

655 483 714 537 Et
764 480 810 524 ίυ
853 476 986 564 ετῆθ
1058 478 1109 517 s‘
1169 484 1454 552 semper
1513 509 1901 568 perscruteris

272 506 594 577 speculamur.
657 506 714 577 _"'_‘
765 506 952 577 ‘1‘":

655 572 857 627 isioncso
908 568 959 607 3‘
992 567 1262 661 femi»?
1320 567 1625 649 inquiras
1646 633 1660 652 ,
1691 608 1902 661 semper

274 595 598 667 ιπονίιειῑοθε
625 595 857 667 ν¹⁵¹ἶ”““ῗ⁷’
880 595 965 667 ﬂ:
980 595 1151 667 ..ζ’ῖζῖῗὲ

277 646 486 738 δὶεέθτθ
521 646 1196 746 cupias,hamum-ednel‘is
1222 696 1242 720 ς
1295 663 1365 720 ill
1425 673 1505 730 iis
1550 694 1899 746 permaneas,

281 775 516 842 percipis
541 737 594 822 ρι’
618 772 665 815 tu
689 737 1134 843 ὶιέηθξηθξξφξξηξ
1187 759 1226 800 3
1251 751 1560 843 Domino,
1596 780 1651 821 et
1693 772 1898 824 habitas

282 829 879 928 apud'puteutuvisiou'ts-
914 829 987 883 Εῐ
1013 830 1126 932 libi
1155 841 1340 932 enim
1381 860 1693 921 apparebit
1727 860 1901 911 Domi-

287 925 396 1001 nus
423 925 570 1001 Iesus
591 947 636 998 in
659 935 732 990 via
759 968 772 990 ν
797 931 848 976 εί
869 925 1102 990 aperiet
1131 925 1246 983 libi
1285 935 1662 1010 Scripturas,
1719 949 1790 1000 ita
1842 959 1899 1000 ut

288 1037 452 1090 dicas
497 1036 545 1066 ⁸³
570 1052 582 1086 ε
607 1031 762 1086 Nonne
795 1027 879 1066 σοι’
909 1026 1188 1071 ηοδίτιιηι
1235 1029 1456 1085 ardens
1509 1045 1623 1088 erat
1653 1038 1702 1089 in
1734 1038 1896 1101 nobis,

291 1143 416 1178 cum
447 1127 654 1190 aperiret
680 1111 805 1170 nobis
835 1105 1181 1171 Scriptura;
1205 1115 1231 1166 τ’
1268 1119 1528 1189 Apparet
1583 1137 1756 1179 autem
1791 1128 1893 1190 his,

291 1214 391 1279 qui
429 1215 500 1265 de
531 1213 636 1279 ipso
656 1203 896 1274 cogitant.
925 1205 990 1249 εὶ
1024 1199 1088 1251 in
1127 1202 1269 1271 ipso
1321 1214 1692 1274 meditantur,
1737 1223 1896 1280 atque

292 1301 348 1353 in
383 1301 514 1368 lege
549 1302 653 1368 ejus
700 1296 773 1351 die
801 1301 855 1342 ac
894 1298 1073 1343 nocte
1108 1307 1455 1353 versantur.
1497 1301 1602 1370 lpsi
1648 1302 1811 1370 gloria
1844 1311 1897 1354 et

294 1387 606 1456 imperium
630 1390 677 1442 in
703 1379 874 1440 sucula
902 1379 1300 1439 surculorum.
1331 1390 1529 1444 Amen.

855 1511 1162 1570 llOMlLlA
1208 1520 1335 1577 XII.

643 1632 710 1683 De
735 1635 966 1691 conceptu
1013 1624 1286 1684 Rebecca:
1329 1641 1378 1685 et
1409 1643 1584 1700 partu.

1519 297 1603 351 ΙΝ
1649 307 1947 363 GENESIM
1983 305 2256 361 llOlllLlA
2295 300 2412 358 XII.

3441 314 3548 368 226

1929 431 1971 485 Α
2005 421 2142 472 Abiit
2179 419 2407 472 Rebecca
2436 401 2780 498 ἷηῘεξνθθανε
2801 415 2870 468 ad
2909 419 3192 476 Dominum.
3224 422 3380 476 Abiit.
3425 423 3543 488 Quo

1997 510 2167 563 abiit?
2189 508 2263 561 Ex
2293 522 2357 561 eo
2395 505 2524 557 loco
2581 499 2632 540 '"
2669 507 2774 562 quo
2816 521 2918 559 non
2948 503 3056 562 erat
3092 512 3335 565 Dominus
3359 552 3373 576 ,
3406 513 3537 564 abiit

1998 601 2061 651 ad
2096 614 2213 652 eum
2246 601 2415 650 locutn
2449 593 2504 643 iu
2535 595 2646 653 (1υο
2675 595 2830 646 crat?
2857 597 2962 649 lloc
2989 599 3126 650 enim
3162 601 3368 652 videtur
3396 600 3535 652 indi-

1998 701 2118 739 care
2164 703 2281 739 cum
2339 685 2545 738 dicitur
2603 689 2617 727 τ
2681 682 2820 735 Abiit
2875 686 3188 752 interrogare
3239 687 3531 740 Dominum.

1999 773 2182 826 Nonne
2237 774 2430 840 ubique
2490 778 2576 824 est
2637 768 2824 826 Deus?
2879 773 3059 827 Nonne
3115 774 3224 840 ipse
3263 774 3395 827 dixit
3437 774 3530 827 ":

1996 861 2188 915 Cwlum
2232 873 2279 914 et
2324 873 2516 915 terram
2546 860 2716 926 repleo
2737 902 2750 924 ,
2783 863 2905 914 dicit
2935 863 3177 914 Dominus
3203 862 3227 913 2
3261 861 3373 925 Quo
3403 875 3530 928 ergo

1997 951 2126 1002 abiit
2152 950 2427 1003 Rebecca?
2456 951 2566 1015 Ego
2595 957 2720 1016 puto
2746 953 2884 1016 quod
2908 965 3010 1002 non
3043 951 3107 1001 de
3133 949 3247 1001 loco
3271 953 3333 1000 ad
3357 949 3528 1001 locum

1996 1034 2206 1096 abierit,
2237 1037 2327 1088 sed
2363 1037 2427 1088 de
2449 1037 2556 1087 vita
2584 1036 2646 1086 ad
2681 1037 2864 1100 vitam,
2910 1037 2974 1088 de
3005 1047 3122 1087 actu
3154 1036 3218 1088 ad
3245 1043 3438 1097 actum,
3467 1036 3532 1090 de

1997 1125 2148 1176 bonis
2181 1126 2244 1176 ad
2291 1125 2506 1176 meliora
2542 1125 2829 1182 transierit.
2879 1125 2945 1176 de
2974 1124 3190 1175 utilibus
3218 1124 3280 1176 ad
3318 1123 3530 1176 utiliora

1995 1213 2311 1279 porrexerit,
2365 1215 2429 1264 de
2474 1214 2676 1265 sanctis
2721 1215 2784 1265 ad
2828 1215 3095 1266 sanctiora
3138 1213 3528 1280 properaverit.

1994 1300 2294 1351 Absurdum
2351 1314 2578 1364 namque
2625 1308 2706 1351 est
2735 1300 2776 1351 si
2819 1300 2892 1350 ita
2943 1309 3185 1366 putemus
3233 1300 3528 1366 imperitam

1994 1387 2153 1439 fuisse
2171 1387 2469 1439 Reheccam
2494 1397 2543 1438 et
2571 1387 2860 1448 indoctam,
2883 1403 3000 1454 qua:
3023 1389 3073 1439 in
3099 1389 3254 1440 domo
3277 1391 3530 1454 sapientis

1991 1475 2220 1528 Abrahm
2246 1478 2344 1529 sub
2363 1479 2479 1529 viro
2502 1477 2864 1531 eruditissimo
2891 1476 3034 1530 Isaac
3062 1479 3235 1530 fuerat
3259 1481 3528 1544 instituta,

1994 1573 2051 1615 ut
2085 1567 2223 1617 intra
2266 1566 2495 1633 aliquem
2545 1567 2713 1618 locum
2771 1567 3049 1619 Dominum
3096 1569 3363 1634 putaverit
3411 1584 3528 1622 esse

1996 1653 2322 1716 conclusum,
2353 1665 2405 1705 ct
2439 1654 2560 1706 illuc
2591 1655 2691 1706 iret
2733 1655 3084 1722 interrogare,
3127 1657 3252 1722 quid
3280 1657 3527 1722 parvulo-

374 1738 432 1790 l.
481 1738 600 1792 Per
652 1739 868 1808 singulas
914 1752 1184 1805 quasque.
1232 1743 1494 1797 lectiones
1530 1759 1646 1797 cum
1706 1745 1898 1810 legitur
1929 1748 1969 1800 Β
2000 1757 2112 1795 rum
2138 1743 2278 1795 intra
2309 1751 2514 1795 uterum
2545 1743 2830 1795 exsultatio
2866 1744 3186 1810 designaret.
3223 1743 3314 1796 Vis
3350 1754 3524 1796 autem

293 1827 557 1897 Moyses,
591 1831 821 1881 orandus
839 1837 918 1880 est
952 1829 1124 1883 nobis
1170 1829 1338 1884 Pater
1375 1831 1555 1892 Verbi,
1585 1843 1641 1886 ut
1679 1834 1894 1900 impleat

213 1967 220 1972 ς
291 1920 471 1970 etiam
543 1920 602 1969 in
667 1919 814 1970 nobis
867 1917 1018 1980 illud,
1073 1921 1226 1986 quod
1284 1921 1334 1973 in
1389 1921 1590 1988 psalmo
1636 1923 1891 1988 scriptum

291 2017 382 2060 est
413 2007 462 2038 “
507 2024 523 2060 :
575 2007 761 2059 Revela
789 2008 960 2060 oculos
986 2025 1159 2069 meos,
1192 2021 1240 2061 et
1272 2013 1605 2062 considerabo
1631 2011 1891 2063 mirabilia

290 2098 359 2148 de
391 2097 513 2165 lege
561 2107 679 2148 tua.
711 2097 820 2151 Nisi
846 2100 986 2151 enim
1027 2100 1148 2165 ipse
1185 2103 1393 2168 aperiat
1437 2103 1616 2154 oculos
1658 2112 1886 2164 nostros,

290 2186 596 2250 quomodo
635 2184 821 2236 videre
851 2187 1156 2251 poterimus
1203 2196 1346 2240 tanta
1379 2188 1522 2250 hare,
1574 2204 1690 2256 qum
1720 2191 1769 2242 in
1797 2205 1892 2257 pa-

293 2272 576 2324 triarchis
597 2281 941 2325 sacramenta
969 2272 1291 2334 formantur,
1319 2290 1433 2341 qua:
1461 2279 1668 2329 nuncin
1697 2279 1886 2344 puteis,

289 2372 446 2411 nunc
512 2358 573 2410 in
645 2361 873 2423 nuptiis,
928 2375 1072 2414 nunc
1126 2362 1179 2414 in
1239 2365 1701 2429 parturitionibus,
1751 2381 1888 2418 nunc

290 2446 465 2497 etiam
523 2447 583 2498 in
625 2448 1023 2502 sterilitatibus
1063 2451 1383 2518 figurantur.
1425 2452 1605 2505 Refert
1661 2467 1888 2520 namque

289 2550 564 2601 pra-scus
613 2537 784 2589 lectio
837 2537 904 2598 ⁸⁵,
935 2540 1078 2604 quod
1133 2539 1288 2590 Isaac
1347 2541 1539 2605 rogavit
1581 2539 1740 2592 Deum
1792 2556 1884 2606 pro

287 2620 538 2676 Rebecca
593 2641 766 2676 uxore
798 2642 922 2687 sua,
973 2629 1100 2695 quia
1141 2629 1333 2681 sterilis
1374 2639 1506 2694 erat,
1540 2643 1585 2681 et
1626 2632 1884 2682 exaudivit

285 2711 442 2762 illam
474 2711 658 2770 Deus.
688 2723 738 2764 et
767 2717 1030 2782 concepit,
1056 2724 1106 2766 et
1135 2719 1484 2781 exsultabant,
1517 2719 1708 2785 inquit,
1741 2721 1886 2786 pueri

286 2802 341 2850 in
363 2812 525 2853 utero
558 2803 708 2863 eius.
741 2800 926 2855 Primo
958 2804 1198 2855 omnium
1226 2806 1451 2869 intuere,
1479 2808 1603 2873 quid
1636 2809 1771 2858 istud
1803 2815 1883 2860 cst

283 2890 434 2950 quod
488 2889 763 2955 plur-imre
801 2901 1118 2944 sanctarum
1173 2894 1451 2946 mulierum
1491 2897 1542 2947 in
1591 2896 1882 2962 Srripturis

283 2977 512 3030 steriles
551 2978 736 3030 fuisse
772 2980 1104 3040 referuntur,
1155 2982 1294 3033 sicut
1336 2983 1443 3050 ipsa
1479 2983 1632 3038 Sara.
1665 3000 1786 3036 ecce
1828 2995 1882 3035 et

283 3079 434 3118 nunc
465 3066 760 3120 Rebecca.
792 3067 899 3120 Sed
934 3077 988 3120 et
1025 3068 1224 3121 Rachel
1268 3070 1456 3124 dilecta
1498 3071 1654 3125 ISrael
1681 3071 1881 3124 sterilis

281 3153 403 3208 fuit.
440 3156 614 3208 Anna
645 3171 867 3223 quoque
904 3167 1079 3209 mater
1123 3157 1390 3211 Samuelis
1413 3200 1426 3222 ,
1459 3161 1655 3214 sterilis
1688 3162 1882 3215 scribi-

282 3251 391 3295 tur.
435 3245 554 3297 Sed
598 3246 744 3298 etin
778 3246 1089 3312 Evangcliis
1145 3247 1417 3300 Elisabelh
1473 3250 1669 3302 sterilis
1719 3249 1882 3304 fuisse

281 3344 670 3385 memoratur.
708 3334 764 3386 lu
792 3335 1052 3395 omnibus
1077 3343 1255 3386 autem
1283 3336 1397 3387 istis
1419 3351 1552 3387 unus
1581 3335 1664 3388 hic
1699 3336 1879 3391 titulus

279 3423 636 3490 designatur,
664 3423 814 3489 quod
859 3431 979 3489 post
1019 3423 1366 3475 sterilitatem
1412 3434 1652 3476 sanctmn
1694 3439 1879 3478 omnes

276 3509 567 3562 ediderint
605 3519 854 3577 partum.
917 3510 1010 3564 Sic
1057 3525 1188 3577 ergo
1233 3521 1282 3562 et
1319 3513 1428 3564 haec
1471 3529 1607 3564 nunc
1637 3512 1877 3566 Rebecca

275 3599 490 3650 sterilis
542 3598 727 3650 fuisse
757 3598 968 3648 dicitur
1003 3615 1017 3649 :
1048 3600 1142 3650 sed
1191 3601 1376 3658 oravit,
1438 3601 1631 3667 inquit,
1687 3601 1875 3667 Isaac,

271 3700 372 3751 pro
401 3699 467 3736 ea
506 3685 811 3738 Dominum
835 3726 852 3750 ,
886 3697 936 3738 et
964 3687 1233 3738 exaudivit
1271 3689 1416 3739 illum
1454 3701 1499 3741 et
1528 3692 1776 3757 concepit,
1825 3700 1874 3742 et

273 3777 632 3828 exsultabant
655 3779 812 3842 pueri
863 3778 924 3829 in
966 3788 1116 3829 utero
1159 3779 1291 3845 ejus.
1354 3779 1565 3832 Stcrilis
1612 3781 1723 3833 lucc
1751 3795 1876 3834 ecce

270 3863 404 3926 quid
457 3865 747 3929 comepit.
799 3865 928 3918 Filii
968 3865 1173 3918 sterilis
1232 3875 1516 3934 antequam
1567 3879 1872 3934 nascantur,

267 3949 588 4010 exsultant,
620 3960 840 4017 etquze
870 3951 1262 4016 desperaverat
1309 3954 1567 4015 sobolem,
1607 3967 1792 4021 gentes
1821 3965 1874 4008 et

266 4035 514 4100 p0pulos
565 4045 745 4103 gestat
812 4037 867 4087 in
941 4049 1116 4088 utero.
1178 4037 1268 4091 Sic
1321 4039 1462 4091 enim
1512 4041 1871 4105 dicit:Abiit,

265 4121 459 4185 inquit
494 4121 570 4181 “,
611 4121 842 4174 Rebecca
870 4125 1211 4191 interrogare
1250 4127 1558 4192 Dominum,
1584 4141 1629 4180 et
1669 4132 1794 4182 dixit
1826 4134 1872 4185 ei

260 4207 550 4260 Dominus
585 4225 607 4260 :
642 4209 772 4261 Dua:
820 4223 1003 4277 gentes
1047 4214 1102 4264 in
1157 4224 1432 4267 utero-tuo
1489 4229 1631 4280 sunt,
1671 4229 1718 4269 et
1768 4221 1870 4272 duo

260 4297 452 4359 populi
487 4297 560 4346 (Ie
598 4307 780 4349 centre
812 4308 904 4348 tuo
951 4302 1360 4363 separabantur.
1423 4304 1656 4375 Longum
1703 4317 1782 4360 est

260 4384 504 4436 velimus
545 4401 706 4437 nuttc
757 4387 1187 4440 exsultationem
1240 4408 1524 4456 puerorum
1594 4398 1766 4451 adhuc
1815 4399 1866 4450 in

261 4471 368 4538 92
415 4483 585 4525 utero
644 4474 1016 4528 habitantium
1055 4481 1413 4543 perscrutari.
1454 4481 1685 4551 Longum
1716 4496 1795 4538 est
1824 4487 1866 4539 si

261 4558 325 4610 de
374 4560 461 4611 his
504 4561 1017 4626 interpretationes
1075 4574 1134 4614 et
1178 4565 1461 4630 aenigmata
1514 4585 1629 4637 qua:
1679 4574 1866 4626 scribit

260 4646 562 4715 Apostolus
618 4649 972 4716 proferamus
996 4689 1011 4713 ,
1041 4652 1175 4716 quid
1215 4657 1452 4719 mysterii
1478 4697 1492 4721 ,
1539 4661 1662 4726 quid
1691 4676 1866 4714 causae

261 4739 614 4799 contineant,
679 4753 819 4801 cur,
865 4749 1172 4804 antequam
1219 4753 1510 4796 nascantur
1555 4752 1724 4813 pueri,
1776 4759 1866 4802 aut

263 4823 462 4893 aliquid
499 4827 555 4877 in
615 4827 726 4878 hoc
754 4828 956 4878 szeculo
993 4836 1171 4894 agant
1205 4827 1332 4879 boui
1369 4831 1447 4882 vel
1478 4836 1637 4899 mali,
1669 4837 1865 4890 dicitur

263 4913 434 4967 dehis
457 4915 528 4976 ⁸⁷,
569 4915 712 4982 quia
742 4917 976 4980 populus
1006 4915 1277 4980 populum
1313 4920 1582 4986 superabit,
1610 4933 1657 4975 et
1696 4926 1862 4991 major

269 5005 442 5055 serviet
475 5004 720 5065 minori;
755 5020 888 5067 cur,
919 5013 1243 5068 antequam
1270 5004 1332 5055 de
1368 5008 1542 5060 matris
1570 5021 1720 5064 utero
1741 5029 1862 5079 pro-

264 5091 540 5150 cederent,
605 5091 818 5142 dicitur
871 5105 978 5157 per
1034 5090 1364 5155 prophetam
1392 5092 1450 5153 ⁵⁸,
1512 5097 1635 5160 quia
1693 5098 1860 5150 Iacob

267 5177 443 5240 dilexi,
487 5179 644 5230 Esau
670 5189 848 5230 autem
878 5178 1018 5229 odio
1052 5177 1249 5226 habui.
1287 5175 1395 5231 llaec
1418 5194 1577 5247 supra
1619 5196 1859 5239 nostram

267 5261 496 5330 linguam
521 5275 682 5323 sunt,
714 5275 765 5318 et
791 5279 968 5330 supra
1019 5261 1284 5312 auditum
1316 5276 1556 5320 vestrum.

326 5351 383 5405 θ..
417 5352 572 5406 Iﬁunt:
600 5355 822 5406 interim
859 5353 1184 5402 videamus
1212 5351 1328 5415 quid
1359 5364 1430 5405 est
1458 5360 1600 5423 quod
1633 5361 1861 5417 dicitur;

331 5467 372 5537 f’
421 5471 553 5524 Luc.
601 5485 753 5537 ιιι-ιν,
821 5469 923 5520 52.
1053 5460 1294 5537 θξΡθθῖε
1333 5483 1513 5537 9““,
1569 5479 1662 5531 ‘8'

275 5535 386 5598 _“l.,
413 5537 470 5589 '5.
545 5538 592 5572 "
649 5527 759 5589 Jer.
826 5545 1013 5593 xxm,
1081 5527 1179 5577 24.
1254 5532 1296 5562 ⁷ο
1343 5527 1726 5611 Ειοάίιιιξνὸ.
1803 5549 1847 5581 τι

1825 4310 1944 4399 siD

1775 5481 1819 5511 ⁸⁵
1856 5480 2049 5537 Cenes.
2100 5501 2243 5548 xxv,
2273 5487 2361 5538 2|.

1999 1830 2199 1888 videre.
2240 1831 2362 1897 quia
2404 1845 2467 1884 ex
2514 1844 2658 1882 more
2694 1832 2838 1882 venit
2874 1831 2973 1882 hoc
3007 1832 3243 1895 sanctis,
3291 1840 3366 1896 ut,
3404 1843 3524 1886 eum

1998 1919 2196 1985 aliquid
2227 1935 2253 1971 a
2295 1921 2397 1973 Deo
2422 1921 2624 1972 ostendi
2670 1921 2768 1972 sibi
2799 1922 3062 1985 viderint,
3106 1923 3185 1974 vel
3226 1923 3372 1973 abire
3395 1961 3410 1987 ,
3445 1921 3527 1976 vel

1999 2009 2225 2060 transire
2266 2022 2323 2062 se
2379 2009 2594 2061 dicant?
2651 2007 2855 2078 Moyses
2897 2025 3016 2062 cum
3076 2011 3292 2064 vidisset
3335 2013 3524 2066 rubum

1996 2099 2185 2151 ardere
2229 2107 2280 2151 et
2322 2113 2426 2150 non
2481 2099 2654 2161 exuri,
2708 2100 3003 2152 admiratus
3054 2101 3222 2152 visum
3279 2102 3406 2153 dixit
3434 2102 3523 2158 ":

1998 2183 2294 2247 Transeunt,
2332 2196 2376 2236 et
2410 2186 2584 2237 ridebo
2615 2188 2775 2238 visum
2799 2186 2915 2238 Itoc.
2953 2185 3064 2238 Non
3108 2188 3291 2253 utique
3326 2198 3377 2240 ct
3410 2189 3525 2257 ipse

1994 2272 2326 2341 signiﬁcabat
2366 2289 2422 2326 se
2464 2275 2675 2342 aliquod
2711 2284 2864 2326 terra:
2897 2276 3123 2341 spatium
3154 2277 3521 2342 transiturum,

1995 2377 2098 2414 non
2154 2373 2361 2416 montes
2416 2365 2814 2426 conscendere,
2855 2379 2954 2415 nec
3001 2362 3200 2431 digredi
3257 2376 3522 2433 praerupta

1993 2451 2334 2502 convallium.
2384 2451 2555 2518 Prope
2591 2452 2758 2518 ipsum
2795 2463 2909 2504 erat
2940 2452 3072 2503 visio
3099 2491 3112 2513 ,
3169 2453 3216 2504 in
3250 2467 3342 2506 ore
3382 2464 3432 2504 et
3470 2457 3520 2505 in

1991 2537 2159 2589 oculis
2206 2539 2338 2603 ejus.
2404 2537 2507 2591 Sed
2557 2540 2703 2602 dicit,
2755 2549 3032 2601 transeam,
3086 2552 3140 2592 ut
3175 2544 3424 2594 ostendat
3465 2557 3522 2594 se

1991 2626 2370 2678 commonitum
2402 2627 2604 2679 visione
2639 2625 2842 2679 caelein
2887 2627 2950 2678 ad
2995 2627 3324 2694 superiorem
3358 2629 3518 2678 vitam

1991 2713 2190 2767 debere
2229 2716 2589 2768 conscendere
2617 2757 2630 2776 ,
2673 2717 2739 2766 ab
2801 2714 2882 2767 bis
2925 2714 2978 2766 in
3027 2715 3219 2781 quibus
3272 2722 3410 2774 erat,
3453 2713 3521 2768 ad

1991 2801 2205 2853 meliora
2261 2803 2511 2856 transire.
2584 2799 2674 2856 Sic
2719 2819 2847 2865 ergo
2889 2813 2941 2855 et
2989 2819 3125 2855 nunc
3179 2804 3407 2856 refertur
3456 2805 3521 2857 de

1989 2890 2227 2943 Rebecca
2249 2932 2262 2954 ,
2309 2893 2445 2959 quod
2478 2891 2607 2943 abiit
2649 2892 2978 2950 intrrmgare
3023 2892 3296 2942 Dominum
3331 2905 3346 2942 :
3379 2906 3516 2958 quae,

1989 2988 2046 3030 ut
2073 2980 2323 3038 diximus,
2352 2980 2548 3032 abiisse
2580 2996 2680 3032 non
2709 2982 2952 3046 passibus
2988 2983 3202 3047 pedum,
3243 2982 3332 3032 sed
3367 2996 3517 3032 men-

1907 3052 1948 3106 (ἶ
1985 3069 2050 3118 tis
2078 3068 2406 3133 profectibus
2444 3069 2800 3120 existimanda
2830 3078 2932 3123 εει.
2965 3068 3026 3120 Et
3065 3079 3116 3120 tu
3148 3082 3294 3136 ergo,
3331 3070 3374 3121 si
3405 3082 3517 3120 cte-

1981 3157 2128 3221 peris
2175 3156 2370 3208 intueri
2420 3172 2524 3209 non
2554 3171 2612 3209 ea
2648 3171 2762 3223 qua:
2795 3158 3062 3221 videntur,
3117 3160 3208 3210 sed
3260 3173 3375 3223 qua:
3407 3173 3508 3210 non

1981 3245 2246 3308 videntur,
2292 3245 2344 3297 id
2379 3255 2461 3299 est
2511 3261 2612 3298 non
2659 3247 2889 3298 carnalia
2915 3287 2929 3310 ,
2971 3247 3062 3298 scd
3091 3247 3378 3311 spiritalia,
3411 3262 3512 3299 nou

1980 3337 2282 3398 praesentia,
2331 3336 2425 3386 sed
2477 3335 2676 3395 futura,
2706 3335 2906 3388 abiisse
2958 3336 3151 3388 dici-ris
3183 3335 3515 3402 interrogare

1980 3421 2282 3476 Dominum.
2329 3422 2383 3475 Si
2419 3438 2578 3476 eruas
2613 3434 2661 3477 te
2695 3426 2759 3476 de
2789 3426 3195 3477 conversatione
3227 3427 3412 3486 veteri,
3460 3434 3511 3477 et

1978 3527 2006 3562 a
2041 3515 2308 3564 consortio
2349 3526 2531 3565 eorum
2567 3529 2684 3565 cum
2721 3515 2917 3580 quibus
2950 3517 3174 3581 turpiter
3215 3525 3268 3567 et
3309 3515 3514 3568 notabi-

1977 3597 2097 3649 liter
2141 3601 2371 3662 vixeras,
2427 3601 2667 3652 honestis
2694 3616 2819 3653 vero
2850 3611 2897 3652 te
2926 3617 2987 3653 ac
3019 3601 3280 3669 religiosis
3305 3603 3514 3654 actibus

1977 3687 2182 3748 soeics;
2231 3703 2350 3738 cttm
2395 3689 2687 3754 requisitus
2726 3687 2894 3740 fueris
2939 3690 3076 3740 inter
3108 3691 3315 3743 sodales
3346 3693 3513 3759 turpi-

1978 3772 2194 3834 tudinis,
2241 3781 2292 3823 et
2331 3771 2381 3822 in
2410 3773 2642 3826 eatervis
2673 3774 2952 3826 noxiorum
2984 3790 3319 3842 nequaquam
3351 3777 3513 3833 fueris

1976 3870 2236 3925 repertus,
2289 3859 2494 3911 dicetur
2523 3869 2577 3912 et
2609 3861 2672 3913 de
2724 3869 2772 3914 te
2822 3863 2942 3928 quia
2980 3864 3132 3914 -abiit
3181 3864 3511 3932 interrogare

1975 3949 2271 4003 Dominum.
2311 3949 2401 4002 Sic
2432 3950 2591 4017 igitur
2617 3952 2786 4003 sancti
2824 3967 2924 4004 non
2964 3953 3028 4004 de
3071 3951 3185 4005 loco
3213 3953 3276 4004 ad
3312 3955 3507 4018 locum,

1973 4039 2064 4088 sed
2093 4037 2156 4089 de
2184 4038 2291 4088 vita
2319 4039 2381 4088 ad
2408 4039 2588 4098 vitam,
2624 4039 2686 4092 de
2719 4040 2976 4093 institutis
3003 4041 3188 4109 primis
3216 4041 3412 4095 abeunt
3442 4045 3507 4096 ad

1973 4123 2211 4175 instituta
2239 4125 2469 4190 potiora.

2039 4211 2093 4264 5.
2137 4213 2276 4264 Dixit
2298 4228 2426 4280 ergo
2455 4217 2502 4268 ei
2538 4214 2791 4268 Dominus
2813 4216 2856 4246 "'
2893 4232 2906 4268 :
2932 4215 3059 4268 Duas
3087 4227 3256 4284 gentes
3279 4221 3330 4272 in
3359 4229 3504 4274 utero

1971 4310 2056 4352 tuo
2084 4313 2218 4365 sunt,
2256 4315 2300 4355 et
2340 4305 2444 4357 duo
2467 4307 2644 4371 papuli
2675 4306 2738 4356 de
2771 4317 2942 4358 ventre
2964 4317 3052 4359 tuo
3077 4311 3500 4376 regregabuntur.

1973 4389 2036 4440 Et
2087 4394 2304 4457 papulas
2353 4395 2602 4461 populum
2651 4397 2944 4461 superabit,
3009 4409 3053 4448 et
3109 4399 3277 4464 major
3323 4403 3501 4452 serviet

1967 4479 2169 4551 minori.
2223 4480 2494 4542 Quomodo
2534 4483 2754 4550 p0pulus
2775 4485 3034 4550 populum
3066 4493 3414 4554 superaverit,
3449 4489 3502 4541 id

1966 4576 2047 4617 est
2088 4566 2320 4620 Ecclesia
2365 4569 2719 4638 Synagogam,
2743 4582 2796 4623 ct
2822 4575 3083 4638 quomodo
3110 4576 3276 4643 major
3305 4579 3504 4630 serviat

1967 4655 2195 4717 minori,
2245 4659 2405 4709 etiam
2439 4659 2564 4725 ipsis
2605 4659 2799 4712 ludatis
2843 4660 2966 4713 licet
3014 4678 3116 4713 non
3161 4665 3499 4718 credentibus

1968 4756 2150 4800 notmn
2196 4759 2294 4799 est.
2345 4747 2418 4801 De
2459 4749 2541 4800 his
2584 4764 2709 4816 ergo
2743 4765 2860 4816 qum
2893 4749 3063 4816 palam
3106 4761 3226 4804 sunt
3256 4762 3309 4805 et
3346 4754 3498 4806 valde

1965 4838 2209 4888 omnibus
2246 4838 2398 4898 trita,
2449 4837 2627 4890 dicere
2675 4838 3000 4906 superﬂuum
3050 4853 3196 4908 puto.
3230 4842 3394 4906 Illud,
3449 4848 3492 4898 si

1967 4923 2190 4991 placeat,
2238 4924 2512 4990 addamus,
2573 4927 2713 4992 quod
2761 4943 3186 4995 unumquemque
3234 4939 3492 4992 nostrum,

1964 5013 2053 5079 qui
2094 5014 2204 5065 lucc
2241 5015 2422 5074 audit,
2462 5015 2728 5068 aedificare
2775 5026 2828 5070 et
2862 5018 3128 5072 instruere
3167 5028 3343 5086 queat.
3387 5019 3496 5086 Ego

1963 5111 2090 5166 puto
2126 5103 2266 5168 quod
2301 5111 2355 5155 et
2379 5102 2442 5155 de
2473 5103 2696 5170 singulis
2723 5108 2877 5159 nobis
2909 5108 3008 5160 hoc
3030 5108 3132 5160 dici
3158 5117 3350 5173 potest,
3372 5109 3493 5170 quia

1963 5189 2078 5241 duae
2129 5183 2312 5256 gentes
2340 5202 2394 5244 et
2437 5193 2542 5244 duo
2583 5194 2758 5259 populi
2797 5195 2931 5246 intra
2968 5212 3064 5249 nos
3097 5203 3237 5248 sunt.
3268 5191 3400 5242 Nam
3440 5202 3491 5244 et

1964 5275 2220 5328 virtutum
2251 5278 2472 5346 populus
2507 5279 2640 5329 intra
2677 5293 2774 5332 nos
2805 5290 2912 5342 est,
2937 5291 2991 5332 et
3020 5279 3266 5330 vitiorum
3298 5272 3495 5324 nihilo-

1967 5367 2142 5419 minus
2184 5367 2404 5434 populus
2438 5367 2579 5417 intra
2607 5379 2702 5417 nos
2732 5379 2834 5419 est.
2866 5368 2942 5421 De
2967 5367 3117 5419 corde
3146 5360 3276 5412 enim
3313 5365 3498 5410 nostro

2459 5484 2506 5516 “
2558 5483 2683 5537 ibid.
2724 5484 2816 5536 23.
2919 5486 2960 5516 ⁸⁷
3010 5477 3142 5536 ibid.
3243 5470 3498 5529 “Malae.

1897 5549 2090 5607 Genes.
2138 5569 2264 5619 xxv,
2307 5554 2397 5607 23.
