3922 6202
449 220 549 273 227

1884 214 2129 270 ORIGEN
2134 214 2196 270 IS

3595 208 3700 265 228

447 329 724 402 procedunt
772 330 1106 397 cogitationes
1130 329 1303 392 malle,
1332 329 1615 395 adulteria,
1648 334 1811 398 furta,
1832 330 1966 398 falsa
1997 334 2044 388 Α
2072 329 2183 381 nias
2212 329 2631 393 commovebunt,
2662 339 2717 382 et
2753 326 3024 396 incipient
3060 322 3307 392 replere
3336 327 3494 375 terra
3524 334 3623 374 sua
3645 331 3702 374 et

451 419 746 473 testimonia
764 419 832 480 τ’,
863 419 989 482 doli,
1028 419 1425 481 contentiones,
1451 419 1701 482 haereses,
1739 419 1970 481 invidiae,

445 508 874 571 comessationes,
901 517 955 561 et
987 508 1068 560 his
1098 508 1315 562 similia.
1365 507 1523 561 Vides
1548 517 1783 576 quantus
1809 508 1975 560 malo-

446 610 561 649 rum
589 595 810 663 populus
835 594 972 648 intra
994 608 1090 648 nos
1118 595 1242 648 est?
1266 595 1321 648 Si
1353 610 1477 648 vero
1509 610 1807 648 mereamur
1831 595 1972 647 illam

443 696 625 736 vocem
682 682 859 734 dicere
911 690 1096 734 sancto
1149 681 1370 747 Spiritui
1414 682 1458 712 ⁷⁸
1492 698 1504 733 :
1536 682 1577 732 A
1625 681 1806 732 timore
1861 689 1972 742 tuo,

444 770 683 830 Domine,
707 771 758 821 in
786 778 928 821 utero
951 770 1293 833 concepimus,
1324 778 1369 822 et
1398 769 1705 836 peperimus,
1735 768 1972 831 spiritum

444 859 627 913 salutis
650 868 751 911 tuae
774 859 987 925 fecimus
1026 873 1177 923 super
1212 869 1424 920 terram;
1457 866 1579 909 tunc
1600 866 1653 909 et
1677 857 1812 907 alius
1835 856 1973 908 intra

444 960 542 1000 nos
568 946 789 1014 populus
823 948 1092 998 invenitur
1119 947 1169 1000 in
1190 947 1378 1006 spiritu
1406 954 1710 1011 generatus.
1749 942 1974 994 Fructus

445 1034 588 1087 enim
617 1034 828 1099 spiritus
857 1044 929 1086 est
959 1034 1216 1096 charitas,
1247 1033 1527 1100 gaudium,
1555 1046 1680 1099 pax,
1704 1032 1974 1098 patientia,

444 1121 733 1183 humilitas,
772 1121 1133 1184 mansuetudo,
1183 1120 1519 1179 continentia,
1564 1120 1776 1171 castitas
1807 1119 1874 1181 7",
1921 1125 1975 1170 et

444 1211 529 1264 his
564 1210 780 1263 similia.
836 1210 994 1263 Vides
1035 1217 1087 1260 et
1135 1208 1293 1260 alium
1346 1206 1596 1276 populum
1652 1205 1740 1270 qui
1775 1214 1829 1258 et
1864 1206 1975 1270 ipse

445 1299 582 1351 intra
611 1313 705 1350 nos
728 1305 809 1351 est
843 1315 855 1350 :
883 1298 974 1349 sed
1006 1297 1104 1350 iste
1130 1297 1303 1351 minor
1327 1307 1428 1359 est,
1474 1296 1564 1349 ille
1604 1295 1791 1360 major.
1824 1294 1976 1346 Sem-

441 1401 537 1455 per
589 1388 729 1441 enim
779 1386 957 1454 plures
1009 1393 1134 1439 sunt
1186 1386 1307 1439 mali
1355 1400 1514 1453 quam
1554 1385 1717 1447 boni,
1762 1392 1815 1436 et
1847 1381 1974 1433 vitia

445 1478 810 1533 numerosiora
846 1478 1153 1532 virtutibus.
1201 1478 1304 1531 Sed
1334 1477 1378 1530 si
1415 1476 1549 1530 tales
1585 1476 1774 1538 simus,
1801 1471 1973 1540 qualis

445 1569 684 1622 Rebecca
703 1605 718 1631 ,
744 1577 798 1619 et
826 1581 1124 1620 mereamur
1152 1565 1215 1618 de
1242 1567 1390 1617 Isaae
1413 1603 1427 1625 ,
1480 1563 1530 1615 id
1576 1571 1655 1615 est
1709 1562 1771 1614 de
1815 1563 1973 1612 verbo

445 1657 535 1708 Dei
587 1654 781 1706 habere
832 1661 1176 1719 conceptum,
1230 1653 1391 1704 etiam
1444 1652 1496 1702 in
1554 1650 1706 1703 nobis
1756 1648 1975 1716 pepulus

443 1745 691 1813 populum
719 1743 1009 1809 superabit,
1039 1749 1092 1795 et
1116 1740 1285 1806 major
1307 1739 1504 1794 serviet
1527 1736 1716 1790 minori
1742 1754 1754 1788 :
1781 1737 1975 1789 serviet

443 1834 642 1886 etenim
681 1846 807 1884 caro
842 1830 1074 1898 spiritui,
1102 1840 1156 1881 et
1186 1828 1311 1881 vitia
1350 1827 1634 1880 virtutibus
1657 1825 1864 1880 cedent.
1906 1822 1975 1875 Et

444 1921 637 1987 impleti
666 1928 806 1984 sunt,
840 1918 1092 1985 inquit",
1123 1918 1231 1968 dies
1259 1916 1370 1977 eius
1400 1925 1455 1967 ut
1493 1922 1719 1982 pareret,
1753 1923 1798 1966 et
1828 1923 1973 1966 erant

442 2010 631 2078 gemini
678 2010 732 2061 in
771 2019 938 2061 ventre
977 2008 1105 2074 ejus.
1166 2005 1264 2060 llic
1318 2018 1517 2069 sermo,
1581 2003 1631 2055 id
1664 2012 1745 2057 est
1782 2001 1975 2070 impleti

442 2110 560 2152 sunt
603 2101 711 2152 dies
751 2099 863 2166 ejus
914 2108 968 2150 ut
995 2107 1217 2165 pareret,
1252 2112 1525 2162 nunquam
1585 2094 1696 2148 fere
1757 2095 1856 2146 nisi
1909 2095 1975 2146 de

443 2189 643 2244 sanctis
677 2186 989 2239 mulieribus
1034 2183 1306 2238 scribitur.
1358 2183 1429 2233 De.
1462 2183 1560 2234 hac
1591 2195 1818 2247 namque
1866 2180 1975 2233 Re-

442 2277 601 2330 becca
633 2256 826 2328 dictum
850 2281 934 2326 est
971 2272 1105 2333 hoc,
1135 2280 1187 2323 et
1214 2271 1278 2323 de
1302 2269 1576 2322 Elisabeth
1607 2276 1773 2321 matre
1813 2266 1978 2321 Joan-

443 2365 550 2425 nis,
591 2371 645 2416 et
690 2362 850 2414 Maria
899 2370 1067 2413 matre
1110 2358 1316 2412 Domini
1374 2357 1538 2410 nostri
1586 2356 1707 2409 Jesu
1755 2355 1971 2409 Christi.

448 2451 594 2506 Unde
617 2451 741 2504 mihi
775 2450 982 2503 videtur
999 2447 1249 2502 eximium
1288 2446 1485 2513 aliquid
1511 2485 1525 2508 ,
1556 2454 1609 2498 et
1641 2456 1832 2512 prmter
1868 2460 1973 2498 ete-

445 2548 588 2592 teros
630 2538 878 2592 homines
920 2534 1291 2603 hujuscemodi
1342 2542 1521 2599 partus
1564 2533 1868 2597 ostendere,
1922 2541 1975 2584 ct

444 2625 664 2694 repletio
702 2626 903 2678 dierum
947 2632 1123 2675 ortum
1170 2621 1422 2689 perfecta:
1468 2621 1667 2673 sobolis
1718 2620 1972 2673 indicare.

513 2714 565 2766 4.
598 2710 737 2764 Exiit
755 2721 920 2763 autem
944 2711 1106 2777 ﬁlius,
1135 2709 1310 2776 inquit
1333 2710 1396 2770 ⁷⁸,
1422 2710 1733 2775 primitivus,
1762 2711 1969 2773 rubens,

444 2809 490 2854 et
551 2808 690 2853 totus
751 2809 992 2865 tanquam
1053 2796 1199 2864 pellis
1269 2796 1516 2848 hirsutus.
1583 2794 1971 2862 Cognominavit

2070 421 2178 471 luto
2209 431 2394 487 puteos
2421 434 2588 474 meos.
2622 419 2756 473 Nam
2786 419 2981 486 utique
3023 417 3072 470 si
3134 411 3566 482 permitterent
3610 408 3696 462 isti

2067 506 2387 570 Philisthini,
2427 516 2481 559 et
2519 521 2617 574 ego
2657 506 2906 559 volebam
2945 502 3241 556 accedere
3288 498 3366 549 ad
3396 493 3695 546 Dominum

2070 596 2694 663 meumpatientissimum
2720 594 2932 656 Jesum,
2955 592 3053 660 qui
3072 583 3478 652 dicit"“,quia
3504 598 3601 650 ego
3622 598 3699 637 oe-

2069 687 2286 738 nientem
2305 686 2371 736 ad
2391 700 2469 737 me
2488 699 2594 736 non
2625 682 2816 747 repello
2830 696 2850 734 :
2866 680 3135 733 volebam
3162 674 3493 735 accedere,
3514 681 3573 724 et
3591 670 3697 723 sic-

2070 774 2395 826 utdixerunt
2420 772 2469 825 ei
2491 771 2797 838 discipuli"
2825 768 3117 830 :Domine,
3157 764 3296 833 quis
3331 759 3695 830 peccavit,hic

2069 878 2136 913 an
2161 871 2393 927 parentes
2419 862 2555 928 ejus,
2577 869 2632 911 ut
2660 873 2829 911 eazcus
2883 865 3223 910 nasceretur
3248 855 3277 907 ?
3314 850 3389 903 Et
3408 864 3517 918 ego
3554 848 3695 902 vole-

2070 946 2190 999 bam
2229 949 2561 1013 interrogare
2594 960 2715 998 eum
2738 953 2792 998 et
2823 943 3013 998 dicere
3047 958 3064 995 :
3100 940 3392 1003 Domine,
3432 936 3563 1003 quis
3577 951 3699 1003 pec-

2071 1037 2228 1098 cavit,
2254 1037 2339 1089 hic
2369 1037 2608 1101 Esau,an
2637 1043 2893 1101 parentes
2919 1032 3159 1100 ejus,ut
3192 1029 3278 1082 sit
3310 1036 3470 1080 totus
3512 1027 3697 1079 hirsu-

2073 1132 2174 1185 tus,
2192 1131 2243 1177 et
2257 1123 2506 1177 horridus
2520 1131 2852 1183 nasceretur,
2870 1128 2923 1174 ut
2950 1121 3006 1172 in
3026 1128 3205 1171 utero
3230 1115 3699 1184 supplantaretur

2071 1228 2098 1264 a
2125 1214 2334 1266 fratre?
2362 1212 2464 1266 Sed
2495 1213 2539 1266 si
2569 1212 2790 1266 voluero
2822 1210 3195 1276 interrogare
3228 1206 3307 1259 de
3355 1205 3450 1258 his
3471 1204 3693 1257 verbum

2073 1301 2256 1365 Dei,et
2283 1301 2573 1368 inquirere,
2603 1301 2782 1353 statim
2810 1298 2946 1352 mihi
2981 1298 3116 1351 li'tes
3151 1294 3506 1349 Pbilisthini
3525 1302 3581 1345 et
3607 1306 3695 1346 ca-

2072 1389 2299 1444 lumnias
2333 1390 2643 1443 movent.Et
2679 1390 2799 1442 ideo
2819 1403 2924 1441 nos
2957 1387 3382 1456 relinquentes
3420 1385 3572 1438 hunc
3602 1398 3697 1450 pu-

2075 1491 2213 1536 teum
2238 1489 2291 1533 et
2322 1487 2575 1532 vocantes
2596 1462 2718 1530 eum
2744 1476 3074 1530 inimicitias
3098 1513 3115 1539 ,
3154 1474 3346 1526 alium
3397 1463 3693 1527 fodiamus.

2141 1569 2194 1625 5.
2239 1567 2361 1620 Post
2403 1568 2535 1629 haec,
2574 1565 2743 1633 inquit
2767 1565 2835 1629 ⁸⁸,
2871 1563 3173 1616 seminavit
3204 1565 3384 1615 Isaac
3416 1562 3695 1624 hordeum,

2074 1669 2120 1711 et
2148 1658 2333 1711 invenit
2354 1655 2663 1722 centuplum.
2681 1653 2959 1706 Benedixit
2985 1662 3189 1705 autem
3209 1650 3383 1704 illum
3412 1650 3696 1713 Dominus,

2073 1753 2121 1794 et
2151 1742 2507 1809 magnificatus
2537 1749 2609 1792 est
2660 1739 2812 1791 homo
2858 1748 2908 1791 et
2957 1753 3241 1804 processu
3299 1738 3489 1804 major
3514 1738 3695 1802 ﬁebat,

2070 1831 2400 1899 quoadusque
2434 1843 2649 1896 magnus
2681 1826 2851 1892 factus
2900 1836 2980 1879 est
3022 1826 3219 1879 valde.
3248 1826 3405 1892 Quid
3431 1833 3516 1879 est
3556 1825 3697 1892 quod

2070 1918 2219 1971 Isaac
2248 1919 2501 1971 hordeum
2522 1914 2825 1977 seminavit,
2857 1925 2913 1967 et
2947 1927 3068 1966 non
3103 1912 3503 1978 frumentum,
3536 1923 3591 1967 et
3607 1914 3696 1965 be-

2073 2007 2332 2060 nedieitur
2356 2006 2409 2058 in
2433 2020 2496 2058 eo
2536 2004 2676 2070 quod
2704 2003 2971 2055 hordeum
3009 2002 3304 2066 seminat,
3344 2014 3407 2056 et
3449 2000 3698 2069 magnifi-

2072 2105 2222 2147 catur
2262 2109 2536 2163 quousque
2579 2106 2803 2160 magnus
2851 2091 2998 2145 fiat?
3042 2094 3323 2161 Apparet
3358 2105 3534 2159 ergo,
3572 2091 3694 2160 quia

2074 2184 2305 2235 nondum
2356 2196 2577 2250 magnus
2623 2180 2908 2244 erat;sed
2941 2190 3345 2249 posteaquam
3404 2181 3695 2235 seminavit

2074 2272 2327 2324 hordeum
2361 2280 2414 2323 et
2443 2269 2656 2334 collegit
2679 2267 3019 2335 centuplum,
3064 2279 3218 2324 tunc
3249 2272 3444 2325 factus
3469 2279 3556 2325 est
3583 2286 3694 2325 ma-

2073 2375 2205 2428 gnus
2246 2358 2419 2412 valde.
2482 2358 2751 2411 llordeum
2792 2358 3193 2424 iumentorum
3252 2362 3512 2416 maxime
3550 2362 3696 2416 cibus

2071 2458 2171 2510 est,
2216 2454 2307 2498 aut
2363 2460 2639 2500 servorum
2696 2445 3062 2500 rusticorum.
3131 2448 3242 2501 Est
3293 2450 3456 2503 enim
3491 2451 3696 2518 species

2073 2534 2330 2601 asperior,
2400 2540 2454 2586 et
2520 2546 2639 2600 qua:
2699 2531 2847 2585 velut
2917 2535 3306 2589 acuminibus
3367 2537 3692 2604 quibusdam

2073 2621 2467 2687 contingentem
2542 2619 2827 2674 stimulare
2902 2622 3204 2675 videatur.
3282 2622 3455 2678 Isaac
3520 2636 3696 2677 sermo

2073 2708 2163 2761 Dei
2200 2718 2302 2769 est,
2369 2706 2459 2773 qui
2516 2720 2693 2761 sermo
2759 2708 2811 2760 in
2880 2708 3004 2776 lege
3067 2710 3374 2766 hordeum
3439 2716 3694 2777 seminat,

2072 2808 2127 2852 el
2168 2799 2218 2851 in
2259 2796 2558 2865 Evangeliis
2597 2796 2858 2851 triticum.
2890 2797 3052 2851 Illum
3102 2802 3274 2853 enim
3326 2801 3521 2855 cibum
3577 2817 3697 2871 pcr-

443 2899 613 2942 autem
662 2904 841 2941 nomen
883 2887 1025 2939 illius
1083 2885 1244 2937 Esau.
1307 2885 1372 2937 Et
1423 2893 1600 2950 postea
1639 2887 1765 2938 exiit
1811 2886 1974 2952 frater
2002 2912 2044 2969 η
2077 2886 2382 2941 fectioribus
2427 2895 2479 2938 et
2512 2884 2842 2952 spiritalibus
2867 2924 2883 2949 ,
2924 2886 3080 2941 hunc
3148 2888 3615 2957 imperitioribus
3647 2900 3698 2943 et

443 2979 577 3047 ejus,
625 2986 670 3029 et
710 2992 891 3028 manus
930 2978 1041 3042 ejus
1088 2975 1309 3039 implexa
1354 2983 1460 3025 erat
1506 2973 1752 3025 culcaneo
1800 2971 1968 3038 Esau,

441 3077 488 3119 et
520 3065 782 3131 appellavit
820 3081 1000 3116 nomen
1036 3063 1175 3114 illius
1213 3060 1399 3114 Iacob.
1434 3060 1618 3114 Refert
1653 3062 1718 3115 de
1760 3063 1840 3114 his
1869 3063 1971 3117 alia

443 3155 725 3221 scriptura,
774 3150 913 3219 quod
954 3151 1121 3205 Jacob
1161 3151 1520 3218 supplantavit
1561 3152 1614 3204 in
1645 3163 1831 3205 ventre
1862 3153 1971 3205 fra-

446 3252 580 3296 trem
653 3255 845 3304 suum,
915 3249 969 3293 et
1016 3241 1170 3307 hujus
1228 3240 1302 3292 rei
1376 3240 1627 3292 indicium
1686 3240 1779 3302 sit,
1834 3241 1973 3306 quod

446 3341 633 3382 manus
660 3327 774 3396 ejus
808 3327 1032 3395 implexa
1063 3334 1176 3379 erat
1206 3326 1460 3379 caleaneo
1493 3324 1675 3378 fratris
1702 3325 1782 3377 sui
1818 3326 1971 3378 Esau.

445 3418 546 3483 Qui
593 3418 732 3470 Esau
767 3418 830 3470 de
859 3425 1009 3470 utero
1053 3415 1239 3468 matris
1279 3429 1386 3468 suae
1433 3414 1697 3482 processit
1736 3413 1976 3467 hirsutus

447 3515 593 3561 totus
627 3516 872 3573 tanquam
904 3505 1074 3574 pellis,
1131 3502 1297 3556 Jacob
1349 3512 1522 3555 autem
1567 3502 1700 3555 levis
1749 3510 1802 3554 et
1838 3501 1979 3555 sim-

446 3599 590 3668 plex.
642 3595 792 3651 Unde
847 3605 903 3648 et
942 3593 1110 3648 Jacob
1157 3608 1186 3645 a
1226 3592 1476 3645 luctando
1507 3604 1697 3644 nomen
1740 3590 1977 3658 acccepit

448 3686 607 3759 (80).
664 3685 802 3738 Esau
847 3698 1013 3748 vero,
1064 3690 1123 3734 ut
1173 3681 1320 3734 aiunt
1365 3680 1453 3746 qui
1498 3678 1712 3731 Hebraea
1762 3676 1976 3730 nomina

444 3775 879 3843 interpretantur,
949 3772 1034 3825 vel
1102 3785 1133 3823 a
1212 3770 1442 3831 rubore,
1515 3765 1600 3820 vel
1675 3780 1704 3819 a
1788 3777 1974 3828 terra,

441 3865 547 3933 93
572 3864 624 3917 id
667 3871 749 3918 est
774 3862 983 3926 rubrus,
1017 3860 1097 3913 vel
1141 3869 1404 3919 terrenus,
1439 3856 1542 3919 vel,
1574 3864 1633 3907 ut
1659 3854 1776 3908 aliis
1809 3856 1976 3906 visum

443 3961 526 4006 est
550 3991 565 4014 ,
598 3952 799 4003 factura
833 3951 1005 4002 dictus
1035 3950 1260 4000 videtur.
1293 3947 1487 3999 Verum
1530 3960 1647 4010 qua:
1674 3944 1780 3996 sint
1828 3942 1980 3995 istius

444 4040 735 4091 nativitatis
766 4036 1063 4104 privilegia,
1088 4048 1181 4086 cur
1220 4042 1395 4086 autem
1439 4031 1526 4084 ille
1558 4030 1982 4097 supplantaverit

443 4126 680 4190 fratrem,
712 4134 764 4177 et
793 4124 925 4176 levis
968 4137 1031 4175 ac
1060 4121 1279 4187 simplex
1310 4129 1461 4172 natus
1487 4121 1576 4183 sit,
1617 4134 1736 4171 cum
1775 4120 1979 4185 utique,

2077 2976 2391 3029 animalibus
2424 2985 2573 3043 parat
2600 2992 2613 3028 :
2647 2975 2769 3042 quia
2802 2976 3079 3041 scriptum
3108 2990 3211 3033 est
3232 2982 3281 3011 ⁸⁸
3311 2998 3328 3033 :
3353 2981 3618 3034 flamines
3654 2990 3699 3033 et

2068 3064 2306 3131 jumenta
2345 3062 2514 3114 salvos
2560 3062 2741 3127 facies,
2787 3060 3043 3117 Domine.
3112 3065 3295 3121 Isaac
3345 3083 3542 3123 sermo
3570 3069 3701 3136 legis

2077 3151 2331 3203 hordeum
2361 3149 2608 3210 seminat,
2628 3156 2680 3200 et
2719 3155 2901 3201 tamen
2936 3149 2992 3201 in
3032 3150 3171 3219 ipso
3217 3155 3449 3211 hordeo
3501 3156 3704 3210 invenit

2078 3239 2424 3293 centesimum
2457 3238 2707 3289 fructum.
2744 3237 2966 3293 Iuvenis
3012 3242 3181 3295 enim
3209 3254 3271 3298 et
3307 3246 3365 3299 in
3402 3247 3527 3315 lege
3562 3261 3703 3301 mar-

2082 3325 2241 3398 tyres,
2265 3342 2488 3395 quorum
2513 3336 2598 3380 est
2622 3329 2950 3382 centesimus
2983 3329 3007 3381 f
3009 3340 3252 3389 ructus.
3279 3336 3396 3390 Sed
3432 3347 3492 3390 et
3520 3337 3705 3390 Domi--

2082 3430 2182 3469 nus
2206 3424 2386 3467 noster
2419 3415 2470 3466 in
2504 3414 2808 3482 Evangeliis
2854 3413 3033 3480 lsaac,
3073 3422 3450 3485 perfectiora
3477 3440 3704 3494 quasque

2080 3503 2356 3570 apostolis,
2380 3503 2548 3554 turbis
2578 3511 2755 3554 autem
2789 3502 3004 3571 plebeia
3036 3514 3096 3560 et
3129 3515 3487 3566 communia
3518 3514 3705 3583 loque-

2081 3594 2258 3647 batur.
2287 3591 2379 3644 Vis
2414 3600 2589 3643 autem
2625 3591 2829 3652 videre,
2854 3593 3003 3658 quod
3044 3596 3238 3651 etiam
3291 3601 3479 3670 ipsius
3520 3603 3707 3658 hordei

2082 3682 2229 3735 cibos
2259 3679 2629 3746 incipientibus
2650 3680 2943 3735 exhibuit?
2966 3682 3283 3754 Scriptum
3320 3702 3414 3746 est
3453 3694 3508 3745 in
3536 3694 3706 3747 Eva".

2083 3769 2284 3838 geliis’“
2306 3767 2475 3834 ,quod
2498 3766 2735 3819 secundo
2762 3769 2979 3834 paverit
3004 3773 3247 3830 turbas.
3280 3778 3398 3834 Sed
3428 3781 3557 3837 illos
3579 3798 3711 3852 quos

2084 3858 2255 3925 primo
2300 3856 2487 3923 pascit,
2520 3854 2571 3907 id
2614 3864 2695 3908 est
2734 3855 3066 3923 incipientes
3094 3900 3112 3925 ,
3143 3864 3511 3924 hordeaceis
3561 3872 3711 3939 pani-

2084 3946 2181 3995 bus
2235 3944 2423 4010 pascit.
2462 3941 2645 3994 Postea
2691 3955 2840 4004 vero,
2870 3957 2998 3996 cum
3048 3947 3182 4014 jam
3246 3956 3711 4022 profecisscmin

2085 4027 2245 4081 verbo
2277 4037 2329 4079 et
2357 4026 2617 4085 doctrina,
2665 4024 2907 4078 triticeos
2935 4029 3020 4081 eis
3063 4035 3406 4093 exhibebat
3456 4043 3709 4108 panes”.

2088 4118 2191 4170 Sed
2219 4126 2339 4183 post
2377 4117 2476 4168 hoc
2510 4114 2788 4176 Dominus,
2839 4116 3045 4184 inquit,
3081 4120 3408 4183 benedixi;
3444 4130 3628 4195 Isaac,
3661 4139 3716 4185 ει

442 4214 582 4268 sicut
631 4213 760 4266 dicit
804 4210 1085 4278 Apostolus
1113 4210 1180 4272 ⁷⁷,
1218 4222 1281 4260 ex
1318 4223 1423 4261 uno
1454 4206 1608 4258 fuerit
1640 4206 1786 4259 Isaac
1828 4215 1978 4274 patre
2011 4218 2055 4270 1)
2088 4220 2311 4272 magnus
2338 4205 2506 4257 factus
2535 4213 2616 4258 est
2648 4204 2818 4257 valde.
2847 4202 3063 4261 Parvus
3091 4223 3238 4268 erat
3277 4216 3449 4274 Isaac
3483 4224 3541 4274 in
3579 4222 3713 4291 lege,

443 4311 624 4354 nostro
678 4297 955 4364 utriusque
999 4296 1087 4348 lilii
1134 4303 1448 4361 conceptus,
1476 4293 1561 4347 vel
1599 4308 1694 4347 cur
1728 4293 1815 4345 ille
1838 4303 1979 4349 totus

443 4386 680 4440 hirsutus
706 4392 761 4437 et
812 4382 1079 4445 horridus,
1122 4388 1194 4443 et,
1239 4389 1295 4433 ut
1328 4381 1401 4433 ita
1438 4380 1633 4443 dicam,
1679 4380 1882 4447 peccati
1927 4388 1979 4433 et

445 4473 694 4540 nequitia:
725 4470 971 4538 squalore
998 4470 1352 4522 circumdatus
1378 4508 1393 4531 ,
1426 4483 1529 4522 non
1560 4478 1640 4522 est
1666 4462 1838 4521 meum
1869 4470 1978 4523 dis-

443 4571 643 4616 cutere.
688 4558 747 4612 Si
803 4558 943 4612 enim
984 4556 1201 4609 voluero
1231 4557 1283 4609 in
1318 4557 1479 4610 altum
1514 4557 1709 4620 fodere,
1742 4565 1796 4610 et
1823 4572 1976 4625 aqme

443 4651 578 4704 vivae
599 4648 822 4701 latentes
852 4660 1015 4700 venas
1047 4646 1253 4714 aperire
1280 4646 1530 4700 continuo
1556 4646 1781 4699 aderunt
1808 4645 1976 4699 Phili-

444 4738 639 4802 sthini,
673 4746 726 4790 et
754 4736 1030 4803 litigabunt
1052 4749 1277 4803 mecum,
1298 4746 1353 4789 et
1372 4736 1515 4789 rixas
1546 4736 1671 4788 mihi
1699 4744 1751 4789 et
1774 4736 1978 4789 calum-

556 4872 602 4905 ν·
648 4869 836 4923 Matth.
887 4884 976 4935 xv,
1017 4870 1114 4931 19;
1171 4869 1286 4924 Gal.
1333 4886 1390 4933 ν,
1436 4868 1526 4922 eo.

442 4939 490 4972 "
526 4939 657 4993 ibid.
688 4938 758 4991 25
779 4948 833 4991 et
861 4937 950 4991 26.
1024 4940 1067 4969 "
1091 4938 1243 4991 Rom.
1291 4953 1365 4992 ιι.

441 5007 488 5040 ⁸³
519 5007 709 5061 Matth.
731 5020 840 5060 xtv.
910 5006 955 5037 ⁸⁸
979 5005 1162 5061 Matth.
1200 5021 1287 5058 xv.

1461 4938 1506 4969 ⁷⁸
1544 4936 1698 4991 Joan.
1726 4951 1802 5000 vt,
1824 4937 1910 4990 57.

513 5162 702 5239 (εωΑ
743 5165 906 5239 verbo
948 5174 1077 5239 ξριτ,
1116 5163 1411 5239 calcaneum
1458 5158 1976 5239 apprehenditkca’l‘f

443 5225 614 5300 eanec,
647 5234 906 5301 supposito
959 5225 1224 5284 luctatoris
1286 5233 1451 5283 instar
1479 5225 1872 5301 _'pessuinnded_it,
1920 5225 1980 5301 fit

446 5291 635 5356 nomen
678 5291 864 5364 Iacob,
913 5301 1052 5367 quod
1100 5300 1151 5351 in
1201 5307 1353 5366 partu
1415 5291 1613 5367 calcem
1658 5291 1840 5367 fratris
1891 5292 1975 5344 sui

449 5371 636 5436 tenuit,
668 5369 822 5436 quasi
852 5357 1029 5435 ipsum
1071 5367 1123 5419 in
1166 5357 1582 5436 primogenitum
1631 5357 1978 5426 supplantare

447 5428 647 5489 volens.
685 5428 824 5488 'Non
875 5428 1013 5488 male
1048 5428 1182 5502 ergo
1225 5428 1419 5486 asserit
1459 5428 1720 5495 Origenes
1758 5438 1892 5478 eum
1945 5438 1975 5477 a

1634 4870 1680 4900 ⁷³
1733 4867 1837 4922 Isa.
1882 4885 2030 4932 xxvr,
2082 4872 2166 4924 18.

1995 4941 2040 4970 ⁷⁸
2059 4939 2216 4993 Juau.
2268 4953 2344 5002 ιι,
2374 4938 2429 4989 2.
2501 4936 2546 4966 ⁸ο
2573 4934 2771 4989 Geues.
2794 4951 2950 5005 xxvi,
2974 4940 3067 4995 12.

2081 4297 2173 4348 sed
2214 4309 2463 4362 processu
2491 4295 2745 4360 temporis
2779 4295 2838 4347 lit
2876 4310 3146 4363 magnus.
3184 4302 3290 4358 Fit
3314 4313 3567 4378 magnus
3590 4326 3716 4380 pro-

2079 4399 2232 4438 cessu
2261 4383 2512 4450 temporis
2541 4383 2591 4435 in
2625 4383 2922 4450 prophetis.
2958 4383 3102 4440 Nam
3134 4390 3204 4445 in
3253 4396 3383 4451 sola
3427 4400 3553 4469 lege
3579 4416 3712 4455 ηοη-
3752 4428 3769 4438 .

2080 4477 2203 4529 dum
2242 4489 2460 4543 magnus
2488 4481 2588 4535 est,
2618 4475 2812 4541 quippe
2844 4487 2966 4540 qua:
2994 4485 3054 4528 et
3078 4464 3395 4541 velamine
3424 4464 3579 4543 tecta
3610 4497 3714 4542 est.

2078 4564 2282 4619 Crescit
2306 4576 2431 4630 ergo
2445 4561 2557 4629 jam
2584 4560 2633 4611 in
2666 4562 2967 4626 prephetis.
2993 4561 3142 4618 Cum
3187 4585 3343 4627 vero
3390 4578 3717 4643 pervenerit

2084 4652 2149 4704 ad
2175 4652 2276 4705 hoc
2307 4662 2492 4716 usque,
2526 4657 2585 4700 ιιι
2610 4656 2667 4700 et
2691 4646 2935 4701 velamen
2964 4651 3177 4718 abjicia
3192 4665 3239 4722 t,
3268 4671 3417 4716 tunc
3447 4666 3565 4718 ,πει
3604 4680 3719 4717 ma-

2084 4754 2219 4807 gues
2262 4737 2434 4790 valde.
2463 4737 2594 4789 Cum
2631 4736 2864 4804 coeperit
2910 4737 3104 4797 littera
3141 4743 3306 4817 legis
3349 4753 3518 4808 velut
3558 4755 3719 4824 palea

2278 4870 2324 4901 "
2372 4868 2546 4951 ﬁala};
2575 4865 2791 4951 [3.7722,
2830 4868 2927 4925 25.
2980 4873 3097 4951 m"
3133 4875 3372 4951 Genesi.
3440 4901 3581 4951 xxv,
3622 4887 3718 4940 24.

3151 4946 3402 5007 "Psal.
3440 4946 3622 5021 xxxv,
3662 4956 3717 5009 8.

2084 5158 2334 5250 {93‘3"9.”
2352 5170 2555 5250 32193“
2578 5158 2898 5250 Ξῗὲἓβὶεξεὲι
2931 5168 3032 5222 Sed
3076 5170 3291 5250 πέἓεεει
3320 5181 3719 5250 etymologia:

2084 5226 2906 5315 ἓξ-3³ῖ⁴¹⁴ἒη¹ῗξ;η¹’ῖῗῗὶ¹1-θ¹ῗί.¹“
2948 5251 2978 5315 e
3030 5241 3223 5315 radice
3464 5226 3717 5315 ιᾶεῖιῖτῖιῖ

2218 5301 2411 5360 potest,
2439 5291 2604 5344 Edom
2631 5307 2761 5350 vero
2808 5300 2879 5353 ab
2927 5291 3714 5375 om.”§ai}},"r&ii2;§:7&2'

2084 5363 2300 5427 dlClllll‘,
2338 5366 2427 5412 aut
2461 5359 2620 5413 homo
2651 5374 2683 5414 e
2721 5372 2870 5421 terra
2896 5385 3150 5432 creatus.
3698 5360 3714 5383 ’
