3922 6238
265 281 446 446 ﬁdei
473 381 568 450 eius
607 353 794 426 secerni
815 390 829 414 ,
865 354 917 400 et
955 358 1334 450 appar-tier“

369 437 613 538 "ﬁxum
649 457 784 549 Isaac
833 437 1204 549 {pag-trilicem
1217 458 1326 510 tur

265 527 588 622 ὦῶ.μῇωο
609 547 736 608 enim
763 531 879 642 qql'm
909 538 966 642 et
994 527 1311 642 Dominus
1362 556 1431 612 iu
1481 527 1819 642 Evangeliis
1847 579 1892 611 ⁸⁸

266 669 463 721 paucos
486 657 628 721 Panes
661 622 1146 730 mus-ihegwod.
1182 633 1397 695 millia
1437 622 1892 730 minutim-pido-

269 711 414 808 rum,
445 711 502 797 et
519 729 672 811 quanti
698 711 896 786 οορὶιῑηί
936 712 1354 786 Γθὶίίιυῖἓΐιιῐη
1413 756 1750 812 supersunt.
1785 755 1887 808 Do-

274 843 375 880 nec
412 827 589 894 integri
612 822 720 875 sunt
745 814 917 874 ptines.
954 814 1141 901 lle-m0
1174 822 1534 891 saturatur,
1570 851 1732 891 nemo
1764 839 1885 890 reli-

274 916 446 979 citur,
481 893 572 969 nec
611 905 696 977 ῑρδὶ
740 902 893 983 Pa‘les
941 893 1240 953 ﬁdem“?
1302 920 1546 983 augeri.
1595 924 1884 979 Considera

275 1015 414 1067 ergo
441 1019 591 1064 nunc,
630 982 862 1065 quommlo
909 995 1144 1048 Fallet-‘3
1200 1007 1406 1061 panes
1462 1008 1793 1080 frangimus;
1820 1016 1884 1068 de

278 1089 583 1158 Scripturis
601 1082 766 1143 divinis
784 1086 982 1144 paucos
1007 1089 1345 1143 sermones
1379 1102 1738 1166 assumimus,
1758 1115 1885 1170 quot

280 1179 454 1229 millia
482 1179 728 1231 hominum
745 1173 1089 1222 saturantur.
1144 1170 1270 1228 Sed
1314 1181 1432 1236 nisi
1493 1187 1646 1241 fracti
1689 1189 1885 1245 iuerint

279 1268 369 1319 isti
401 1282 599 1334 panes,
641 1265 724 1317 nisi
766 1259 812 1309 in
855 1264 1058 1318 partes
1112 1269 1470 1325 comminuti
1506 1290 1536 1327 a
1587 1277 1878 1344 discipulis,

280 1353 386 1404 hoc
413 1363 532 1416 est,
572 1353 661 1406 nisi
703 1342 984 1403 minutatim
1041 1345 1253 1405 littera
1322 1354 1496 1413 fuerit
1547 1342 1783 1416 discussa
1829 1375 1880 1418 et

278 1441 489 1505 fracta,
525 1458 708 1496 sensus
726 1440 826 1506 eius
853 1434 916 1486 ad
948 1450 1169 1494 omnes
1195 1459 1313 1498 non
1359 1459 1536 1514 potest
1580 1455 1876 1520 pervenire.

275 1526 421 1580 Cum
451 1538 642 1581 autem
674 1531 977 1596 pertractare
1019 1533 1388 1596 coeperimus
1416 1546 1470 1590 et
1510 1540 1713 1607 singula
1739 1556 1879 1608 quite-

275 1635 388 1687 que
418 1622 722 1684 discutere,
753 1629 869 1673 tunc
915 1620 1102 1675 turba:
1151 1626 1384 1691 quidem
1427 1641 1680 1696 quantum
1735 1643 1878 1698 pote-

1436 263 1524 324 IN
1569 277 1889 341 GENESIM
1929 288 2208 344 HOMILIA
2244 290 2382 346 xm.

1382 390 1564 447 Quod
1625 402 2233 466 spi-ritalisAvenimus
2288 390 2596 459 exercitii“
2655 383 2792 457 Ecce
2838 419 2995 485 enim,
3052 425 3209 481 refert
3242 427 3530 500 Scriptura.

1395 482 1456 500 nn
1506 477 1608 500 η--
2119 491 2130 500 ·
2166 491 2181 500 -
2478 495 2491 500 ‘
2520 487 2666 500 ““"‘“
2713 487 2725 500 '

1335 499 1374 557 si
1395 482 1466 524 ει
1505 477 1614 534 liet
1668 503 1894 557 magnus

3443 321 3550 376 250

1993 491 2130 557 quod
2164 491 2326 555 Isaac,
2371 487 2668 576 posth_3_m
2708 487 2979 561 benedixit
3006 511 3147 566 illum
3196 487 3442 573 Dominus
3473 487 3531 576 et

1992 581 2360 647 magniﬁcatus
2389 586 2471 632 est
2498 566 2674 675 {alges
2702 592 2978 652 aggressus
3004 607 3082 651 est
3108 566 3524 675 οριῖέιῖτέεηυηῖξ

1988 662 2054 714 Et
2075 665 2252 731 coepit,
2285 666 2474 733 inquit,
2510 658 2698 718 fodere
2743 683 2948 742 puteos,
2979 658 3162 748 puteos
3197 703 3326 755 quos
3343 658 3525 746 υιὸιιέέ

1991 763 2106 804 rant
2134 755 2281 820 pueri
2309 757 2422 822 ejus
2452 757 2502 807 in
2547 763 2780 822 tempore
2818 771 2982 832 patris
3009 773 3121 838 ejus
3159 775 3422 832 Abraham
3445 782 3518 844 θ’,

1988 841 2080 892 sed
2107 842 2472 908 oppilaverant
2495 857 2588 897 eos
2616 844 2917 908 Philisthini
2936 897 2950 921 ,
2980 870 3030 912 et
3058 861 3399 927 impleverant
3421 841 3521 920 ter;

1985 943 2040 979 ra
2070 927 2199 996 (8|).
2233 929 2410 985 Primo
2458 948 2585 1002 ergo
2618 935 2876 994 habitavit
2920 949 3056 1012 apud
3092 958 3306 1014 puteum
3353 953 3515 1008 visio-

1983 1017 2090 1078 nis,
2117 1025 2169 1068 ct
2196 1018 2524 1074 illuminatus
2555 1037 2582 1074 a
2621 1035 2782 1091 puteo
2809 1031 3023 1085 visionis
3050 1039 3354 1104 aggreditur
3383 1043 3514 1098 alios

1982 1110 2167 1168 puteos
2200 1107 2431 1170 aperire.
2467 1110 2533 1162 Et
2572 1126 2673 1163 non
2708 1116 2934 1181 primum
2985 1137 3147 1176 novos
3177 1137 3385 1192 puteos,
3420 1135 3512 1185 sed

1983 1205 2114 1256 quos
2140 1193 2343 1245 foderat
2375 1206 2528 1262 pater
2580 1201 2690 1266 ejus
2718 1206 3006 1260 Abraham.
3044 1211 3108 1264 Et
3151 1228 3267 1266 cum
3297 1217 3514 1274 fodisset

1980 1279 2204 1343 primum
2229 1290 2462 1347 puteum,
2493 1287 2644 1338 zelati
2665 1304 2799 1351 sunt,
2824 1293 3014 1360 inquit,
3041 1315 3155 1350 eum
3181 1301 3500 1360 Philisthini.

1976 1364 2046 1415 At
2085 1364 2168 1418 ille
2188 1367 2302 1420 zelo
2330 1384 2511 1422 eorum
2537 1388 2643 1426 non
2675 1386 2755 1429 est
2792 1381 3098 1447 deterritus,
3125 1400 3223 1440 nec
3248 1393 3407 1443 cessit
3430 1395 3511 1446 in-

1976 1450 2129 1504 vidiae
2163 1455 2292 1507 :sed
2329 1457 2530 1521 iterum,
2567 1462 2832 1529 inquit”,
2867 1469 2995 1532 [odit
3037 1483 3234 1538 puteos,
3265 1492 3392 1543 quos
3429 1479 3512 1545 fo-

1975 1539 2156 1592 derant
2197 1545 2342 1606 pueri
2386 1545 2645 1601 Abraham
2696 1556 2863 1617 patris
2900 1558 3030 1622 ejus,
3060 1569 3107 1612 et
3154 1539 3506 1629 appilaverant

1974 1643 2057 1680 eos
2085 1628 2383 1686 Philisthini
2407 1647 2518 1702 post
2563 1651 2773 1694 mortem
2809 1645 3026 1699 Abraha:
3055 1653 3216 1715 patris
3262 1662 3373 1722 ejus
3398 1673 3419 1721 ;
3455 1667 3505 1710 et

275 1717 414 1757 runt
441 1719 692 1759 sumant.
725 1707 861 1771 Quod
886 1715 1076 1760 autem
1108 1724 1227 1762 non
1287 1715 1582 1779 potuerint,
1625 1717 1878 1784 colligen-
1908 1707 1948 1763 Β
1975 1718 2141 1783 posuit
2177 1718 2278 1770 illis
2305 1725 2536 1788 ηοηιίηαν
2565 1730 2843 1782 secundum
2876 1736 3088 1789 ηοηιὶηα
3115 1757 3230 1806 qua!
3263 1757 3503 1809 posuerat

275 1793 414 1845 dum
448 1803 550 1846 est
580 1803 632 1846 et
656 1793 1048 1857 reservandum,
1084 1811 1159 1848 ne
1199 1800 1332 1865 quid
1362 1812 1563 1866 pereat.
1589 1802 1870 1858 Servamus

272 1891 413 1945 ergo
434 1888 494 1929 et
530 1894 660 1941 nos,
694 1882 734 1933 si
777 1879 900 1946 quid
935 1882 1116 1934 turba:
1145 1899 1348 1952 capere
1396 1904 1498 1940 non
1553 1902 1790 1958 possunt,
1818 1903 1870 1946 et

271 1965 612 2034 colligimus
634 1967 690 2018 in
711 1968 944 2034 c0phinis
968 1977 1024 2020 et
1049 1974 1284 2037 sportis.
1313 1975 1549 2042 Denique
1570 1993 1685 2030 cum
1709 1981 1866 2046 paulo

269 2062 402 2104 ante
442 2054 822 2121 fregissemus
862 2069 1052 2122 panem
1089 2059 1159 2113 de
1193 2059 1360 2114 Jacob
1386 2072 1438 2116 et
1469 2065 1628 2129 Esau,
1666 2079 1863 2134 quanta

268 2145 338 2196 de
372 2142 472 2194 illo
505 2156 666 2208 pane
708 2142 1008 2210 fragmenta
1057 2160 1451 2213 superaverunt
1479 2165 1597 2218 qua:
1625 2170 1719 2208 nos
1749 2158 1864 2209 dili-

267 2241 467 2298 genter
519 2231 916 2298 recollegimus
971 2248 1039 2286 ne
1093 2237 1355 2302 perirent,
1381 2249 1432 2292 et
1481 2256 1752 2297 servamus
1797 2247 1859 2298 in

267 2322 480 2386 sportis
535 2322 633 2374 vel
679 2324 946 2388 cophinis,
990 2340 1274 2393 usquequo
1321 2329 1570 2384 Dominus
1617 2334 1681 2386 de
1730 2335 1858 2401 ipsis

265 2410 397 2476 quid
423 2409 601 2461 etiam
633 2411 750 2462 tieri
771 2409 985 2475 jubeat,
1005 2415 1302 2469 videamus.
1333 2415 1476 2470 Nunc
1500 2428 1674 2472 autem
1698 2436 1859 2488 quan-

267 2505 383 2547 tum
417 2499 702 2564 possibile
742 2509 848 2562 est,
881 2502 964 2553 vel
995 2502 1062 2552 de
1103 2505 1331 2570 panibus
1365 2509 1736 2575 comedamus,
1773 2511 1854 2564 vel

264 2583 329 2633 de
355 2585 547 2650 puteis
585 2585 940 2639 hauriamus.
990 2587 1279 2642 Tentemus
1315 2592 1489 2646 facere
1512 2596 1668 2647 etiam
1703 2597 1849 2661 illud,

259 2672 408 2738 quod
440 2673 731 2739 sapientia
755 2685 1083 2740 commonet,
1109 2678 1296 2731 dicens
1319 2679 1403 2732 ’δε
1441 2681 1562 2733 Bibe
1601 2700 1758 2752 aquas
1789 2688 1851 2739 de

258 2762 362 2812 tuis
383 2760 666 2826 fontibus,
713 2774 762 2815 et
793 2765 858 2815 de
903 2766 1010 2816 tuis
1051 2768 1244 2831 puteis,
1290 2779 1334 2820 et
1361 2770 1428 2821 sit
1470 2774 1560 2824 tibi
1591 2774 1704 2840 fons
1728 2784 1847 2832 tuus

253 2849 530 2913 proprius.
572 2849 756 2902 Tenta
785 2865 914 2918 ergo
949 2863 1001 2904 et
1031 2862 1105 2918 tu,
1135 2869 1168 2906 o
1214 2857 1443 2921 auditor,
1492 2859 1686 2914 habere
1722 2877 1846 2928 pro-

253 2939 434 3002 prium
470 2949 735 3004 puteum,
770 2948 820 2992 ct
854 2944 1131 3008 proprium
1181 2943 1418 3012 fontem;
1457 2957 1510 3000 ut
1543 2958 1596 3002 et
1624 2960 1697 3014 tu,
1725 2967 1840 3004 cum

1975 1812 2120 1868 pater
2151 1806 2282 1872 ejus.
2312 1807 2465 1863 Fodit
2485 1827 2610 1881 ergo
2647 1816 2764 1871 illos
2791 1830 2994 1885 puteos,
3029 1839 3164 1893 quos
3199 1806 3346 1894 pater
3375 1846 3502 1887 suns

1974 1888 2200 1954 foderat,
2237 1903 2289 1946 et
2338 1897 2425 1960 qui
2467 1913 2560 1964 per
2593 1903 2839 1957 malitiam
2878 1888 3324 1969 Philisthino-rum
3359 1925 3500 1972 terra

1971 1977 2177 2032 fuerant
2207 1983 2409 2048 repleti.
2435 1987 2586 2040 Fodit
2613 2001 2664 2042 et
2693 1992 2823 2047 alios
2861 2011 3024 2050 novos
3068 2000 3118 2052 in
3157 2003 3289 2057 valle
3328 2005 3498 2058 Gera-

1970 2079 2146 2117 rarum
2191 2068 2320 2138 (8‘2),
2372 2089 2472 2125 non
2539 2077 2748 2142 quidem
2792 2081 2923 2148 ipse,
2965 2087 3054 2138 sed
3094 2090 3242 2152 pueri
3266 2090 3378 2158 ejus
3407 2113 3418 2147 :
3447 2103 3498 2145 et

1967 2154 2151 2206 invenit
2173 2195 2186 2218 ,
2217 2158 2386 2224 inquit
2410 2161 2476 2223 ⁸³,
2509 2163 2578 2214 ibi
2603 2176 2812 2231 puteum
2841 2186 2985 2236 aqua:
3034 2178 3172 2227 vim.
3206 2154 3308 2229 Sed
3337 2181 3495 2233 νῖκαιὶ

1965 2251 2083 2292 sunt
2109 2254 2335 2308 pastores
2385 2247 2696 2304 Gerararum
2743 2272 2858 2306 cum
2889 2263 3177 2324 pastoribus
3211 2264 3380 2328 Isaac,
3409 2272 3489 2320 di-

1962 2335 2125 2378 centes
2151 2345 2294 2382 suam
2317 2348 2423 2384 esse
2445 2350 2648 2401 aquam,
2668 2348 2715 2389 et
2733 2343 2999 2405 appellavit
3022 2363 3200 2401 nomen
3223 2355 3360 2416 putei
3382 2352 3493 2406 Ini-

1959 2413 2150 2478 quitas.
2176 2416 2360 2484 Inique
2384 2423 2515 2472 enim
2547 2437 2806 2490 gesserunt
2834 2445 2946 2481 cum
2981 2449 3058 2484 eo.
3101 2435 3202 2488 Sed
3236 2438 3380 2494 Isaac
3408 2457 3490 2497 re-

1958 2501 2096 2552 cedit
2129 2517 2156 2553 a
2185 2506 2378 2558 tnalitia
2407 2523 2612 2576 eorum,
2655 2523 2700 2565 et
2733 2517 2866 2581 fodit
2895 2519 3080 2575 iterum
3128 2524 3344 2578 alterum
3393 2545 3490 2594 pu-

1957 2599 2112 2650 teum,
2143 2600 2191 2642 et
2215 2608 2305 2659 pro
2328 2595 2438 2660 ipso
2467 2598 2823 2666 nihilominus,
2856 2605 3046 2673 inquit,
3082 2611 3482 2680 altercabantur,

1953 2684 2000 2726 et
2027 2679 2296 2744 appellavit
2320 2699 2499 2736 nomen
2521 2687 2629 2752 ejus
2659 2689 3014 2747 Inimicitiam.
3032 2694 3100 2749 Et
3120 2703 3321 2752 recessit
3343 2679 3479 2767 inde,

1951 2775 1997 2815 et
2023 2766 2149 2831 [odit
2176 2770 2358 2821 iterum
2381 2783 2586 2837 puteum
2614 2778 2792 2842 alium,
2811 2790 2856 2833 et
2880 2799 2980 2835 non
3005 2797 3121 2836 sunt
3144 2790 3378 2843 rixatia'e
3399 2809 3477 2848 eo.

1949 2853 2075 2907 Ideo
2113 2866 2158 2907 et
2195 2859 2466 2924 appellavit
2519 2879 2698 2918 nomen
2724 2869 2839 2935 ejus
2896 2873 3222 2941 Amplitudo,
3278 2881 3473 2945 dicens,

1947 2942 2065 3007 quia
2092 2960 2224 2996 nunc
2250 2944 2480 3000 dilatavit
2511 2968 2600 3003 nos
2632 2953 2788 3019 Deus,
2811 2968 2857 3008 et
2889 2962 3033 3012 auxit
3063 2978 3156 3015 nos
3185 2981 3336 3032 super
3368 2979 3474 3021 ter-

253 3026 707 3091 apprehenderis
741 3028 941 3081 librum
973 3030 1395 3099 Scripturarum,
1432 3037 1654 3104 incipias
1685 3012 1842 3094 etiam

2775 3012 2785 3019 ν
3083 3012 3151 3015 ⁷-⁷
3186 3012 3322 3032 "'r"
3368 3012 3432 3021 ’⁷⁷

1948 3046 2074 3084 ram.
2101 3034 2306 3089 Bcnein
2338 3041 2566 3105 quodam
2607 3043 2722 3098 loco
2768 3059 2982 3102 sanctus
3017 3055 3315 3121 Apostolus,
3345 3074 3472 3114 con-

250 3125 315 3163 ex
346 3116 590 3180 pr0prio
639 3129 804 3168 sensu
857 3117 1102 3182 proferre
1150 3120 1378 3187 aliquem
1419 3124 1758 3190 intellectum,
1792 3135 1844 3180 et

247 3201 560 3252 secundum
617 3216 684 3253 ea
737 3217 860 3268 quae
890 3206 944 3256 in
976 3205 1211 3259 Ecclesia
1242 3209 1494 3274 didicisti,
1521 3220 1661 3266 tenta
1703 3224 1755 3267 et
1787 3226 1839 3268 tu

246 3285 437 3340 bibere
493 3289 567 3341 de
605 3290 766 3342 fonte
810 3291 1015 3359 ingenii
1072 3296 1166 3347 lui.
1209 3294 1304 3348 Est
1361 3298 1496 3350 intra
1551 3308 1600 3352 le
1649 3311 1837 3356 natura

247 3389 405 3441 aqua:
436 3377 602 3442 vivae,
634 3388 766 3430 sunt
799 3393 950 3431 venae
988 3395 1275 3447 perennes,
1305 3393 1357 3436 et
1405 3386 1606 3454 irrigua
1643 3388 1834 3444 fluenta

244 3464 604 3518 rationabilis
635 3480 857 3527 sensus,
885 3467 930 3518 si
969 3469 1126 3520 modo
1148 3483 1253 3522 non
1287 3471 1397 3524 sint
1431 3481 1569 3524 terra
1603 3484 1654 3526 et
1677 3477 1835 3531 rude-

242 3554 396 3607 ribus
427 3555 682 3621 nppleta.
725 3557 836 3608 Sed
869 3559 1005 3610 satis
1031 3573 1130 3624 age
1169 3559 1348 3614 fodere
1375 3571 1571 3615 terram
1594 3573 1757 3631 tuam,
1779 3575 1832 3620 et

239 3655 481 3707 purgare
537 3646 774 3707 sordes,
817 3648 870 3698 id
910 3658 994 3699 est
1033 3648 1232 3714 ingenii
1277 3652 1348 3703 tui
1401 3667 1648 3706 amovere
1689 3655 1830 3707 desi-

236 3730 404 3792 diam,
439 3743 500 3783 et
531 3743 818 3800 torporem
846 3737 1031 3788 cordis
1053 3746 1330 3792 excutere.
1359 3740 1493 3793 Audi
1538 3743 1676 3795 enim
1702 3745 1827 3811 quid

230 3819 366 3870 dicit
408 3820 710 3887 Scriptura
740 3824 825 3875 “z
863 3824 1050 3893 Punge
1091 3829 1330 3893 oculum,
1359 3847 1402 3885 et
1431 3829 1620 3901 profert
1660 3837 1828 3904 lacry-

228 3922 370 3958 mam
395 3923 418 3971 ;
454 3925 644 3977 punge
667 3927 779 3974 cor,
809 3923 860 3964 et
910 3913 1111 3979 profert
1147 3932 1375 3971 sensum.
1424 3922 1592 3991 Purga
1621 3940 1746 3992 ergo
1773 3922 1840 3978 ρι’

227 4003 280 4045 tu
317 3998 622 4064 ingenium
655 4011 835 4063 tuum,
872 4011 933 4054 ut
959 4002 1252 4068 aliquando
1277 4010 1437 4060 etiam
1471 4011 1534 4062 de
1573 4015 1676 4066 tuis
1707 4014 1824 4066 fon-

223 4082 373 4136 tibus
407 4085 598 4146 bibas,
626 4096 680 4138 et
709 4087 778 4140 de
813 4089 922 4140 tuis
952 4090 1129 4156 puteis
1160 4093 1380 4148 haurias
1413 4111 1600 4164 aquam
1625 4101 1817 4152 vivam.

217 4166 273 4220 Si
298 4170 461 4222 enim
498 4174 798 4235 suscepisti
826 4174 880 4225 in
918 4183 970 4226 te
995 4175 1219 4228 verbum
1257 4179 1368 4244 Dei,
1400 4183 1444 4234 si
1476 4187 1722 4251 accepisti
1753 4187 1820 4240 ab

1941 3120 2180 3175 siderans
2232 3130 2599 3194 mysteriorum
2646 3139 3082 3208 magnitudinem,
3133 3120 3366 3203 dicit“:
3404 3151 3470 3203 Et

1939 3211 2005 3260 ad
2033 3212 2140 3264 Iiwc
2163 3216 2274 3277 quis
2305 3217 2512 3271 idoneus
2539 3223 2563 3274 γ
2589 3223 2757 3276 Simili
2787 3228 2965 3291 modo,
2995 3231 3100 3284 imo
3136 3235 3288 3304 longe
3314 3239 3458 3294 dissi-

1939 3297 2067 3360 mili,
2095 3310 2290 3365 quanto
2322 3302 2409 3355 illo
2437 3305 2590 3373 longe
2618 3309 2899 3364 inferiores
2939 3329 3142 3382 sumus,
3175 3297 3335 3374 etiam
3370 3339 3466 3378 nos

1936 3388 2173 3443 videntes
2209 3399 2402 3443 tantam
2457 3395 2507 3446 in
2542 3399 2810 3464 mysteriis
2852 3401 3181 3459 altitudinem
3229 3409 3339 3477 (85)
3368 3426 3466 3478 pu-

1936 3482 2158 3537 teorum,
2207 3477 2430 3530 dicimus
2466 3495 2478 3531 :
2511 3480 2577 3533 Et
2613 3486 2679 3534 ad
2724 3485 2830 3538 [nec
2859 3489 2971 3554 quis
3023 3491 3236 3544 idoneus
3260 3497 3285 3548 ?
3335 3477 3463 3559 Quis

1931 3562 2070 3612 enim
2107 3563 2264 3629 digne
2304 3565 2475 3619 valeat
2519 3570 2817 3636 explicare,
2852 3575 2934 3627 vel
2978 3586 3250 3643 puteorum
3284 3598 3462 3636 sacra-

1931 3658 2102 3700 menta
2153 3659 2440 3714 tantorum,
2476 3655 2555 3706 vel
2604 3671 2784 3709 eorum
2819 3675 2934 3726 quae
2981 3670 3126 3729 gesta
3161 3679 3257 3730 pro
3282 3669 3454 3734 puteis

1928 3737 2247 3802 referuntur,
2287 3739 2386 3790 nisi
2417 3740 2727 3796 invocemus
2769 3745 2984 3798 Patrem
3015 3749 3168 3801 Verbi
3210 3753 3452 3816 viventis,

1924 3834 1974 3879 et
2015 3825 2124 3890 ipse
2150 3825 2200 3875 in
2226 3839 2318 3877 ore
2352 3835 2536 3880 nostro
2570 3829 2794 3882 verbum
2839 3834 2964 3886 dare
2997 3835 3262 3901 dignetur,
3298 3848 3355 3891 ut
3382 3842 3453 3893 si-

1926 3916 2174 3968 tientibus
2203 3918 2352 3972 vobis
2396 3931 2660 3985 possnnus
2713 3917 3095 3985 aliquantulum
3127 3936 3274 3990 aqua:
3321 3926 3452 3980 viva:

1921 4007 2135 4059 haurire
2165 4022 2229 4059 ex
2262 4008 2344 4060 his
2371 4016 2474 4058 tam
2497 4006 2724 4073 c0piosis
2749 4015 2802 4059 et
2825 4008 3200 4075 multiplicibus
3231 4016 3400 4080 puteis
3425 4019 3450 4069 7

1983 4091 2036 4142 2.
2081 4092 2216 4143 Sunt
2252 4107 2378 4158 ergo
2418 4092 2584 4158 putei,
2615 4105 2750 4158 quos
2801 4091 3046 4145 foderunt
3093 4097 3238 4161 pueri
3278 4096 3450 4150 Abra-

1917 4181 2061 4242 ham,
2087 4182 2176 4233 sed
2205 4181 2298 4234 hos
2317 4180 2619 4233 Philisthini
2650 4180 2981 4247 repleverunt
3006 4189 3164 4238 terra.
3186 4183 3292 4238 Hos
3319 4201 3447 4253 ergo

214 4254 344 4309 Jcsu
383 4271 599 4325 aquam
638 4261 820 4312 vivam
862 4270 919 4313 et
969 4260 1206 4316 ﬁdeliter
1237 4270 1508 4334 accepisti,
1544 4273 1631 4324 lict
1659 4273 1708 4324 in
1763 4285 1813 4328 te
1843 4295 1888 4349 ι)
1917 4271 2140 4337 primum
2168 4284 2394 4337 purgare
2415 4271 2716 4336 aggreditur
2742 4270 2908 4323 Isaac.
2944 4270 3246 4326 Philisthini
3277 4289 3442 4341 aquas

215 4345 336 4399 fons
370 4363 540 4414 aqua:
571 4347 836 4401 salientis
869 4349 1114 4400 invitam
1142 4363 1422 4416 aeternam,
1461 4357 1512 4408 in
1549 4359 1662 4425 ipso
1688 4359 1808 4414 Jesu

212 4433 437 4489 Christo
473 4436 728 4489 Domino
768 4446 980 4499 nostro,
1006 4438 1092 4489 cui
1129 4449 1215 4491 est
1252 4439 1419 4506 gloria
1447 4453 1499 4495 et
1531 4446 1806 4516 imperium

213 4519 264 4572 in
299 4523 503 4576 sa:cula
542 4521 908 4575 saeculorum.
944 4523 1146 4576 Amen.

731 4630 843 4700 94
881 4629 1175 4684 llOMlLlA
1202 4629 1320 4684 xm

274 4717 354 4772 De
377 4721 565 4786 puteis
615 4736 758 4787 quos
798 4719 1184 4800 foditmls‘aao,
1231 4730 1280 4773 et
1325 4725 1497 4791 repleti
1544 4741 1660 4784 sunt
1707 4747 1739 4784 α

842 4787 1215 4839 Philisthinis.

275 4875 324 4930 1.
365 4877 541 4931 Solita
568 4891 710 4944 erga
760 4885 955 4944 puteos
1001 4891 1236 4944 semper
1270 4879 1676 4944 patriarcharum
1722 4890 1806 4942 in-

299 4967 343 4998 “
377 4969 579 5022 Matth.
615 4982 739 5021 xrv.

213 5047 316 5102 seq.
388 5038 435 5067 ’°
462 5032 504 5089 11
543 5037 684 5089 Cor.
714 5051 772 5098 tr,
805 5036 896 5090 16.

269 5126 376 5244 χει)
413 5128 594 5206 Editi,
610 5128 945 5194 foderunt...
982 5124 1792 5197 oppilaverunt...impleverunt,

269 5213 280 5243 t
327 5211 453 5244 mss.
487 5206 550 5244 ut
581 5211 636 5244 In
666 5204 858 5244 nostro
896 5202 1098 5244 textu.

213 5202 294 5244 sed
327 5211 453 5248 mss.
487 5206 550 5248 ut
581 5202 636 5246 in
666 5204 858 5246 nostro
896 5202 1098 5245 textu.
1283 5255 1294 5266 '
1383 5257 1393 5269 ι

269 5260 377 5334 (8?)
412 5263 647 5329 Aliquot
675 5276 832 5326 mss.,
858 5258 1132 5322 Geraris,
1147 5264 1352 5322 quoties
1381 5273 1427 5310 m
1464 5264 1629 5320 editis
1669 5267 1795 5334 legi-

209 5333 283 5376 tur
303 5327 655 5382 Germ-arum.

275 5395 372 5414 ιοηὶ
413 5397 467 5414 σε
490 5413 496 5414 ,
606 5411 658 5414 __
750 5413 757 5414 κ
791 5396 874 5414 Ι⁶-2
932 5402 1092 5414 --Α-Α
1162 5395 1346 5414 ,ιιι-1η...
1387 5403 1539 5414 m__-‘,
1583 5399 1622 5412 σο
1708 5401 1718 5414 ι
1749 5403 1760 5414 σ

271 5395 373 5462 (83)
413 5397 506 5452 Sic
540 5411 707 5462 mss.,
736 5396 875 5452 editi
932 5402 1115 5452 vero,
1159 5395 1348 5442 tantam
1387 5399 1622 5462 mysterii
1665 5401 1788 5454 atti-

206 5464 436 5514 tudinem.

895 4968 1074 5020 Prov.
1105 4981 1161 5031 v,
1188 4967 1377 5032 15,18.
1449 4973 1491 5003 ⁸⁸
1512 4975 1687 5033 Eccle.
1716 4982 1951 5044 xxtt,l9.

1912 4357 2160 4419 oderunt,
2187 4365 2376 4408 terram
2409 4357 2655 4425 diligunt.
2683 4357 2829 4410 Isaac
2849 4373 3012 4424 aquas
3041 4361 3230 4429 diligit,
3256 4371 3440 4428 puteos

1912 4459 2122 4512 semper
2152 4445 2358 4510 quaerit,
2384 4454 2586 4498 veteres
2608 4453 2819 4512 purgat,
2837 4460 3001 4499 novos
3028 4448 3439 4514 aperit.lntuere

1910 4543 2147 4588 nostrum
2200 4531 2370 4595 Isaac,
2409 4533 2497 4598 qui
2547 4549 2642 4600 pro
2680 4534 2832 4586 nobis
2861 4534 3072 4588 oblatus
3123 4544 3204 4588 est
3235 4537 3431 4600 hostia,

1909 4623 2205 4676 venientem
2257 4621 2308 4672 in
2357 4621 2545 4675 vallem
2583 4621 2926 4683 Gerararum,
2969 4637 3126 4689 quam
3178 4624 3438 4693 interpre-

1909 4718 2091 4762 tantur
2145 4706 2419 4759 maceriam
2457 4707 2588 4776 (84),
2630 4709 2740 4760 sive
2773 4723 2969 4774 sepem;
3010 4707 3327 4773 venientem,
3358 4713 3436 4763 in-

1907 4815 2085 4869 quam,
2111 4809 2169 4853 ut
2211 4801 2436 4853 medium
2472 4800 2724 4868 parietem
2754 4798 2965 4865 sepiens
2995 4797 3168 4850 solvat
3197 4799 3429 4896 inimici-

1909 4893 2007 4944 tias
2037 4889 2088 4941 in
2137 4902 2295 4940 carne
2344 4904 2457 4952 sua,
2493 4888 2790 4940 venientem
2835 4884 3021 4938 tollere
3048 4886 3350 4945 maceriam,
3377 4885 3425 4937 id

2050 4982 2092 5012 ⁸⁷
2123 4979 2316 5036 Cenes.
2339 4995 2486 5045 xxvr,
2517 4978 2600 5032 15.
2694 4977 2739 5008 ⁸⁸
2769 4977 2900 5031 ibid.
2920 4975 3004 5030 18.
3067 4976 3112 5007 ⁸⁸
3134 4976 3262 5030 ibid.
3289 4975 3352 5028 19
3374 4984 3426 5028 et

1969 5136 2076 5204 (84)
2116 5135 2286 5208 Locus
2319 5135 2370 5187 in
2413 5132 2566 5186 editis
2602 5143 2909 5208 corruptus,
2943 5135 3030 5188 ubi
3075 5135 3269 5199 legitur
3298 5147 3419 5208 rna-

1895 5199 2116 5257 cltaara'm
2138 5203 2238 5256 sive
2282 5218 2466 5268 sepem,
2505 5199 2781 5280 venientem
2805 5203 3091 5280 nunquam,
3116 5210 3168 5251 ut
3195 5199 3416 5280 medium

1895 5273 2137 5336 parietem
2191 5271 2324 5337 scpis
2373 5271 2558 5337 solvat,
2596 5276 2642 5318 et
2678 5269 2978 5321 inimicitias
3008 5272 3059 5320 in
3097 5278 3250 5317 carne
3299 5276 3414 5334 sua.

1894 5341 2174 5390 uenientem
2196 5336 2369 5390 tollere
2402 5336 2732 5393 macha'ram,
2754 5336 2807 5384 id
2832 5345 2906 5387 est
2929 5342 3188 5399 peccatum
3213 5340 3310 5391 quo
3337 5338 3415 5395 tu-

1895 5413 1974 5436 η..
2012 5422 2100 5436 ..ιη
2123 5415 2322 5436 MM...”
2358 5415 2402 5436 ι..
2440 5401 2595 5436 ns..."
2643 5401 2952 5436 mnrhmrnm
2980 5414 3089 5436 ηηη»
3116 5401 3190 5436 ρει
3225 5387 3414 5436 media.

1893 5413 1974 5456 ter
2011 5422 2100 5458 nos
2118 5415 2322 5472 separat
2357 5415 2402 5456 et
2433 5401 2622 5463 Deum,
2643 5401 2955 5452 machinam
2980 5414 3089 5467 qua:
3116 5401 3190 5445 est
3225 5401 3414 5477 meatu,

1894 5480 1978 5502 nln
2031 5474 2084 5502 AI
2121 5488 2224 5502 nmo
2297 5482 2350 5502 nl
2380 5473 2431 5502 in
2470 5478 2649 5502 nnclrn
2694 5476 2839 5502 Invln
2895 5477 2941 5502 nl
2988 5471 3128 5502 rnl'lP.
3170 5463 3414 5502 omnim.

1893 5480 1997 5526 etc.
2025 5474 2090 5525 At
2117 5466 2245 5528 mss.
2297 5473 2432 5526 utin
2470 5478 2649 5522 nostro
2694 5476 2866 5532 textu,
2895 5477 2948 5520 et
2988 5466 3128 5518 recte
3170 5466 3417 5514 omnino;
