3922 6246
279 259 375 315 231

278 380 362 426 est
390 370 690 438 peccatum,
721 356 861 428 quod
882 355 1023 410 inter
1052 363 1149 404 nos
1172 345 1459 416 separa‘t‘et
1488 343 1674 403 Deum,
1701 354 1814 393 ma-

276 430 500 516 ceriam,
534 464 654 518 qua:
680 456 761 501 est
789 447 959 499 media
991 443 1128 496 inter
1156 452 1253 492 nos
1296 447 1350 490 et
1374 433 1616 487 cmlestes
1645 430 1806 482 virtu-

279 552 382 604 tes,
413 549 470 593 ut
513 539 679 592 faciat
704 544 930 601 utraque
956 544 1138 591 unum,
1167 535 1219 579 et
1260 538 1410 578 ovem
1442 535 1560 589 qua:
1593 531 1810 571 errave-

282 640 387 695 rat,
426 626 661 681 humeris
688 622 799 675 suis
841 626 1074 685 reportet
1104 613 1169 667 ad
1204 620 1431 673 montes,
1471 618 1525 662 et
1568 606 1816 660 restituat

278 719 351 772 ad
373 693 515 770 alias
547 713 829 778 nonaginta
863 720 1073 768 novem,
1101 716 1217 770 qua:
1240 717 1341 754 non
1362 703 1693 752 erraverunt.
1720 693 1816 745 llic

282 819 413 874 ergo
437 804 585 856 Isaac
619 799 864 852 Salvator
900 803 1102 854 noster,
1150 804 1270 843 eum
1318 787 1546 840 venisset
1581 784 1630 835 in
1661 783 1813 835 istam

288 870 478 945 vallem
504 888 846 946 Gerararum,
871 881 1097 949 primum
1122 876 1354 930 onmium
1383 874 1498 926 illos
1517 879 1705 939 puteos
1738 870 1819 922 fo-

286 982 417 1035 dere
463 976 653 1038 voluit,
680 986 812 1041 quos
862 970 1106 1022 foderant
1153 963 1303 1031 pueri
1338 960 1514 1013 Patris
1548 959 1657 1022 sui;
1692 956 1820 1025 legis

289 1069 493 1124 scilicet
523 1075 576 1119 et
603 1063 979 1132 prophetarum
1006 1055 1171 1107 voluit
1199 1061 1383 1120 puteos
1403 1049 1657 1101 innovare
1686 1044 1819 1114 (85),

290 1170 425 1224 quos
449 1151 749 1206 Pliilistliini
784 1157 921 1201 terra
946 1147 1297 1212 repleverant.
1322 1138 1421 1203 Qui
1451 1144 1574 1191 sunt
1598 1133 1709 1195 isti,
1731 1132 1819 1199 qui

293 1258 434 1300 terra
461 1254 647 1312 puteos
680 1237 1018 1309 replent?llli
1049 1237 1162 1288 sine
1196 1231 1356 1286 dubio
1377 1230 1467 1297 qui
1502 1229 1552 1280 iu
1577 1227 1692 1294 lege
1716 1236 1825 1277 ter-

293 1348 475 1388 renam
503 1340 555 1384 et
587 1328 852 1384 carnalem
894 1322 1292 1389 intelligentiam
1324 1324 1542 1383 ponunt,
1568 1324 1621 1366 et
1666 1313 1826 1380 spiri-

298 1424 452 1475 talem
487 1435 548 1472 ac
591 1416 864 1485 mysticam
895 1413 1169 1472 claudunt,
1204 1416 1261 1460 ut
1295 1420 1465 1473 neque.
1492 1403 1590 1470 ipsi
1620 1402 1822 1461 bibant,

294 1523 468 1576 neque
504 1506 633 1558 alios
664 1504 844 1557 bibere
880 1499 1207 1566 permittunt.
1245 1493 1384 1547 Audi
1440 1491 1611 1551 Isaac,
1646 1485 1826 1539 Domi-

296 1574 423 1651 num
460 1604 699 1648 nostrum
745 1593 925 1645 Jesum
969 1587 1238 1640 Christum
1281 1583 1390 1650 (86)
1426 1581 1477 1632 in
1532 1574 1828 1643 Evangeliis

3612 163 3750 223 232

3021 305 3041 359 i
3110 299 3354 354 Isaac
3423 285 3745 342 fodiunt.

3336 380 3601 436 Lucas
3677 381 3751 427 et

1717 221 2030 282 ORIGENIS

1841 348 1887 398 Α
1914 335 2064 388 Isaac
2108 337 2162 383 et
2209 338 2376 381 novos
2405 331 2616 392 puteos,
2668 318 2789 372 imo
2853 322 3016 398 puer

1916 420 2069 477 Pueri
2123 423 2243 471 sunt
2303 413 2467 473 Isaac,
2527 408 2857 466 Matthaeus,
2916 396 3259 452 Marcus,

1914 510 2164 564 Joannes.
2180 502 2337 556 Pueri
2370 501 2486 568 ejus
2506 506 2634 551 sunt
2680 493 2923 550 Petrus,
2955 477 3308 568 Jacoktss
3351 478 3430 522 et
3466 463 3744 568 lugens-3

1914 612 2047 664 puer
2079 593 2194 658 ejus
2214 599 2297 643 est
2330 598 2382 642 et
2407 584 2680 654 apostolus
2723 577 2973 637 Paulus,

1919 648 2830 748 :I‘estamentiputeosfodiunt.Sed
2857 671 2919 717 et
2938 673 3065 730 pro
3106 654 3248 710 bis
3277 648 3751 748 alter-cantus-

1920 776 1994 830 illi
2026 776 2113 841 qui
2147 738 2358 826 terrena
2391 766 2631 833 sapiunt,
2664 774 2769 813 nec
2817 767 2975 809 nova
3029 744 3280 804 condi
3331 738 3745 809 patiuntur,

1922 882 2020 920 nec
2043 828 2227 918 vetera
2259 828 2498 929 purgari.
2519 847 2874 918 Evangelicis
2901 840 3136 912 puteis
3166 828 3745 889 contradicunt,

1923 951 2222 1021 apostolicis
2244 918 2615 1001 adversantur.
2648 939 2713 992 Et
2730 935 3024 1004 quoniam
3052 929 3134 980 in
3166 938 3305 977 om
3318 918 3553 972 nibus
3581 925 3751 1021 con-

1924 1001 2210 1100 ttl'adicunt,
2246 1036 2295 1088 iu
2340 1031 2589 1087 omnibus
2626 1001 2877 1093 litigant,
2938 1018 3230 1072 dicitur
3278 1009 3383 1063 ad
3446 1019 3584 1057 eos
3615 1001 3677 1100 T‘
3727 1016 3745 1049 :

3024 567 3164 637 qui
3230 568 3529 617 omnes
3560 549 3735 605 Novi

1928 1091 2456 1195 Quoniam'indignos
2485 1136 2576 1173 vos
2605 1091 2808 1185 fecistis
2835 1111 3051 1180 gratia
3099 1102 3288 1166 Dei,
3323 1113 3423 1151 ea:
3442 1094 3583 1148 hoc
3599 1091 3749 1160 jam

1926 1223 1994 1274 ad
2015 1228 2185 1287 gentes
2214 1216 2422 1268 ibimus.

1996 1276 2049 1362 2:.
2087 1307 2208 1359 Post
2241 1304 2355 1357 hinc
2390 1312 2521 1367 ergo
2567 1294 2701 1349 fodit
2737 1290 2979 1346 tertium
3031 1300 3125 1354 pu
3140 1291 3370 1336 leum
3417 1276 3654 1333 Isaac,
3692 1280 3751 1325 et

1931 1393 2201 1463 appellavit
2249 1403 2433 1442 nomen
2457 1362 2581 1435 vloci
2621 1381 2768 1433 illius
2800 1371 3232 1442 Amplitudo,
3292 1368 3552 1420 dicens
3594 1362 3749 1431 quia

1932 1462 2066 1537 nunc
2091 1479 2328 1533 dilatavit
2358 1491 2449 1528 nos
2481 1470 2757 1531 Dominus,
2781 1476 2834 1519 et
2877 1463 3062 1516 auxit
3126 1474 3274 1511 nos
3347 1468 3575 1521 super
3626 1462 3755 1502 ter-

1931 1589 2042 1626 ram
2064 1572 2132 1623 9".
2168 1569 2306 1623 Vere
2334 1566 2476 1618 enim
2504 1562 2761 1616 dilatatus
2790 1564 2881 1609 est
2915 1551 3145 1615 Isaac,
3191 1556 3274 1602 et
3309 1555 3620 1600 auctum
3649 1550 3753 1595 est

299 1628 423 1651 ιιιιιη
460 1628 699 1648 Ilvauuus
745 1628 925 1645 συσπ-ιι
972 1628 1238 1640 νυ..υ.....-
1282 1628 1388 1650 ὶνν,
1426 1628 1477 1632 ---
1532 1628 1593 1631 __,
1680 1628 1708 1643 υ

299 1683 650 1739 dicentem":
678 1680 768 1733 Va:
802 1680 956 1737 vobis,
991 1676 1186 1731 Scriba:
1224 1681 1271 1725 et
1302 1668 1558 1722 Pharisaei
1596 1666 1829 1733 hypocrio
1862 1648 1903 1700 Β
1935 1673 2128 1712 nomen
2159 1654 2273 1720 ejus
2304 1664 2464 1718 super
2496 1657 2719 1704 terram,
2775 1655 2909 1694 cum
2944 1634 3413 1702 adimplevit
3444 1633 3519 1684 in
3553 1628 3753 1682 nobis

2598 1735 2638 1739 A“
2878 1732 2889 1739 ⁵
3024 1738 3031 1739 ί
3159 1736 3174 1739 -
3378 1722 3396 1733 ⁸
3524 1720 3550 1739 ι
3590 1738 3597 1739 κ
3620 1722 3739 1739 μινλ,ᾼ

300 1781 386 1836 tte,
405 1769 854 1839 quoniamtulistis
878 1770 1068 1820 clauem
1095 1761 1404 1821 scientia,“
1452 1770 1609 1822 neque
1639 1752 1735 1819 ipsi
1764 1752 1840 1802 in-

301 1838 494 1913 troistis
517 1897 533 1922 ,
566 1872 724 1921 neque
749 1855 944 1906 intrare
971 1849 1191 1903 volentes
1225 1844 1548 1912 permisistis.
1583 1838 1675 1891 Isti
1719 1845 1841 1890 sunt

302 1961 449 2014 ergo,
495 1946 582 2012 qui
619 1952 826 2010 puteos,
864 1952 996 2006 quos
1052 1935 1299 1987 foderant
1346 1929 1499 1998 pueri
1548 1926 1837 1987 Abraham,

306 2045 447 2091 terra
481 2032 841 2100 repleverunt,
876 2027 966 2094 qui
1008 2024 1176 2088 legem
1216 2018 1504 2073 carnaliter
1550 2016 1759 2074 docent,
1789 2022 1843 2064 et

306 2137 472 2191 aquas
498 2120 665 2173 sancti
695 2117 927 2184 Spiritus
961 2111 1247 2165 maculant.
1276 2107 1375 2172 Qui
1428 2113 1616 2172 puteos
1655 2103 1719 2155 ad
1742 2101 1843 2154 hoc

308 2212 525 2269 habent,
549 2223 651 2260 non
680 2215 737 2259 ut
773 2216 960 2270 aquam
991 2198 1284 2265 proferant,
1315 2195 1405 2248 sed
1441 2201 1499 2245 ut
1535 2202 1730 2245 terram
1761 2203 1847 2257 po-

308 2306 460 2348 nant.
491 2293 596 2347 llos
641 2306 767 2359 ergo
796 2296 977 2355 puteos
1009 2285 1315 2352 aggreditur
1357 2281 1533 2333 fodere
1580 2280 1742 2332 Isaac.
1784 2277 1846 2329 Et

308 2385 582 2459 videamus
611 2379 871 2444 quomodo
908 2390 1000 2428 eos
1038 2374 1186 2425 fodit.
1211 2371 1341 2424 Cum
1370 2369 1516 2436 pueri
1546 2369 1690 2420 Isaac
1714 2407 1729 2432 ,
1757 2367 1845 2434 qui

311 2458 435 2527 sunt
465 2468 688 2537 apostoli
733 2466 936 2520 Domini
970 2462 1135 2516 nostri
1168 2459 1477 2521 transirent,
1519 2458 1710 2524 inquit,
1756 2469 1850 2523 per

312 2568 516 2627 segetes
557 2556 788 2610 Sabbato
838 2552 1102 2606 vellebant
1152 2548 1346 2616 spicas,
1386 2555 1441 2598 et
1492 2544 1850 2598 confricanles

315 2649 557 2702 manibus
579 2643 980 2697 manducabant.
996 2638 1146 2691 Tunc
1162 2651 1286 2703 ergo
1307 2635 1549 2688 dicebant
1564 2634 1612 2686 ei
1639 2632 1850 2698 isti,qui

319 2748 459 2788 terra
481 2734 815 2800 repleverant
838 2743 1022 2797 puteos
1046 2726 1222 2781 Patris
1244 2724 1361 2792 ejus
1383 2723 1451 2774 ”:
1472 2722 1603 2774 Ecce
1617 2718 1853 2785 discipuli

318 2826 392 2877 tui
419 2823 614 2890 faciunt
645 2820 881 2873 Sabbatis
910 2818 1044 2886 quod
1071 2831 1173 2868 non
1199 2814 1339 2866 licet.
1381 2812 1471 2865 llle
1504 2819 1560 2862 ut
1589 2818 1855 2863 terrenum

319 2927 503 2966 eorum
558 2909 764 2963 foderet
820 2907 1147 2960 intellectum
1175 2942 1189 2967 ,
1224 2902 1354 2956 dicit
1392 2901 1457 2953 ad
1495 2913 1587 2953 eos
1611 2898 1657 2929 ”
1687 2914 1701 2949 :
1732 2895 1853 2948 Non

320 2999 515 3066 legistis
550 2997 673 3065 quid
712 2995 829 3064 fecit
877 2994 1062 3057 David,
1095 3008 1210 3044 cum
1249 2991 1464 3043 esuriret
1506 2988 1634 3054 ipse,
1677 2995 1723 3037 et
1764 2985 1852 3054 qui

320 3100 436 3139 cum
462 3085 571 3150 ipso
598 3092 764 3144 erant,
785 3082 1038 3148 quomodo
1070 3079 1277 3131 intravit
1307 3076 1373 3128 ad
1398 3075 1646 3127 Abiathar
1680 3088 1855 3124 sacer-

322 3176 514 3231 dotem,
557 3179 603 3222 et
655 3185 809 3236 panes
862 3166 1223 3236 prepositiouis
1274 3161 1604 3215 manducauit
1649 3162 1758 3229 ipse
1809 3169 1855 3212 et

325 3260 469 3328 pueri
495 3258 597 3319 sui,
626 3273 751 3323 quos
786 3272 885 3308 non
914 3254 1099 3307 licebat
1129 3254 1441 3303 manducare
1493 3250 1591 3301 nisi
1624 3248 1747 3300 solis
1773 3264 1861 3299 sa-

327 3343 615 3397 cerdotibus
644 3344 668 3395 1’
694 3343 756 3394 Et
789 3343 870 3394 his
900 3341 1100 3394 addidit
1131 3357 1145 3391 :
1177 3339 1238 3391 Si
1276 3338 1471 3390 sciretis
1500 3337 1621 3402 quid
1651 3347 1745 3399 est,
1766 3337 1861 3386 mi-

329 3433 667 3485 sericordiam
702 3431 837 3494 uolo,
868 3442 911 3482 et
953 3444 1055 3481 non
1095 3428 1432 3494 sacriﬁcium,
1470 3442 1729 3494 nunquam
1758 3426 1861 3477 uti-

329 3539 426 3593 que
454 3523 882 3575 condemnassetis
919 3521 1234 3572 innocentes.
1254 3517 1359 3571 Sed
1393 3518 1465 3568 illi
1497 3518 1561 3568 ad
1599 3516 1710 3567 bare
1736 3514 1862 3582 quid

333 3610 609 3665 referunt?
630 3609 805 3661 liixati
844 3615 967 3660 sunt
990 3618 1108 3658 cum
1140 3603 1318 3670 pueris
1355 3600 1490 3668 ejus,
1521 3608 1573 3653 et
1602 3596 1861 3652 dicunt":

337 3695 389 3750 Ν
397 3714 461 3750 ou
491 3706 562 3749 est
588 3697 669 3749 hic
691 3697 840 3748 homo
863 3712 892 3746 a
913 3692 1141 3760 Deo,qui
1174 3688 1456 3742 Sabbatum
1492 3703 1592 3740 non
1621 3684 1870 3739 custodit.

338 3784 448 3839 Hoc
468 3785 572 3852 95
585 3798 710 3851 ergo
735 3783 889 3835 modo
909 3782 1039 3834 fodit
1062 3789 1247 3846 puteos
1266 3779 1429 3840 Isaac,
1464 3791 1595 3844 quos
1626 3775 1868 3827 foderant

338 3875 486 3941 pueri
517 3875 681 3938 patris
731 3872 832 3925 sui.
886 3871 1023 3923 Puer
1055 3867 1222 3934 patris
1250 3868 1327 3919 sui
1372 3875 1487 3918 erat
1520 3863 1746 3931 Moyses,
1778 3861 1867 3927 qui

340 3960 547 4015 foderat
571 3971 783 4027 puteum
820 3959 969 4026 legis.
1021 3956 1176 4009 Pueri
1215 3955 1381 4021 patris
1409 3954 1489 4005 sui
1519 3959 1674 4005 erant
1709 3949 1869 4004 David

339 4058 396 4104 et
440 4050 709 4108 Salomon,
738 4056 790 4100 et
826 4047 1117 4114 prophetae,
1152 4055 1207 4097 et
1235 4043 1279 4096 si
1310 4044 1398 4109 qui
1441 4044 1528 4093 alii
1579 4049 1726 4099 sunt,
1776 4041 1868 4105 qui

342 4136 510 4193 libros
535 4136 863 4201 scripserant
885 4132 1091 4185 Veteris
1114 4131 1463 4192 Testamenti,
1494 4145 1626 4196 quos
1657 4136 1868 4181 terrena

345 4234 401 4279 et
427 4224 634 4276 sordida
660 4220 953 4287 repleverat
982 4219 1324 4287 intelligentia
1345 4217 1671 4272 Iudaeorum.
1699 4217 1865 4282 Quam

348 4326 470 4367 cum
493 4310 648 4364 vellet
665 4324 890 4379 purgare
914 4310 1079 4372 Isaac,
1105 4319 1159 4362 et
1179 4310 1459 4362 ostendere
1477 4308 1600 4375 quia
1622 4320 1874 4375 quaecun-

349 4413 454 4468 que
483 4397 567 4450 lex
613 4408 667 4450 et
701 4398 970 4465 pl'OpllCltB
1001 4398 1271 4459 dixerunt,
1324 4396 1391 4449 de
1443 4396 1555 4462 ipso
1605 4396 1874 4455 dixerunt,

353 4486 511 4540 rixati
543 4491 666 4536 sunt
692 4498 810 4537 cum
836 4498 900 4537 eo
928 4483 1251 4536 Pliilistliini.
1287 4482 1388 4535 Sed
1416 4481 1641 4535 discedit
1678 4482 1744 4533 ab
1779 4481 1877 4533 eis.

352 4573 470 4629 Non
500 4574 640 4624 enim
672 4581 844 4638 potest
883 4586 1001 4625 esse
1020 4585 1136 4624 cum
1163 4572 1266 4633 eis,
1291 4572 1381 4637 qui
1411 4573 1460 4622 in
1495 4571 1667 4639 puteis
1696 4571 1884 4624 nolunt

356 4676 548 4729 aquam
591 4661 812 4723 habere,
845 4662 937 4713 sed
978 4671 1196 4713 terram.
1225 4659 1292 4711 Et
1340 4660 1467 4712 dicit
1520 4660 1598 4712 eis
1623 4661 1668 4691 ⁸⁸
1702 4675 1715 4710 :
1748 4657 1882 4712 Ecce

359 4749 674 4817 relinquetur
712 4749 852 4802 vobis
880 4751 1065 4802 domus
1107 4762 1274 4803 vestra
1305 4748 1525 4801 deserta.
1563 4748 1717 4801 Fodit
1757 4762 1886 4816 ergo

428 4894 473 4939 "
496 4900 624 4959 an.
658 4918 731 4966 si,
763 4903 850 4957 59..
923 4905 969 4944 θ’
1002 4904 1181 4956 Matth.
1205 4919 1301 4966 xu,
1340 4903 1392 4957 2.
1465 4903 1509 4935 ”
1535 4904 1661 4957 ibid.

362 4975 409 5008 "
441 4972 798 5037 Geues.xxvn,
821 4971 909 5025 22.
972 4973 1021 5004 "
1052 4972 1187 5025 Psal.
1212 4987 1367 5039 Lxxv,
1398 4972 1442 5025 l.

365 5057 489 5104 xm,
516 5040 607 5093 52.

366 5181 472 5235 nisi
499 5175 636 5244 quod
665 5183 791 5237 ru,
809 5167 1024 5233 Geram,
1047 5182 1149 5220 non
1178 5166 1439 5244 significet
1470 5166 1768 5244 "mseritust,
1800 5163 1891 5215 sed

369 5231 823 5311 peregrinationem
855 5254 882 5291 a
912 5231 1023 5361 Tu,
1052 5231 1368 5302 peregrinari
1386 5257 1405 5296 ,-
1448 5234 1530 5286 vel
1571 5231 1893 5291 conﬂictum,

371 5331 400 5361 a
425 5322 552 5361 m3.
582 5308 844 5361 conﬂixit:
872 5323 933 5358 ve
975 5305 1271 5361 sectionem,
1300 5313 1461 5361 a‘t‘u,
1485 5302 1778 5356 δίωκε-ιη
1801 5313 1893 5348 au-

905 5302 952 5361 el
975 5305 1271 5363 sectionem,
1300 5313 1461 5364 ιδ’-Π),
1485 5302 1778 5356 secans-rt:
1801 5313 1896 5348 au-

375 5365 765 5446 temsigniﬂcat
805 5365 1098 5430 maceriam.
1146 5370 1412 5438 Origenes
1459 5368 1636 5434 itaque
1687 5365 1896 5431 legebat

371 5308 400 5366 ἐι
425 5308 552 5371 ῐτῆι.
582 5308 844 5378 conﬂixit;
872 5323 899 5357 v

373 5455 457 5505 Tu
483 5456 690 5513 ΡΙὊἾἫ

1772 4904 1819 4936 ’⁸
1840 4902 1995 4957 Joan.
2044 4914 2117 4959 Ix,
2152 4894 2233 4948 l6.

1516 4973 1561 5003 ⁹⁹
1600 4971 1739 5025 Psal.
1774 4987 1925 5035 xviii,
1949 4971 2000 5023 5.

1936 1748 2211 1802 scientiam
2245 1739 2556 1796 Trinitatis.
2598 1735 2757 1788 Tunc
2796 1732 2960 1784 enim
3019 1736 3330 1781 tantum
3376 1722 3454 1777 in
3512 1720 3748 1776 Judm

1940 1845 2097 1890 notus
2121 1841 2239 1887 erat
2288 1830 2452 1889 Deus,
2482 1835 2535 1878 et
2566 1826 2617 1877 in
2654 1821 2826 1875 Israel
2866 1831 3199 1884 magnum
3271 1826 3555 1867 nomen
3601 1810 3750 1876 ejus

1938 1924 2312 1978 nominabatur
2347 1917 2416 1981 9°;
2451 1929 2592 1968 nunc
2625 1920 2813 1963 autem
2848 1909 2908 1960 in
2929 1921 3205 1958 onmem
3234 1915 3519 1956 terram
3551 1898 3746 1953 exivit

1941 2029 2096 2068 sonus
2117 2025 2315 2071 eorum,
2348 2015 2393 2059 et
2423 2007 2475 2056 in
2518 2003 2647 2069 ﬁnes
2680 2000 2829 2052 orbis
2865 2009 3053 2049 terrae
3089 1998 3322 2047 verba
3368 2008 3623 2046 eorum
3663 1990 3746 2040 ”.

1942 2102 2141 2155 Euntes
2166 2098 2304 2150 enim
2333 2093 2481 2162 pueri
2513 2093 2661 2143 Isaac
2685 2103 2783 2156 per
2813 2087 3208 2143 universum
3236 2083 3515 2136 orbem
3551 2089 3748 2133 terra:

1944 2192 2193 2244 foderunt
2223 2192 2428 2252 puteos,
2461 2191 2513 2233 et
2539 2193 2736 2245 aquam
2774 2175 2971 2227 vivam
3004 2173 3375 2226 omnibus
3416 2167 3749 2223 ostende-

1946 2287 2090 2338 runt,
2116 2270 2435 2340 baptizantes
2462 2284 2639 2320 omnes
2678 2277 2863 2333 gentes
2910 2266 2973 2316 in
3023 2263 3331 2315 nonu’ne
3383 2259 3659 2322 Patris,
3688 2267 3747 2310 et

1950 2366 2098 2426 Filii,
2131 2372 2178 2415 et
2210 2361 2435 2428 Spiritus
2472 2357 2638 2409 sancti
2672 2354 2712 2406 ί.
2754 2352 2987 2406 Domini
3027 2351 3235 2405 enim
3283 2360 3399 2405 est
3431 2360 3654 2413 terra,
3686 2355 3748 2400 et

1947 2452 2209 2524 plenitudo
2238 2450 2350 2517 ejus
2378 2449 2418 2500 ’.
2454 2446 2557 2499 Sed
2596 2454 2649 2496 et
2676 2442 3099 2510 unusquisque
3170 2448 3569 2502 nostrum,
3632 2436 3743 2505 qui

1951 2544 2167 2597 verbum
2198 2540 2293 2592 Dei
2325 2537 2621 2596 ministrat,
2656 2540 2893 2600 puteum
2940 2530 3142 2594 fodit,
3202 2539 3285 2585 et
3341 2545 3616 2600 aquam
3655 2529 3751 2580 vi-

1951 2645 2069 2684 vam
2100 2626 2308 2694 quaerit,
2343 2640 2407 2677 ex
2437 2637 2541 2690 qua
2573 2622 2786 2673 reliciat
2810 2620 3181 2673 auditores.
3222 2621 3309 2674 Si
3352 2635 3536 2688 ergo
3577 2618 3750 2672 inei-

1953 2719 2267 2787 piametego
2291 2720 2528 2764 veterum
2549 2710 2699 2762 dicta
2720 2709 3052 2770 discutere,
3084 2718 3157 2762 et
3192 2724 3514 2763 sensum
3550 2709 3623 2761 in
3651 2708 3750 2762 eis

1955 2817 2199 2874 quaerere
2226 2798 2546 2868 spiritalem,
2578 2798 2624 2849 si
2665 2806 2909 2849 conatus
2947 2794 3146 2850 fuero
3189 2798 3546 2851 velamen
3583 2798 3753 2866 legis

1960 2904 2225 2951 amovere,
2275 2897 2328 2940 et
2367 2885 2655 2938 ostendere
2688 2882 2999 2946 allegorica
3045 2899 3216 2939 esse
3283 2900 3458 2953 quae
3490 2886 3751 2953 scripta

1957 2974 2717 3046 sunt,fodioquidemputeos,
2741 2972 2840 3024 sed
2865 2973 3082 3046 statin
3126 2974 3321 3027 mihi
3365 2977 3757 3028 siiovebunt

1960 3067 2254 3123 calumnias
2288 3063 2446 3116 amici
2475 3063 2694 3123 litterae,
2716 3070 2774 3112 et
2809 3040 3193 3114 insidia'bttts
3209 3073 3338 3115 tur
3375 3064 3591 3129 mihi,
3623 3064 3759 3117 iui-

1961 3156 2189 3211 micitias
2220 3152 2471 3206 continuo
2501 3158 2557 3201 et
2603 3147 3041 3217 persecutiones
3089 3155 3512 3217 parabunt,
3571 3154 3758 3208 veri-

2068 3259 2123 3295 tm
2160 3248 2417 3309 negantes
2453 3236 2601 3291 stare
2628 3251 2789 3303 posse
2825 3238 2945 3291 nisi
2978 3253 3195 3306 Super
3232 3251 3558 3296 terram.
3619 3244 3754 3297 Sed

1963 3350 2060 3389 nos
2092 3332 2137 3385 si
2164 3332 2312 3395 lsaac
2343 3327 2493 3394 pueri
2517 3341 2727 3388 sumus,
2755 3333 2965 3393 puteos
2996 3340 3206 3394 aqua;
3261 3333 3459 3385 vivae
3509 3334 3759 3401 dii-lg“.

1966 3436 2082 3475 n.us
2113 3428 2168 3471 et
2205 3417 2397 3477 fontes,
2424 3429 2453 3465 a
2484 3412 2736 3479 litigiosis
2781 3421 2838 3464 et
2874 3413 3528 3475 calunmiatoribus
3565 3436 3761 3476 rece-

1967 3510 2175 3568 damus,
2198 3514 2253 3557 et
2276 3502 2643 3567 relinquamus
2680 3514 2777 3552 eos
2807 3500 2865 3551 in
2909 3509 3085 3555 terra
3127 3519 3377 3570 quam
3420 3510 3756 3579 diligunt.

1968 3596 2073 3650 Nos
2105 3608 2231 3647 vero
2261 3604 2533 3657 nunquam
2561 3602 2841 3641 cessemus
2878 3600 3109 3655 puteos
3150 3608 3395 3663 aqua:
3437 3601 3624 3655 viva
3655 3600 3758 3655 το,

1970 3685 2451 3739 dieudozetuune
2478 3678 2696 3745 quidem
2736 3685 2958 3740 vetera,
3014 3696 3211 3737 nunc
3279 3689 3520 3742 etiam
3584 3707 3762 3744 nova

1970 3769 2318 3830 discutiendo,
2338 3765 2626 3821 elﬁciamur
2648 3765 2861 3819 similes
2887 3766 2970 3819 illi
2988 3776 3433 3841 evangelica
3486 3783 3738 3835 scriba-

1972 3860 2036 3911 de
2063 3873 2165 3925 quo
2190 3856 2441 3909 Dominus
2464 3852 2600 3904 dixit
2625 3850 2667 3915 ³,
2694 3852 2825 3919 quia
2850 3855 3078 3922 profert
3108 3820 3765 3925 d21i§§L$J3J

1974 3963 2098 4001 nova
2130 3955 2176 3997 et
2205 3953 2394 3996 vetera.
2424 3940 2530 3994 Sed
2564 3949 2620 3991 et
2650 3940 2694 3990 si
2719 3940 2846 4007 quis
2867 3956 3080 3996 eorum
3115 3963 3250 4004 me
3282 3970 3498 4012 nunc
3530 3963 3772 4016 audiat

1974 4037 2350 4101 disputantem.
2364 4031 2453 4098 qui
2469 4028 2755 4081 saeculares
2769 4028 2997 4084 litteras
3016 4037 3171 4088 novi
3187 4047 3217 4090 ι
3231 4079 3253 4102 ,
3285 4043 3486 4100 dicit
3508 4050 3770 4105 fortas-

1977 4140 2054 4189 se,
2071 4124 2261 4176 Nostra
2281 4122 2514 4175 suntista
2531 4132 2649 4185 quae
2671 4117 2830 4181 dicis,
2849 4129 2907 4171 et
2932 4131 3178 4176 nostra:
3227 4135 3434 4189 artis
3455 4143 3637 4192 erud
3652 4168 3662 4191 ι
3678 4141 3772 4196 tio

1978 4224 2077 4277 est;
2099 4214 2208 4265 liaae
2226 4212 2335 4278 ipsa
2355 4209 2727 4295 qumdiSputas
2743 4215 2798 4259 et
2814 4208 3023 4295 doces,
3051 4226 3321 4273 nostra
3353 4225 3774 4295 eloquentia

1977 4310 2075 4354 est.
2110 4298 2173 4350 Et
2202 4304 2376 4349 movet
2421 4294 2548 4346 mihi
2589 4292 2712 4382 lites
2736 4294 2890 4382 velut
2922 4294 3407 4364 Pbilisthinus
3447 4292 3744 4382 quidam

1981 4390 2180 4450 dicens,
2201 4386 2326 4452 quia
2350 4384 2402 4435 in
2436 4396 2555 4433 meo
2580 4381 2696 4435 solo
2726 4380 2917 4434 fodisti
2952 4396 3268 4457 puteusn,
3298 4359 3781 4463 «1355i;-

1985 4478 2085 4533 ,ὀίω
2114 4476 2307 4529 metuo
2342 4471 2646 4533 vindicare,
2683 4485 2803 4537 quae
2831 4474 3086 4540 propriae
3118 4487 3366 4542 terra:
3394 4506 3603 4550 sunt.
3644 4498 3780 4550 Ve-

1989 4583 2106 4621 rum
2147 4565 2211 4617 ad
2258 4564 2372 4615 haec
2408 4574 2505 4628 ego
2552 4560 2934 4628 τεεροιιάθῦοι
2993 4565 3142 4631 Ψιίεὶ
3232 4536 3783 4641 ll;b;:";m‘n‘is

1989 4666 2125 4709 terra
2175 4665 2375 4719 aquas,
2425 4649 2517 4702 sed
2552 4650 2642 4716 qui
2695 4649 3078 4707 Pliilistbinus
3113 4670 3281 4727 est,
3331 4678 3416 4721 et.
3493 4682 3717 4730 terra.

1989 4694 2125 4753 wn...
2175 4694 2395 4749 μναῖ..
2426 4694 2517 4702 -ν-
2555 4694 2642 4745 1:—
2695 4694 3078 4747 ------_--------
3113 4694 3281 4727 ναι,
3331 4694 3416 4721 cu»
3494 4694 3782 4732 terrena

1989 4751 2146 4810 sapit,
2181 4748 2354 4792 nescit
2384 4751 2438 4788 in
2476 4749 2626 4788 omni
2660 4746 2807 4788 terra
2838 4741 3109 4795 Invenire
3145 4760 3494 4829 aquam,
3549 4770 3788 4822 uesci;

2372 4893 2418 4924 ⁸⁸
2465 4891 2657 4945 Matth.
2688 4908 2850 4955 mn,
2878 4894 2974 4948 58.
3096 4899 3149 4931 "

2219 4930 2233 4946 ο
2373 4906 2418 4924 ’⁰
2520 4910 2529 4941 ἵ
2642 4931 2657 4945 ,
3096 4906 3149 4931 π

3181 4974 3221 5027 ί
3242 5016 3266 5031 ο
3440 4989 3473 5020 ³
3502 4974 3783 5057 ’ἡδέιιῖίῖ

2068 5157 2380 5229 (85)]λ1ἰειε,
2407 5159 2513 5212 vult
2539 5178 2672 5229 quos
2720 5163 3166 5229 foderant...uult
3241 5197 3526 5229 Duun-
3572 5198 3603 5229 .-

1996 5163 3166 5308 val2??s$l‘“5é§f‘§it::ft.me:at“
3241 5197 3527 5249 mm
3572 5198 3791 5258 ειη.

2069 5294 2180 5372 (ξω)
2225 5292 2333 5371 γος
2361 5294 2636 5372 Christum
2666 5303 2819 5357 deest
2852 5306 2907 5358 in
2953 5292 3118 5362 antea
3148 5316 3273 5371 edi

1996 5364 2298 5446 perituram
2312 5377 2455 5446 iuss.
2482 5364 2630 5422 Infra
2647 5386 2834 5446 _ni_ss.,_
2853 5386 2901 5426 et
2930 5393 3101 5446 aquas
3127 5364 3199 5435 sa

1994 5429 2163 5493 Alias,
2194 5434 2243 5480 et
2269 5443 2464 5501 aquam
2491 5440 2659 5494 sancti
2690 5429 2950 5511 Spiritus.

3287 5323 3613 5405 li§._sed
3670 5357 3791 5399 τε..

3207 5398 3376 5446 ειςεέ
3419 5398 3790 5470 Spiritus.
