3922 6256
261 315 371 370 235

1489 302 1561 356 IN
1589 301 1878 356 GENESIM
1921 297 2198 354 HOMILIA
2231 299 2367 353 Xlll.

3400 307 3500 360 236

275 428 334 477 tn
355 422 498 477 omni
515 380 1380 479 animaiuvwlill'fllonabilem
1420 427 1654 469 sensum
1674 413 1878 469 etima-
1905 421 1950 474 Α
1978 410 2152 479 imago
2192 411 2283 464 Dei
2314 410 2504 472 latens,
2530 417 2582 461 et
2620 408 2762 463 hunc
2787 418 3002 477 puteum
3033 410 3312 477 Philistini.
3345 416 3397 469 id
3421 429 3502 470 est

273 467 1110 580 Quae}«suntsiffétf‘t‘:

281 563 450 663 posse
481 596 536 647 in
554 583 756 648 omnibus
776 565 1018 666 ὶῐὶῖξδῐὶπὶ·
1045 563 1229 666 ριξὶιὶ
1273 581 1403 638 tibi
1434 563 1877 655 prodestltabere

281 683 658 740 eruditionem,
683 678 728 726 et
752 660 942 718 ueSCll‘e-
963 668 1030 708 ’δεῖ
1047 660 1170 725 υὶῖ,
1190 674 1263 720 el
1304 671 1538 732 habere
1558 693 1875 742 sermonem,

283 781 344 827 et
369 773 587 824 nescire
605 759 751 834 loqui?
779 747 909 808 1³ωά
930 760 1072 814 ουιιε
1093 765 1379 827 proprie
1409 781 1699 834 puerorum
1733 768 1879 823 Isaae

279 869 395 924 est,
431 859 537 927 qui
569 860 616 912 in
653 849 776 910 omni
815 853 948 898 terra
977 837 1219 900 (Odium.
1285 867 1508 920 puteos
1545 873 1693 926 aquae
1723 861 1876 922 vivat,

287 947 342 1000 id
378 956 489 1005 est,
526 946 669 998 omni
688 941 854 995 animt!)
874 930 1095 984 verbum
1126 931 1241 988 Dei
1277 938 1616 1009 loquuntur,
1646 953 1698 997 et
1725 945 1875 998 inve-

282 1039 455 1090 niunt
477 1026 974 1094 frnctum.Deuique
995 1021 1078 1077 vis
1104 1026 1350 1094 videre,
1383 1048 1526 1087 unus
1556 1048 1683 1101 puer
1711 1034 1876 1098 Isaae,

277 1135 551 1195 quantos
580 1133 763 1192 puteos
792 1121 840 1172 iu
855 1128 998 1170 terra
1027 1116 1487 1186 alienigenarum
1507 1121 1732 1175 foderit?
1754 1121 1881 1176 Vide

285 1215 574 1276 Paulum,
614 1215 702 1280 qui
751 1213 808 1264 ab
836 1207 1172 1262 Hierusalem
1214 1210 1274 1262 in
1327 1213 1563 1266 circuitu
1599 1227 1762 1278 usque
1815 1211 1879 1263 ad

283 1305 592 1372 Illyricum
638 1301 852 1369 replevit
878 1297 1228 1366 Evangelium
1256 1300 1361 1354 Dei
1389 1302 1432 1354 δ.
1461 1300 1564 1354 Sed
1587 1315 1680 1369 per
1701 1300 1881 1367 singu-

285 1394 372 1446 los
415 1394 577 1446 istos
601 1403 791 1460 puteos
809 1390 1212 1460 persecutiones
1244 1406 1447 1458 passus
1468 1401 1547 1447 est
1575 1391 1881 1445 Philistino-

281 1500 436 1537 rum.
474 1484 638 1536 Audi
682 1483 846 1558 ipsum
880 1481 1241 1536 dicentem":
1286 1483 1498 1547 Quanta
1537 1482 1659 1534 mihi
1679 1481 1880 1534 accide-

285 1582 422 1624 runt
490 1570 707 1634 Iconii,
757 1569 983 1638 Lyslrt's,
1017 1580 1220 1637 quanta
1275 1571 1333 1622 in
1383 1570 1622 1638 Epheso?
1669 1568 1883 1633 Quoties

277 1675 476 1715 casus
499 1669 571 1713 et
596 1662 820 1729 quoties
849 1661 1111 1727 lapidatus
1139 1659 1263 1712 est?
1289 1660 1503 1727 quoties
1535 1660 1788 1726 pugnavit
1816 1658 1880 1709 ad

1975 507 2266 569 potestates
2288 501 2542 562 adversae,
2571 497 2904 565 repleverunt
2934 506 3092 554 terra.
3139 502 3289 566 Quali
3323 501 3504 559 terra?

1977 587 2294 642 Carnalibus
2324 587 2590 652 sensibus,
2631 594 2684 638 et
2737 588 2959 639 terrenis
2991 589 3422 660 cogitationibus,
3451 602 3509 647 et

1976 688 2250 746 propterea
2279 677 2608 745 portavimus
2640 676 2923 744 imaginem
2962 679 3176 731 terreni.
3209 679 3358 735 Tunc
3376 696 3508 751 ergo

1977 782 2097 822 cum
2129 777 2462 836 portaremus
2485 767 2766 834 imaginem
2794 766 3012 829 terreni,
3041 766 3304 823 Philistini
3336 773 3510 841 reple-

1976 867 2165 911 verunt
2202 866 2342 910 terra
2375 866 2560 926 puteos
2589 866 2818 910 nostros.
2849 856 2950 910 Sed
2983 872 3120 910 nunc
3144 861 3392 926 quoniam
3420 876 3509 916 ve-

1979 948 2060 1000 nit
2111 956 2296 1000 noster
2329 947 2494 1010 lsaac,
2546 947 2895 1014 suscipiamus
2942 945 3055 1012 ejus
3101 948 3407 1014 adventum,
3455 962 3510 1005 et

1979 1037 2242 1090 fodiamus
2271 1047 2458 1103 puteos
2500 1044 2730 1099 nostros,
2762 1043 2814 1088 et
2857 1033 3170 1101 abjieiamus
3197 1039 3262 1092 ab
3292 1041 3369 1094 eis
3397 1049 3508 1094 ter-

1981 1142 2093 1179 ram
2117 1142 2130 1189 ;
2158 1141 2442 1195 purgemus
2464 1140 2557 1179 eus
2591 1126 2656 1179 ab
2681 1123 2928 1178 omnibus
2956 1126 3221 1188 sordibus,
3248 1135 3302 1181 et
3326 1143 3355 1180 a
3379 1145 3512 1183 cun-

1980 1217 2081 1268 etis
2106 1215 2518 1284 cogitationibus
2547 1215 2704 1268 luteis
2733 1223 2786 1268 et
2816 1215 3059 1278 terrenis,
3093 1225 3145 1269 et
3178 1216 3513 1272 inveniemus

1981 1306 2033 1356 in
2061 1304 2138 1356 eis
2164 1318 2354 1370 aquam
2382 1304 2576 1366 vivam,
2616 1303 2780 1367 illam,
2809 1302 2876 1356 de
2903 1318 3003 1369 qua
3030 1304 3158 1356 dicit
3191 1306 3300 1373 (88)
3326 1307 3512 1360 Domi—

1981 1393 2162 1446 nus":
2181 1392 2280 1456 Qui
2306 1393 2464 1444 credit
2490 1392 2543 1444 in
2571 1407 2672 1455 me,
2702 1391 2918 1458 [lumina
2938 1391 3000 1443 de
3022 1403 3192 1445 ventre
3219 1394 3328 1461 ejus
3353 1397 3513 1463 ﬂuent

1982 1494 2129 1548 aqua:
2155 1479 2303 1532 vim.
2333 1477 2463 1532 Vide
2491 1487 2687 1545 quanta
2730 1479 2798 1531 sit
2824 1479 3114 1533 liberalitas
3150 1482 3379 1535 Domini.
3411 1482 3515 1537 Pu-

1986 1576 2096 1620 teos
2123 1567 2460 1636 repleverunt
2486 1567 2774 1631 Philistini,
2804 1575 2856 1620 et
2885 1582 3046 1622 venas
3084 1571 3238 1624 nobis
3255 1587 3513 1639 aquarum

1985 1656 2150 1710 exiles
2175 1665 2227 1709 et
2259 1664 2444 1709 tenues
2485 1656 2809 1723 inviderunt,
2833 1667 2890 1713 et
2914 1672 3009 1727 pro
3049 1657 3132 1713 his
3163 1660 3314 1715 nobis
3342 1661 3515 1717 fontes

282 1752 509 1805 bestias
534 1751 567 1803 ?
600 1725 699 1802 sed
735 1725 1034 1819 permansit
1071 1725 1355 1819 usquequo
1399 1725 1569 1802 exiret
1601 1725 1666 1801 ad
1703 1748 1882 1800 latitu-
1914 1725 1954 1777 Β
1993 1743 2285 1798 redduntur
2319 1756 2371 1796 et
2397 1743 2630 1797 ﬂumina.

281 1842 516 1904 dinem,
560 1841 617 1893 id
670 1849 755 1893 est
795 1854 1074 1908 usquequo
1117 1842 1170 1892 in
1202 1842 1365 1894 totius
1407 1841 1554 1894 orbis
1587 1849 1739 1892 terrae
1768 1837 1886 1889 lati-

281 1933 494 1985 tudine
546 1930 836 1983 Ecclesias
880 1929 1190 1984 collocaret.
1243 1928 1333 1982 Sic
1364 1943 1491 1997 ergo
1545 1927 1710 1996 putei,
1751 1940 1886 1994 quos

283 2022 423 2074 fodit
445 2018 844 2082 Abraltam,id
872 2026 972 2079 est,
999 2017 1296 2084 Scriptura:
1311 2016 1520 2070 Veteris
1539 2015 1882 2077 Testamenti,

283 2111 492 2179 repleti
547 2119 687 2163 sunt
718 2117 870 2161 terra
901 2123 930 2159 a
963 2106 1292 2167 Philistinis,
1325 2105 1439 2158 sive
1459 2118 1488 2156 a
1520 2103 1673 2156 malis
1701 2103 1884 2156 docto-

285 2202 470 2262 ribus,
507 2197 738 2252 Scribis
770 2207 825 2250 et
859 2196 1171 2258 Pharisteis,
1226 2195 1338 2248 sive
1374 2194 1532 2247 etiam
1563 2191 1888 2245 adversariis

283 2289 678 2358 potestatibus
714 2305 728 2339 :
757 2295 814 2339 et
841 2286 1112 2339 obturatte
1135 2293 1263 2337 sunt
1293 2296 1476 2336 eorum
1510 2294 1678 2344 venae,
1706 2295 1770 2332 ne
1797 2294 1888 2347 po—

285 2389 407 2432 tum
440 2377 750 2445 praebeant
780 2375 870 2428 his
899 2374 992 2442 qui
1020 2389 1084 2427 ex
1120 2373 1392 2426 Abraham
1423 2378 1565 2425 sunt.
1605 2368 1718 2421 Non
1742 2371 1886 2421 enim

285 2465 545 2535 populus
596 2463 693 2517 ille
737 2463 933 2515 bibere
971 2469 1146 2529 potest
1172 2459 1236 2512 de
1263 2456 1574 2529 Script'uris,
1614 2457 1706 2509 sed
1747 2455 1887 2507 sitim

287 2555 511 2622 patitur
538 2553 705 2607 verbt
745 2551 847 2604 Dei
877 2550 1051 2603 donec
1084 2549 1257 2601 veniat
1305 2547 1452 2600 Isaac
1481 2556 1535 2598 et
1560 2547 1766 2614 aperiat
1796 2561 1888 2595 ea;

287 2655 353 2695 ut
379 2643 590 2697 bibant
627 2641 795 2709 pueri
832 2639 942 2693 sui.
983 2637 1170 2691 Gratia
1197 2651 1325 2706 ergo
1352 2637 1458 2691 lilio
1483 2637 1710 2689 Abrahae
1731 2636 1888 2689 Chri-

283 2740 401 2795 sto,
429 2731 502 2786 de
537 2745 656 2799 quo
690 2729 966 2795 scriptum
1002 2735 1089 2780 est
1117 2726 1137 2756 °
1166 2741 1181 2778 :
1213 2725 1367 2779 Liber
1392 2726 1736 2794 generationis
1764 2724 1888 2777 Jesu

282 2821 518 2886 Christi,
538 2819 648 2888 ﬁlii
667 2818 875 2880 David,
899 2817 1004 2883 lilii
1020 2816 1305 2878 Abraham,
1335 2818 1422 2884 qui
1441 2817 1585 2868 venit
1609 2829 1661 2869 et
1687 2817 1892 2884 aperuit

288 2910 456 2963 nobis
501 2918 733 2976 puteos.
765 2904 925 2974 Ipsos
965 2905 1107 2957 enim
1145 2904 1419 2972 aperiebat
1465 2904 1591 2970 illis,
1626 2905 1716 2972 qui
1742 2906 1891 2958 dice-

285 3000 456 3053 bant’
487 3021 501 3053 :
546 2996 751 3050 Nonne
774 3011 870 3048 cor
893 3003 1133 3046 nostrum
1159 2995 1348 3046 ardens
1373 3005 1480 3046 erat
1501 2995 1553 3045 in
1580 2994 1744 3056 nobis,
1772 3010 1890 3046 cum

285 3089 528 3154 aperiret
568 3087 727 3137 nobis
757 3083 1116 3150 Scripturas?
1141 3081 1359 3148 Aperuit
1394 3096 1520 3150 ergo
1550 3083 1647 3134 hos
1681 3090 1882 3149 puteos,

284 3188 335 3228 et
364 3175 584 3229 vocavit
623 3189 740 3234 eos,
768 3171 956 3240 inquit
976 3171 1021 3233 ⁸,
1054 3171 1185 3222 sicut
1218 3180 1482 3224 vocaverat
1507 3186 1592 3223 eos
1624 3171 1886 3222 Abraham

283 3274 442 3328 pater
462 3279 624 3316 suus.
648 3260 775 3313 Non
801 3259 954 3312 enim
976 3258 1281 3310 immutavit
1299 3257 1553 3310 vocabula
1583 3265 1882 3324 puteorum.

282 3353 352 3406 Et
375 3363 467 3406 est
505 3352 716 3405 mirum
748 3349 900 3417 quod
949 3345 1164 3414 Moyses
1193 3345 1354 3398 etiam
1384 3345 1523 3412 apud
1561 3359 1657 3398 nos
1684 3344 1887 3414 Moyses

282 3441 638 3508 appellatur,
692 3447 754 3492 et
811 3437 1099 3505 propheta:
1133 3433 1498 3500 unusquisque
1530 3447 1626 3486 suo
1674 3433 1888 3486 nomine

275 3530 677 3600 appellantur.
716 3525 843 3580 Non
877 3525 1028 3579 enim
1060 3522 1306 3576 Christus
1338 3524 1388 3576 in
1416 3524 1495 3576 eis
1525 3523 1763 3588 nomina,
1792 3525 1883 3576 Sed

276 3615 731 3685 intelligentiam
764 3609 1147 3665 commutavit.
1199 3606 1566 3661 Commutavit
1615 3615 1787 3660 autem
1833 3607 1883 3658 in

273 3721 368 3770 eo,
399 3714 464 3759 ut
509 3706 640 3774 jam
677 3702 829 3755 ultra
861 3713 975 3753 non
1014 3697 1355 3750 attendamus
1381 3694 1618 3749 Judaicis
1669 3693 1882 3757 fabulis,

272 3807 335 3850 et
375 3792 748 3865 genealogiis
775 3789 1030 3853 inﬁnitis,
1074 3788 1200 3856 quia
1244 3804 1277 3839 a
1321 3787 1534 3839 veritate
1565 3785 1768 3854 quidem
1792 3801 1888 3836 au-

267 3887 458 3938 dilum
497 3891 790 3943 avertunt,
843 3878 917 3931 ad
976 3877 1184 3946 fabulas
1232 3885 1403 3928 autent
1453 3874 1882 3927 convertuntur’.

266 3977 529 4044 Aperuit
563 3987 708 4042 ergo
738 3979 960 4040 puteos,
1015 3978 1070 4022 et
1116 3968 1300 4022 docuit
1335 3980 1454 4028 nos,
1481 3975 1537 4018 ut
1573 3980 1675 4019 non
1709 3965 1886 4033 aliquo

263 4066 399 4120 loco
463 4077 807 4132 quas-ramus
854 4060 1054 4122 Deum,
1086 4060 1180 4113 sed
1229 4056 1464 4110 sciamus
1485 4056 1626 4122 quod
1663 4055 1716 4108 in
1743 4055 1885 4108 omni

259 4167 433 4208 terra
466 4151 718 4204 oﬂ’ertur
736 4146 1071 4202 sacriﬁcium
1090 4147 1295 4199 nomini
1332 4145 1446 4213 ejus
1473 4144 1538 4193 “.
1565 4141 1714 4197 Nunc
1745 4142 1885 4195 enim

262 4243 414 4298 illud
454 4249 549 4295 est
592 4250 818 4304 tempus
851 4235 1077 4305 quando
1122 4236 1237 4288 veri
1293 4236 1602 4289 adoratores
1660 4234 1889 4286 adorant

259 4332 554 4390 Patrem.
616 4340 808 4393 neque
868 4325 923 4378 in
976 4324 1383 4392 Hierosolymis,
1443 4337 1612 4387 neque
1669 4322 1721 4374 in
1772 4321 1964 4410 ρει)

264 4431 474 4476 monte
523 4415 826 4478 Garizim,
861 4413 954 4467 sed
998 4413 1051 4465 in
1105 4413 1296 4479 spiritu
1329 4421 1384 4463 et
1409 4410 1630 4463 veritate
1657 4410 1718 4462 “.
1769 4409 1881 4463 Non

259 4525 404 4580 ergo
439 4512 500 4562 in
569 4509 735 4568 loco,
788 4515 968 4570 neque
1017 4501 1068 4553 in
1100 4509 1246 4554 terra
1284 4499 1491 4552 habitat
1528 4499 1686 4561 Deus,
1717 4499 1808 4552 sed
1834 4498 1883 4550 in

259 4599 440 4653 corde
471 4597 746 4650 habitat.
778 4590 852 4642 Et
878 4591 923 4644 si
955 4589 1131 4642 locum
1184 4588 1275 4642 Dei
1309 4587 1559 4656 requiris,
1587 4602 1684 4641 eor
1729 4603 1884 4639 llltlll-

263 4690 400 4743 dum
428 4697 530 4741 est
565 4687 747 4738 locus
793 4681 936 4746 ejus.
969 4679 1030 4732 ιιι
1063 4679 1168 4734 hoc
1195 4691 1424 4745 namque
1468 4677 1585 4730 loco
1620 4677 1888 4730 habitatu-

264 4793 389 4831 rum
419 4792 490 4831 se
525 4774 715 4833 dicit,
753 4784 881 4822 eum
916 4782 1018 4834 per
1054 4767 1370 4834 prophetam
1404 4767 1480 4819 ait
1505 4766 1546 4797 “
1582 4783 1598 4819 :
1628 4764 1886 4817 Habitabo

261 4871 322 4920 in
343 4873 449 4930 eis,
489 4878 546 4919 et
587 4859 1006 4920 inambulaba;
1035 4865 1082 4908 et
1110 4856 1212 4922 ipsi
1248 4866 1393 4908 erunt
1422 4857 1547 4908 mihi
1576 4857 1812 4923 papulas,
1840 4864 1887 4907 et

261 4975 357 5026 ego
398 4973 500 5009 ero
537 4955 672 5007 illis
733 4949 908 5011 Deus,
944 4945 1071 4996 dicit
1123 4943 1387 4996 Dominus.
1440 4945 1573 4997 Vide
1611 4957 1738 5009 ergo
1766 4944 1889 5012 quia

267 5047 414 5099 forte
443 5049 639 5098 etiam
669 5043 730 5093 in
756 5034 1198 5099 uniuscujusque
1216 5043 1451 5084 nostrum
1480 5033 1661 5084 anima
1689 5042 1772 5086 est
1795 5048 1887 5100 pu-

265 5144 389 5186 teus
434 5145 616 5200 aqua:
658 5128 833 5185 vivae,
866 5129 959 5174 est
1013 5119 1235 5184 quidam
1280 5121 1514 5175 caelestis
1563 5133 1786 5185 sensus,
1835 5128 1890 5173 et

929 5235 955 5264 ⁸
989 5231 1035 5299 tl
1059 5231 1201 5284 Tim.
1227 5249 1301 5295 ttt,
1331 5237 1418 5288 ll.
1495 5237 1515 5265 ⁸
1542 5235 1728 5289 Matth.
1756 5253 1796 5299 ι,

338 5251 362 5280 ⁸
387 5250 567 5302 Rom.
604 5256 713 5304 xv,
745 5238 841 5292 l9.
929 5238 955 5264 "
989 5238 1035 5281 ll
1059 5238 1201 5284 Tim.
1227 5249 1301 5295 ttt,
1331 5238 1418 5288 ll.

341 5315 592 5366 Μηιεειι,
630 5325 677 5366 ι,
718 5308 816 5360 ιι,
897 5301 945 5330 ¹¹
984 5297 1244 5364 Joan.tv,
1270 5303 1454 5366 2t,25.

266 5321 312 5354 ¹⁹
341 5315 592 5371 Malach.
630 5325 677 5371 ι,
718 5308 816 5360 H-

340 5431 457 5500 (37)
481 5412 1384 5500 ‘Atias,invenite-rﬂienabilem
1425 5434 1624 5500 sensum
1663 5420 1735 5473 ad
1761 5422 1891 5474 ima-

264 5488 598 5554 cin‘eut'Dei.
634 5491 716 5542 At
751 5497 906 5539 mss.
947 5488 1018 5529 ut
1057 5488 1114 5528 in
1152 5492 1324 5554 nostro
1353 5495 1513 5540 textu.

339 5549 458 5638 (ὃὸ)
493 5562 681 5620 Alias,
732 5554 909 5604 illam
957 5559 1137 5638 ρξαηι
1170 5549 1321 5638 fcit;
1363 5569 1502 5620 mss.,
1534 5555 1665 5612 illam
1701 5556 1770 5611 de
1797 5573 1897 5624 qua

596 5649 918 5708 ΡΑτιιοι..
978 5630 1118 5691 Gn.
1170 5634 1298 5701 ΧΠ.

1886 5239 1906 5294 7
1941 5235 2069 5292 Luc.
2099 5254 2244 5300 xxiv,
2276 5237 2362 5291 32.

1526 5304 1747 5357 "Levit.
1771 5308 1914 5370 xxvi,
1943 5307 2026 5358 12.

2051 1831 2103 1884 4.
2152 1832 2207 1886 Si
2251 1847 2376 1901 ergo
2424 1842 2476 1886 et
2498 1848 2593 1888 vos
2635 1835 2790 1890 hodie
2831 1837 2943 1891 haec
2974 1839 3251 1895 audientes
3292 1842 3518 1898 ﬁdeliter

1984 1922 2297 1989 perelpiatis
2349 1923 2615 1986 auditum,
2649 1936 2909 1992 operatur
2939 1937 2993 1981 et
3047 1930 3098 1982 in
3145 1931 3296 1986 vobis
3349 1932 3516 1999 Isaac,

1985 2020 2171 2080 purgat
2201 2011 2360 2066 corda
2391 2020 2567 2066 vestra
2593 2028 2624 2067 a
2655 2016 2884 2070 terrenis
2912 2019 3176 2083 sensibus,
3201 2028 3256 2074 et
3280 2021 3521 2078 videntes

1985 2101 2099 2153 lucc
2131 2109 2275 2153 tanta
2307 2102 2552 2170 mysteria
2582 2103 2635 2154 in
2667 2101 2960 2170 Scripturis
2987 2107 3182 2163 divinis
3210 2124 3327 2165 esse
3352 2111 3521 2167 laten-

1987 2189 2080 2250 tia,
2100 2188 2387 2255 prolicietis
2412 2188 2463 2240 in
2487 2189 2757 2244 intellectu
2783 2190 2918 2260 (89),
2944 2204 2997 2247 et
3018 2194 3308 2262 proﬁcietis
3335 2199 3385 2251 in
3412 2201 3521 2267 spi-

1987 2275 2231 2328 ritalibus
2264 2276 2529 2329 sensibus.
2561 2276 2836 2345 lncipietis
2857 2281 3016 2333 etiam
3051 2282 3149 2349 ipsi
3188 2297 3307 2337 esse
3336 2285 3521 2340 docto.

1989 2377 2096 2428 res,
2146 2371 2201 2417 et
2252 2364 2542 2431 precedent
2588 2379 2652 2418 ex
2709 2366 2862 2421 vobis
2895 2368 3107 2422 ﬂumina
3161 2386 3313 2440 aquas
3367 2375 3519 2428 vivae.

1986 2452 2151 2506 Adest
2184 2453 2324 2505 enim
2358 2453 2584 2508 Verbum
2615 2455 2729 2516 Dei,
2754 2465 2811 2508 et
2838 2457 2948 2510 hmc
2987 2475 3124 2513 nunc
3149 2461 3262 2528 ejus
3295 2472 3376 2517 est
3397 2477 3524 2532 ope-

1989 2541 2143 2604 ratio,
2174 2553 2230 2594 ut
2259 2541 2324 2594 de
2343 2541 2518 2594 anima
2544 2543 2961 2614 uniuscujusque
2984 2557 3223 2602 nostrum
3253 2563 3522 2606 removeat

1993 2638 2203 2693 terram,
2229 2639 2282 2684 et
2304 2632 2506 2698 aperiat
2530 2629 2728 2686 fontem
2757 2633 2953 2686 vivum.
2977 2635 3116 2689 Intra
3155 2647 3207 2691 te
3234 2641 3374 2694 enim
3408 2656 3520 2706 est,

1987 2727 2042 2771 et
2067 2732 2168 2771 non
2198 2720 2534 2774 extrinsecus
2565 2722 2727 2783 venit,
2759 2723 2900 2776 sicut
2927 2733 2979 2778 et
3005 2741 3228 2795 regnum
3265 2729 3358 2783 Dei
3380 2730 3519 2785 intra

1990 2817 2042 2861 te
2069 2816 2170 2862 est.
2196 2807 2260 2861 Et
2284 2809 2472 2863 mulier
2514 2809 2602 2862 illa
2633 2809 2698 2877 “,
2731 2825 2848 2877 qua:
2867 2814 3168 2880 perdiderat
3190 2818 3522 2890 drachmam,

1989 2909 2091 2949 non
2126 2896 2266 2948 illam
2301 2897 2504 2951 invenit
2556 2900 2915 2966 extrinsecus,
2967 2905 3058 2957 sed
3111 2905 3162 2958 in
3214 2908 3369 2964 domo
3403 2928 3521 2974 sua,

1990 2994 2332 3052 posteaquam
2352 2988 2592 3041 accendit
2615 2988 2904 3056 lucernam,
2936 3000 2987 3045 et
3012 2995 3285 3048 mundavit
3311 2998 3520 3053 domum

1995 3075 2240 3129 sordibus
2264 3087 2316 3129 et
2341 3076 2717 3142 immunditiis,
2741 3093 2876 3147 quas
2916 3081 3058 3147 longi
3095 3088 3348 3153 temporis
3374 3089 3520 3156 igna-

1994 3164 2082 3216 via
2104 3173 2160 3218 et
2191 3165 2454 3221 hebetudo
2485 3177 2848 3233 congesserat,
2882 3179 2936 3223 et
2971 3171 3040 3224 ibi
3093 3171 3295 3228 invenit
3328 3178 3523 3232 drach-

1991 3267 2156 3310 mam.
2191 3255 2254 3308 Et
2273 3265 2326 3308 tu
2358 3271 2483 3325 ergo
2507 3258 2550 3310 si
2574 3259 2836 3312 accendas
2865 3259 3159 3326 lucernam,
3189 3265 3232 3316 si
3270 3267 3525 3324 adhibeas

1995 3343 2086 3396 tibi
2121 3343 2565 3399 illuminationem
2598 3345 2830 3414 Spiritus
2859 3349 3047 3413 sancti,
3106 3359 3160 3404 et
3217 3353 3269 3404 in
3328 3354 3527 3411 lumine

1992 3429 2107 3496 ejus
2139 3430 2319 3483 videas
2345 3430 2556 3495 lumen,
2609 3432 2853 3487 invenies
2904 3434 3044 3487 intra
3093 3446 3142 3490 te
3191 3438 3522 3500 drachmam.

1991 3519 2134 3572 Intra
2175 3528 2223 3573 te
2244 3533 2476 3588 namque
2503 3529 2585 3573 est
2613 3521 2871 3576 collocata
2903 3523 3076 3590 imago
3103 3527 3245 3594 regis
3271 3531 3521 3587 ctelestis.

1993 3609 2126 3663 Cum
2153 3609 2294 3663 enim
2325 3609 2524 3662 laceret
2555 3610 2826 3664 hominem
2847 3626 2912 3664 ex
2936 3613 3088 3665 initio
3112 3615 3268 3681 Deus,
3303 3620 3368 3674 ad
3391 3621 3524 3675 ima-

1989 3699 2167 3765 ginem
2211 3708 2263 3752 et
2290 3699 2697 3753 similitudinem
2748 3715 2900 3753 suam
2941 3700 3063 3755 fecit
3099 3718 3254 3770 eum;
3300 3718 3354 3761 et
3388 3711 3522 3766 hanc

1993 3788 2274 3856 imaginem
2309 3803 2413 3841 non
2449 3788 2806 3851 extrinsecus,
2848 3791 2940 3843 sed
2972 3790 3108 3844 intra
3139 3808 3258 3848 eum
3287 3798 3522 3853 colloca-

1991 3878 2086 3930 vit.
2124 3877 2247 3931 tltec
2270 3879 2320 3930 in
2351 3887 2401 3931 te
2425 3879 2592 3931 videri
2616 3896 2719 3933 non
2751 3891 2980 3948 poterat,
3025 3884 3193 3940 donec
3223 3889 3409 3943 domus
3436 3900 3526 3944 tua

1991 3969 2204 4022 sordida
2229 3976 2367 4029 erat,
2393 3967 2745 4024 immunditiis
2771 3983 2825 4025 et
2859 3974 3138 4030 ruderibus
3172 3977 3396 4045 repleta.
3421 3979 3526 4033 lste

1991 4056 2111 4110 fons
2141 4056 2378 4110 scientia:
2406 4055 2546 4108 intra
2602 4066 2654 4111 te
2694 4069 2810 4113 erat
2838 4063 2994 4129 situs,
3034 4066 3126 4119 sed
3169 4080 3272 4120 non
3316 4077 3526 4135 poterat

1991 4144 2172 4206 ﬂuere,
2203 4145 2325 4212 quia
2361 4143 2626 4198 Philistini
2653 4146 2988 4215 repleverant
3016 4167 3135 4206 eum
3166 4164 3329 4221 terra,
3365 4166 3418 4210 et
3450 4157 3527 4212 fe-

1991 4245 2174 4290 cerant
2206 4237 2256 4287 in
2289 4244 2338 4286 te
2368 4235 2650 4300 imaginem
2698 4242 2916 4294 terreni.
2946 4242 3051 4296 Sed
3089 4253 3140 4298 ιιι
3163 4250 3382 4315 portasti
3406 4253 3519 4317 qui-

1991 4325 2108 4376 dem
2138 4332 2261 4377 tttnc
2296 4322 2579 4391 imaginem
2629 4330 2850 4394 terreni,
2891 4346 3031 4385 nunc
3061 4349 3192 4389 vero
3221 4335 3306 4390 his
3332 4340 3525 4392 auditis

1991 4413 2058 4464 ah
2085 4411 2173 4464 illa
2206 4415 2348 4466 omni
2401 4417 2540 4470 mole
2573 4424 2625 4469 et
2657 4419 3002 4484 oppressione
3047 4429 3253 4476 terrena
3281 4439 3377 4492 per
3404 4425 3529 4480 Ver-

1992 4500 2114 4554 bum
2141 4499 2232 4553 Dei
2268 4511 2552 4570 purgatus,
2585 4504 2874 4572 imaginem
2918 4508 3156 4563 caelestis
3192 4511 3243 4563 in
3273 4521 3324 4564 te
3352 4513 3526 4580 splen-

1993 4589 2210 4642 descere
2241 4589 2422 4645 facito.
2459 4590 2583 4645 Haec
2613 4606 2742 4660 ergo
2778 4593 2955 4662 imago
2984 4605 3065 4649 est
3088 4601 3153 4650 de
3178 4613 3279 4665 qua
3318 4599 3528 4654 dicebat

1992 4677 2150 4731 Pater
2167 4679 2231 4732 ad
2256 4679 2443 4733 Filium
2472 4680 2515 4712 “
2541 4699 2554 4732 :
2584 4679 2863 4735 Faciamus
2881 4685 3139 4739 hominem
3163 4689 3230 4739 ad
3255 4689 3528 4757 imaginem

1991 4774 2039 4818 et
2068 4765 2458 4820 similitudinem
2485 4776 2733 4820 nostram.
2763 4769 2926 4823 Filius
2954 4772 3042 4824 Dei
3071 4782 3153 4825 est
3173 4776 3346 4841 pictor
3371 4775 3529 4844 hujus

1993 4854 2259 4922 imaginis.
2292 4855 2354 4907 Et
2374 4857 2497 4923 quia
2535 4857 2654 4910 talis
2687 4872 2748 4910 ac
2781 4867 2960 4912 tantus
2995 4869 3076 4914 est
3117 4863 3320 4929 pictor,
3354 4863 3528 4933 imago

1993 4944 2108 5010 ejus
2136 4942 2406 4996 obscurari
2439 4957 2532 5010 per
2562 4944 2827 4999 incuriam
2859 4955 3065 5015 potest,
3097 4949 3260 5003 deleri
3287 4963 3383 5016 per
3410 4967 3492 5003 ma
3511 4981 3526 4992 -

1993 5032 2163 5086 litiam
2190 5047 2293 5085 non
2324 5041 2521 5100 potest.
2554 5033 2730 5087 Manet
2759 5035 2902 5088 enim
2927 5050 3140 5103 seraper
3163 5039 3337 5105 imago
3355 5039 3446 5092 Dei
3473 5040 3528 5092 in

1995 5129 2066 5184 te,
2096 5121 2221 5174 licet
2254 5131 2306 5173 tu
2345 5123 2437 5176 tibi
2472 5123 2582 5190 ipse
2613 5126 2941 5193 superducas
2989 5127 3270 5191 imaginem
3307 5132 3529 5186 terreni.

3098 5241 3119 5271 ⁸
3144 5239 3182 5291 ll
3209 5239 3344 5289 Tim.
3371 5253 3449 5300 tv,
3476 5242 3534 5293 ι.

3090 5305 3132 5334 ¹⁸
3149 5305 3337 5356 Cenes.
3369 5317 3417 5367 ι,
3439 5307 3537 5360 26.

2457 5239 2476 5270 ⁸
2506 5237 2696 5294 Cenes.
2732 5254 2880 5300 xxvr,
2911 5239 2996 5291 l8.

2106 5305 2423 5368 “Joau.vu.
2448 5307 2536 5361 58.
2613 5309 2655 5339 “
2681 5308 2809 5362 Luc.
2842 5320 2933 5366 xv,
2961 5306 3013 5357 8.

1992 5422 2176 5563 ώῗὲῥ)
2205 5491 2374 5563 Alias,
2401 5493 2648 5563 pro/icitis
2671 5483 3008 5563 inintejlectu
3027 5488 3070 5530 et
3091 5476 3359 5543 proﬁcitis,
3377 5490 3547 5545 mss.,

1994 5551 2274 5626 prdﬁc’ietis
2297 5551 2634 5620 in'intet'lectu
2661 5569 2704 5611 et
2726 5551 3034 5623 proﬁciens.
3164 5631 3204 5688 8
