3922 6288
1839 242 2154 298 ORIGENIS
3368 239 3395 261 ⁶

3630 241 3742 296 236

393 358 566 414 'lstam
600 357 857 426 picturam
895 366 946 411 tu
979 357 1070 413 tibi
1120 358 1232 427 ipse
1258 333 1518 428 depingis,
1547 374 1665 413 cum
1696 361 1834 414 enim
1877 374 1927 413 te
1956 366 2000 418 A
2029 363 2179 415 nobis
2224 363 2442 419 sulliciat
2490 367 2714 421 scientia
2760 365 3277 435 Scripturarum,
3319 356 3546 411 sedet
3594 357 3743 412 alios

408 446 571 500 libido
597 446 902 509 fuscaverit,
932 447 1183 501 induxisd
1214 462 1375 500 unum
1391 448 1617 501 colorem
1644 457 1930 502 terrenum.

409 537 464 590 Si
498 547 697 591 veroet
723 536 949 589 avaritia
982 545 1177 591 aestuas
1205 536 1329 607 (90),
1365 538 1625 591 miscuisti
1656 546 1710 591 et
1745 539 1929 591 alium.

2034 448 2338 515 doceamus,
2368 461 2420 505 et
2444 451 2575 506 alios
2613 453 2998 515 instruamus,
3042 458 3111 502 ut
3151 446 3398 501 bibant
3428 443 3740 510 homines,

2032 534 2213 589 bibant
2250 547 2303 590 et
2338 553 2550 606 pecora.
2579 540 2820 594 Audiant
2852 539 3244 608 prudentes,
3301 534 3583 588 audiant
3610 535 3743 587 sim-

406 628 511 682 Sed
543 639 595 681 et
622 642 740 682 cum
769 637 818 680 te
843 627 918 679 ira
947 628 1292 696 sanguineum
1320 628 1466 692 facit,
1484 628 1635 680 addis
1666 628 1934 697 nihilomi-
2031 624 2194 691 plices
2227 627 2459 695 quique:
2493 630 2835 699 sapientibus
2886 637 2948 682 et
2986 624 3472 694 insipientibus
3503 623 3737 676 debitor

405 734 507 773 nus
536 730 589 773 et
621 719 833 771 tertium
858 719 1111 772 colorem.
1140 719 1409 786 Superbiae
1432 734 1645 788 quoque
1668 720 1805 773 alius
1834 721 1929 771 ad-

404 806 548 858 ditur
574 805 745 868 lucns,
776 814 828 858 et
862 805 1149 873 impietatis
1184 805 1334 859 alius.
1365 805 1428 859 Et
1455 805 1531 858 sic
1564 818 1658 871 per
1692 804 1929 872 singulas

401 910 644 962 quasque
681 893 895 947 malitia:
927 895 1147 960 species,
1195 893 1339 947 velut
1383 893 1609 947 diversis
1658 893 1927 947 coloribus

403 986 760 1055 congregatis,
785 987 920 1038 hanc
955 985 1234 1055 imaginem
1281 984 1497 1048 terreni,
1520 999 1675 1053 quam
1706 984 1842 1037 Deus
1872 984 1926 1037 in

402 1087 452 1129 te
480 1091 585 1128 non
624 1076 770 1137 fecit,
799 1088 850 1127 tu
886 1074 980 1127 tibi
1023 1075 1132 1140 ipse
1163 1073 1425 1140 depingis.
1467 1072 1751 1140 Propterea
1796 1087 1922 1141 ergo

399 1164 765 1233 dcprecandus
795 1173 874 1215 est
906 1162 1055 1215 nobis
1105 1160 1225 1223 ille,
1261 1161 1350 1228 qui
1392 1161 1519 1213 dicit
1567 1174 1658 1228 per
1690 1160 1922 1228 prophe-

402 1263 507 1306 tam
535 1254 577 1284 “
600 1271 611 1304 :
637 1252 766 1304 Ecce
786 1266 874 1319 ego
903 1249 1043 1300 deleo
1069 1250 1200 1301 sicut
1232 1247 1412 1300 nubem
1442 1247 1741 1315 iniquitates
1784 1257 1922 1309 tuas,

397 1353 442 1395 et
470 1342 600 1395 sicut
624 1341 891 1408 caliginem
918 1348 1127 1402 peccata
1155 1348 1264 1390 tua.
1307 1337 1508 1390 Etcum
1533 1337 1785 1390 deleverit
1805 1353 1923 1391 om-

396 1445 492 1485 nes
525 1430 653 1483 istos
682 1428 734 1481 in
773 1437 823 1481 te
852 1427 1077 1489 colores,
1110 1427 1197 1494 qui
1232 1440 1295 1478 ex
1331 1425 1467 1478 fucis
1495 1425 1707 1478 malitiae
1728 1424 1920 1491 sumpti

393 1529 537 1581 sunt,
567 1529 690 1573 tunc
730 1515 1086 1585 resplendcbit
1117 1516 1166 1568 in
1202 1526 1251 1568 te
1285 1515 1458 1584 imago
1489 1515 1576 1567 illa
1599 1530 1715 1583 quae
1752 1530 1779 1566 a
1815 1514 1922 1567 Deo

392 1621 569 1665 creata
607 1618 707 1664 est.
751 1606 907 1661 Vides
950 1622 1078 1671 ergo
1104 1606 1365 1674 quomodo
1410 1605 1603 1658 divinm
1632 1605 1919 1670 Scriptura!

392 1700 590 1753 formas
621 1698 876 1752 inducunt
912 1705 965 1749 et
998 1694 1194 1764 ﬁguras
1219 1733 1233 1758 ,
1267 1694 1461 1761 quibus
1505 1694 1568 1745 ad
1601 1693 1919 1761 agnitionem

392 1788 476 1843 vel
506 1784 871 1856 purgationem
900 1783 979 1836 sui
1006 1782 1183 1834 anima
1221 1781 1493 1841 doceatur.
1529 1779 1621 1833 Vis
1670 1780 1846 1834 adhuc
1870 1789 1922 1834 et

391 1878 548 1931 aliam
577 1874 756 1927 videre
780 1870 1005 1924 formam
1029 1869 1186 1936 hujus
1216 1867 1501 1936 imaginis?
1527 1867 1919 1936 Suntquazdam

391 1967 579 2019 litterae
609 1976 743 2032 quas
773 1962 908 2043 Deus
935 1960 1138 2023 scribit,
1170 1958 1407 2026 quaedam
1435 1956 1623 2011 litterae
1666 1972 1799 2025 quas
1823 1973 1919 2012 nos

390 2055 692 2110 scribimus.
744 2042 958 2106 Peccati
1010 2049 1220 2103 litteras
1276 2062 1371 2101 nos
1424 2048 1725 2102 scribimus.
1779 2049 1917 2103 Audi

388 2144 694 2213 Apostolutn
717 2142 976 2196 dicentem
1002 2155 1016 2190 :
1054 2138 1261 2202 Delens,
1290 2137 1464 2205 inquit
1495 2136 1556 2197 ‘7,
1583 2138 1718 2205 quod
1739 2138 1920 2192 adver-

388 2249 500 2286 sum
545 2246 635 2283 nos
671 2237 779 2283 erat
825 2227 1225 2296 chirographum
1265 2225 1319 2277 in
1351 2226 1599 2287 decretis,
1641 2227 1776 2293 quod
1807 2238 1916 2279 erat

386 2321 704 2373 contrarium
734 2317 899 2379 nobis,
951 2315 1069 2366 tulit
1098 2314 1229 2366 illud
1256 2314 1318 2366 de
1340 2313 1528 2375 medio,
1555 2315 1758 2382 aﬂigens
1786 2315 1916 2367 illud

384 2410 526 2461 cruci
556 2423 684 2461 suae.
725 2405 868 2459 Istud
912 2403 1122 2471 quidem
1158 2403 1294 2470 quod
1322 2403 1448 2457 dicit
1478 2404 1912 2473 chirographum,

363 2508 722 2567 peccatorum
774 2501 1076 2549 nostrorum
1134 2493 1309 2546 cautio
1358 2491 1477 2545 luit.
1537 2492 1915 2561 Unusquisque

385 2587 581 2642 etenim
610 2593 867 2647 nostrum,
902 2582 954 2635 in
981 2582 1064 2635 his
1090 2597 1207 2649 quae
1230 2580 1486 2649 delinquit
1512 2580 1739 2635 ellicitnr
1763 2583 1912 2638 debi-

366 2686 490 2740 tor,
528 2684 581 2728 et
609 2674 810 2743 peccati
835 2672 914 2726 sui
938 2671 1143 2723 litteras
1171 2670 1374 2724 scribit.
1406 2672 1536 2736 Quia
1562 2680 1615 2724 et
1647 2672 1913 2741 injndicio

368 2763 667 2831 “Dei,-quod
695 2759 880 2814 Daniel
907 2760 1215 2814 consedisse
1239 2758 1490 2812 describit
1513 2760 1576 2822 η,
1601 2760 1763 2816 libros
1784 2763 1913 2816 dicit

361 2861 616 2921 .apertos,
654 2850 767 2903 sine
795 2849 953 2902 dubio
987 2848 1074 2916 qui
1106 2856 1320 2913 peccata
1363 2847 1638 2901 hominum
1670 2851 1911 2904 contine-

383 2951 517 2995 rent.
563 2939 669 2992 ilos
708 2953 832 3006 ergo
856 2938 951 3006 ipsi
985 2937 1134 2990 nobis
1158 2936 1442 2991 scribimus
1464 2952 1558 3006 per
1581 2953 1642 2992 ea
1666 2954 1782 3006 qua:
1816 2943 1905 2993 de-
1937 2961 1980 3018 ο

379 3026 688 3097 linquimus.
716 3025 879 3093 ilujus
902 3024 1043 3077 cnim
1082 3023 1155 3077 rei
1189 3031 1241 3075 et
1273 3022 1361 3076 illa
1388 3024 1557 3091 imago
1580 3032 1682 3087 est,
1709 3041 1826 3093 qua:
1855 3028 1904 3080 in

385 3116 661 3186 Evangelia
691 3116 880 3169 dicitur
900 3116 963 3169 de
986 3114 1162 3167 villico
1179 3114 1495 3182 iniquitatis,
1512 3114 1601 3182 qui
1623 3116 1688 3169 ad
1714 3130 1908 3169 unum-

380 3219 643 3276 quemque
668 3205 958 3258 debitorem
980 3203 1108 3256 dicit
1137 3202 1178 3233 "
1213 3218 1229 3255 :
1263 3202 1448 3269 Accipe
1471 3203 1669 3258 litteras
1695 3213 1830 3268 tuas,
1858 3216 1904 3259 et

379 3296 558 3350 sedens
587 3295 754 3349 scribe
790 3293 1070 3361 octoginta,
1114 3300 1167 3345 et
1194 3302 1382 3346 cmtera
1421 3308 1538 3360 qua;
1588 3280 1902 3349 referuntur.

381 3385 540 3440 Vides
575 3399 726 3452 ergo,
753 3383 875 3452 quia
922 3383 1211 3451 unicuique
1237 3381 1449 3446 dicitur,
1491 3385 1662 3452 accipe
1708 3385 1906 3440 litteras

379 3484 517 3526 mas.
555 3470 701 3525 Unde
734 3476 947 3523 constat
973 3476 1185 3522 nostras
1216 3468 1419 3524 litteras
1442 3480 1681 3538 peccato,
1705 3472 1907 3528 litteras

379 3568 553 3614 autem
580 3560 674 3614 Dei
698 3559 905 3628 justitia
925 3558 1083 3612 scribi
1108 3556 1237 3625 (9i).
1296 3561 1373 3612 ita
1394 3559 1533 3613 enim
1548 3560 1907 3631 dicitAposto-

379 3650 551 3704 lus":
581 3647 680 3715 Vos
705 3650 838 3703 enim
865 3650 985 3702 estis
1002 3645 1222 3715 epistola
1237 3648 1430 3716 scripta
1465 3665 1563 3702 non
1594 3660 1902 3717 atramento,

375 3740 465 3795 sed
490 3738 689 3809 Spiritu
715 3737 804 3790 Dei
832 3737 948 3799 vivi,
976 3736 1143 3790 nonin
1170 3736 1356 3790 tabulis
1379 3738 1614 3806 lapideis,
1638 3743 1724 3794 sed
1748 3744 1800 3795 in
1821 3752 1898 3797 ta-

377 3829 512 3883 bulis
533 3830 700 3882 cordis
718 3825 1031 3881 carnalibus.
1059 3826 1232 3880 llabes
1264 3841 1389 3895 ergo
1417 3827 1468 3881 in
1496 3838 1545 3881 te
1572 3828 1773 3884 litteras
1790 3831 1901 3899 Dei,

374 3919 483 3989 97
505 3930 557 3973 et
575 3918 783 3972 litteras
799 3916 1030 3984 Spiritus
1052 3916 1304 3970 sancti.Si
1319 3931 1444 3969 vero
1465 3918 1766 3987 delinquas,
1791 3923 1903 3989 ipse

284 4013 296 4020 ‘
376 4007 472 4060 tibi
519 3996 811 4059 conscribis
854 4002 1058 4070 peccati
1117 4004 1554 4071 chirographum.
1628 4006 1733 4060 Sed
1786 4008 1902 4061 vide

373 4094 497 4163 quia
527 4108 645 4145 cum
684 4090 848 4145 semel
882 4089 1157 4144 accessisti
1187 4093 1253 4144 ad
1286 4106 1502 4145 crucem
1525 4093 1722 4147 Christi
1752 4104 1806 4149 et
1836 4096 1903 4150 ad

374 4184 601 4255 gratiam
621 4181 891 4250 baptismi,
910 4181 1318 4249 chirographum
1340 4191 1484 4234 tuum
1506 4186 1649 4238 cruci
1668 4184 1898 4251 aﬁixnm,

2029 719 2110 764 est
2139 712 2323 765 doctor
2359 714 2632 783 Ecclesiae,
2664 726 2864 784 potare
2913 714 3257 776 homines,
3292 721 3532 779 potare
3571 710 3740 764 debet

2028 809 2081 854 et
2114 817 2305 868 pecora
2336 818 2349 851 :
2379 805 2500 871 quia
2544 813 2598 859 et
2645 804 2926 874 Propheta
2989 802 3154 856 dixit
3184 803 3245 832 ’³
3281 819 3298 853 :
3338 799 3641 854 Honcines
3690 811 3739 854 et

2019 888 2253 956 jumenta
2287 891 2451 944 salvos
2493 895 2674 959 facies,
2731 894 2997 957 Domine,
3033 891 3474 945 illuminante
3515 904 3651 952 nos,
3683 897 3738 942 et

2027 988 2292 1045 purgante
2341 982 2500 1033 corda
2546 991 2732 1034 nostra
2777 983 2903 1049 ipso
2956 980 3241 1033 Domino
3296 978 3459 1032 Jesu
3496 976 3740 1035 Christo

2026 1066 2306 1122 Salvatore
2345 1077 2552 1130 nostro,
2605 1069 2696 1123 cui
2741 1078 2826 1122 est
2878 1069 3074 1138 gloria
3132 1077 3209 1122 et
3274 1069 3628 1137 imperium
3679 1071 3737 1122 in

2024 1155 2216 1209 secula
2242 1156 2580 1211 saeculorum.
2612 1159 2809 1210 Amen.

2565 1264 2851 1319 llOMlLlA
2896 1265 3058 1318 XIV.

2023 1354 2096 1407 De
2122 1370 2179 1407 eo
2199 1355 2335 1421 quod
2361 1357 2602 1422 apparuit
2634 1355 2894 1407 Dominus
2920 1354 3103 1407 Isaac
3123 1357 3219 1406 ad
3247 1364 3522 1422 puteum
3551 1355 3623 1422 ju
3636 1372 3733 1410 ra-

2067 1425 2243 1485 menti,
2275 1435 2320 1474 et
2344 1422 2407 1474 de
2427 1434 2578 1490 pacto
2599 1427 2737 1490 quod
2763 1424 3085 1488 composuit
3116 1440 3274 1475 cum
3319 1422 3697 1479 Abimeleclt.

2089 1511 2140 1562 1.
2174 1509 2448 1575 Scriptum
2477 1518 2560 1562 est
2597 1510 2651 1563 in
2693 1512 2973 1579 propheta
3020 1526 3099 1564 ex
3156 1526 3459 1580 persona
3495 1513 3730 1570 Doinini

2022 1597 2250 1651 dicentis
2268 1595 2519 1649 ":I'Itiu
2564 1599 2808 1650 manibus
2848 1597 3308 1665 prophetarum
3348 1604 3731 1658 assimilatas

2021 1704 2156 1741 sum.
2206 1688 2304 1753 Qui
2360 1704 2535 1742 sermo
2574 1689 2702 1742 illud
2761 1691 3006 1755 indicat,
3046 1693 3227 1759 quod
3258 1709 3418 1748 cum
3459 1711 3621 1749 unus
3655 1697 3733 1751 sit

2020 1776 2277 1829 Dominus
2336 1785 2516 1829 noster
2565 1775 2723 1831 Jesus
2765 1778 3048 1834 Christus
3103 1796 3231 1850 per
3300 1786 3731 1840 substantiam

2019 1876 2191 1924 suam,
2220 1870 2272 1915 et
2298 1862 2426 1915 nihil
2457 1863 2601 1915 aliud
2641 1878 2805 1931 quam
2860 1864 3048 1919 Filius
3087 1868 3208 1922 Dei
3244 1871 3369 1935 sit,
3409 1872 3478 1925 in
3526 1875 3731 1942 ﬁguris

2022 1954 2193 1998 tamen
2229 1955 2281 1997 et
2307 1944 2496 2000 formis
2539 1947 2988 2017 Scripturarum,
3031 1955 3269 2008 varius
3311 1973 3395 2011 ac
3451 1959 3729 2015 diversus

2017 2038 2339 2092 ostenditur.
2373 2035 2530 2091 Verbi
2577 2040 2944 2109 gratia,sicut
3000 2043 3063 2096 in
3108 2050 3593 2113 superioribus
3627 2068 3729 2105 ex-

2016 2126 2257 2193 posuisse
2312 2139 2410 2179 nos
2467 2127 2707 2191 memini,
2766 2129 2920 2196 quod
2985 2134 3122 2199 ipse
3186 2134 3440 2192 fuisset
3479 2140 3541 2193 in
3597 2152 3729 2211 typo

2018 2217 2187 2281 Isaac,
2216 2232 2336 2271 cum
2388 2215 2678 2271 oll’erretur
2728 2220 2797 2273 ad
2867 2222 3362 2293 holocaustum,
3411 2232 3612 2300 ipsius
3646 2243 3730 2285 ta-

2017 2321 2137 2360 men
2183 2315 2237 2361 et
2284 2307 2423 2360 aries
2462 2307 2686 2360 formam
2726 2316 2973 2364 teneret.
3027 2312 3167 2382 Ego
3244 2320 3545 2388 amplius
3589 2323 3723 2376 dico

2016 2397 2155 2464 quod
2185 2397 2238 2449 in
2264 2398 2452 2465 angelo
2474 2398 2564 2465 qui
2603 2397 2819 2452 locutus
2843 2407 2933 2453 est
2968 2404 3046 2455 ad
3076 2405 3465 2474 Abraham,
3487 2420 3554 2465 et
3583 2412 3729 2466 dicit

2014 2489 2061 2540 ei
2083 2489 2127 2519 "’
2152 2506 2164 2540 :
2190 2487 2489 2555 Neinjicias
2514 2504 2726 2541 manum
2748 2499 2897 2542 tuam
2924 2492 2984 2545 in
3011 2510 3326 2563 puerum,
3356 2502 3500 2568 ipse
3524 2514 3729 2559 osten-

2014 2577 2180 2639 ditur,
2208 2576 2299 2644 qui
2333 2576 2523 2629 iternnt
2548 2577 2681 2630 dicit
2717 2578 2785 2631 ad
2817 2593 2948 2632 eum
2984 2598 3001 2634 :
3040 2581 3416 2654 Propterea
3443 2593 3610 2660 quod
3643 2594 3728 2661 fe-

2013 2666 2130 2718 cisti
2157 2665 2361 2718 verbum
2390 2667 2505 2730 hoc,
2536 2668 2841 2721 benedicens
2884 2670 3255 2729 benedicam
3294 2690 3383 2732 te.
3422 2680 3606 2751 Ovis,
3634 2684 3728 2740 νει-ι

2011 2767 2179 2823 agnus
2221 2754 2311 2821 qui
2364 2754 2675 2807 immolatur
2732 2755 2787 2808 in
2830 2755 3089 2823 Pascha,
3134 2763 3286 2832 ipse
3357 2771 3627 2835 dicitur,
3669 2780 3730 2827 ει

2011 2844 2191 2896 ovium
2223 2851 2408 2911 pastor
2446 2842 2561 2910 ipse
2595 2844 2882 2913 signatur;
2927 2856 2989 2901 et
3023 2854 3364 2923 pontifex,
3408 2861 3521 2929 qui
3552 2861 3729 2917 oll‘ert

2011 2931 2373 2993 sacriﬁcium,
2421 2931 2778 2986 nihilominus
2834 2934 2958 3002 ipse
3014 2939 3463 3003 describitur.
3528 2950 3728 3019 Spon-

2012 3034 2102 3074 sus
2146 3028 2397 3088 tanquam
2446 3018 2681 3074 Verbum
2714 3021 2810 3076 Dei
2845 3026 2968 3092 ipse
3025 3033 3438 3105 appellatur,
3476 3049 3548 3094 et
3582 3018 3727 3096 tan-

2010 3125 2168 3178 quam
2195 3111 2458 3178 sapientia
2488 3112 2603 3180 ipse
2637 3128 2828 3169 rursus
2851 3129 3078 3182 sponsa
3119 3127 3526 3184 nominatur
3556 3149 3571 3185 :
3608 3133 3729 3186 sic-

2014 3208 2070 3252 ut
2103 3208 2157 3252 et
2182 3201 2434 3268 propheta
2475 3201 2606 3290 dicit
2635 3216 2703 3255 ex
2743 3217 2991 3271 persona
3024 3207 3240 3278 ipsius
3268 3216 3329 3247 ³³
3352 3234 3372 3271 :
3408 3218 3727 3290 Tanquam

2008 3304 2193 3356 sponso
2217 3290 2388 3356 posuit
2416 3288 2541 3341 mihi
2584 3291 2823 3356 mitram,
2861 3302 3154 3363 tanquam
3201 3319 3518 3372 εροηεαηι
3556 3288 3728 3366 ad".

2009 3379 2147 3431 navit
2177 3394 2254 3430 me
2293 3389 2628 3442 ornamento;
2661 3391 2717 3435 et
2744 3381 2919 3437 multa
2962 3387 3117 3453 alia,
3147 3407 3307 3461 qua:
3339 3413 3529 3456 num:
3566 3404 3727 3459 inte-

2009 3468 2108 3520 ritn
2144 3469 2390 3536 persequi
2421 3469 2637 3538 longum
2671 3482 2778 3526 est.
2814 3472 2982 3530 Sicut
3011 3494 3173 3549 ergo
3220 3486 3378 3556 ipse
3414 3491 3727 3553 Dominus

2005 3579 2102 3634 pro
2130 3563 2246 3618 loco
2272 3571 2326 3616 et
2358 3571 2619 3629 tempore,
2650 3559 2892 3616 formam
2946 3568 3044 3621 sui
3095 3571 3401 3643 singulis
3452 3584 3728 3651 quibus-

2007 3669 2110 3722 que
2130 3652 2501 3742 accommodat
2532 3651 2757 3742 causiss
2780 3653 2855 3706 ita
2890 3655 3081 3711 etiam
3117 3668 3383 3733 sancti,
3431 3674 3553 3740 qui
3592 3675 3728 3742 eius

2008 3753 2184 3811 typum
2209 3739 2492 3830 gerebant,
2524 3753 2623 3805 pro
2656 3738 2794 3830 locis
2819 3750 2878 3794 et
2915 3750 3335 3815 temporibus
3385 3738 3473 3814 et—
3488 3738 3735 3830 causis,

2006 3827 2378 3897 mysteriorum
2419 3826 2620 3895 ﬁguras
2646 3827 2826 3895 egisse
2850 3833 3143 3889 credendi
3175 3854 3353 3898 sunt
3392 3866 3413 3901 :
3454 3851 3628 3907 sicut
3668 3826 3732 3909 ei

2004 3932 2143 3971 nunc
2172 3915 2286 3970 ﬁeri
2314 3916 2366 3969 in
2403 3916 2555 3970 Isaac
2593 3917 2869 3983 videmus,
2901 3920 2972 3973 de
3017 3938 3149 3992 quo
3205 3936 3590 3995 recitatum
3632 3956 3733 3999 εει

2003 4005 2156 4060 nobis
2178 4004 2553 4068 ":Ascendit,
2606 4006 2803 4073 inquit,
2848 4007 2979 4063 inde
3041 4016 3124 4067 ad
3177 4035 3467 4085 puteum
3543 4030 3735 4087 lum-

2002 4096 2180 4161 menti,
2211 4104 2258 4149 et
2295 4097 2537 4163 apparuit
2585 4098 2631 4149 ei
2681 4095 2947 4155 Dominus
2978 4118 3151 4160 nocte
3209 4111 3379 4181 illa,
3428 4133 3492 4174 ει
3520 4125 3684 4178 άέπει
3710 4142 3733 4181 ε

2004 4184 2114 4253 Ego
2146 4200 2259 4237 sum
2283 4183 2419 4237 Deus
2441 4184 2705 4237 Abraham
2730 4190 2903 4253 patris
2934 4193 3052 4257 tui,
3103 4200 3242 4253 noli
3280 4208 3563 4271 timere.
3608 4217 3729 4270 Te-

373 4282 426 4328 et
466 4273 519 4325 in
569 4270 717 4325 fonte
770 4268 1020 4337 baptismi
1059 4269 1287 4323 deletum
1331 4280 1433 4325 est.
1477 4271 1586 4325 Non
1632 4275 1898 4331 rescribas
1930 4287 1973 4343 ι)
2002 4290 2116 4327 cum
2146 4272 2281 4326 enim
2325 4288 2460 4336 sum,
2500 4281 2547 4325 et
2582 4272 2884 4327 benedicam
2916 4286 2992 4340 te,
3025 4291 3083 4334 et
3118 4268 3728 4364 inulcipucapaige.

373 4362 513 4416 ultra
556 4374 673 4429 qua
717 4360 889 4413 deleta
939 4368 1081 4425 sunt,
1126 4374 1224 4413 nec
1266 4373 1482 4426 repares
1537 4375 1655 4429 quae
1700 4363 1898 4419 abolita

372 4458 515 4513 sum,
539 4449 680 4503 solas
722 4448 773 4500 in
815 4456 867 4499 te
914 4461 1067 4501 serva
1099 4446 1302 4501 litteras
1331 4447 1441 4505 Dei.
1477 4449 1587 4502 sola
1619 4450 1671 4503 in
1703 4460 1752 4504 te
1778 4467 1901 4521 per-

373 4544 584 4592 maneat
618 4535 894 4603 Scriptura
939 4534 1173 4602 Spiritus
1220 4536 1412 4589 sancti.
1465 4535 1567 4590 Sed
1620 4540 1901 4596 redeamus

372 4627 434 4679 ad
467 4624 636 4687 Isaac,
669 4630 723 4674 et
748 4622 1011 4695 fodiamus
1039 4635 1159 4674 cum
1183 4620 1297 4688 ipso
1331 4634 1520 4689 puteos
1547 4638 1698 4691 aquae
1724 4629 1856 4681 vivae
1881 4646 1895 4684 :

369 4713 581 4769 etiamsi
622 4712 891 4766 obsistunt
936 4710 1229 4772 Philistini,
1259 4712 1469 4764 etiamsi
1508 4713 1770 4780 rixantur,
1801 4731 1898 4771 nos

371 4814 547 4859 tamen
580 4815 978 4871 perseveremus
1010 4815 1129 4853 cum
1169 4800 1282 4867 ipso
1310 4809 1498 4866 puteos
1544 4802 1816 4870 fodiendo,
1840 4815 1898 4861 ut

369 4903 421 4947 et
452 4891 601 4945 nobis
634 4890 840 4943 dicatur
858 4890 903 4920 ἰ
927 4904 943 4940 :
972 4886 1101 4940 Bibe
1125 4902 1311 4955 aquam
1338 4887 1401 4940 de
1425 4889 1527 4942 tuis
1573 4890 1821 4958 fontibus,
1847 4906 1896 4948 et

370 4984 432 5035 de
456 4982 558 5034 tuis
577 4980 768 5048 puteis,
790 4987 844 5031 et
870 4976 925 5030 in
944 4986 1146 5030 tantum
1169 4975 1451 5041 fodiemus,
1485 4988 1542 5030 ut
1571 4983 1897 5048 superabun-

367 5075 498 5128 dent
533 5084 683 5138 aqua:
723 5067 864 5135 putei
905 5067 956 5119 in
997 5066 1185 5134 plateis
1232 5066 1449 5147 nostris,
1487 5076 1544 5120 ut
1588 5083 1696 5122 non
1724 5071 1892 5127 solum

440 5165 484 5196 "
511 5164 610 5216 lsa.
642 5176 781 5225 mv,
805 5160 893 5212 E2.
971 5159 1011 5190 ¹⁷
1042 5158 1245 5211 Coloss.
1270 5173 1325 5216 tt.
1350 5158 1434 5212 ll.
1523 5160 1566 5191 ⁸⁸
1593 5161 1724 5216 Dan.
1759 5180 1852 5219 vn.

1961 5168 2004 5199 ¹⁹
2036 5165 2161 5217 Luc.
2196 5177 2304 5224 xvr,
2330 5163 2386 5215 7.

2001 4379 2115 4419 men
2156 4375 2321 4465 tuum,
2378 4372 2600 4465 prpptet;
2614 4364 2884 4417 Abraham
2931 4382 3161 4436 patrem
3223 4389 3465 4445 tuum.
3534 4394 3743 4465 Hujus

1999 4456 2144 4509 Isaac
2185 4453 2315 4508 duas
2371 4454 2526 4507 nobis
2571 4453 2774 4521 ﬁguras
2814 4462 3088 4524 exposuit
3145 4481 3531 4538 apostolus
3571 4453 3745 4540 ps...

2001 4545 2082 4598 lus
2101 4545 2141 4577 "
2171 4586 2184 4599 .
2216 4556 2373 4633 unam
2417 4556 2524 4610 qua
2559 4542 2711 4601 dixit,
2739 4545 2887 4610 quod
2925 4546 3140 4605 lsmael
3194 4566 3500 4627 quidem
3563 4576 3739 4633 mins

1998 4636 2160 4705 Agar,
2191 4632 2370 4736 pppuli
2406 4634 2703 4689 secundum
2735 4647 3001 4704 carnem,
3035 4641 3220 4702 Isaac
3265 4668 3454 4716 vero
3502 4670 3731 4736 populi

2004 4721 2095 4811 qui
2118 4718 2320 4811 exdﬁde
2359 4720 2717 4811 est,l‘ormam
2752 4728 2934 4787 tenet;
2965 4736 3020 4779 ct
3052 4730 3252 4791 aliam
3301 4760 3458 4811 qua
3494 4718 3734 4809 $.24}

2008 4808 2129 4861 Non
2159 4806 2295 4858 dixit
2326 4815 2384 4898 et
2407 4810 2711 4898 seminibus,
2742 4811 2898 4898 quasi
2942 4811 3003 4866 in
3037 4820 3297 4891 multis,
3331 4806 3468 4889 ἐειι
3505 4806 3743 4898 nimius

2004 4906 2091 4949 tuo
2111 4906 2350 4993 tapquam
2368 4895 2426 4947 in
2444 4914 2573 4965 uno,
2594 4897 2771 4993 quiest
2800 4897 3071 4993 gilium.
3096 4906 3319 4971 Tenet
3345 4937 3527 4993 ergo
3552 4895 3745 4990 Isaae

2001 4984 2177 5088 gopttli
2200 4983 2522 5088 ﬁg'pram,et
2549 4986 2773 5086 Christi.
2802 4988 3087 5046 Christum
3116 5011 3353 5062 autem
3401 4983 3745 5088 tanquam

2002 5073 2231 5169 V-erbttnt
2257 5070 2372 5169 Dei,
2399 5089 2517 5133 non
2541 5080 2712 5137 solum
2731 5075 2787 5129 in
2812 5078 3131 5148 Evangeliis
3157 5088 3387 5166 loqui,
3414 5070 3744 5169 sed'et—

2466 5173 2521 5204 "
2545 5173 3010 5272 ‘l.9§’..'.:::".’:.§'
3034 5244 3107 5272 ο,
3131 5182 3467 5272 ’ζΐνοῖι
3507 5221 3584 5272 v.
3638 5210 3744 5269 ιε.

368 5237 412 5267 ἰ
444 5232 586 5332 Psala
617 5244 778 5335 .‘x‘xt'tv,
810 5227 864 5279 8.
933 5226 1158 5335 :ZOsee,
1190 5240 1283 5291 xu,
1307 5226 1371 5278 10
1461 5228 1716 5284 "Genesi.
1743 5234 1912 5298 xxn,l

371 5319 421 5335 ne
542 5304 562 5334 ²
640 5316 689 5335 ,ἰ
720 5306 789 5335 sala
822 5310 904 5335 III-
1005 5332 1016 5335 _
1704 5310 1709 5314 ’

1839 5234 1981 5298 ι,12.
2062 5232 2364 5295 "lsa.t.x1,
2389 5236 2486 5294 to,
2546 5226 3007 5310 ἶδζεειιθεςιίγη
3034 5244 3133 5313 ενδ.
3173 5226 3468 5310 ελίυζτι
3508 5226 3743 5335 ἒοὲιέλῗ

370 5319 441 5356 tv.
542 5301 586 5334 ³⁸
617 5299 791 5354 Galat.
822 5297 1017 5357 "1,16.

439 5394 548 5465 (90)
575 5395 665 5465 Sic
698 5406 851 5452 mss,
885 5389 1034 5451 alias,
1065 5387 1297 5465 aearitial
1321 5385 1706 5465 studeas.__lnlra
1741 5402 1890 5465 ms_s.,

370 5456 458 5531 per
476 5456 704 5531 singulas
734 5473 961 5531 quasque
990 5456 1201 5509 malitia:
1246 5456 1435 5521 spectes
1458 5468 1474 5515 ,'
1499 5456 1647 5521 editi,
1674 5470 1761 5521 per
1786 5460 1893 5509 sin-

369 5530 516 5593 gulas
546 5527 772 5599 quasque
797 5527 1043 5579 malitias.

2072 5385 2179 5490 $9.3)
2226 5388 2673 5490 ἔξέξῑὲςλτοξιταο
2700 5420 2819 5490 ως.
2843 5409 3054 5490 ,καρῖσι
3100 5424 3338 5480 ρεεοαιε
3369 5445 3399 5490 .-

1999 5466 2169 5576 {igfgt
2213 5462 2458 5525 Justiti!!!
2502 5477 2657 5544 Deus
2699 5480 2896 5538 scribit.
2928 5480 2994 5532 At
3035 5462 3169 5552 mss.
3222 5462 3435 5553 ιῖΐίη
3468 5462 3747 5569 τήξξῖῗέ
