3922 6258
259 345 330 396 ‘33

297 345 365 395 ετ
513 311 518 320 ’
1497 328 1570 381 IN
1606 326 1892 382 GENESIM
1934 322 2208 378 llOMlLlA
2236 324 2375 377 xrv.

3409 323 3478 382 ’23
3489 326 3514 375 ἶ

270 454 392 519 lege
414 460 591 508 eertum
613 437 680 492 εει
698 402 1047 519 θίνδξῗξῗὶξῗ
1067 411 1361 488 verum
1401 437 1464 493 in
1487 442 1606 512 lege
1625 441 1869 510 incipien-

1979 437 2266 503 creaverit,
2304 437 2565 491 scribunt.
2614 436 2669 489 ln
2709 436 2809 489 hoc
2856 439 3195 491 consentiunt
3243 437 3344 507 legi
3397 437 3512 490 Dei.

274 495 720 602 azinlilvangetiis
742 495 986 602 ιιῦτῖίξοξοξ
1014 501 1249 570 ducet.
1298 520 1391 579 Et
1433 495 1592 583 Isaac
1621 495 1747 598 ergo
1773 528 1879 582 for-

454 589 957 686 nuneierb'tdim‘ll“
968 589 1105 664 lege
1125 605 1240 658 νεὶ
1264 589 1878 686 Prophetisest:tenet.

345 713 406 766 Ξ.
439 709 667 765 Ascendit
715 694 855 765 lim“.
879 681 1028 736 1³⁸³⁸
1059 690 1139 739 ad
1173 681 1448 761 Putarem
1481 681 1800 768 Juramenti,
1828 714 1875 758 et

277 801 536 868 apparuit
583 799 654 851 illi
690 783 924 846 Dominus.
979 775 1448 847 Ascensionem
1497 796 1626 863 legis
1662 803 1716 848 et
1754 805 1878 847 ante

267 888 387 956 jam
445 889 678 941 diximus
719 883 942 935 ornatum
982 872 1188 940 templi
1237 891 1418 948 esse,
1451 893 1506 937 et
1534 898 1718 938 eorum
1759 897 1876 950 quae

273 979 414 1031 inibi
443 978 638 1030 divina
660 969 951 1045 gerebantur
980 963 1304 1032 obsequia.
1332 971 1533 1028 Potest
1553 983 1877 1041 etaugmen-

272 1076 390 1119 tum
429 1066 815 1134 prophetarum
846 1053 976 1124 legis
1005 1061 1282 1113 ascensio
1317 1065 1597 1118 nominari
1623 1081 1639 1116 :
1669 1071 1723 1116 et
1752 1077 1877 1131 pro-

271 1166 475 1222 pterea
519 1154 673 1208 forte
704 1154 763 1207 ad
800 1144 1365 1220 puteumluramenti
1401 1153 1718 1207 ascendisse
1740 1151 1874 1205 dici-

266 1253 383 1307 tur,
444 1253 508 1297 et
569 1244 640 1296 ibi
695 1239 990 1312 apparuisse
1021 1236 1069 1290 ei
1108 1238 1417 1295 Dominus.
1453 1241 1586 1294 Nam
1622 1255 1715 1308 per
1750 1254 1869 1308 pro-

267 1336 476 1402 phetas
523 1334 737 1402 juravit
777 1331 1022 1384 Dominus
1043 1329 1114 1392 η.
1147 1339 1207 1383 ει
1235 1345 1353 1385 non
1390 1333 1689 1400 paenitebit,
1728 1329 1869 1398 quod

261 1426 381 1494 ipse
427 1426 514 1478 sit
578 1425 832 1478 sacerdos
869 1424 919 1475 in
965 1430 1235 1474 aeternum
1272 1423 1572 1475 secundum
1624 1422 1868 1475 ordinem

260 1514 727 1568 Melchisedech.
754 1512 830 1565 Ad
864 1521 1080 1580 puteum
1108 1526 1243 1579 ergo
1271 1511 1596 1577 Juramenti,
1624 1513 1768 1564 visus
1789 1521 1871 1564 est

259 1603 309 1656 ei
342 1603 530 1665 Deus,
574 1601 760 1654 futura
795 1601 847 1652 in
879 1615 942 1653 eo
972 1599 1235 1668 promissa
1268 1602 1617 1653 conﬁrmans.
1654 1597 1719 1651 Et
1745 1599 1872 1651 mdi-

257 1692 453 1757 ﬁcarit
485 1691 573 1742 ibi
604 1691 782 1742 altare
817 1688 991 1753 Isaac,
1022 1700 1069 1742 et
1102 1691 1369 1742 invocavit
1400 1705 1585 1742 nomen
1638 1689 1868 1751 Domini,

1977 527 2248 594 Aliquanti
2279 527 2439 580 etiam
2471 526 2571 579 hoc
2605 525 2944 587 addiderunt,
2973 528 3113 592 quod
3147 528 3286 580 Deus
3321 538 3515 580 cuncta

1978 632 2073 684 per
2095 617 2325 672 Verbum
2369 630 2526 670 suum
2571 624 2624 670 et
2663 614 2876 677 fecerit,
2907 624 2959 668 et
3000 625 3167 684 regat,
3200 626 3253 671 et
3285 617 3514 672 Verbum

1981 708 2069 762 Dei
2100 709 2190 772 sit,
2220 721 2326 775 quo
2366 715 2556 760 cuncta
2585 707 2948 760 moderentur.
2974 705 3031 757 ln
3068 708 3167 760 hoc
3201 722 3304 760 non
3342 708 3515 761 solum

1977 797 2101 864 legi,
2131 797 2220 850 sed
2249 797 2412 850 etiam
2441 795 2741 864 Evangeliis
2781 807 3013 848 consona
3039 795 3306 847 scribunt.
3329 794 3515 847 Μοῖρ-

1978 885 2043 939 lis
2077 900 2204 939 vero
2235 894 2289 939 et
2327 886 2572 954 physica,
2601 898 2720 952 quae
2772 885 2966 937 dicitur
2993 884 3351 961 philosophia,
3378 900 3514 952 pene

1977 975 2154 1028 omnia
2185 989 2302 1042 quas
2333 983 2516 1028 nostra
2555 985 2678 1028 sunt
2727 974 2979 1029 sentiunt.
3026 974 3295 1028 Dissident
3330 989 3456 1027 vero
3485 989 3516 1026 a

1978 1061 2151 1127 nobis,
2188 1079 2306 1115 cum
2339 1064 2446 1116 Deo
2486 1063 2671 1117 dicunt
2698 1079 2816 1117 esse
2856 1064 3134 1116 materiam
3165 1071 3510 1119 coaeternam.

1975 1149 2262 1213 Dissident,
2294 1166 2415 1204 cum
2445 1162 2638 1220 negant
2666 1153 2828 1205 Deum
2882 1166 3071 1205 curare
3115 1150 3388 1216 mortalia,
3418 1155 3515 1206 sed

1974 1240 2358 1307 providentiam
2405 1241 2522 1310 ejus
2559 1257 2716 1310 supra
2750 1243 2952 1296 lunaris
2981 1242 3122 1312 globi
3157 1245 3324 1308 spatia
3362 1245 3516 1298 cohi-

1973 1329 2106 1382 beri.
2144 1329 2409 1384 Dissident
2457 1347 2486 1384 a
2542 1332 2717 1394 nobis,
2748 1348 2866 1385 cum
2912 1333 3049 1385 vitas
3088 1334 3414 1386 nasccntium
3444 1348 3512 1387 ex

1973 1419 2250 1471 stellarum
2277 1419 2521 1474 cursibus
2557 1421 2818 1488 pendunt.
2847 1422 3140 1485 Dissident,
3169 1438 3288 1474 cum
3312 1425 3513 1491 θείηρί-

1973 1514 2180 1559 ternum
2216 1508 2402 1561 dicunt
2445 1509 2587 1561 hunc
2621 1509 2900 1576 mundum,
2938 1520 2992 1564 et
3035 1510 3178 1564 nullo
3219 1512 3320 1565 line
3365 1514 3514 1566 clau-

1971 1595 2223 1648 dendum.
2261 1595 2364 1648 Sed
2393 1605 2444 1650 et
2478 1598 2582 1649 alia
2628 1597 2856 1664 plurima
2907 1607 3057 1663 sunt,
3100 1601 3150 1653 in
3179 1603 3372 1669 quibus
3425 1618 3516 1656 nu-

1971 1683 2173 1737 biseum
2200 1683 2284 1737 vel
2313 1684 2597 1747 dissident,
2627 1686 2708 1739 vel
2743 1687 3099 1741 concordant.
3131 1687 3195 1741 Et
3238 1689 3357 1742 ideo
3393 1691 3516 1743 Abi-

253 1796 306 1838 ει
331 1785 460 1851 ﬁxi:
487 1785 577 1836 ibi
609 1782 1013 1836 ιαβενηαεηιαιη
1069 1798 1246 1835 mum,
1284 1780 1551 1834 Εοάειιηηι
1595 1790 1764 1833 autem
1796 1782 1864 1832 ibi
1904 1757 1942 1812 Β
1973 1770 2202 1836 melech,
2233 1772 2523 1824 secundum
2553 1771 2690 1825 hanc
2719 1774 2963 1840 ﬁguram,
2989 1773 3274 1842 aliquando
3304 1777 3354 1828 in
3379 1791 3516 1844 pace

255 1878 414 1944 pueri
451 1877 629 1928 Isaac
654 1885 876 1942 puteum
904 1874 973 1927 ³⁰.
1001 1872 1260 1926 jEdiﬁcat
1292 1873 1503 1939 quidem
1539 1873 1684 1925 Isaae
1706 1874 1866 1925 etiam

257 1967 446 2018 altare
473 1967 535 2016 in
565 1966 720 2032 lege,
744 1972 801 2015 et
830 1963 944 2030 ﬁgit
975 1961 1385 2015 tabernaculum
1409 1977 1581 2016 suum.
1608 1963 1661 2014 ln
1694 1962 1868 2014 Evan-

255 2057 424 2121 geliis
475 2069 645 2117 vero,
705 2069 816 2106 non
871 2053 1294 2106 tabernaculum
1327 2052 1461 2120 ﬁgit,
1515 2052 1606 2104 scd
1651 2051 1867 2104 domum

255 2147 555 2207 aediﬁcat,
633 2153 692 2196 et
751 2142 1160 2196 fundamentum
1211 2141 1460 2194 collocat.
1516 2141 1651 2194 Audi
1725 2141 1868 2194 enim

258 2238 554 2290 dicentem
600 2233 954 2301 Sapientiam
1011 2232 1077 2284 de
1132 2231 1374 2284 Ecclesia
1403 2231 1742 2298 :Sapientia,
1786 2231 1868 2284 in-

257 2325 475 2389 quit“,
515 2323 825 2389 a'diﬁcauit
875 2322 979 2374 sibi
1010 2322 1242 2384 domum,
1268 2330 1313 2372 et
1366 2323 1629 2388 supposuit
1681 2331 1869 2384 septem

259 2414 576 2466 columnas.
618 2411 765 2464 Audi
797 2411 867 2464 de
893 2411 998 2463 hoc
1035 2411 1201 2463 etiam
1235 2409 1460 2463 Paulum
1497 2411 1760 2464 dicentem
1783 2412 1868 2465 1"z

257 2500 724 2553 Fundamentum
756 2500 902 2551 enim
963 2515 1110 2551 nemo
1154 2508 1322 2564 potest
1356 2516 1560 2566 ponere,
1599 2509 1788 2567 prteler
1816 2500 1871 2552 id

258 2594 406 2661 quod
449 2594 696 2661 positum
732 2599 839 2652 est,
874 2587 1016 2653 quod
1048 2597 1122 2640 est
1153 2586 1308 2641 Jesus
1328 2589 1581 2642 Christus.
1609 2589 1702 2642 Ubi
1744 2603 1872 2657 ergo

263 2681 708 2736 tabernaculum
761 2690 875 2740 est,
909 2680 1124 2732 etiamsi
1179 2679 1395 2747 ﬁgatur,
1443 2680 1559 2732 sine
1594 2679 1754 2734 dubio
1789 2697 1869 2734 re-

263 2772 607 2825 solvendum
635 2778 726 2824 est
767 2784 781 2818 :
817 2767 910 2820 ubi
933 2765 1420 2820 verofundamenta
1459 2776 1601 2831 sunt,
1637 2777 1690 2821 et
1713 2784 1870 2836 supra

259 2865 484 2920 petram
532 2852 864 2904 aediﬁcatur
891 2849 1107 2910 domus,
1139 2862 1409 2914 nunquam
1451 2849 1737 2902 resolvitur
1775 2853 1870 2903 do-

259 2959 389 2998 mus
420 2944 544 2996 illa.
584 2941 666 2994 Fu
681 2941 854 2992 ndata
879 2939 1028 2990 enim
1059 2947 1142 2991 est
1167 2953 1322 3004 supra
1352 2945 1580 3006 petram.
1613 2937 1768 2992 Fodit
1791 2948 1872 2991 ta-

262 3048 387 3085 men
428 3043 485 3086 et
548 3033 624 3084 ibi
681 3038 914 3097 puteum
947 3025 1124 3089 lsaac,
1160 3042 1259 3081 nec
1303 3043 1538 3095 unquam
1575 3037 1749 3082 cessat
1775 3044 1870 3097 pn-

263 3130 384 3174 tcos
419 3119 726 3177 fodiendo,
761 3119 943 3170 donec
979 3115 1187 3167 oriatur
1221 3114 1330 3183 (92)
1363 3114 1480 3169 fons
1513 3130 1666 3184 aqua:
1711 3117 1865 3182 vivae,

257 3221 315 3263 et
343 3209 604 3262 ﬂuminis
643 3210 890 3274 impetus
920 3205 1158 3256 hetiﬁcet
1185 3203 1456 3256 civitatem
1495 3203 1587 3256 Dei
1604 3203 1669 3255 ⁸⁸.

331 3300 388 3352 5.
435 3299 551 3352 Sed
597 3308 645 3351 ct
680 3294 1038 3356 Abimelech,
1082 3292 1170 3345 ille
1220 3292 1308 3359 qui
1347 3293 1543 3344 dudum
1577 3292 1870 3346 honorare-

258 3396 350 3440 rat
401 3386 730 3446 Abraham,
771 3381 928 3435 venit
971 3395 1118 3433 nunc
1149 3395 1271 3434 cum
1303 3379 1490 3432 amicis
1517 3379 1629 3447 98
1662 3380 1771 3433 suis
1805 3381 1870 3434 de

259 3475 498 3531 Geraris
530 3477 605 3526 ad
650 3473 810 3526 Isaac
831 3470 918 3523 “z
948 3468 1017 3520 Et
1068 3469 1194 3521 dicit
1242 3467 1345 3520 illis
1391 3467 1548 3519 Isaac
1571 3483 1588 3518 :
1619 3467 1755 3531 Quid
1781 3485 1864 3521 ve-

254 3567 416 3620 nistis
450 3566 531 3617 ad
567 3566 700 3616 me?
758 3560 869 3614 Vos
905 3559 1045 3612 enim
1071 3559 1252 3611 odistis
1280 3573 1380 3622 me,
1411 3566 1460 3609 et
1485 3557 1707 3625 ejecistis
1727 3573 1808 3610 me
1834 3573 1868 3610 a

255 3657 429 3709 uobis.
468 3655 562 3707 Ad
600 3655 722 3706 lucc
773 3651 859 3702 illi
907 3649 1263 3714 respondent:
1301 3644 1565 3707 Videntes,
1600 3646 1864 3712 inquittnt,

250 3749 491 3800 vidimus
515 3745 659 3813 quia
697 3752 776 3795 est
819 3739 1087 3792 Dominus
1131 3747 1321 3800 tecum,
1358 3747 1406 3789 et
1449 3737 1717 3790 diximus:
1747 3734 1868 3788 Fiat

250 3834 580 3902 conjuratio
608 3832 754 3883 inter
780 3845 876 3880 nos
903 3838 953 3881 et
980 3838 1050 3890 te,
1075 3837 1121 3878 et
1164 3825 1544 3878 constituamus
1584 3833 1746 3876 tecum
1774 3841 1868 3891 pa-

244 3936 422 3986 ctum,
457 3939 528 3974 ne
577 3919 762 3988 facias
809 3916 1084 3969 nobiscum
1115 3915 1335 3978 malum,
1366 3923 1470 3966 etc.
1520 3911 1626 3965 Iste
1653 3911 1867 3964 Abime-

242 4013 404 4078 lecb,
438 4023 506 4064 ut
546 4011 746 4073 video,
782 4023 891 4061 non
915 4019 1134 4072 semper
1151 4017 1336 4072 pacem
1369 4003 1671 4055 habetcum
1699 4001 1867 4064 Isaac,

238 4107 346 4158 sed
391 4100 729 4168 aliquando
761 4096 1020 4154 dissidet,
1050 4093 1342 4161 aliquando
1396 4105 1584 4158 pacem
1621 4092 1864 4158 requirit.

239 4192 305 4247 Si
353 4188 729 4244 merninistis
758 4184 1033 4253 quomodo
1063 4184 1115 4236 in
1148 4181 1520 4250 superioribus
1549 4178 1777 4234 diximus
1804 4180 1868 4233 de

238 4280 634 4341 Abimelech,
669 4277 816 4345 quod
859 4287 1151 4342 personam
1186 4279 1368 4325 teneat
1399 4270 1765 4322 studiosorum
1811 4278 1867 4322 et

1969 1871 2087 1912 esse
2111 1873 2230 1911 cum
2260 1857 2722 1926 lsaac,atiquando
2746 1860 3001 1914 dissidere
3035 1862 3374 1917 describitur.
3407 1865 3512 1918 Sed

1967 1957 2020 2001 et
2049 1949 2149 2002 hoc
2197 1964 2300 2002 non
2347 1957 2477 2017 puto
2515 1949 2652 2016 quod
2691 1949 2862 2004 otiose
2891 1951 3114 2019 Spiritui
3161 1965 3375 2020 sancto,
3419 1964 3514 2026 qui

1969 2039 2083 2091 haec
2117 2039 2326 2103 scribit,
2351 2054 2493 2092 curre
2530 2038 2689 2093 fuerit
2719 2042 3196 2108 comprehendere,
3233 2048 3375 2112 quod
3409 2049 3514 2103 duo

1969 2128 2055 2181 alii
2091 2142 2211 2181 cum
2250 2128 2559 2182 Abimelech
2590 2131 2859 2194 venerint,
2886 2132 2938 2184 id
2983 2142 3067 2186 est
3119 2133 3392 2190 Ochozath
3426 2153 3516 2206 ge-

1968 2232 2064 2271 ner
2091 2218 2226 2286 ejus,
2257 2227 2309 2270 et
2344 2217 2524 2271 Phicol
2564 2219 2667 2271 dux
2700 2223 2970 2276 exercitus
3019 2222 3149 2289 ejus.
3191 2225 3515 2293 Interpreta-

1971 2316 2056 2361 tur
2087 2320 2261 2361 autcnt
2293 2307 2569 2362 Ochozath
2598 2309 2733 2380 (95),
2759 2322 2954 2375 tenens,
2993 2325 3044 2366 et
3074 2313 3254 2368 Phicol
3295 2333 3351 2368 os
3398 2335 3513 2371 om-

1971 2397 2137 2451 niunt.
2192 2397 2307 2464 Ipse
2358 2407 2535 2451 autem
2570 2397 2897 2461 Abimelech.
2919 2412 3068 2467 pater
3091 2420 3233 2456 meus
3267 2420 3378 2458 rex.
3409 2404 3511 2469 Qui

1972 2493 2104 2549 tres,
2147 2494 2204 2536 ut
2241 2499 2340 2552 ego
2379 2487 2630 2548 arbitror,
2658 2486 2937 2556 imaginem
2980 2491 3140 2544 tutius
3167 2493 3512 2563 philosophia:

1974 2582 2171 2635 tenent,
2210 2590 2328 2642 quae
2350 2576 2486 2642 apud
2515 2592 2607 2631 eos
2641 2577 2692 2630 in
2719 2588 2824 2632 tres
2860 2589 3038 2647 partes
3073 2581 3351 2650 dividitur,
3381 2585 3513 2654 logi-

1973 2677 2108 2727 cam,
2135 2664 2433 2733 physicam,
2459 2665 2710 2730 ethicam,
2744 2666 2795 2718 id
2847 2676 2928 2721 est
2979 2671 3309 2736 rationalem,
3347 2682 3509 2726 natu—

1972 2751 2162 2815 ralem,
2185 2753 2464 2809 moralem.
2491 2754 2786 2809 Rationalis
2806 2765 2890 2809 est
2924 2757 3036 2822 illa,
3064 2775 3182 2827 qua:
3221 2762 3386 2815 Deum
3416 2779 3511 2831 pa-

1975 2849 2106 2894 trem
2148 2843 2384 2895 omnium
2423 2844 2731 2909 conﬁtetur,
2777 2857 2832 2898 ut
2859 2856 2944 2900 est
2976 2849 3306 2904 Abimelech.
3347 2850 3510 2905 Natu-

1975 2929 2102 2982 ralis
2128 2929 2213 2983 tlla
2236 2939 2338 2995 est,
2359 2947 2479 2999 qua:
2511 2932 2614 2986 ﬁxa
2638 2943 2740 2998 est,
2767 2945 2819 2989 et
2845 2946 2990 2990 tenet
3013 2938 3212 3005 omnia,
3254 2941 3396 2995 velut
3415 2957 3508 2995 na-

1977 3028 2108 3073 tura:
2151 3021 2315 3087 ipsius
2363 3023 2565 3077 viribus
2595 3025 2796 3090 nitens,
2831 3042 2989 3095 quam
3018 3029 3298 3095 proﬁtetur
3330 3031 3510 3086 Ocho-

1971 3112 2121 3174 zath,
2151 3113 2242 3179 qui
2289 3112 2483 3166 dicitur
2538 3123 2735 3168 tenens.
2792 3115 3002 3172 Moralis
3038 3131 3139 3185 est,
3183 3137 3306 3189 qua:
3331 3125 3382 3177 in
3409 3139 3510 3178 ore

1972 3208 2050 3253 est
2085 3202 2346 3264 onmium,
2383 3211 2437 3254 et
2466 3203 2530 3255 ad
2573 3218 2759 3258 omnes
2787 3209 3036 3274 pertinet,
3066 3218 3120 3264 et
3143 3226 3240 3278 pro
3269 3227 3507 3268 comma.

1971 3288 2020 3340 ni
2046 3288 2390 3342 siu'tilitudine
2413 3298 2890 3362 praeeeptornm,in
2914 3300 3148 3352 omnium
3186 3317 3280 3356 ore
3315 3318 3500 3359 versa-

1970 3384 2076 3439 tur,
2109 3391 2267 3444 quam
2306 3378 2554 3446 designat
2599 3382 2696 3435 iste
2747 3383 2953 3448 Phicol,
3005 3387 3096 3454 qui
3153 3405 3210 3441 os
3277 3393 3507 3444 omnium

1971 3463 2373 3532 interpretatur.
2419 3467 2479 3520 lli
2509 3484 2637 3538 ergo
2677 3485 2863 3526 omnes
2893 3473 2945 3526 in
2989 3475 3350 3543 hujuscemodi
3380 3495 3504 3534 eru-

1970 3552 2256 3608 ditionibus
2293 3556 2541 3622 instituti,
2575 3560 2792 3613 veniunt
2833 3564 2898 3615 ad
2940 3563 3113 3633 legem
3152 3567 3267 3634 Dei,
3323 3572 3388 3636 "et
3425 3571 3506 3622 di-

1970 3655 2146 3700 cunt:
2192 3645 2429 3701 Videntes
2477 3651 2696 3702 vidimus
2735 3654 2859 3720 quia
2908 3665 2979 3706 est
3027 3654 3281 3712 Dominus
3312 3669 3506 3726 tecum,

1968 3746 2018 3790 et
2051 3737 2467 3792 diximus:Fiat
2514 3743 2807 3808 conjuratio
2860 3745 2994 3797 inter
3042 3762 3134 3799 nos
3180 3759 3227 3800 et
3276 3750 3410 3803 inter
3428 3760 3505 3816 te,

1969 3835 2016 3877 et
2062 3827 2435 3879 constituamus
2481 3839 2647 3880 tecum
2691 3841 2922 3898 pactum,
2954 3850 3016 3886 ne
3041 3835 3209 3901 facias
3237 3838 3502 3892 nobiscum

1969 3913 2130 3977 mala,
2151 3915 2240 3967 sed
2261 3917 2689 3985 quemadmodum
2714 3935 2804 3971 nos
2836 3932 2884 3972 te
2910 3937 3017 3993 non
3037 3939 3215 3978 sumus
3236 3931 3507 3993 exsecrati,

1969 4003 2044 4056 ita
2083 4012 2130 4055 et
2155 4012 2237 4056 ,ιιι
2271 4005 2561 4058 benedictus
2605 4006 2843 4061 Domino.
2878 3992 3104 4064 Possunt
3149 4015 3363 4081 quidem
3419 3992 3510 4071 isti

1973 4099 2105 4156 tres,
2136 4093 2226 4160 qui
2272 4107 2457 4161 pacem
2494 4095 2778 4163 requirunt
2803 4114 2830 4150 a
2861 4097 3036 4153 Verbo
3077 4101 3192 4166 Dei,
3217 4112 3268 4156 et
3303 4119 3509 4172 praeve-

1972 4182 2089 4234 nire
2117 4183 2337 4252 cupiunt
2365 4194 2523 4252 pacto
2558 4186 2870 4241 societatem
2913 4189 3052 4257 ejus,
3083 4191 3304 4258 ﬁguram
3331 4203 3512 4249 tenere

1976 4287 2275 4340 magorum,
2307 4274 2396 4341 qui
2429 4289 2494 4328 ex
2523 4275 2756 4332 Orientis
2796 4281 3035 4347 partibus
3064 4284 3282 4337 veniunt
3313 4285 3509 4339 eruditi

237 4369 608 4438 sapientium
685 4361 900 4424 saeculi,
931 4363 1024 4427 qui
1085 4375 1181 4426 per
1237 4358 1597 4410 eruditionem
1632 4357 1866 4424 philuso-
1899 4377 1942 4430 ι)
1972 4362 2211 4427 paternis
2265 4363 2440 4425 libris,
2472 4376 2526 4418 et
2559 4368 2980 4424 institutionibus
3025 4372 3309 4437 majorum,
3349 4386 3405 4429 et
3426 4377 3510 4428 di~

239 4461 389 4531 phiae
454 4457 655 4512 multa
704 4455 878 4507 etiam
918 4465 984 4503 ex
1017 4449 1248 4502 veritate
1298 4445 1860 4512 comprehenderunt;

237 4550 579 4616 intelligere
626 4541 876 4612 potestis
923 4539 1195 4607 quomodo
1249 4536 1338 4589 hic
1391 4550 1514 4588 eum
1573 4534 1863 4601 lsaac.qui

239 4637 411 4691 Verbi
455 4637 593 4698 Dei,
646 4631 806 4699 quod
846 4630 896 4681 in
941 4629 1058 4694 lege
1093 4635 1195 4687 est,
1225 4633 1368 4678 tenet
1417 4624 1665 4692 ﬁguram,
1697 4636 1867 4689 neque

236 4727 292 4777 in
316 4723 715 4779 dissensione
749 4729 971 4782 semper
1000 4721 1178 4780 potest
1212 4726 1348 4773 esse,
1380 4725 1553 4777 neque
1579 4724 1788 4777 semper
1813 4710 1864 4762 in

238 4829 398 4884 pace.
444 4805 848 4873 Philosophia
877 4803 1028 4856 enim
1079 4814 1250 4865 neque
1273 4801 1323 4852 in
1353 4801 1604 4852 omnibus
1633 4799 1735 4866 legi
1772 4800 1864 4853 Dei

240 4905 538 4958 contraria
597 4910 722 4960 est,
777 4908 963 4961 neque
1008 4893 1064 4943 in
1110 4892 1352 4944 onmibns
1407 4904 1666 4944 consona.
1714 4889 1867 4944 Multi

239 4993 385 5046 enim
419 4986 929 5061 philosophorum
966 4991 1138 5030 unum
1181 4990 1293 5030 esse
1337 4978 1527 5039 Deum,
1556 4978 1648 5042 qui
1676 4986 1866 5030 cuncta

318 5105 364 5135 ss
382 5102 537 5156 p53],
574 5112 682 5158 cx,
717 5093 776 5146 4.
866 5090 927 5158 '°_
947 5085 1153 5158 Cenes.
1177 5098 1318 5146 xxvt,
1340 5085 1428 5140 25.

237 5171 336 5236 Ἦ,
666 5152 737 5192 ’⁸³
762 5155 976 5212 Matth.
1008 5152 1154 5215 ",2.

317 5283 436 5348 (92)
477 5260 1166 5348 Μείςη-ονὶιιιιυςίέε-(ξξῌιξ,Δ
1190 5259 1877 5348 fodiatur,”lira-Ipsa“?

244 5329 451 5408 deuia-sl,
477 5329 815 5414 inquiunt,
874 5331 1166 5414 vidimus;
1205 5329 1335 5414 editil
1366 5345 1455 5396 pro
1488 5329 1755 5414 inquiunt,
1787 5331 1878 5382 Ita-

249 5396 614 5483 ἦξιξίξίηῇίί,
649 5417 713 5462 οι
742 5396 856 5474 pro
895 5396 1193 5448 nobiscum
1239 5396 1446 5460 malum,
1472 5396 1729 5450 exhibent.
1783 5415 1880 5449 no-

244 5489 443 5540 biscum
473 5483 633 5534 maia

321 5554 436 5620 (‘33)

1508 5085 1549 5115 ³¹
1577 5083 1732 5137 Prov.
1765 5101 1843 5148 ιιι,
1882 5088 1931 5141 Ξ.

500 5534 1294 5605 Oclrozatlr_“interpretatur
1349 5542 1528 5605 tenens,
1580 5533 1656 5586 vel
1699 5533 1878 5605 potius

248 5601 535 5688 ροξξὶἆίοί
571 5611 764 5666 Radix
808 5601 1132 5654 Hebraica
1165 5606 1240 5649 est
1266 5607 1364 5658 1m
1394 5601 1531 5667 cepit,
1572 5602 1878 5666 ρηλιεηαίι,

1984 4451 2214 4502 cunt":
2242 4452 2374 4516 Quia
2427 4455 2672 4512 videntes
2723 4462 2948 4514 vidimus
2993 4471 3175 4516 natum
3215 4478 3414 4534 regem,
3456 4475 3511 4520 et

1971 4540 2202 4593 vidimus
2233 4543 2355 4609 quia
2385 4545 2522 4599 Deus
2542 4557 2624 4600 est
2647 4563 2766 4601 cum
2789 4551 2923 4618 ipso,
2943 4562 3000 4603 et
3019 4554 3260 4608 venimus
3285 4555 3511 4609 adorare

1974 4639 2116 4678 eum.
2156 4626 2261 4682 Sed
2293 4639 2348 4683 et
2367 4632 2408 4684 si
2435 4633 2554 4698 quis
2585 4634 2674 4687 ille
2703 4646 2783 4689 est
2818 4637 2907 4704 qui
2943 4637 3302 4704 hujuscemodi
3332 4644 3512 4695 erudi-

1979 4713 2210 4769 tionibus
2234 4717 2524 4784 institutus,
2549 4723 2734 4776 videns
2756 4725 2882 4792 quia
2905 4726 3041 4778 Deus
3062 4727 3239 4779 eratin
3272 4727 3507 4789 Christo.

1975 4805 2226 4858 mundum
2247 4810 2592 4864 reconcilians
2618 4812 2736 4873 sibi,
2760 4823 2815 4866 et
2849 4814 3144 4868 admiratus
3159 4830 3378 4883 operum
3395 4819 3511 4882 ejus

1975 4893 2492 4961 ntajestatem,dicat
2520 4923 2530 4954 :
2573 4900 2808 4956 Videutes
2839 4904 3060 4957 vidimus
3083 4905 3206 4972 quia
3236 4915 3307 4957 est
3335 4905 3514 4958 Domi-

1976 5001 2071 5038 nus
2111 4995 2298 5048 tecum,
2339 4999 2384 5041 et
2420 4990 2692 5043 diximus:
2721 4991 2842 5044 Fiat
2890 4993 3184 5059 conjuratio
3233 4995 3367 5045 inter
3396 5011 3512 5049 nos.

2008 5090 2050 5122 ³²
2077 5093 2092 5144 l
2122 5093 2244 5146 Cor.
2269 5111 2350 5157 ιιι,
2378 5099 2461 5150 11.

2537 5098 2579 5128 ³³
2608 5100 2750 5153 Psal.
2783 5115 2904 5163 xcv,
2940 5100 2991 5152 3.
3069 5101 3113 5131 ³δ
3137 5099 3327 5152 Genes.
3356 5114 3512 5165 xxvi,

1985 5273 2172 5345 min“,
2195 5287 2350 5345 “illa
2382 5275 2439 5329 ﬁt
2466 5284 2608 5336 ΠἿΠΝ
2643 5277 2927 5345 possessio.
2949 5272 3159 5326 Constr.
3181 5279 3341 5327 n’ns.
3383 5267 3523 5321 Phi—

1985 5339 2065 5391 col
2107 5339 2331 5395 vertitur
2360 5361 2415 5398 os
2447 5339 2708 5410 omnium;
2733 5354 2814 5402 ΠΒ
2844 5342 2986 5394 enim
3023 5346 3396 5390 constructum
3435 5347 3528 5388 est

1990 5433 2052 5487 ’9
2084 5444 2159 5493 οε,
2198 5433 2322 5494 oris,
2371 5434 2454 5488 cui
2490 5433 2537 5489 si
2569 5433 2728 5487 addas
2772 5418 2838 5486 ἢ)
2887 5425 3070 5482 omnis,
3120 5435 3288 5480 omne,
3316 5433 3529 5484 omnes,

1981 5517 2172 5580 omnia,
2203 5517 2420 5576 habebis
2441 5506 2564 5582 5399
2596 5517 2772 5573 Phicol
2809 5529 2876 5565 os
2897 5507 3123 5561 omnium
