3922 6234
372 350 473 406 9.39

374 466 646 523 Accedens
675 462 782 534 (94)
806 458 945 514 enim
963 457 1028 511 ad
1052 454 1216 524 legem
1240 451 1331 505 Dei
1359 446 1664 504 necessario
1691 442 1907 497 dicit":
1941 451 1980 500 Α
2015 429 2202 489 fuscati
2235 450 2248 482 :
2279 429 2369 484 sed
2401 426 2460 534 in:
2504 417 2857 534 simplicitate
2885 418 2951 466 et

371 555 558 611 Juravi
579 562 625 606 et
658 550 815 605 statui
843 555 897 599 ut
920 541 1208 598 custodiam
1236 537 1486 604 mandata
1519 541 1630 585 tua.

443 643 495 696 4.
526 640 629 696 Sed
676 638 801 707 quid
852 630 1075 705 petunt?
1122 628 1202 682 Ne
1228 627 1394 695 facias
1439 622 1604 685 nobis,
1646 618 1907 686 inquiunt,

374 734 552 797 mala;
591 731 678 784 sed
716 730 850 782 sicut
874 742 964 779 nos
994 734 1045 778 te
1071 716 1318 777 exsecrati
1343 731 1444 769 non
1472 727 1668 773 sumus,
1692 711 1765 761 ita
1790 718 1834 760 et
1856 718 1909 758 tu

376 822 671 878 benedictus
712 816 955 872 Domino.
999 810 1384 866 Remissionem
1434 813 1770 872 peccatorum
1819 811 1912 863 per

380 919 491 968 haec
541 913 823 980 deposcere
868 907 996 961 mihi
1042 904 1312 961 videnlur,
1339 912 1407 952 ne
1456 892 1717 962 recipiam
1750 888 1909 941 mala.

379 978 810 1057 Benedictionem
844 996 1138 1077 postulant,
1168 1005 1271 1045 non
1304 986 1723 1042 retributionem.
1757 978 1913 1031 Deni-

379 1101 482 1157 que
512 1086 632 1139 vide
650 1083 776 1152 quid
808 1068 1069 1149 sequitur.
1097 1077 1165 1131 Et
1187 1076 1306 1145 fecit
1334 1073 1462 1137 illis,
1504 1069 1676 1137 inquit
1695 1068 1762 1130 ³⁷,
1788 1082 1914 1119 con-

380 1177 570 1231 uiuium
598 1188 841 1242 magnum
884 1168 1053 1235 Isaac,
1086 1177 1134 1221 et
1184 1164 1651 1222 manducaverunt,
1688 1168 1732 1212 et
1776 1156 1916 1209 bibe-

383 1274 523 1318 runt.
559 1263 773 1317 Certum
798 1269 876 1314 est
895 1257 1059 1320 enim,
1092 1255 1214 1323 quia
1245 1255 1335 1321 qui
1373 1251 1648 1305 ministrat
1674 1248 1916 1306 verbum,

384 1353 712 1421 sapientibus
763 1358 817 1403 et
853 1346 1228 1414 insipientibus
1257 1342 1465 1397 debitor
1492 1348 1590 1393 est.
1630 1337 1762 1402 Quia
1794 1349 1920 1401 ergo

370 1441 689 1499 convivium
750 1436 1080 1501 sapientibus
1139 1434 1390 1498 exhibet,
1448 1430 1649 1484 idcirco
1704 1426 1915 1487 dicitur,

381 1531 513 1601 quia
555 1543 661 1583 non
722 1539 986 1597 parvum,
1047 1523 1137 1576 sed
1195 1534 1443 1590 magnum
1491 1516 1793 1571 convivium
1846 1512 1923 1566 fe-

388 1621 481 1674 cit.
508 1619 573 1672 Et
606 1628 682 1680 tu,
721 1614 764 1669 si
806 1629 911 1668 non
954 1611 1031 1666 sis
1076 1610 1250 1664 adhuc
1292 1606 1543 1677 parvulus
1564 1614 1617 1659 et
1644 1604 1784 1657 lacte
1818 1617 1921 1655 non

389 1708 649 1776 indigeas,
681 1703 772 1758 sed
817 1700 1138 1756 exercitatos
1171 1696 1378 1750 deferas
1407 1709 1619 1755 sensus,
1647 1703 1701 1745 et
1742 1689 1923 1745 erudi-

394 1750 537 1850 tion;
587 1792 813 1863 plurima
862 1788 1165 1858 prmmissa,
1202 1784 1268 1838 ad
1322 1780 1729 1851 intelligentiam
1773 1775 1923 1831 verbi
1956 1750 1997 1802 Β

382 1885 487 1938 ‘Dei
534 1881 777 1952 capacior
821 1878 1024 1942 venias,
1073 1875 1130 1928 lit
1160 1874 1321 1927 etiam
1358 1872 1451 1927 tibi
1483 1870 1785 1925 convivium
1815 1882 1929 1921 ma-

392 1971 708 2045 gnum.Non
741 1969 834 2025 tibi
869 1968 1012 2023 olera
1038 1964 1403 2035 languidorum
1428 1960 1706 2030 parabitur
1752 1959 1924 2018 cibus,

393 2079 496 2120 nec
544 2063 686 2118 lacte
726 2058 1009 2121 nutrieris,
1039 2069 1146 2124 quo
1162 2052 1370 2124 parvuli
1396 2050 1703 2105 nutriuntur
1731 2048 1824 2102 sed
1856 2048 1931 2100 la-

394 2152 501 2206 ciet
542 2148 637 2204 tibi
679 2146 922 2201 minister
964 2142 1110 2197 verbi
1164 2139 1464 2195 convivium
1511 2150 1783 2204 magnum.
1832 2134 1936 2187 Lo-

395 2251 590 2312 quetur
625 2239 721 2293 tibi
754 2234 1093 2305 sapientiam,
1122 2245 1241 2299 qua:
1276 2232 1412 2282 inter
1437 2225 1706 2295 perfectos
1727 2224 1935 2293 profer-

397 2337 504 2391 tur,
547 2322 864 2394 sapieutiam
898 2319 990 2373 Dei
1023 2319 1077 2371 in
1123 2316 1379 2387 mysterio
1413 2313 1782 2368 absconditam
1808 2326 1935 2379 pro-

397 2416 534 2468 feret
561 2412 856 2479 tibi,quam
893 2422 1050 2463 nemo
1080 2406 1380 2474 principum
1413 2402 1569 2471 hujus
1608 2401 1787 2456 saeculi
1845 2415 1938 2455 co-

398 2504 603 2575 gnovit.
628 2500 909 2557 Revelabit
933 2497 1023 2551 tibi
1039 2495 1308 2550 Christum
1333 2491 1621 2547 secundum
1649 2490 1771 2555 hoc,
1799 2490 1938 2558 quod

400 2597 456 2649 in
481 2606 547 2648 eo
573 2605 759 2646 omnes
793 2587 1027 2643 thesauri
1062 2586 1335 2654 sapientia:
1364 2592 1417 2637 et
1443 2581 1685 2637 scientia:
1714 2580 1939 2633 abscon-

404 2685 499 2738 diti
525 2691 670 2737 sunt.
718 2680 902 2734 Faciet
950 2692 1078 2745 ergo
1111 2676 1204 2729 tibi
1256 2675 1556 2729 convivium
1588 2685 1858 2740 magnum,
1889 2678 1943 2722 et

405 2777 522 2843 ipse
550 2782 727 2827 tecum
763 2769 1086 2839 epulabitur,
1120 2768 1162 2821 si
1191 2775 1240 2819 te
1275 2779 1379 2817 non
1416 2762 1653 2818 inveniat
1686 2760 1863 2824 talem,
1886 2769 1943 2811 ut

408 2866 550 2920 dicat
566 2863 681 2926 tibi,
697 2861 818 2929 quia
838 2876 937 2913 non
958 2860 1103 2927 potui
1125 2858 1266 2910 vobis
1288 2855 1427 2924 loqui
1439 2853 1588 2922 quasi
1603 2850 1941 2917 spiritalibus,

410 2956 499 3009 sed
521 2953 672 3022 quasi
696 2950 1030 3010 carnalibus;
1055 2956 1298 3014 tanquam
1317 2942 1542 3013 parvulis
1564 2943 1616 2993 in
1647 2937 1849 2993 Christo
1866 2939 1945 2991 lac

3644 272 3762 325 ξω

2994 404 3308 477 puritate
3343 391 3588 452 cordis
3634 403 3765 441 am-

2010 525 2303 595 plectamur
2335 515 2576 571 verbum,
2605 519 2659 561 et
2688 504 2904 560 divinae
2928 492 3292 564 sapientia:
3334 482 3766 595 famulemt‘rr,

2010 566 2097 679 qui
2132 619 2216 664 e-t
2242 606 2487 662 Christus
2512 599 2668 653 Jesus
2701 591 2993 648 Dominus
3023 588 3300 642 noster,
3343 572 3459 629 cui
3500 578 3604 625 est
3636 566 3767 638 glo-

2011 668 2089 756 ria
2121 708 2173 755 et
2204 692 2482 762 imperium
2508 689 2562 742 in
2592 682 2788 739 saecula
2825 676 3257 734 saeculorum.
3298 668 3558 719 Amen.

2577 770 2864 829 IlOMlLlA
2902 763 3045 821 XV.

2019 876 2089 930 De
2113 893 2170 929 eo
2210 875 2346 942 quod
2377 871 2627 936 scriptum
2671 873 2744 916 est
2767 861 2849 940 ᾖν
2881 873 2901 910 :
2949 873 2973 906 ι
3048 850 3178 942 Ern
3193 844 3770 942 Lascenderunt'es

2377 911 2740 992 ve‘tuii'enerunt
2762 930 2819 980 in
2853 937 3083 1006 terram
3125 918 3508 1012 cantilena",
3548 914 3630 964 ml
3663 911 3770 992 Ja-

2083 983 2683 1079 23b’§2'¢?én{'su'iini)ei
2710 996 3126 1050 nuntiaverunt
3170 989 3237 1038 ei
3272 988 3603 1042 dicentes,
3629 983 3768 1049 quia

2439 1073 2453 1079 ·
2692 1070 2703 1079 ο
2742 1069 2770 1079 ’ν
2873 1071 2885 1079 -
2958 1062 3083 1079 5.---
3149 1056 3596 1079 -..ξ---;...,.ι..-..
3652 1050 3768 1079 ...ηει

2084 1050 2797 1149 ἱξξέἦίιῷἱυὶι,
2836 1071 2886 1114 et
2954 1062 3083 1125 ipse
3121 1056 3600 1125 principatum
3649 1050 3773 1115 agit

2087 1138 2246 1202 totius
2269 1156 2419 1197 terrae
2442 1138 2682 1209 ngypti.
2718 1154 2738 1187 ι

2088 1245 2140 1298 1.
2171 1236 2578 1296 Observandum
2611 1237 2692 1284 est
2719 1227 2881 1282 nobis
2906 1224 3311 1291 Scripturas
3370 1222 3652 1268 sanctas
3682 1210 3767 1263 le-

2019 1332 2304 1402 gentibus,
2366 1323 2633 1393 quomodo
2693 1320 2743 1371 in
2808 1314 3068 1383 singulis
3132 1308 3555 1379 quibusque
3620 1301 3771 1355 locis

2021 1394 2310 1479 ascendere
2339 1425 2568 1487 ponatur
2599 1409 2710 1480 (95)
2737 1417 2791 1462 et
2825 1405 3248 1463 descendere.
3301 1400 3380 1454 Si
3412 1399 3599 1453 enim
3635 1394 3774 1449 dili-

2022 1512 2228 1580 gentius
2256 1506 2681 1563 consideremus,
2737 1488 3123 1565 inveniemus
3182 1490 3359 1560 quia
3428 1498 3766 1555 nunquam

2022 1577 2133 1654 iere
2164 1599 2219 1653 in
2262 1603 2506 1651 sanctum
2556 1589 2681 1658 quis
2716 1585 2902 1640 locum
2976 1582 3237 1636 dicitur
3311 1577 3770 1637 descendisse,

2024 1704 2195 1758 neque
2225 1688 2288 1740 ad
2342 1678 2755 1751 vituperabilem
2787 1672 3246 1737 conscendisse
3331 1676 3768 1723 memoratur.

2027 1756 2155 1844 Qua:
2182 1766 2587 1830 observationes
2632 1763 2945 1821 ostendunt
3005 1756 3770 1830 Scripturam'divinam

2032 1883 2157 1931 non,
2186 1864 2521 1934 ut-plurimis
2570 1860 2811 1922 videtur,
2864 1853 3195 1909 inerudito
3255 1858 3333 1904 et
3366 1846 3617 1916 agresti
3648 1860 3772 1898 ser-

2031 1972 2189 2014 mone
2237 1951 2608 2021 compositam,
2658 1945 2757 2001 sed
2810 1942 3155 2000 secundum
3204 1939 3651 2008 disciplinam
3686 1936 3775 1989 di-

2030 2051 2167 2103 vinae
2195 2043 2512 2101 eruditionis
2562 2045 2833 2109 aptatam,
2874 2049 3079 2103 neque
3112 2042 3393 2086 tantum
3450 2028 3776 2084 historicis

2035 2134 2454 2195 narrationibus,
2483 2138 2749 2199 quantum
2794 2128 2977 2182 rebus
3014 2133 3082 2180 et
3109 2124 3451 2179 sensibus
3495 2120 3773 2191 mysticis

2035 2226 2376 2282 servientem.
2402 2220 2648 2274 Invenies
2678 2232 2813 2285 ergo
2847 2215 3150 2284 scriptum
3187 2227 3315 2268 eos
3347 2211 3528 2282 (96),
3557 2210 3667 2275 qui
3701 2222 3772 2259 es

2037 2314 2241 2371 semine
2270 2309 2542 2364 Abraham
2598 2313 2929 2368 nascuntur,
2994 2301 3445 2357 descendisse
3482 2301 3546 2354 in
3582 2298 3769 2369 Egy-

2037 2416 2211 2475 ptum,
2243 2409 2299 2456 et
2337 2395 2721 2453 rursum'ﬁlios
2759 2392 2935 2448 Israel
3001 2392 3408 2447 ascendisse
3441 2393 3527 2446 de
3579 2388 3769 2458 Egy-
3820 2414 3823 2415 ν

2038 2504 2147 2563 pto.
2205 2491 2444 2558 Denique
2490 2497 2542 2542 et
2584 2486 2651 2540 de
2682 2486 2803 2554 ipso
2860 2483 3183 2537 Abraham
3237 2483 3346 2538 sic
3386 2482 3636 2537 dicitur
3673 2481 3723 2513 δ’
3749 2495 3768 2534 :

2039 2582 2283 2636 Ascendit
2322 2588 2494 2632 autem
2518 2575 2787 2630 Abraham
2816 2573 2883 2626 de
2914 2571 3229 2642 Egypto,
3291 2574 3441 2642 ipse
3498 2582 3561 2627 et
3631 2587 3776 2625 uxor

2041 2676 2174 2745 ejus,
2194 2679 2243 2724 et
2269 2669 2441 2723 omnia
2467 2682 2581 2736 qum
2609 2665 2725 2732 ejus
2750 2671 2935 2725 erant,
2974 2675 3031 2715 et
3096 2661 3270 2716 Loth
3342 2680 3497 2717 cum
3554 2665 3687 2726 ipso
3720 2666 3775 2717 in

2041 2768 2322 2819 desertum.
2380 2758 2516 2812 Tum
2569 2754 2765 2809 deinde
2790 2762 2849 2807 et
2896 2752 2973 2806 de
3005 2752 3190 2807 Isaac
3229 2755 3493 2809 dicitur
3526 2755 3609 2819 “,
3643 2757 3777 2823 quia

2043 2851 2280 2922 apparuit
2308 2848 2355 2903 ei
2382 2845 2660 2907 Dominus,
2686 2850 2737 2896 et
2764 2842 2903 2895 dixit
2928 2843 2981 2895 ei
3038 2857 3062 2896 :
3125 2842 3232 2897 Ne
3295 2847 3657 2899 descendas
3721 2845 3778 2896 in

2044 2940 2350 3008 Egyptum.
2388 2934 2574 2988 Sedet
2601 2929 2921 2992 lsmaelitae,
2972 2944 3081 2998 qut
3122 2934 3501 2999 portabant
3558 2934 3781 3002 θυμιά-

410 3042 553 3096 vobis
591 3046 766 3109 potum
792 3037 931 3099 dedi,
960 3050 1060 3088 non
1090 3032 1336 3086 escam".
1371 3029 1663 3085 Corinthiis
1684 3031 1946 3095 hocdicit,
1976 3061 2021 3122 ς
2054 3045 2215 3101 ματα,
2259 3033 2316 3080 et
2341 3024 2600 3087 resinam,
2652 3029 2708 3075 et
2774 3026 3023 3088 guttam,
3107 3030 3175 3076 et
3215 3022 3351 3091 ipsi
3391 3039 3479 3078 ex
3546 3024 3781 3078 semine

414 3129 608 3199 quibus
624 3135 679 3181 et
698 3126 846 3180 addit
871 3142 884 3178 :
904 3124 1032 3178 Cum
1057 3124 1193 3175 enim
1220 3123 1319 3174 sint
1346 3121 1480 3174 inter
1499 3138 1584 3176 vos
1604 3123 1950 3177 contentiones

417 3231 462 3273 et
486 3217 851 3278 dissensiones,
884 3228 1051 3268 nonne
1073 3210 1309 3265 carnales
1348 3212 1468 3264 estis
1493 3222 1539 3264 et
1560 3212 1837 3265 secundum
1855 3212 1951 3265 Ιιοο

416 3307 602 3361 minem
628 3300 1076 3356 ambulatisﬂstis
1098 3312 1201 3352 non
1219 3296 1347 3352 fecit
1383 3313 1631 3366 magnum
1653 3298 1952 3353 convivium

417 3394 635 3459 Paulus,
657 3394 707 3447 in
734 3400 961 3455 tantum,
990 3399 1049 3442 ut
1082 3403 1201 3442 cum
1231 3397 1372 3442 esset
1395 3388 1532 3456 apud
1549 3403 1657 3450 eos,
1684 3399 1737 3442 et
1755 3396 1953 3457 egeret,

421 3485 549 3541 nulli
594 3484 747 3538 oneri
784 3489 947 3545 esset,
965 3493 1064 3533 nec
1093 3491 1284 3547 panem
1307 3478 1474 3548 gratis
1507 3479 1575 3532 ab
1603 3478 1780 3546 aliquo
1803 3493 1956 3531 man-

421 3577 676 3639 ducaree;
708 3572 798 3626 sed
822 3570 923 3624 sibi
954 3568 1064 3638 99
1088 3577 1141 3622 et
1166 3568 1412 3623 omnibus
1447 3566 1535 3636 qui
1576 3582 1758 3622 secum
1783 3577 1959 3635 erant,

425 3672 580 3718 nocte
611 3671 669 3716 et
701 3659 785 3713 die
833 3657 1136 3712 laborantes
1178 3668 1367 3709 manus
1421 3669 1532 3709 suas
1576 3653 1957 3710 ministrarent.

428 3755 557 3809 Tam
587 3768 715 3823 ergo
743 3751 900 3818 longe
929 3749 1153 3804 aberant
1184 3746 1464 3810 Corinthii,
1492 3744 1684 3814 quibus
1712 3759 1959 3813 magnum

425 3845 723 3900 convivium
742 3842 910 3908 lleret,
929 3850 984 3893 ut
1003 3854 1069 3894 ne
1085 3837 1356 3892 minimum
1370 3838 1600 3904 quidem,
1618 3835 1700 3887 vel
1716 3835 1961 3903 exiguum

429 3936 564 4003 apud
581 3948 673 3988 eos
695 3932 1008 3999 praedicator
1023 3928 1168 3983 verbi
1188 3927 1279 3981 Dei
1302 3927 1535 3996 potuerit
1558 3926 1755 3980 habere
1780 3926 1961 3978 convi-

430 4026 596 4079 vium.
624 4020 720 4087 Qui
747 4033 874 4073 vero
898 4019 1072 4072 sciunt
1101 4018 1292 4070 audire
1319 4016 1629 4083 perfectius,
1657 4019 1959 4084 qui‘erudi-

434 4124 518 4167 tos
540 4121 594 4166 et
621 4110 942 4165 exercitatos
975 4108 1039 4159 ad
1072 4106 1394 4160 audiendum
1428 4107 1648 4159 verbum
1686 4107 1775 4160 Del
1818 4108 1965 4162 dele-

435 4212 560 4256 runt
589 4211 795 4258 sensus,
825 4196 940 4249 istis
964 4195 1022 4246 [ιι
1052 4208 1298 4262 magnum
1333 4194 1667 4255 convivium;
1701 4209 1820 4247 cum
1851 4196 1966 4250 istis

434 4290 676 4359 epulatur
700 4286 869 4350 Isaac,
897 4297 951 4338 et
976 4301 1079 4339 non
1110 4287 1279 4340 solum
1316 4286 1579 4354 epulatur,
1629 4288 1722 4341 sed
1752 4298 1805 4342 et
1840 4305 1964 4344 sur-

2056 3119 2323 3176 Abraham
2354 3122 2526 3176 erant,
2586 3113 2639 3165 in
2671 3111 2977 3180 IEgyptum
3038 3112 3466 3170 descendere
3504 3120 3782 3172 referun-

2059 3219 2163 3272 tur,
2192 3219 2315 3260 cum
2338 3204 2533 3271 quibus
2561 3200 2763 3269 Ioseph
2794 3200 3196 3256 descendisse
3233 3204 3301 3258 in
3345 3206 3663 3276 Egytum
3696 3209 3784 3261 di-

2058 3297 2198 3351 citur
2219 3295 2284 3346 δ’.
2319 3291 2423 3348 Sed
2455 3300 2510 3345 et
2560 3298 2682 3359 post
2709 3290 2827 3344 haec
2858 3303 2874 3340 :
2920 3288 3176 3357 Videas,
3211 3295 3441 3365 inquit
3470 3297 3555 3362 “,
3595 3299 3784 3352 Jacob

2059 3390 2177 3457 quia
2206 3396 2281 3439 est
2320 3383 2683 3438 commercium
2712 3381 2973 3449 frumenti
3011 3383 3076 3435 in
3108 3382 3441 3456 Εῃυριο,
3512 3391 3671 3444 dixit
3708 3393 3784 3445 ad

2061 3478 2197 3545 ﬁlios
2221 3491 2341 3528 suos
2373 3490 2391 3526 :
2426 3471 2627 3540 thuid
2687 3472 2898 3525 desides
2925 3474 3115 3529 estis?
3180 3477 3362 3534 Ecce
3410 3484 3612 3538 audio
3648 3487 3787 3554 quia

2063 3577 2133 3621 est
2166 3565 2479 3632 frumentum
2514 3564 2568 3614 in
2596 3559 2854 3630 Egypto,
2884 3563 3234 3619 descendite
3266 3569 3463 3638 illuc,
3528 3583 3589 3625 et
3617 3561 3788 3627 emite

2068 3656 2209 3710 nobis
2231 3669 2393 3717 escas,
2423 3661 2477 3703 ut
2503 3652 2758 3711 vivamus,
2811 3657 2863 3702 et
2912 3667 3025 3703 non
3056 3657 3459 3713 moriamur.
3493 3661 3577 3716 Et
3612 3662 3789 3731 paulo

2068 3756 2183 3817 post
2210 3764 2226 3800 :
2251 3742 2661 3827 Descenderunt,
2696 3740 2898 3807 inquit,
2923 3740 3141 3809 fratres
3182 3745 3449 3819 Ioseph
3482 3753 3555 3806 in
3588 3752 3789 3822 ,Ἐθα-

2066 3847 2208 3905 ptum
2248 3847 2548 3900 comparare
2593 3830 2960 3891 frumentum._
3003 3831 3175 3888 Sane
3241 3853 3411 3893 cum
3488 3844 3789 3897 detentus

2068 3928 2254 3981 fuisset
2308 3924 2525 3977 Simeon
2575 3923 2626 3975 in
2671 3920 2936 3990 .lEgypto,
2967 3930 3031 3976 et
3078 3939 3330 3982 novem
3374 3932 3627 3989 fratres
3664 3934 3797 4002 eius

2068 4015 2271 4068 dimissi
2301 4018 2700 4066 reverterentur
2727 4012 2795 4063 ad
2824 4019 3075 4076 patrem,
3141 4029 3273 4070 ηοη
3333 4031 3451 4077 εει
3486 4025 3796 4094 επίρωηι

2070 4105 2193 4174 quia
2218 4103 2574 4156 ascenderunt
2599 4114 2670 4154 ex
2705 4098 2974 4168 Egypto,
3039 4101 3149 4155 sed
3200 4106 3661 4178 imponentes,
3710 4114 3802 4166 iu-

2072 4194 2186 4263 quit
2213 4193 2282 4256 “,
2310 4192 2624 4261 frumentum
2646 4207 2804 4257 super
2832 4191 3022 4246 asinos
3053 4210 3201 4247 suos
3267 4202 3623 4261 abierunt.
3682 4206 3804 4262 Ne-

2072 4300 2173 4353 que
2199 4284 2340 4338 enim
2370 4280 2525 4350 digne
2548 4279 2865 4334 dicerentur
2893 4285 3234 4338 ascendere
3262 4327 3281 4351 ,
3351 4309 3650 4361 quorum
3690 4297 3804 4349 rm-

436 4393 567 4449 gens
592 4392 712 4430 cum
733 4374 1040 4442 iuramento
1067 4376 1146 4430 eis
1174 4390 1358 4444 pacem
1386 4377 1449 4429 de
1473 4376 1664 4431 futuris
1689 4381 1966 4445 promittit.
2006 4383 2045 4435 D
2077 4385 2154 4428 ter
2177 4374 2386 4425 vinctus
2418 4371 2698 4424 tenebatur
2731 4369 2782 4420 in
2827 4368 3107 4437 Egypto,
3179 4389 3341 4431 eum
3393 4396 3535 4450 quo
3594 4394 3657 4439 et
3690 4385 3805 4453 ipsi

436 4471 664 4526 Oremus
693 4480 819 4534 ergo
842 4474 897 4518 et
921 4481 1018 4520 nos
1065 4466 1156 4518 tali
1218 4476 1415 4531 mente,
1453 4467 1542 4520 tali
1589 4467 1690 4521 Iide
1720 4470 1974 4523 accedere

440 4563 510 4616 ad
543 4558 859 4613 audiendum
896 4557 1115 4609 verbum
1142 4555 1257 4621 Dei,
1309 4565 1366 4609 ut
1392 4555 1569 4610 facere
1608 4559 1763 4612 nobis
1791 4559 1976 4626 digne-

445 4662 532 4704 tur
557 4645 857 4702 convivium
892 4658 1159 4710 maguum.
1214 4641 1486 4708 Sapientia
1536 4644 1676 4696 enim
1714 4643 1976 4712 jugulavit

440 4736 641 4792 hostias
670 4749 814 4796 suas,
839 4731 1044 4783 miscuit
1071 4734 1127 4782 in
1155 4740 1351 4783 cratere
1375 4733 1545 4783 vinum
1595 4747 1769 4796 suum,
1800 4744 1847 4785 et
1878 4735 1979 4786 nti-

442 4828 508 4881 sit
533 4838 702 4879 servos
730 4836 849 4875 suos
880 4819 944 4885 ",
992 4817 1082 4887 qui
1110 4830 1295 4871 omnes
1340 4824 1600 4885 quotquot
1654 4820 1976 4884 invenerint,

445 4916 740 4985 perducant
763 4911 829 4964 ad
853 4907 1152 4964 convivium
1205 4921 1380 4961 suum.
1411 4905 1637 4959 Tantum
1689 4917 1790 4973 est,
1837 4920 1894 4963 ut
1923 4921 1976 4966 et

448 5020 544 5060 uos
574 5002 796 5073 ingressi
824 4999 1123 5055 convivium
1170 4997 1454 5064 Sapientiae
1496 5013 1602 5051 non
1649 5015 1857 5055 rursum
1884 5017 1980 5056 no-

449 5096 652 5150 biscum
678 5087 1325 5156 indumentainsipientim
1355 5086 1677 5152 deferamus,
1729 5105 1831 5145 non
1858 5091 1978 5146 inli-

448 5185 682 5241 delitatis
705 5189 851 5239 veste
871 5177 1206 5240 circumdati,
1257 5190 1361 5230 non
1385 5189 1726 5244 peccatorum
1759 5183 1981 5237 maculis

2075 4469 2248 4514 mente
2276 4468 2331 4511 et
2363 4456 2544 4509 animo
2574 4456 2820 4531 solliciti,
2857 4458 3017 4510 velut
3048 4462 3477 4527 quibusdam
3513 4474 3805 4527 charita-

2080 4552 2148 4604 tis
2176 4546 2402 4602 vinculis
2427 4546 2818 4599 cruciabantur
2875 4546 3131 4603 astricti.
3201 4552 3384 4611 Cum
3430 4572 3658 4616 autem
3715 4578 3816 4619 rec

2077 4647 2228 4709 cepto
2263 4639 2426 4690 fratre
2450 4646 2503 4689 et
2538 4636 2719 4703 agnito
2742 4633 2966 4702 Joseph,
3000 4639 3109 4691 sed
3140 4651 3207 4694 et
3238 4642 3619 4718 Benjami"
3653 4670 3811 4709 σου.

2080 4731 2147 4784 lis
2168 4728 2283 4796 ejus
2313 4726 2513 4788 oblato,
2546 4739 2666 4779 cum
2701 4723 2887 4776 laatitia
2918 4738 3372 4805 revertuntur,
3428 4750 3594 4797 tunc
3658 4747 3815 4798 dici-

2087 4831 2172 4873 ιυισ
2203 4818 2247 4849 ⁸⁸
2280 4816 2413 4897 ψιὶᾳ
2442 4814 2785 4867 ascenderunt
2841 4828 2906 4866 ea:
2948 4813 3203 4884 Egypto,
3255 4835 3321 4877 et
3402 4845 3716 4888 uenerunt
3752 4835 3816 4888 in

2085 4930 2274 4973 terram
2297 4915 2545 4969 Chanaan
2569 4916 2637 4966 ad
2665 4911 2831 4965 Iacob
2856 4921 3068 4980 patrem
3096 4933 3313 4976 suum.
3350 4926 3558 4986 Tunc
3587 4935 3814 4996 etiam.

2083 5006 2298 5108 quando
2321 5003 2595 5104 dicuntad
2624 5013 2833 5107 patrem
2857 5002 2928 5066 “,
2970 5005 3113 5104 quia
3147 5008 3401 5083 Ioseph
3442 5022 3629 5088 fui.“
3674 5036 3815 5079 mu,

2085 5096 2298 5196 viuitlft
2340 5095 2451 5196 ipse
2493 5093 2844 5194 principatum
2914 5093 3029 5196 figit
3085 5100 3279 5155 totius
3346 5115 3558 5165 terra:
3612 5114 3811 5185 Egy-

2084 5182 2312 5253 p(i(97).
2340 5179 2659 5233 Necessario
2708 5184 2851 5236 enim
2885 5180 2953 5235 ab
3008 5181 3247 5243 inlimis
3288 5206 3367 5249 et
3444 5179 3815 5261 humilibus

444 5270 461 5355 λ
476 5344 496 5355 _
518 5276 563 5355 ξξ
584 5274 725 5329 Psal.
747 5283 935 5355 cxvtu,
1142 5264 1184 5297 ³⁷
1206 5264 1398 5320 Cenes.
1419 5262 1588 5355 gravis.
1612 5266 1700 5353 ξο.
1775 5270 1818 5301 ³⁸
1839 5271 1855 5323 Ι
1879 5272 1946 5325 Co

2041 5290 2127 5355 tu:
2151 5272 2200 5331 ¹ο
2224 5270 2374 5355 3'},-
2518 5269 2691 5355 Γνονι
2722 5289 2798 5355 ’ξι
2819 5270 2873 5355 ἓν
2896 5270 2953 5355 δε
3034 5271 3112 5355 ³ἶῖ
3139 5275 3306 5355 qu-
3350 5301 3521 5355 ην,
3551 5294 3666 5354 25.
3707 5294 3813 5350 εδ.

450 5344 497 5378 ⁸³
525 5343 661 5399 Gen.
686 5358 806 5402 XIII,
830 5341 882 5394 i.

451 5427 564 5467 nes.
605 5428 725 5476 xcv,
749 5409 838 5464 25.

526 5502 635 5565 (ω)
662 5500 827 5565 Alias,
860 5496 1162 5555 ascendens,
1184 5491 1282 5565 sed
1301 5504 1469 5562 .mss.,
1505 5492 1771 5555 accedens.

527 5560 637 5636 (95)
665 5560 823 5633 Mss,
851 5576 1106 5636 ponatur;
1132 5560 1260 5615 editi
1287 5560 1735 5636 commemoratur.

533 5625 642 5704 (96)
671 5637 761 5691 Sic
802 5625 968 5703 'm'ss"
1021 5625 1174 5698 alias,
1232 5630 1523 5682 servientem
1556 5628 1796 5679 invenies.
1839 5625 1980 5696 Ergo

923 5407 969 5439 "
996 5403 1149 5466 ibid.,
1173 5402 1263 5458 26.

955 5336 1004 5406 “7
1025 5334 1388 5406 Gene§._xxvi,
1419 5334 1471 5389 2.
1546 5336 1794 5394 "Cenes.
1829 5355 2033 5406 xxxvu,
2062 5344 2149 5394 28.
2222 5339 2266 5368 "
2288 5337 2480 5391 Cenes.
2513 5353 2644 5403 xui,
2673 5343 2721 5404 i,
2750 5343 2808 5406 ἰ,
2835 5341 2889 5405 5,
2918 5342 2971 5394 4.

3067 5341 3338 5419 δείδω..
3379 5341 3521 5414 se:
3560 5341 3816 5423 ’ἰδέᾳ

2084 5491 2330 5552 scriptum
2365 5497 2439 5539 est
2474 5507 2585 5545 eos.

2154 5556 2261 5625 (97)
2290 5555 2460 5617 Alias,
2504 5563 2678 5626 priuci

2087 5579 2269 5680 ῃοξίέιέ
2504 5579 2864 5636 ρηησιραιωη
2909 5579 3048 5625 tenet
3098 5582 3162 5627 et
3187 5580 3347 5663 agit.
3394 5583 3567 5644 MSS.
3629 5602 3705 5651 ut
3739 5595 3813 5655 in
