3922 6258
205 397 304 494 ﬁll

1480 424 1544 477 IN
1577 423 1867 478 GENESIM
1905 421 2180 478 IIOMILIA
2202 421 2316 476 XV.

3360 409 3464 464 αξξ

233 525 448 587 dicuntur
473 515 536 570 all
567 515 734 569 ardua
764 524 826 568 et
888 529 1177 585 excelsa
1213 538 1602 602 conscendere,
1634 540 1722 605 qui
1758 537 1846 591 Io-
1875 544 1918 596 Α
1947 537 2166 604 gratiam
2199 533 2536 588 merebantur
2559 528 2820 597 accipere,
2841 536 2892 582 et
2923 529 3178 582 dicentem
3203 527 3248 558 "
3275 542 3288 578 :
3339 525 3464 594 Spi-

253 611 543 683 θιβὶινῖνετθ
592 605 996 669 “““ὶῖ³ι¹ιι·θι
1043 623 1453 692 principatum
1485 627 1642 679 totius
1679 625 1842 694 ZEgy-t

265 707 324 780 pii
346 716 529 776 gerere.
558 699 680 752 Iliec
728 698 977 754 interim
1017 710 1102 759 ad
1168 727 1418 779 przesens
1468 715 1620 768 nobis
1663 730 1850 768 occur-

277 811 368 852 rere
400 796 461 846 de
486 789 791 843 ascensione
841 800 910 842 et
961 794 1376 855 descensione
1412 812 1694 870 potuerunt
1725 821 1738 856 :
1782 818 1847 858 ex

279 885 439 952 quibus
464 879 678 935 studiosi
716 877 934 944 quique
995 887 1358 943 occasiones
1380 890 1576 942 habere
1605 897 1847 956 possunt,

278 975 406 1038 plura
435 973 495 1024 de
546 969 844 1036 Scripturis
873 975 1127 1028 sanctis
1176 993 1279 1044 pro
1321 979 1618 1048 hujusmodi
1667 995 1847 1034 asser-

279 1063 403 1113 tione
429 1061 777 1126 probamenta
805 1057 1126 1128 colligere.

331 1151 386 1204 2.
413 1148 692 1202 Videamus
725 1164 864 1202 sane
924 1155 1227 1218 quomodo
1258 1157 1444 1210 audire
1476 1159 1760 1210 debeamus
1785 1158 1850 1211 de

269 1255 328 1291 eo
357 1239 495 1307 quod
526 1240 786 1304 scriptum
835 1249 950 1305 est,
977 1245 1122 1310 quia
1155 1244 1353 1311 Ioseph
1401 1246 1542 1312 ﬁlius
1570 1255 1687 1298 tuus
1709 1247 1844 1298 vivit.

270 1329 376 1395 Ego
409 1330 522 1380 haec
549 1342 653 1380 non
680 1331 1068 1384 communiter
1101 1333 1248 1387 dicta
1295 1335 1551 1404 suspicio.
1599 1336 1653 1390 Si
1687 1337 1846 1404 enim,

263 1417 421 1469 verbi
445 1431 912 1485 causa,ponamus
935 1421 1071 1488 quia
1099 1427 1362 1489 potuisset
1384 1425 1522 1478 vinci
1554 1439 1580 1476 a
1605 1425 1845 1492 libidine,

255 1518 312 1558 et
350 1515 640 1573 peccasset
661 1520 785 1559 cum
815 1521 995 1562 uxore
1023 1509 1233 1562 domini
1265 1511 1372 1575 sui,
1423 1527 1528 1565 non
1555 1521 1679 1580 puto
1708 1514 1848 1580 quod

251 1594 367 1646 hoc
397 1609 432 1646 a
463 1595 788 1662 patriarchis
814 1595 884 1648 de
916 1611 985 1650 eo
1019 1601 1324 1652 nuntiatum
1352 1600 1541 1654 fuisset
1565 1601 1700 1668 patri
1735 1602 1848 1668 ejus

247 1679 470 1742 Iacob,
511 1681 638 1746 quia
667 1680 810 1747 [ilius
833 1691 958 1736 tuus
982 1682 1183 1750 Ioseph
1209 1687 1348 1738 vivit.
1382 1685 1491 1740 Hoc
1523 1689 1660 1740 enim
1693 1688 1736 1740 si
1768 1687 1845 1741 fe-

249 1771 460 1831 cisset,
498 1771 620 1824 sine
648 1772 814 1825 dubio
847 1787 954 1825 non
982 1775 1193 1826 viveret
1216 1775 1348 1842 (98).
1373 1775 1558 1828 Anima
1583 1776 1715 1828 enim
1731 1792 1845 1845 qua:

1950 623 2101 674 ritum
2132 621 2285 672 nolite
2310 620 2652 686 exstinguere.
2682 615 2950 682 Tanquam
2981 628 3106 682 ergo
3135 613 3236 667 tale
3269 613 3466 681 aliquid

1949 726 2134 780 passus
2161 707 2517 768 fueritIacob,
2548 704 2700 773 quale
2722 704 2915 757 Paulus
2947 704 3194 771 pra-cepit
3225 703 3332 755 fieri
3361 717 3464 754 non

1947 799 2161 862 debere,
2210 806 2264 851 et
2309 794 2638 864 reparaverit
2663 807 2720 846 se
2749 806 2841 860 per
2873 806 2954 854 ea,
3005 805 3121 858 qua:
3149 791 3195 842 ei
3229 791 3467 840 nuntiata

1947 889 2160 941 fuerant
2185 886 2248 939 de
2276 885 2381 937 vita
2408 882 2620 950 Ioseph,
2683 883 2873 934 dicitur
2904 882 2967 932 dc
3000 894 3062 932 eo
3092 879 3137 910 3‘
3169 895 3182 930 :
3227 878 3294 929 Et
3327 893 3472 930 reac-

1948 975 2111 1027 ceudit
2133 974 2367 1040 spiritum
2390 988 2538 1024 suum
2558 969 2740 1033 Iacob,
2766 979 2812 1020 et
2832 966 2958 1018 dixit
2986 965 3149 1018 Israel
3177 980 3193 1016 :
3222 964 3475 1031 Magnum

1952 1063 2075 1114 mihi
2096 1069 2191 1125 est,
2207 1060 2433 1127 siadhuc
2453 1059 2589 1124 ﬁlius
2613 1072 2752 1110 meus
2773 1055 2958 1122 Ioseph
2983 1055 3119 1106 vivit.
3147 1051 3248 1106 Sed
3267 1052 3364 1105 hoc
3377 1051 3470 1104 ob-

1949 1151 2265 1204 servandum
2291 1158 2390 1212 est,
2414 1147 2537 1214 quia
2573 1145 2660 1213 qui
2696 1141 3262 1208 reaccenditspiritum
3296 1153 3469 1201 suum,

1947 1254 2065 1292 eum
2099 1238 2298 1292 scilicet
2324 1238 2413 1305 qui
2443 1249 2574 1304 pene
2627 1232 2901 1286 videbatur
2960 1234 3274 1290 exstinctus,
3303 1227 3472 1282 Iacob

1947 1327 2173 1390 dicitur;
2205 1325 2291 1378 ille
2320 1334 2494 1378 autem
2514 1323 2606 1391 qui
2635 1321 2800 1375 dicit:
2852 1319 3098 1387 Magnum
3134 1317 3260 1371 mihi
3286 1327 3381 1380 est,
3428 1316 3475 1368 si

1947 1417 2085 1484 ﬁlius
2110 1432 2250 1468 meus
2275 1414 2464 1482 Ioseph
2504 1415 2642 1476 vivit,
2673 1411 2818 1480 quasi
2868 1409 3166 1478 intelligens
3209 1416 3262 1462 et
3287 1408 3472 1462 videns

1948 1517 2190 1572 magnam
2215 1517 2333 1556 esse
2358 1502 2516 1554 vitam
2537 1516 2655 1568 quae
2675 1498 2830 1553 estin
2855 1497 3067 1564 Ioseph,
3092 1495 3348 1564 spiritalis
3371 1496 3475 1549 iste

1946 1606 2052 1645 non
2076 1592 2184 1659 jam
2211 1590 2397 1652 Iacob,
2447 1589 2540 1643 sed
2585 1587 2748 1643 Israel
2776 1586 3043 1648 scribitur,
3095 1593 3342 1652 tanquam
3381 1579 3474 1650 qui

1947 1692 2120 1735 mente
2166 1682 2342 1734 videat
2395 1694 2574 1732 veram
2622 1679 2805 1740 vitam,
2851 1691 2966 1744 quae
3014 1683 3095 1729 est
3143 1688 3301 1726 verus
3333 1673 3472 1725 Deus

1945 1769 2208 1826 Christus.
2236 1769 2346 1823 Non
2372 1769 2544 1821 solum
2573 1775 2748 1819 autem
2779 1765 2842 1818 de
2877 1766 2976 1818 hoc
3005 1771 3176 1816 motus
3201 1769 3301 1825 est,
3331 1759 3473 1828 quod

247 1870 477 1922 peccat,
508 1862 626 1927 ipsa
659 1861 924 1913 morietur
953 1861 1020 1912 “’.
1052 1861 1156 1914 Sed
1185 1871 1238 1914 et
1263 1862 1504 1914 Susanna
1537 1865 1722 1916 eadem
1743 1843 1846 1917 Vdo—
1874 1843 1918 1898 Β
1945 1860 2165 1923 audivit,
2187 1859 2312 1927 quia
2335 1859 2523 1926 Ioseph
2546 1857 2684 1924 ﬁlius
2709 1865 2826 1908 tuus
2849 1855 2964 1908 vivit
2990 1854 3067 1917 ”;
3101 1853 3192 1906 sed
3218 1851 3355 1904 etde
3381 1850 3472 1903 illo

249 1961 375 2012 cet,
407 1966 536 2003 cum
567 1951 704 2003 dicit
729 1951 822 2004 Ml:
861 1951 1134 2020 Angustias
1175 1953 1302 2005 mihi
1342 1962 1457 2006 sunt
1503 1955 1746 2021 undique.
1785 1953 1846 2008 Si

249 2038 409 2089 enim
445 2039 543 2090 hoc
571 2039 768 2105 fecero,
799 2040 851 2093 id
879 2049 964 2094 est
991 2041 1036 2094 si
1064 2055 1375 2108 peccavero,
1414 2057 1551 2094 mors
1581 2043 1706 2094 mihi
1734 2053 1843 2107 est;

246 2136 306 2177 et
333 2129 382 2179 si
416 2144 522 2179 non
551 2128 754 2194 fecero,
785 2145 890 2181 non
911 2130 1156 2197 effugiam
1200 2147 1383 2183 manus
1434 2140 1648 2184 vestras.
1684 2132 1844 2187 Vides

249 2229 396 2284 ergo
431 2226 488 2268 et
533 2217 714 2286 ipsam
771 2230 1004 2273 mortem
1033 2221 1085 2273 in
1129 2231 1346 2290 peccato
1369 2223 1627 2290 posuisse.
1664 2222 1766 2276 Sed
1793 2232 1846 2276 et

251 2301 326 2352 ad
361 2302 609 2369 primum
645 2305 932 2358 hominem
965 2321 995 2358 a
1027 2307 1138 2360 Deo
1167 2309 1372 2374 prolata
1423 2311 1712 2374 sententia,
1754 2325 1845 2364 ea-

252 2391 385 2442 dem
415 2393 694 2458 continet,
724 2408 851 2447 cum
878 2395 1008 2449 dicit
1032 2395 1077 2427 δ’
1107 2412 1121 2447 :
1149 2395 1262 2459 Qua
1288 2397 1369 2448 die
1412 2399 1843 2462 manducaveritis

255 2493 328 2529 ex
352 2493 441 2543 eo,
475 2487 652 2531 morte
681 2480 1007 2532 moriemini.
1039 2480 1230 2534 Statim
1259 2494 1485 2547 namque
1512 2491 1569 2533 ut
1595 2483 1846 2549 prmvari-

255 2577 422 2620 catus
460 2577 546 2622 est
573 2569 926 2635 mandatum,
959 2579 1203 2623 mortuus
1226 2578 1325 2622 est.
1367 2569 1568 2623 Mortua
1599 2579 1680 2624 est
1700 2571 1842 2625 enim

260 2656 451 2708 anima
478 2673 604 2725 quae
633 2660 912 2726 peccavit,
951 2669 1004 2711 et
1038 2659 1284 2725 arguitur
1315 2673 1534 2728 serpens
1569 2659 1838 2725 fefellisse,

257 2746 354 2814 qui
386 2745 529 2798 dixit
559 2747 609 2778 '°
669 2761 684 2798 :
736 2746 864 2800 Non
905 2757 1073 2800 morte
1115 2749 1423 2802 moriemini.
1460 2749 1524 2802 Et
1549 2750 1662 2804 haec
1692 2751 1756 2804 de
1779 2764 1842 2804 eo

259 2840 410 2900 quod
441 2837 657 2890 dictum
689 2845 780 2890 est
809 2852 838 2889 a
865 2836 990 2890 ﬁliis
1020 2836 1184 2890 Israel
1221 2839 1286 2890 ad
1319 2838 1472 2906 100
1505 2838 1690 2903 Iacob,
1718 2840 1841 2907 quia

259 2921 463 2988 Ioseph
484 2923 634 2988 ﬁlius
670 2935 799 2975 tuus
831 2925 974 2976 vivit.
1025 2923 1227 2987 Quibus
1257 2925 1448 2977 similia
1479 2926 1640 2978 etiam
1670 2926 1722 2978 in
1748 2941 1842 2994 po-

262 3011 591 3064 sterioribus
627 3009 972 3073 referuntur,
1030 3025 1148 3064 cum
1194 3010 1388 3063 dicitur
1410 3011 1453 3043 σί
1485 3027 1500 3063 :
1534 3010 1601 3063 Et
1626 3014 1842 3064 resusci-

264 3106 408 3148 tatus
434 3109 510 3149 est
533 3106 763 3164 spiritus
792 3097 965 3150 Iacob
987 3098 1152 3164 patris
1169 3112 1344 3148 eorum
1379 3108 1464 3149 :et
1482 3099 1609 3150 dixit
1633 3098 1837 3152 Israel:

266 3182 524 3251 Magnum
548 3186 685 3236 mihi
708 3195 809 3247 est,
838 3186 888 3236 si
913 3185 1087 3236 adhuc
1113 3183 1301 3251 Ioseph
1342 3184 1483 3251 ﬁlius
1531 3201 1673 3238 meus
1699 3188 1838 3241 vivit.

265 3273 418 3335 Quod
453 3274 506 3325 in
535 3273 741 3326 Latino
793 3273 997 3325 dicitur
1021 3289 1039 3324 :
1071 3273 1424 3326 resuscitatus
1486 3283 1569 3327 est
1624 3275 1842 3341 spiritus

263 3367 402 3432 ejus,
432 3367 487 3418 in
514 3365 714 3419 Graeco
770 3359 1194 3428 ἀνεζωπύρησεν
1222 3360 1482 3427 scriptum
1537 3371 1639 3414 est.
1692 3361 1840 3426 Quod

267 3470 372 3507 non
401 3466 511 3505 tam
545 3450 899 3510 resuscitari,
931 3463 1094 3516 quam
1124 3449 1423 3512 reaccendi,
1454 3457 1512 3501 ut
1539 3452 1611 3502 ita
1642 3451 1837 3519 dicam,

263 3543 556 3610 significat,
607 3549 665 3594 et
730 3539 955 3606 reigniri
988 3537 1125 3606 (99).
1181 3537 1332 3601 Quod
1383 3537 1485 3591 dici
1538 3540 1837 3600 solet,cum

262 3629 402 3684 forte
447 3633 502 3684 in
542 3629 738 3695 aliqua
784 3625 1016 3678 materia
1070 3624 1208 3690 ignis
1237 3638 1301 3677 eo
1337 3639 1506 3691 usque
1553 3625 1752 3690 deﬁcit,
1783 3637 1841 3680 ut

261 3718 533 3785 exstingui
561 3717 848 3778 videatur,
871 3721 926 3766 et
955 3713 1000 3766 si
1034 3710 1174 3765 forte
1195 3711 1450 3766 fomentis
1473 3713 1725 3768 adhibitis
1755 3729 1839 3767 re-

265 3817 516 3872 paretur,
543 3817 893 3856 reaccensus
919 3801 1141 3854 dicitur.
1200 3801 1308 3855 Aut
1330 3803 1374 3856 si
1403 3802 1633 3858 lucernae
1662 3791 1836 3860 lumen

260 3911 325 3948 eo
355 3909 535 3963 usque
566 3893 882 3961 perveniat,
923 3900 982 3944 ut
1016 3900 1234 3958 putetur
1274 3895 1564 3962 exstingui,
1613 3897 1658 3950 si
1701 3897 1838 3952 forte

256 3985 443 4036 infuso
470 3983 597 4036 oleo
621 3983 1007 4044 resuscitetur,
1045 3982 1175 4034 licet
1224 3981 1400 4035 minus
1433 3985 1596 4050 polito
1632 4000 1838 4040 sermo-

257 4087 350 4134 ne,
388 4083 700 4123 reaccensa
733 4070 955 4122 lucerna
994 4070 1208 4124 dicitur.
1263 4069 1523 4125 Similiter
1547 4073 1684 4128 etde
1712 4076 1840 4127 lant-

250 4161 417 4225 pade,
455 4158 548 4210 vel
571 4157 696 4209 aliis
722 4158 1094 4224 hujuscemodi
1121 4157 1416 4212 luminibus
1453 4161 1823 4228 appellabitur.

250 4248 387 4300 Tale
415 4260 559 4313 ergo
583 4244 791 4310 aliquid
816 4255 872 4297 et
906 4245 962 4296 in
986 4244 1155 4299 Iacob
1191 4246 1432 4299 indicare
1465 4248 1729 4301 videbitur
1750 4250 1836 4303 hic

248 4352 457 4399 sermo,
486 4339 646 4404 quod
678 4338 855 4390 donec
888 4335 1050 4404 longe
1073 4337 1172 4390 fuit
1201 4341 1269 4390 ab
1293 4335 1489 4405 Ioseph
1515 4347 1568 4391 et
1618 4355 1724 4394 non
1755 4351 1836 4394 est

1948 1947 2201 2009 maxime,
2224 1947 2363 2015 quod
2388 1946 2753 1998 annuntiatum
2779 1951 2859 1996 est
2883 1943 2952 2006 ei,
2981 1943 3102 2009 quia
3148 1941 3259 2007 ipse
3287 1941 3356 1993 sit
3379 1941 3471 2006 qui

1947 2035 2298 2102 principatum
2326 2043 2509 2088 teneat
2562 2035 2718 2086 totius
2759 2031 2992 2100 Egypti.
3042 2029 3151 2082 Iloc
3176 2030 3314 2081 enim
3347 2040 3474 2080 vere

1948 2140 2193 2194 magnum
2246 2133 2328 2178 est
2372 2124 2441 2189 ei,
2485 2125 2623 2192 quod
2666 2123 2718 2176 in
2770 2122 3022 2176 ditionem
3074 2133 3221 2173 suam
3269 2116 3471 2184 redegit

1945 2213 2248 2282 Egyptum.
2301 2210 2519 2265 Calcare
2570 2211 2713 2264 enim
2759 2209 3051 2272 libidinem,
3097 2206 3281 2276 fugere
3319 2205 3474 2259 luxu-

1946 2303 2104 2365 riam,
2148 2314 2435 2367 omnesque
2490 2300 2784 2368 voluptates
2837 2298 3073 2366 corporis
3130 2312 3368 2366 premere
3404 2311 3470 2352 ac

1947 2393 2178 2457 frenare,
2209 2392 2310 2446 hoc
2339 2399 2420 2444 est
2446 2391 2798 2459 principatum
2828 2403 3017 2457 gerere
3041 2389 3202 2443 totius
3230 2388 3468 2456 Egypti.

1949 2483 2012 2536 Et
2043 2484 2141 2537 hoc
2164 2491 2246 2537 est
2280 2483 2416 2551 quod
2439 2483 2574 2551 apud
2605 2480 2766 2534 Israel
2793 2495 3040 2548 maguum
3067 2479 3303 2544 ducitur,
3327 2487 3381 2532 et
3413 2479 3469 2554 in

1945 2572 2295 2629 admiratione
2321 2574 2562 2627 habetur.
2621 2573 2676 2626 Si
2703 2572 2820 2640 quis
2849 2585 2972 2625 vero
3012 2579 3114 2636 est,
3153 2571 3240 2638 qui
3293 2569 3469 2638 aliqua

1945 2661 2156 2728 quidem
2185 2661 2311 2714 vitia
2365 2661 2606 2729 corporis
2629 2659 2891 2728 subjuget,
2922 2659 3042 2713 aliis
3069 2673 3193 2712 vero
3238 2658 3393 2711 cedat
3417 2666 3472 2710 et

1945 2751 2232 2819 subiaceat,
2254 2751 2319 2805 de
2353 2752 2456 2805 isto
2490 2767 2593 2806 non
2629 2752 2831 2819 integre
2861 2749 3052 2803 dicitur
3114 2749 3238 2816 quia
3268 2749 3470 2816 princi-

1942 2850 2124 2909 patum
2145 2842 2254 2910 agit
2283 2842 2443 2897 totius
2474 2851 2627 2895 terrae
2677 2840 2914 2910 IEgypti,
2947 2840 3057 2904 sed,
3091 2840 3237 2894 verbi
3286 2853 3466 2904 causa,

1945 2931 2098 2984 unius
2119 2930 2274 2994 forte,
2313 2941 2403 2984 aut
2431 2932 2671 2993 duarum,
2700 2930 2780 2984 vel
2806 2930 2964 2982 trium
3014 2929 3286 2983 civitatum
3323 2929 3471 2983 vide-

1943 3017 2087 3069 bitur
2140 3031 2324 3085 gerere
2371 3018 2748 3085 principatum.
2795 3017 2990 3085 Ioseph
3025 3032 3167 3081 vero,
3208 3017 3292 3071 cui
3324 3015 3468 3068 nulla

1945 3104 2179 3170 corporis
2225 3103 2386 3158 libido
2427 3105 2697 3158 dominata
2749 3115 2848 3171 est,
2894 3105 3056 3160 totius
3081 3103 3464 3174 [Egypliprinu

1941 3206 2062 3259 ceps
2089 3200 2142 3245 et
2189 3191 2434 3246 dominus
2485 3190 2604 3245 fuit.
2650 3193 2785 3246 Dicit
2832 3207 2962 3261 ergo
3013 3206 3115 3245 non
3143 3191 3250 3259 jam
3281 3188 3484 3249 Iacob,

1939 3284 2028 3337 sed
2077 3281 2235 3336 Israel
2276 3296 2562 3336 reaccenso
2593 3283 2778 3350 spiritu
2809 3299 2821 3334 :
2859 3281 3106 3350 Magnum
3137 3281 3262 3332 mihi
3293 3287 3388 3344 est,
3422 3282 3465 3331 si

1939 3371 2104 3422 adhuc
2126 3369 2311 3436 Ioseph
2338 3370 2475 3435 ﬁlius
2500 3385 2637 3423 meus
2661 3371 2795 3434 vivit,
2837 3372 2918 3423 ibo
2947 3379 2991 3421 et
3019 3369 3195 3422 videbo
3235 3385 3350 3422 eum
3373 3385 3470 3419 auc

1939 3467 2141 3526 tequam
2186 3461 2402 3512 moriar.
2448 3461 2552 3513 Sed
2606 3474 2673 3513 ne
2705 3460 2804 3512 hoc
2837 3459 3046 3528 quidem
3079 3459 3249 3512 otiose
3302 3457 3466 3510 relin-

1937 3548 2198 3614 quendum
2230 3556 2331 3612 est,
2362 3547 2503 3616 quod
2531 3564 2633 3602 non
2654 3550 2903 3610 animam,
2931 3547 3024 3601 sed
3054 3547 3320 3614 spiritum,
3347 3554 3460 3598 tan-

1938 3649 2092 3702 quam
2125 3635 2396 3689 meliorem
2427 3637 2508 3688 sui
2559 3644 2786 3703 partem,
2841 3634 3239 3697 resuscitatum,
3267 3633 3350 3686 vel
3377 3648 3461 3686 re-

1940 3739 2220 3777 accensum
2247 3724 2394 3777 dicit.
2425 3724 2687 3792 Splendor
2719 3724 2914 3777 etenim
2962 3723 3118 3786 lucis,
3150 3723 3238 3790 Qui
3267 3731 3380 3774 erat
3408 3724 3465 3774 in

1938 3826 2020 3874 eo,
2045 3813 2203 3864 etiam
2231 3813 2274 3864 si
2307 3812 2600 3865 exstinctus
2627 3812 2679 3863 in
2710 3825 2773 3864 eo
2807 3811 3016 3878 penitus
3049 3825 3155 3863 non
3185 3819 3266 3863 est
3291 3849 3304 3874 ,
3338 3820 3463 3862 tunc

1937 3916 2055 3955 cum
2081 3902 2384 3954 obtulerunt
2412 3902 2500 3955 lilii
2533 3903 2645 3967 ejus
2678 3901 2910 3954 tunicam
2937 3900 3148 3966 Ioseph,
3175 3901 3312 3952 hcedi
3339 3915 3463 3952 sau-

1938 3987 2095 4056 guine
2126 3988 2460 4052 maculatam,
2507 3990 2597 4042 sed
2643 3989 2915 4042 mendacio
2955 4003 3138 4042 eorum
3167 3989 3336 4055 decipi
3368 4002 3462 4055 po-

1939 4077 2055 4137 tuit,
2089 4076 2158 4126 ita
2214 4085 2270 4128 ut
2318 4078 2581 4130 scinderet
2628 4078 2941 4130 vestimenta
2987 4092 3101 4142 sua,
3148 4085 3200 4129 et
3240 4085 3463 4145 poneret

1935 4177 2146 4216 saccum
2169 4177 2329 4230 super
2352 4164 2581 4217 lumbum
2606 4175 2848 4230 suum,et
2868 4165 3070 4233 lugeret
3092 4164 3258 4216 lilium
3283 4180 3460 4227 suum,

1936 4267 2030 4304 nec
2059 4251 2219 4304 vellet
2245 4253 2460 4305 omnino
2491 4255 2773 4317 consolari,
2826 4255 2917 4306 sed
2959 4255 3190 4316 diceret,
3225 4253 3348 4321 quia
3373 4254 3463 4305 des

1934 4342 2115 4391 scendo
2148 4342 2214 4394 ad
2243 4341 2403 4409 ﬁlium
2434 4358 2598 4395 meum
2640 4344 2813 4410 lugens
2855 4342 2904 4394 in
2946 4341 3200 4408 infernum
3227 4341 3300 4405 ⁸⁶;
3336 4349 3461 4394 tunc

247 4430 298 4479 ei
324 4428 717 4480 arnmntiatum
747 4428 816 4479 de
864 4429 973 4478 vita
1020 4425 1159 4492 ejus,
1192 4427 1359 4479 veluti
1397 4427 1660 4481 defecerat
1684 4431 1735 4482 in
1771 4444 1834 4482 eo
1866 4445 1908 4497 ι)
1935 4429 2093 4480 etiam
2123 4429 2187 4490 si,
2230 4437 2288 4479 ut
2317 4429 2568 4493 diximus,
2602 4444 2703 4480 non
2734 4435 2849 4480 erat
2888 4427 3099 4494 penitus
3141 4426 3457 4478 exstinctum

245 4518 472 4579 Spiritus
498 4515 652 4582 ejus,
687 4524 745 4566 et
771 4515 954 4568 lumen
989 4516 1133 4582 quod
1163 4516 1214 4566 in
1263 4516 1381 4581 ipso
1412 4515 1539 4576 fuit,
1586 4519 1832 4571 fomentis

245 4606 640 4658 deficientibus
661 4604 780 4669 jam
813 4602 994 4654 fuerat
1045 4601 1415 4654 obscuratum.
1455 4602 1549 4656 Ubi
1581 4620 1704 4657 vero
1743 4621 1832 4658 ve-

242 4704 458 4758 nerunt,
491 4695 590 4761 qui
619 4693 671 4746 ei
704 4691 1106 4743 annuntiarent
1131 4675 1200 4740 de
1219 4691 1324 4740 vita
1358 4691 1495 4755 ejus,
1537 4691 1586 4742 id
1616 4703 1696 4744 est
1741 4698 1831 4760 qui

241 4780 510 4846 dicerent,
551 4781 688 4848 quia
714 4781 828 4832 vita
856 4786 971 4829 erat
998 4777 1094 4827 lux
1117 4777 1389 4828 hominum
1413 4779 1482 4837 ",
1539 4784 1834 4834 reaccendit

237 4869 296 4919 in
323 4885 372 4922 se
400 4872 677 4939 spiritum
708 4882 899 4927 suum,
927 4875 985 4919 et
1029 4873 1322 4933 reparatus
1345 4873 1428 4915 est
1455 4865 1505 4915 in
1553 4878 1612 4918 eo
1662 4866 1833 4937 fulgur

234 4956 455 5014 luminis
491 4959 638 5012 veri.

310 5046 356 5098 3.
392 5050 561 5114 Quod
627 5055 819 5100 autem
877 5043 1065 5112 possit
1124 5042 1398 5094 interdum
1445 5042 1642 5098 divinus
1694 5047 1834 5115 ignis

230 5137 506 5201 exstingui
529 5137 703 5189 etiam
740 5135 796 5186 in
832 5135 1060 5186 sanctis
1084 5136 1145 5179 et
1179 5127 1438 5186 fidelibus,
1477 5132 1585 5182 audi
1613 5145 1835 5198 aposto.

232 5217 348 5270 lum
370 5221 590 5277 Paulum
618 5222 1057 5292 praecipientem
1087 5216 1205 5273 his.
1237 5215 1322 5280 qui
1365 5217 1490 5267 dona
1517 5220 1749 5287 Spiritus
1783 5234 1836 5278 et

302 5375 351 5404 ⁵⁷
385 5373 571 5430 Ezech.
613 5390 782 5434 xvm,
820 5371 882 5423 4.

226 5457 266 5505 ι,
306 5441 357 5492 ι·
425 5445 468 5476 ⁸³
511 5446 530 5497 I
571 5445 779 5499 Thess.
813 5453 870 5499 v,
907 5434 1007 5486 I9.

271 5555 381 5684 {98)
414 5561 576 5619 Mss.,
611 5557 848 5609 viveret,
887 5546 1069 5601 alius,
1099 5537 1314 5590 vivebat.

296 5619 375 5684 99)
401 5629 571 5684 Editi,
616 5619 972 5675 resusciture
1004 5621 1181 5674 quam
1224 5618 1314 5653 retu

1937 4517 1990 4567 in
2023 4529 2084 4567 eo
2110 4514 2305 4576 lumen,
2332 4516 2564 4567 maxima
2595 4525 2768 4569 tamen
2803 4531 2866 4568 ex
2893 4524 3042 4582 parte
3071 4515 3244 4566 fuerat
3265 4513 3456 4566 obscu-

1935 4611 2133 4664 ratum,
2168 4605 2306 4669 quod
2357 4603 2522 4669 decipi
2558 4605 2743 4670 potuit,
2792 4606 2932 4670 quod
2960 4603 3273 4656 vestimenta
3317 4602 3458 4654 scin-

1938 4694 2080 4755 dere,
2112 4691 2250 4757 quod
2298 4690 2432 4744 falso
2479 4692 2672 4759 lugere,
2733 4695 2869 4760 mind
2910 4694 3190 4760 implorare
3211 4701 3455 4750 mortem,

1939 4779 2077 4846 quod
2101 4779 2151 4830 in
2185 4778 2446 4831 infernum
2479 4791 2694 4848 cuperet
2717 4781 2939 4848 lugendo
2961 4780 3303 4832 descendere.
3323 4777 3457 4829 Pro--

1937 4875 2054 4935 pter
2081 4869 2191 4920 haec
2220 4881 2346 4934 ergo
2375 4882 2514 4920 nunc
2543 4871 2821 4921 resuscitat
2873 4877 2926 4920 et
2963 4865 3263 4919 reaccendit
3301 4864 3458 4930 spiri-

1941 4966 2047 5010 tum
2083 4970 2254 5020 suum,
2284 4957 2406 5024 quia
2447 4971 2780 5026 consequens
2807 4965 2946 5020 eral,
2985 4964 3041 5008 ut
3086 4956 3286 5017 lumen,
3317 4954 3458 5020 quod

1940 5048 1989 5098 in
2013 5060 2076 5098 eo
2107 5046 2478 5097 obscuraverat
2504 5048 2648 5099 fraus
2679 5045 2962 5108 mendacii,
2997 5043 3374 5098 reaccenderet
3404 5050 3456 5091 et

1940 5137 2198 5189 refoveret
2225 5138 2461 5190 veritatis
2486 5137 2713 5189 auditus.

2006 5225 2056 5278 4.
2096 5225 2286 5279 Verum
2315 5226 2438 5293 quia
2467 5225 2714 5288 diximus,
2735 5223 2873 5290 quod
2901 5220 3062 5276 Iacob
3085 5226 3162 5272 est
3192 5216 3277 5282 qui
3305 5227 3454 5263 reac-

971 5367 1024 5397 ⁸⁸
1054 5365 1338 5435 Birth-XIII,
1389 5361 1466 5413 22.
1531 5365 1568 5398 δ’
1594 5369 1814 5424 Genes,

1956 5375 2040 5426 l7.
2113 5376 2155 5406 ⁸ο
2184 5373 2378 5428 Genes.
2410 5388 2490 5435 nt,
2514 5373 2567 5424 I.
2641 5372 2882 5423 “Gencs.
2907 5385 3026 5431 xcv,
3058 5364 3145 5416 27.
3217 5358 3261 5390 ⁵³
3290 5353 3453 5409 Ioau.

1097 5430 1150 5458 ”
1203 5427 1376 5478 Cenes.
1419 5443 1525 5494 ην,
1564 5436 1658 5498 21,
1702 5436 1800 5488 28.

1955 5442 2106 5506 ibitl.,
2134 5427 2251 5497 26.7
2295 5443 2340 5473 ⁸⁸
2364 5427 2551 5496 Cenes.
2586 5453 2786 5498 xxxvii,
2814 5438 2900 5489 55.

616 5607 972 5675 “dﬂigam
1004 5621 1181 5674 quam
1224 5607 1563 5668 mactem/ere...
1591 5627 1648 5668 ει
1698 5620 1840 5686 νεῖαι

1942 5659 1953 5676 .
1983 5621 2050 5676 At
2081 5637 2203 5676 mss.
2236 5631 2292 5675 ut
2318 5620 2366 5672 in
2404 5626 2582 5671 nostro
2614 5624 2778 5668 textu.
