3922 6246
313 457 416 512 245

309 569 491 629 ccndit
530 573 774 642 spiritum
803 580 989 627 suum;
1039 558 1200 614 Israel
1234 569 1362 610 vero
1406 558 1509 613 est,
1543 547 1631 616 qui
1688 541 1850 596 dicit:

314 660 474 728 Μῶφι
491 635 575 719 um
595 663 720 716 mihi
746 669 841 723 est,
863 657 908 709 si
933 655 1099 708 adhuc
1145 651 1281 702 filius
1310 661 1450 698 meus
1478 639 1668 705 Ioseph
1717 635 1858 696 vivit,

315 725 468 820 ροιξε
531 763 584 808 et
611 761 689 815 tu,
715 749 806 818 qui
858 747 971 798 hzrc
1021 741 1192 801 audis,
1223 735 1484 802 incipiens
1523 730 1587 781 ab
1620 741 1682 778 eo
1721 725 1860 783 loco,

317 815 404 889 ltili
432 842 699 907 scriptum
722 815 803 890 est.
834 835 900 898 ⁸⁷,
919 832 1039 900 quia
1072 828 1203 880 dixit
1239 825 1303 885 ei,
1333 823 1446 876 Iam
1474 835 1572 871 non
1595 815 1755 868 Iacob
1778 829 1865 863 uo-

319 923 531 980 cabilur
555 901 754 979 nomen
799 929 962 978 luunt,
997 916 1084 969 sed
1128 911 1314 973 Israel,
1339 907 1460 977 quia
1493 902 1758 956 iuvaluisti
1796 901 1863 950 ad
1893 967 1895 970 Q

323 1013 518 1081 Dwm,
548 1027 595 1069 et
636 1030 752 1067 cum
787 1008 1072 1062 hominibus
1111 1013 1284 1071 potens
1325 999 1493 1066 [actus
1525 1008 1608 1055 es;
1653 1005 1863 1045 omnem

323 1103 660 1176 scripturam
698 1104 1009 1161 decurrens,
1041 1095 1282 1149 invenire
1309 1089 1464 1155 hujus
1491 1084 1732 1141 vocabuli
1766 1081 1867 1135 dil-

327 1170 635 1251 ferentiam.
665 1189 822 1243 Verbi
849 1199 1030 1250 causa,
1059 1198 1179 1238 cum
1211 1181 1340 1234 dicit
1366 1178 1411 1209 ⁸⁸
1435 1194 1448 1228 :
1486 1173 1747 1227 Annuntia
1770 1170 1837 1222 mi
1849 1197 1867 1208 -

329 1287 384 1338 hi
405 1299 586 1338 nomen
616 1291 781 1342 tuum,
807 1278 892 1332 hic
917 1277 962 1330 is
989 1275 1075 1342 qui
1103 1274 1309 1341 ignorat
1342 1281 1556 1329 nomen,
1579 1278 1680 1315 non
1702 1258 1866 1312 Israel

330 1388 450 1428 esse
473 1372 689 1432 dicitur,
716 1369 807 1423 sed
829 1364 1012 1420 Iacob.
1042 1362 1141 1417 Ubi
1173 1374 1298 1414 vero
1323 1372 1422 1410 non
1455 1355 1611 1408 edunt
1638 1365 1866 1409 nervum,

331 1465 420 1535 qui
449 1462 706 1528 obstupuit
764 1459 819 1510 in
868 1454 1138 1508 latitudine
1193 1450 1401 1517 femoris
1451 1441 1767 1515 patriarcha:
1800 1439 1867 1503 ⁸⁸,

332 1526 440 1607 non
476 1551 572 1604 lilii
599 1526 805 1609 Iacob,
852 1545 945 1598 sed
991 1541 1085 1594 lilii
1118 1538 1277 1592 Israel
1322 1550 1440 1589 esse
1474 1532 1746 1586 dicuntur.
1775 1526 1869 1578 Ille

333 1651 462 1690 vero
485 1635 572 1701 qui
609 1632 924 1700 respiciens,
957 1626 1091 1680 vidit
1121 1625 1259 1678 Esau
1297 1621 1619 1678 venientem,
1669 1624 1868 1669 etcum

337 1727 452 1793 ipso
478 1723 893 1792 quadringentos
925 1717 1090 1780 viros,
1126 1726 1178 1769 et
1203 1712 1448 1766 adoravit
1481 1709 1678 1776 septies
1701 1705 1871 1758 forni-

337 1827 598 1878 catorem,
647 1823 700 1868 et
752 1812 1055 1881 profanum,
1103 1816 1155 1862 et
1191 1820 1311 1858 eum
1347 1802 1438 1870 qui
1468 1813 1565 1868 pro
1614 1812 1716 1850 una
1749 1809 1869 1849 esca

337 1907 577 1962 vendidit
622 1892 973 1972 primogenita
1029 1911 1144 1957 sua,
1194 1909 1298 1947 non
1346 1889 1530 1948 Israel.
1584 1886 1674 1940 sed
1709 1883 1875 1938 Iacob

339 1995 550 2049 dicitur.
602 1970 704 2047 Sed
748 1970 946 2044 et—cum
981 1988 1026 2041 ei
1069 1983 1223 2040 olfert
1253 1983 1424 2042 dona,
1472 1985 1524 2030 et
1548 1976 1674 2029 dicit
1702 1974 1785 2024 °°:
1819 1970 1874 2024 Si

338 2086 512 2138 inueni
533 2084 752 2152 gratiam
779 2096 949 2134 coram
984 2088 1052 2139 te,
1079 2075 1274 2138 suscipe
1300 2072 1408 2122 haec
1432 2081 1645 2120 munera
1671 2063 1733 2114 de
1761 2077 1873 2113 ma-

343 2175 493 2226 nibus
526 2172 666 2231 meis,
703 2179 908 2238 prapter
934 2169 1070 2235 quod
1098 2163 1199 2216 uidi
1229 2161 1412 2227 facient
1435 2166 1597 2215 tuam,
1624 2155 1753 2205 sicut
1785 2153 1874 2220 qui

340 2262 474 2316 ridet
494 2261 680 2329 [aciem
709 2259 840 2320 Dei;
877 2257 964 2309 hic
992 2271 1094 2307 non
1127 2263 1241 2305 erat
1270 2249 1452 2315 Israel,
1484 2250 1574 2304 sed
1605 2249 1788 2303 Iacob.
1813 2246 1879 2299 Et

342 2353 429 2406 ubi
455 2349 801 2416 audivitquia
830 2345 1188 2400 contaminata
1227 2349 1310 2396 est
1344 2344 1474 2396 Dina
1515 2341 1622 2394 lilia
1654 2339 1789 2408 ejus,
1825 2345 1881 2389 et

343 2442 506 2496 tacuit
555 2437 752 2501 Iacob,
813 2451 1091 2505 usquequo
1162 2433 1512 2488 convenirent
1572 2430 1660 2483 lilii
1724 2426 1876 2494 ejus;

343 2547 446 2585 non
503 2530 696 2584 dicitur
727 2525 1044 2586 lsrael..Sed
1097 2533 1151 2578 et
1179 2534 1258 2589 tu,
1320 2533 1377 2576 ut
1414 2521 1552 2584 dixi,
1612 2517 1804 2574 similia
1836 2517 1880 2570 si

344 2621 617 2680 observes,
674 2617 930 2669 invenies.
990 2613 1044 2666 In
1115 2612 1362 2679 prtescnti
1418 2611 1578 2679 igitur
1629 2607 1880 2668 lectione,

347 2717 452 2755 non
505 2700 692 2763 Iacob,
746 2701 839 2754 sed
895 2699 1054 2752 Israel
1119 2697 1563 2766 dicit:Magnum
1616 2695 1742 2747 mihi
1786 2700 1880 2755 est,

346 2792 392 2842 si
437 2789 614 2841 adhuc
653 2788 792 2855 ﬁlius
861 2804 1012 2843 meus
1053 2787 1243 2854 Ioseph
1297 2787 1440 2839 vivit.
1492 2785 1598 2838 Sed
1657 2795 1710 2837 et
1760 2797 1882 2836 cum

354 2879 503 2948 ιο]
536 2878 676 2930 venit
697 2881 762 2933 ad
797 2890 1015 2947 puteum
1049 2877 1366 2938 Iuramenti,
1397 2884 1453 2928 et
1491 2873 1646 2928 oli'ert
1673 2873 1874 2926 hostias

348 2966 460 3025 Deo
489 2965 658 3039 palris
687 2969 764 3021 sui
789 2964 958 3028 Isaac,
991 2979 1093 3016 non
1126 2960 1291 3016 Iacob
1326 2961 1539 3022 dicitur,
1573 2958 1664 3012 sed
1701 2956 1883 3010 Israel.

353 3060 550 3112 Verum
577 3058 621 3110 si
673 3055 913 3122 requiras
939 3093 954 3118 ,
985 3067 1085 3106 cur
1117 3051 1168 3104 iu
1213 3049 1330 3103 visu
1379 3056 1532 3101 nocte
1562 3046 1785 3113 loquens
1821 3043 1886 3097 ad

353 3163 473 3203 eum
499 3147 780 3209 Deus,non
812 3142 939 3196 dicit
961 3138 1146 3202 Israel,
1172 3137 1264 3192 sed
1295 3136 1480 3198 Iacob,
1513 3135 1647 3188 forte
1675 3142 1890 3200 propter

358 3241 484 3295 hoc.
520 3235 642 3302 quia
669 3248 770 3286 nox
798 3241 934 3293 erat,
967 3239 1020 3284 et
1041 3229 1214 3281 adhuc
1235 3241 1329 3294 per
1358 3226 1550 3288 visum,
1580 3230 1633 3274 et
1664 3221 1894 3274 nondum

359 3325 531 3394 palam
553 3339 734 3376 vocem
761 3321 849 3375 Dei
873 3319 1058 3373 audire
1090 3315 1412 3370 merebatur.
1436 3312 1641 3366 Etcum
1666 3310 1826 3362 intrat
1843 3309 1896 3362 in

355 3417 668 3485 Egyptum,
701 3427 802 3466 non
835 3410 1019 3474 Israel,
1043 3408 1136 3462 sed
1165 3405 1328 3460 Iacob
1350 3404 1564 3468 dicitur,
1595 3411 1649 3456 et
1672 3400 1760 3452 lilii
1785 3397 1897 3465 ejus

361 3523 483 3562 cum
514 3507 652 3574 ipso,
672 3513 726 3557 et
755 3517 874 3555 cum
897 3495 1001 3554 stat
1024 3505 1148 3552 ante
1172 3495 1528 3558 Pharaonem,
1547 3499 1606 3543 ut
1623 3489 1901 3543 benedicat

363 3612 510 3659 cum,
537 3610 641 3649 non
676 3591 859 3657 Israel,
887 3589 981 3643 sed
1007 3588 1174 3644 Iacob
1205 3585 1530 3640 nominatur.
1557 3580 1735 3649 Neque
1757 3579 1898 3632 enim

362 3685 610 3755 capiebat
628 3683 836 3736 Pharao
853 3679 1060 3734 Israelis
1079 3676 1520 3730 benedictionem.
1535 3673 1599 3725 Et
1614 3670 1780 3724 Iacob
1797 3685 1898 3723 non

363 3775 526 3828 Israel
551 3771 768 3838 est,,qui
817 3768 948 3823 dicit
979 3768 1044 3821 ad
1091 3765 1425 3819 Pharaonem
1451 3800 1466 3826 ,
1498 3762 1622 3830 quia
1651 3759 1799 3828 parvi
1849 3767 1904 3811 et

366 3863 581 3931 pessimi
602 3870 725 3916 sunt
749 3860 859 3913 dies
883 3858 1001 3911 vitae
1030 3871 1136 3910 sua:
1159 3856 1223 3907 ⁶¹.
1247 3853 1396 3922 Quod
1422 3853 1605 3920 utique
1633 3862 1901 3917 nunquam

367 3957 570 4033 diceret
601 3951 782 4006 Israel.
809 3949 936 4004 Post
968 3950 1078 4001 haec
1111 3961 1260 4011 vero,
1290 3960 1394 3997 non
1422 3943 1487 3996 de
1511 3941 1696 4002 Iacob,
1721 3937 1812 3992 sed
1839 3938 1905 3989 de

368 4029 528 4098 Israel
559 4043 754 4099 dicitur
777 4040 842 4105 ",
871 4040 993 4107 quia
1026 4038 1216 4090 vocavit
1242 4035 1409 4102 ﬁlium
1441 4047 1589 4086 suum
1617 4029 1828 4096 Ioseph,
1856 4035 1904 4080 et

366 4136 502 4188 dixit
529 4135 575 4186 ei
617 4147 634 4184 :
684 4131 741 4186 Si
772 4130 940 4183 inveni
971 4131 1191 4196 gratiam
1239 4127 1291 4176 in
1323 4132 1593 4189 conspectu
1637 4133 1750 4180 tuo,
1778 4133 1905 4185 pone

368 4238 581 4276 rnanum
626 4231 768 4274 tuam
798 4220 891 4272 sub
923 4218 1112 4284 femore
1144 4230 1277 4275 meo,
1322 4223 1369 4266 et
1420 4212 1576 4279 {acies
1620 4224 1773 4277 super
1827 4221 1905 4258 me

370 4313 776 4366 misericordia»:
815 4318 862 4363 et
897 4308 1182 4360 ueritatem.
1244 4304 1310 4358 Et
1346 4305 1434 4372 qui
1458 4303 1700 4356 adoravit
1749 4312 1907 4364 super

371 4404 644 4471 fastigium
675 4404 835 4470 virga:
862 4399 1079 4466 Ioseph,
1107 4411 1212 4450 non
1243 4405 1362 4448 erat
1391 4393 1578 4453 Iacob,
1603 4392 1694 4444 sed
1722 4387 1902 4442 Israel.

1773 420 2091 480 ORIGENIS

1882 538 1929 592 Α
1957 533 2134 591 dabat,
2171 526 2329 579 Israel
2357 514 2751 588 appellabatur.
2783 507 2954 562 Sane
2992 497 3171 592 quod
3224 478 3745 592 elicitur-1313::

3624 356 3756 413 ΞΗ

1966 566 2134 591 "'W‘",
2171 566 2329 579 "HW-
2358 566 2384 573 --
2409 566 2546 587 -τ--π
2585 566 2592 567 ί
3013 566 3034 570 -

1966 619 2288 688 sepelierunt
2314 566 2614 678 sepultores
2635 591 2870 670 Αἴθῃ)ιῖ
2893 611 3014 649 non
3044 584 3306 644 Iacob,
3342 575 3481 633 sed
3513 566 3753 688 Isaae},

1967 660 2183 780 grgndis
2213 706 2426 759 videtur
2446 697 2691 768 quaastio.
2725 692 2840 746 Sed
2875 701 2994 755 ego
3025 679 3386 736 arbitror,
3435 662 3631 734 quod
3667 660 3750 780 il:I

1967 749 2141 854 rerum
2168 799 2221 850 in
2249 797 2350 849 hoc
2377 791 2561 843 vitium
2583 788 2928 852 exponetur,
2954 771 3239 842 quibus,
3282 772 3426 831 pro
3459 768 3548 809 eo
3572 749 3754 850 quod

1967 903 2162 945 exosus
2192 893 2276 938 est
2307 881 2482 934 onmis
2538 874 2851 929 intellectus
2893 867 3232 920 bonorum
3276 892 3300 916 ,
3374 856 3454 945 et
3525 855 3752 945 orntus

1967 978 2302 1050 perspicaeia
2329 967 2698 1038 intelligentia:
2733 957 3022 1016 caelestis,
3059 944 3292 1004 Israel
3372 937 3472 994 ab
3503 935 3612 1040 eis
3645 947 3754 988 se-

1969 1027 2121 1140 peliri
2153 1069 2396 1128 dicatur;
2427 1062 2552 1130 quia
2585 1055 2726 1125 apud
2756 1050 2973 1120 impios
2999 1039 3232 1098 sancti
3275 1027 3562 1089 mortui
3596 1033 3755 1079 sunt

1970 1129 2022 1217 et
2054 1159 2268 1228 sepulti.
2300 1157 2424 1208 [hee
2449 1129 2528 1204 fin
2563 1152 2829 1215 quantttm
2871 1140 2948 1191 ad
2985 1140 3315 1202 praesens
3358 1129 3756 1176 occurrere

1970 1209 2142 1320 potuil.
2171 1249 2233 1302 de
2264 1239 2559 1299 dilIerentia
2580 1209 2762 1290 “Iacob
2796 1238 2854 1283 et
2881 1223 3110 1287 Israel,
3150 1222 3588 1274 memorata
3619 1209 3757 1263 sint

1970 1340 2144 1394 nobis.

2043 1429 2094 1481 5.
2126 1426 2353 1495 Dignum
2377 1431 2507 1474 sane
2546 1424 2667 1486 post
2693 1414 2815 1466 haec
2847 1407 3103 1461 videtur
3138 1394 3432 1454 intueri
3475 1401 3552 1446 et
3595 1402 3756 1495 pro-

1974 1477 2349 1584 spicererqua:
2378 1509 2446 1560 ad
2481 1477 2656 1573 ipsum
2701 1502 2850 1555 Deus
2874 1497 3226 1563 loquatur,
3276 1495 3358 1539 et
3397 1477 3756 1551 quomodo

1975 1577 2116 1666 eum,
2147 1577 2291 1658 velut
2321 1598 2386 1651 ad
2413 1593 2676 1663 quosdam
2719 1599 2938 1657 agones
2973 1577 3567 1652 proficiscentem
3603 1583 3757 1622 cor-

1977 1659 2242 1748 roborans
2291 1697 2344 1741 et
2387 1659 2702 1742 cohortalis,
2739 1678 2934 1730 mittat
2988 1673 3069 1726 ad
3116 1669 3568 1736 Egyptum.
3649 1659 3758 1712 Ait

1976 1780 2226 1835 enim“:
2261 1776 2387 1829 Noli
2414 1776 2592 1826 timere
2632 1768 2964 1822 descendere
3011 1764 3080 1815 ir:
3147 1756 3591 1826 Egyptians,
3630 1752 3756 1804 hoc

1908 1855 1948 1907 Β
1979 1880 2062 1926 est
2087 1871 2308 1925 dicere:
2349 1866 2748 1932 Congressurus
2805 1856 3110 1909 adversus
3178 1847 3656 1916 principatus
3693 1850 3760 1896 et

1980 1965 2292 2028 potestates,
2316 1962 2371 2007 et
2395 1929 2656 2004 adversus
2694 1942 2892 1998 mundi
2923 1939 3113 2006 hujus
3155 1935 3326 2003 (qui
3371 1929 3757 2001 ﬁguraliter

1982 2023 2245 2119 Egyptus
2272 2039 2616 2113 appellatur)
2650 2044 2901 2090 rectores
2957 2030 3434 2083 tenebrarum
3481 2023 3760 2082 harum,

1982 2142 2088 2195 noli
2121 2114 2331 2201 timere,
2368 2133 2471 2188 noli
2500 2131 2793 2199 trepidare.
2819 2123 2988 2190 Quod
3030 2121 3082 2175 si
3120 2128 3195 2174 et
3237 2131 3553 2173 causam
3587 2114 3756 2168 scire

1983 2233 2062 2286 vis
2098 2243 2196 2283 cur
2250 2227 2440 2280 timere
2495 2236 2600 2274 non
2653 2217 2905 2278 debeas,
2965 2212 3117 2264 audi
3184 2207 3754 2278 promissionem

1985 2315 2157 2377 meam
2193 2320 2236 2350 “
2269 2333 2284 2374 :
2316 2315 2383 2368 In
2426 2323 2629 2383 gentem
2659 2308 2804 2363 enim
2839 2318 3129 2374 magnam
3171 2301 3456 2369 faciam
3529 2310 3594 2353 te
3642 2297 3755 2361 ibi,

1984 2423 2030 2468 et
2063 2410 2371 2466 descendam
2401 2415 2566 2458 tecum
2605 2398 2664 2452 in
2685 2397 2995 2465 Egyptum
3025 2435 3043 2458 ,
3111 2405 3172 2448 et
3234 2409 3370 2463 ego
3440 2402 3508 2445 ιε
3572 2404 3758 2442 γευο-

1987 2504 2113 2556 cabo
2144 2500 2261 2552 inde
2289 2499 2343 2550 in
2379 2495 2560 2561 linem.
2612 2487 2730 2542 Non
2761 2501 2898 2552 ergo
2935 2488 3122 2538 timet
3167 2483 3633 2538 descendere
3691 2480 3751 2534 in

1987 2590 2315 2659 Egyptunt,
2348 2597 2454 2636 non
2487 2581 2640 2634 timet
2689 2589 2898 2644 agones
2934 2574 3125 2640 hujus
3179 2573 3453 2626 mundi
3500 2580 3572 2624 et
3639 2569 3756 2622 ob-

1987 2677 2287 2732 sistentium
2317 2672 2613 2726 daemonum
2643 2666 2831 2720 subire
2867 2662 3234 2716 certamina
3271 2703 3297 2726 ,
3383 2677 3551 2716 cum
3626 2671 3756 2727 quo

1989 2767 2041 2820 in
2071 2777 2266 2834 agones
2311 2756 2650 2814 descenderit
2690 2754 2858 2807 Deus.
2891 2751 3186 2820 Denique
3252 2752 3434 2805 audi
3479 2758 3750 2819 aposto-

1989 2856 2098 2908 lum
2122 2851 2338 2907 Paulum
2363 2849 2668 2902 dicentem:
2699 2842 2970 2909 Amplius,
3007 2841 3235 2909 inquit
3275 2841 3371 2906 “,
3403 2857 3529 2911 ego
3561 2855 3754 2910 quam

1990 2961 2163 3004 omnes
2189 2943 2267 2995 illi
2293 2940 2545 2998 laboravi,
2579 2951 2682 2989 non
2711 2945 2893 2986 autem
2951 2948 3059 3000 ego
3096 2971 3114 2994 ,
3159 2934 3293 2986 sed
3360 2935 3596 3002 gratia
3641 2932 3754 2984 Dei

1992 3051 2213 3090 mecum.
2245 3033 2352 3086 Sed
2396 3044 2516 3083 cum
2549 3023 2950 3093 Hierosolymis
2985 3025 3334 3079 adversus
3370 3039 3539 3078 eum
3576 3037 3757 3077 com-

1995 3136 2137 3182 mota
2174 3123 2366 3176 luisset
2393 3119 2588 3173 seditio
2613 3155 2630 3180 ,
2681 3123 2734 3170 et
2762 3127 3007 3182 agonem
3074 3113 3573 3168 clarissimum
3639 3129 3760 3182 pro

1996 3216 2160 3268 verbo
2186 3221 2240 3264 et
2267 3206 2650 3278 praedicatione
2692 3201 2913 3257 Domini
2945 3201 3350 3266 desudaret,
3406 3202 3638 3257 astitit
3697 3201 3758 3255 ei

1999 3301 2292 3361 Dominus,
2345 3305 2402 3350 et
2448 3294 2584 3347 dixit
2638 3292 2832 3346 eadem
2866 3304 3000 3356 qua:
3043 3306 3227 3344 nunc
3269 3293 3620 3347 dicuntur
3679 3292 3760 3346 ad

1998 3389 2198 3444 Israel:
2233 3385 2382 3448 Noli,
2418 3382 2593 3450 inquit
2617 3381 2684 3442 ⁸⁷,
2712 3380 2920 3441 timere,
2959 3376 3192 3442 Paule,
3231 3382 3418 3448 quia
3459 3385 3630 3436 εξεω
3674 3393 3762 3434 ιο..

1998 3483 2256 3548 stiﬁcatus
2302 3493 2354 3530 es
2385 3476 2448 3527 de
2490 3489 2570 3526 rue
2611 3469 3011 3537 Hierosolymis
3040 3506 3058 3531 ,
3106 3470 3203 3521 ita
3286 3483 3358 3526 te
3413 3485 3669 3542 oportet
3698 3481 3758 3528 et

1999 3574 2175 3627 Roma:
2203 3565 2555 3621 testimonium
2597 3565 2746 3614 dare.
2772 3558 2984 3612 Verum
3013 3575 3137 3629 ego
3179 3565 3515 3634 auaplius
3549 3567 3762 3619 adhuc

2000 3663 2199 3730 aliquid
2222 3658 2404 3715 hocin
2440 3657 2559 3708 loco
2592 3653 2834 3705 arbitror
2869 3651 3062 3706 latere
3118 3659 3502 3724 mysterii,
3547 3659 3766 3713 Μυνει

2001 3753 2144 3807 enim
2176 3762 2260 3802 me
2293 3746 2434 3814 quod
2460 3742 2601 3795 dixit
2631 3739 2718 3793 “:
2750 3737 2819 3790 In
2855 3749 3080 3806 gentem
3119 3759 3470 3813 magnam
3525 3749 3764 3815 faciam

2002 3853 2050 3895 te
2079 3850 2125 3893 et
2156 3835 2466 3890 descendam
2508 3841 2676 3883 tecum
2715 3830 2771 3880 in
2805 3827 3157 3897 Egyptum,
3219 3845 3301 3888 et
3360 3841 3525 3892 inde
3559 3851 3619 3893 te
3661 3857 3764 3893 re-

2003 3929 2192 3985 vocabo
2225 3927 2282 3979 in
2316 3924 2494 3991 linem.
2531 3921 2666 3986 Quis
2717 3928 2804 3973 est
2857 3921 3007 3984 iste,
3073 3923 3190 3989 qui
3262 3926 3518 3983 facms
3555 3942 3661 3984 es,
3704 3933 3764 3984 in

2003 4029 2214 4089 gentem
2271 4025 2520 4081 inagnam
2552 4011 2606 4063 in
2634 4008 2869 4076 Egypto
2894 4046 2911 4072 ,
2953 4018 3017 4062 et
3046 4009 3110 4063 in
3171 4014 3341 4070 line
3408 4032 3768 4076 revocatus

2003 4107 2123 4162 est?
2156 4103 2423 4169 Quantum
2456 4099 2524 4152 ad
2549 4097 2715 4151 Iacob
2753 4096 2886 4149 illud
2947 4110 3230 4167 spectat,
3279 4107 3386 4162 de
3426 4127 3578 4180 quo
3637 4114 3770 4166 dici

2006 4203 2245 4266 putatur,
2277 4205 2382 4246 non
2413 4188 2681 4242 videbitur
2704 4199 2824 4240 esse
2858 4200 3096 4245 verum.
3133 4190 3302 4250 Non
3343 4203 3545 4256 enim
3582 4219 3770 4259 ι-εγο.

2006 4295 2159 4341 catus
2191 4292 2274 4336 est
2302 4283 2352 4334 in
2378 4279 2536 4336 linem
2568 4278 2635 4331 de
2656 4275 2917 4345 Egypto,
2946 4279 3183 4348 Quippe
3218 4291 3366 4353 qui
3403 4293 3776 4349 defunctus

2009 4376 2062 4428 ίη
2095 4373 2324 4440 Αῖεγριο
2357 4376 2458 4422 est.
2487 4365 2794 4419 Absurdum
2827 4373 3020 4418 autem
3049 4369 3200 4434 erit,
3255 4376 3332 4428 si
3382 4383 3550 4447 quis
3597 4385 3663 4438 in
3697 4400 3773 4438 eo

371 4453 871 4545 ululantia“
901 4453 1165 4541 scaenica
1208 4485 1315 4538 lilio
1346 4481 1566 4550 Ioseph,
1591 4479 1750 4533 Israel
1773 4479 1906 4532 dici-
1939 4461 1982 4514 D
2014 4471 2318 4517 revocatum
2345 4457 2476 4550 dici}
2515 4470 2545 4507 a
2574 4455 2684 4550 Pe?
2716 4453 2909 4550 Iacob,
2945 4457 3090 4523 quia
3128 4475 3418 4533 corpus
3462 4474 3616 4540 eius
3673 4494 3776 4531 τε,

373 4591 482 4634 tur.
520 4581 587 4634 Et
616 4594 735 4633 cum
774 4584 1030 4630 convocat
1063 4575 1199 4629 tilios
1241 4588 1365 4627 suos
1387 4614 1401 4638 ,
1434 4572 1563 4626 dicit
1596 4571 1640 4601 “
1667 4587 1680 4622 :
1711 4569 1908 4621 Conve-

375 4672 480 4723 nite
509 4675 566 4720 ut
594 4666 892 4720 annuntiem
925 4663 1067 4716 vobis
1104 4700 1120 4725 ,
1149 4678 1264 4731 qua:
1311 4662 1538 4714 evenient
1566 4659 1701 4712 vobis
1731 4658 1783 4708 in
1818 4672 1910 4707 no-

377 4758 598 4812 vissimis
623 4756 820 4807 diebus.
864 4753 1274 4821 Congregamini,
1312 4752 1409 4818 ﬁlii
1443 4749 1625 4809 Iacob,
1655 4756 1700 4798 et
1735 4744 1910 4796 audite

379 4847 551 4902 Israel
575 4855 772 4912 patrem
803 4855 1044 4898 uestrum.
1071 4842 1175 4896 Sed
1205 4843 1429 4894 fortasse
1458 4837 1714 4905 requires,
1745 4848 1912 4901 quare

382 4937 476 4991 lilii
515 4933 678 4989 Iacob
723 4934 991 4996 dicuntur,
1031 4933 1120 5000 qui
1174 4931 1535 4990 conveniunt;
1577 4924 1736 4977 Israel
1786 4936 1914 4974 vero

381 5025 596 5088 dicitur,
632 5022 720 5091 qui
751 5021 1019 5075 benedieit
1043 5035 1154 5074 eos.
1190 5019 1322 5073 Vide
1351 5031 1418 5070 ne
1457 5014 1592 5067 forte
1641 5011 1741 5063 hoc
1773 5009 1910 5062 imii-

383 5124 553 5176 cetur,
581 5114 719 5183 quod
743 5112 816 5165 illi
862 5111 1094 5165 nondum
1119 5125 1183 5164 eo
1229 5121 1395 5174 usque
1429 5101 1766 5171 profecerant
1790 5137 1805 5159 ,
1859 5107 1916 5150 ut

316 5276 320 5280 δ
384 5203 550 5260 Israel
601 5203 804 5256 meritis
835 5209 1189 5270 aequarentur.
1236 5197 1302 5250 Et
1328 5195 1448 5248 ideo
1479 5189 1554 5243 illi
1608 5187 1699 5241 lilii
1752 5185 1921 5240 Iacob.

319 5331 323 5368 ρ
387 5294 644 5348 dicuntur
683 5302 934 5359 tauquam
989 5287 1306 5346 inferiores,
1356 5281 1444 5334 ille
1495 5292 1626 5331 vero
1671 5277 1762 5344 qui
1809 5274 1917 5340 jam

319 5365 323 5382 ἶ
388 5383 660 5451 perfectus
681 5391 821 5445 erat,
851 5389 904 5434 et
932 5377 1329 5433 benedictiones
1350 5371 1646 5424 futurorum
1672 5365 1922 5418 conscius

461 5498 504 5528 "
527 5496 721 5550 Genes.
760 5510 927 5553 xuii.
974 5493 1066 5546 28.
1172 5489 1216 5519 ⁵⁸
1245 5488 1438 5541 Genes.
1466 5497 1610 5553 χχχι)
1638 5479 1726 5532 ἓξ).

394 5565 438 5594 ⁸⁸
482 5565 632 5625 ibid.,
663 5562 753 5614 ‘29.
862 5563 906 5593 “
940 5562 1130 5614 Genes.
1159 5573 1306 5619 XLIX,
1341 5555 1391 5606 I.

393 5647 546 5694 sxnt,
571 5633 657 5689 II.
767 5630 810 5662 ⁸⁸
858 5629 1050 5683 Genes.
1077 5641 1217 5688 χωί,
1248 5625 1298 5676 5.

464 5722 536 5791 (ι)
566 5721 711 5789 Mss,
746 5722 887 5790 facti,-
913 5721 1060 5786 editi,
1089 5719 1302 5787 pictam.

1836 5479 1878 5510 ³⁸
1911 5480 2044 5536 ibid.
2073 5485 2160 5537 52.

1504 5551 1547 5582 ⁸⁸
1574 5551 1768 5603 Cenes.
1810 5562 1926 5598 XLVI
1955 5587 1969 5611 ,
2001 5551 2054 5606 ὅ.

1408 5623 1451 5654 ⁸³
1481 5620 1662 5674 Matth.
1695 5629 1822 5678 χιιι,
1861 5615 1948 5670 3i.

2014 4559 2276 4622 portatum
2308 4549 2409 4601 est.
2438 4546 2588 4612 Quod
2623 4547 2667 4598 si
2700 4545 3029 4611 recipiatur,
3085 4565 3216 4604 non
3282 4562 3442 4615 erit
3510 4581 3744 4621 verum

2014 4642 2154 4708 quod
2192 4640 2331 4691 Deus
2363 4653 2465 4690 non
2496 4645 2569 4688 est
2605 4634 2738 4686 Deus
2769 4645 3130 4690 mortuorum
3170 4647 3304 4698 sed

2015 4731 2132 4786 Non
2155 4743 2282 4797 ergo
2312 4727 2565 4819 convenit
2589 4726 2690 4819 hoc
2719 4725 2783 4776 de
2823 4738 3069 4790 corpore
3101 4745 3409 4797 mortuo
3459 4746 3750 4819 intelligi

2017 4823 2114 4876 sed
2157 4834 2316 4886 super
2343 4818 2478 4872 vivis
2506 4828 2563 4870 et
2593 4816 2906 4884 vigentibus
2947 4791 3786 4902 approba

2019 4927 2184 4980 ergo,
2217 4924 2284 4964 ne
2331 4909 2491 4972 forte,
2521 4907 2604 4962 vel
2639 4908 2852 4961 Domini
2902 4909 3394 4983 descendentis
3464 4933 3538 4988 in
3601 4939 3784 4995 hunc

2020 5005 2271 5056 mundum
2297 5008 2352 5054 et
2376 4999 2427 5052 in
2462 5006 2672 5065 gentem
2703 5011 2986 5064 magnam,
3057 5003 3183 5060 huc
3218 5025 3358 5068 est
3406 5022 3484 5077 in
3553 5027 3790 5083 Eccle-

2021 5095 2152 5147 siam
2174 5107 2237 5145 ex
2271 5089 2522 5157 gentibus
2551 5087 2676 5140 lacti
2705 5087 2805 5154 (I),
2861 5099 3216 5150 consumma
3231 5103 3504 5181 lisque
3563 5124 3790 5176 omni-

2022 5186 2122 5239 bus
2150 5183 2216 5236 ad
2243 5181 2457 5235 Patrem
2491 5179 2727 5245 regressi
2754 5194 2770 5242 ;
2821 5178 2910 5232 vel
2943 5189 3346 5255 proloplasti
3377 5178 3482 5260 —in
3531 5209 3671 5266 hoc
3714 5216 3792 5268 ti-

2025 5289 2162 5345 gnra
2203 5272 2500 5334 formetur,
2553 5269 2644 5337 qui
2680 5269 2733 5322 in
2774 5284 2985 5340 agones
3028 5275 3412 5346 descendit
3458 5299 3531 5352 in
3573 5301 3793 5356 divv-

2025 5374 2196 5433 ptum,
2230 5379 2347 5419 cum
2377 5361 2442 5413 de
2488 5360 2723 5427 paradisi
2772 5363 2994 5420 deliciis
3049 5367 3318 5434 eiectus
3359 5422 3385 5434 ,

2269 5391 2347 5416 tuu
2377 5391 2442 5413 ιιυ
2488 5391 2723 5427 pandunt
2772 5391 2994 5420 ucuuua
3049 5391 3318 5434 CJCCIUS
3359 5422 3385 5449 ,
3439 5391 3534 5444 ad
3590 5396 3793 5464 hujus

2269 5480 2313 5512 σο
2347 5477 2543 5531 Cenes.
2576 5491 2775 5540 nam,
2808 5480 2896 5532 10.
3033 5482 3082 5515 ⁸³
3114 5483 3385 5540 Genes_
3453 5520 3653 5540 πη..-
3720 5515 3763 5540 ο

2164 5552 2207 5584 ου
2234 5501 2981 5611 ίιιίιιῗῗὲἶ⁶ἰῗ³³ῗέη²¹ἕοι
3023 5501 3098 5608 ,ξὲ
3114 5501 3388 5620 ῗθῗὲῗ·
3450 5515 3789 5638 ⁸¹εξ¹ςίοξο
