3922 6232
241 361 328 438 9X6

1492 401 1555 454 IN
1595 398 1890 455 GENESIM
1930 395 2207 453 llOMlLlA
2244 398 2378 452 XVI.

3415 401 3525 453 218

257 495 422 562 {nuntii
455 493 662 549 labores
715 505 1196 575 mrumnasque
1249 514 1536 570 deducitur
1563 554 1579 579 ,
1622 514 1888 582 proposito
1918 519 1962 570 Α
1994 511 2207 564 duceret
2235 510 2484 579 papulum
2515 509 2737 562 adorare
2768 525 2874 575 eas,
2903 522 2954 565 et
2986 528 3076 580 per
3111 513 3212 566 hoc
3240 512 3382 566 velut
3414 515 3520 565 im-

279 592 363 654 εῑδὶ
401 604 511 645 0m“
555 593 803 654 serpente
832 598 1251 667 certamine,
1287 619 1412 657 cum
1451 605 1642 658 dicitur
1673 605 1756 656 '°:
1814 602 1889 655 Tu

290 685 409 740 illi!!!
444 677 716 733 οδδετυαδί³
743 684 943 742 caput,
980 695 1040 734 et
1080 687 1220 753 ipse
1275 701 1426 744 tuum
1466 693 1748 745 observabit
1783 695 1891 744 cal-

305 786 523 834 cuneum;
551 775 602 822 et
644 768 840 820 iterum
870 783 1026 823 cum
1071 779 1158 830 ad
1218 782 1508 835 mulierem
1559 782 1754 834 dicitur
1798 781 1885 831 “z

310 865 410 932 quia
429 876 604 930 ponam
632 858 953 912 inimicitias
988 863 1164 919 inter
1197 878 1253 922 te
1286 881 1334 923 et
1364 872 1550 938 ipsum,
1583 880 1630 923 et
1653 870 1786 924 inter
1813 886 1892 922 se-

310 966 409 1002 men
438 959 570 1001 tuum
601 958 646 1000 et
702 963 877 1000 semen
919 948 1128 1009 illius.
1173 957 1296 1012 Nec
1341 969 1518 1012 tamen
1566 972 1658 1012 eos
1706 959 1757 1010 in
1790 958 1891 1011 hoc

313 1039 582 1094 certamine
613 1039 820 1108 positos
857 1039 1098 1117 deserit
1137 1047 1291 1101 Deus
1325 1087 1340 1111 ,
1401 1048 1492 1101 sed
1543 1061 1754 1114 semper
1808 1056 1892 1101 est

310 1143 422 1184 cam
445 1130 589 1197 ipsis.
613 1128 937 1198 Complacet
977 1131 1042 1185 in
1077 1135 1252 1200 Abel,
1284 1137 1510 1204 corripit
1548 1135 1701 1192 Cain.
1732 1134 1888 1188 Invo-

309 1231 460 1276 eatus
481 1223 628 1276 adest
657 1221 870 1276 Euoch.
927 1221 1062 1277 Noe
1110 1227 1344 1279 mandat
1394 1228 1446 1279 in
1481 1226 1676 1281 diluvio
1707 1241 1888 1279 arcam

306 1311 498 1364 salutis
522 1321 826 1365 exstruere.
860 1312 1163 1367 Abraham
1198 1315 1414 1369 deducit
1444 1315 1510 1369 de
1533 1316 1689 1369 domo
1724 1317 1889 1382 patris

303 1400 388 1452 sui
421 1411 481 1453 et
500 1401 564 1454 de
589 1401 922 1470 cognatione
975 1417 1105 1457 sua.
1146 1403 1298 1458 Isaac
1326 1413 1378 1458 et
1409 1402 1576 1458 Jacob
1602 1405 1888 1469 benedicit,

302 1490 455 1542 ﬁlios
482 1490 642 1542 Israel
665 1490 852 1544 educit
883 1505 955 1543 ex
985 1491 1231 1561 Egypto
1253 1495 1320 1544 ⁷³.
1345 1493 1448 1547 Per
1473 1493 1690 1563 Moysen
1721 1493 1887 1559 legem

298 1580 507 1635 litteris
532 1581 722 1634 scribit
743 1619 759 1644 ,
807 1597 906 1650 per
943 1583 1244 1650 prophetas
1273 1597 1392 1651 qua:
1418 1584 1635 1637 deerant
1666 1583 1846 1651 implet
1871 1622 1886 1648 ,

296 1669 413 1724 hoc
438 1679 527 1724 est
557 1686 677 1725 esse
702 1686 827 1725 cum
855 1671 941 1726 eis
970 1673 1025 1724 in
1064 1671 1321 1742 Egypto.
1353 1672 1502 1738 Quod
1528 1683 1702 1726 autem
1725 1675 1884 1728 dicit:

295 1759 585 1814 Revocabo
625 1773 675 1814 te
699 1763 824 1814 inde
856 1763 912 1814 in
947 1763 1110 1830 ﬁnem
1131 1803 1146 1827 ,
1176 1765 1277 1816 hoc
1306 1773 1406 1830 est,
1447 1765 1713 1828 arbitror,
1753 1766 1890 1819 sicut

1989 601 2174 667 positis
2199 601 2443 653 manibus
2459 600 2865 653 suisexcmcavit
2881 610 2932 654 et
2955 601 3140 654 clausit
3161 602 3341 656 oculos
3357 601 3518 655 Israel

1991 703 2057 741 ne
2083 689 2320 741 viderent
2347 687 2676 754 impietatem
2703 703 2872 753 suam,
2900 689 2964 740 de
2990 703 3093 754 quo
3122 691 3317 743 dictum
3345 701 3424 744 est
3447 694 3514 745 ἠε

1988 777 2210 843 Propter
2237 777 2544 843 impietatem
2565 777 2726 829 Jacob
2755 778 2862 829 licet:
2889 779 3079 842 omnia,
3101 788 3146 829 et
3177 789 3380 845 prapter
3398 797 3518 847 pec-

1988 873 2158 916 catum
2185 863 2367 916 domus
2403 863 2583 915 Israel.
2640 863 2770 927 ρυω
2816 875 2984 916 autem
3036 863 3272 930 impietas
3307 864 3517 919 Jacobi

1991 945 2177 1000 Nonne
2209 945 2496 1000 Samaria?
2521 948 2624 1001 Sed
2656 949 2700 1001 si
2729 949 2849 1016 quis
2877 949 3015 1002 forte
3040 959 3194 1018 neget
3225 950 3413 1004 debere
3455 966 3517 1005 ea

1989 1047 2106 1101 quae
2138 1036 2238 1088 sub
2276 1035 2454 1102 specie
2493 1035 2704 1104 pietatis
2751 1037 2994 1088 lutura-a
3029 1036 3140 1088 Deo
3197 1037 3336 1090 dicta
3372 1047 3518 1101 sunt,

1989 1125 2054 1177 ad
2113 1135 2316 1192 partem
2369 1125 2770 1192 vituperabilem
2810 1125 2988 1190 ﬂecti,
3033 1127 3267 1182 dicemus
3306 1129 3428 1196 quia
3467 1138 3523 1182 et

1987 1224 2145 1264 verus
2177 1210 2374 1278 Josepb
2424 1211 2676 1265 Dominus
2708 1220 2764 1264 et
2818 1211 3064 1265 Salvator
3102 1220 3282 1264 noster
3311 1250 3327 1274 ,
3381 1212 3523 1264 sicut

1988 1301 2320 1370 corporalem
2347 1316 2560 1354 manum
2593 1315 2744 1353 suam
2772 1300 2950 1368 posuit
2975 1313 3133 1366 super
3161 1298 3344 1353 oculos
3368 1301 3519 1361 cruci,

1987 1399 2040 1444 et
2100 1390 2327 1444 reddidit
2374 1390 2423 1443 ei
2492 1391 2662 1462 visum
2733 1403 2890 1457 quem
2951 1389 3256 1458 perdiderat
3291 1389 3381 1453 ⁸ος
3448 1389 3520 1442 ita

1987 1479 2146 1534 etiam
2177 1478 2443 1546 spiritales
2475 1493 2663 1531 manus
2710 1491 2836 1532 suas
2896 1479 3074 1546 posuit
3123 1492 3281 1546 super
3336 1477 3520 1532 oculos

1987 1567 2119 1636 legis
2143 1568 2232 1636 qui
2249 1582 2343 1635 per
2359 1567 2686 1635 corporalem
2706 1567 3108 1635 intelligentiam
3137 1568 3443 1622 Scribarum
3465 1579 3520 1621 et

1987 1658 2371 1711 Pharisaeorum
2392 1658 2601 1711 fuerant
2617 1659 2886 1721 excaecati,
2907 1667 2960 1712 et
2977 1659 3204 1712 reddidit
3229 1661 3306 1712 eis
3322 1662 3520 1724 visum,

1992 1756 2048 1799 ut
2067 1747 2147 1800 his
2162 1747 2352 1814 quibus
2369 1745 2540 1812 aperit
2557 1747 2809 1800 Dominus
2827 1746 3150 1814 Scripturas,
3170 1749 3440 1816 spiritales
3465 1749 3518 1801 in

294 1852 562 1914 superius
589 1851 847 1915 dicimus,
890 1855 1038 1919 quod
1070 1853 1122 1904 in
1151 1853 1255 1906 line
1289 1855 1601 1907 saeculorum
1637 1857 1877 1924 unigeni-

1987 1836 2100 1904 lege
2116 1837 2255 1889 visus
2271 1847 2322 1889 et
2340 1836 2638 1889 intellectus
2658 1838 2861 1902 aperiat
2879 1834 2980 1906 (2).
3022 1838 3196 1904 Atque
3229 1837 3432 1890 utinam
3465 1845 3520 1890 ct

295 1946 392 1991 tus
421 1938 600 1993 Filius
629 1940 751 2008 ejus
783 1954 889 2008 pro
931 1940 1111 1994 salute
1145 1942 1330 1994 mundi
1362 1957 1526 2010 usque
1567 1943 1628 1994 ad
1675 1942 1880 1997 inferna

295 2029 620 2090 descendit,
683 2036 740 2081 et
792 2029 920 2082 inde
952 2029 1345 2096 proleplastum
1387 2033 1673 2085 revocavit.
1731 2032 1881 2096 Quod

294 2115 454 2169 enim
492 2116 635 2170 dixit
672 2117 743 2170 ad
800 2117 1077 2171 latronem
1109 2119 1194 2171 ἠε
1249 2119 1415 2174 Hodie
1465 2137 1660 2174 mecum
1700 2123 1798 2174 eris
1827 2125 1883 2176 in

290 2207 601 2272 paradiso,
643 2207 752 2259 hoc
787 2221 897 2260 non
923 2207 999 2260 illi
1047 2208 1144 2261 soli
1174 2209 1394 2273 dictum,
1425 2210 1516 2262 sed
1548 2219 1600 2262 et
1638 2211 1882 2265 omnibus

295 2297 518 2350 sanctis
550 2297 828 2364 intelligo,
858 2313 960 2365 pro
986 2298 1181 2366 quibus
1206 2299 1254 2350 in
1287 2298 1491 2351 inferna
1517 2301 1880 2356 descenderat.

294 2384 354 2437 In
393 2385 501 2439 hoc
537 2401 674 2456 ergo
705 2388 894 2440 verius
929 2402 1090 2454 quam
1151 2387 1202 2438 in
1252 2386 1413 2441 Jacob
1466 2378 1880 2457 adimplebitur,

292 2475 446 2542 quod
481 2476 692 2528 dictum
723 2485 826 2537 cst,
862 2477 990 2543 quia
1025 2475 1274 2530 revocabo
1302 2485 1349 2529 te
1386 2478 1506 2530 inde
1537 2479 1588 2531 in
1622 2480 1796 2546 ﬁnem.

367 2563 428 2615 6.
462 2564 571 2616 Sed
613 2573 670 2618 et
706 2564 1089 2632 unusquisque
1149 2573 1389 2618 nostrum
1444 2567 1628 2619 eodem
1675 2567 1880 2635 ordine,

295 2663 472 2721 atque
504 2655 708 2707 eadem
743 2655 860 2719 via,
897 2655 1190 2723 Egyptum
1221 2662 1272 2708 et
1299 2669 1495 2723 agones
1532 2658 1684 2725 102
1710 2657 1884 2727 ingre-

296 2741 480 2804 ditur,
507 2751 562 2794 et
597 2743 645 2794 si
697 2751 982 2795 mereatur
1013 2753 1073 2794 ut
1103 2743 1243 2796 Deus
1277 2757 1486 2812 semper
1513 2754 1728 2799 maneat
1760 2762 1880 2801 cum

295 2845 387 2892 eo,
449 2833 615 2885 t‘aeiet
649 2847 777 2885 eum
822 2834 879 2885 in
934 2841 1152 2902 gentem
1204 2848 1478 2902 magnam.
1526 2835 1713 2904 Magna
1740 2839 1880 2891 enim

295 2935 440 2989 gens
470 2932 558 2974 est
591 2922 864 2974 virtutum
894 2936 1155 2975 numerus
1183 2931 1235 2974 et
1254 2921 1475 2990 justitiae
1501 2925 1804 2990 multitudo,
1831 2929 1881 2980 in

297 3026 409 3075 qua
443 3013 623 3064 sancti
653 3011 867 3079 quique
894 2999 1239 3076 multiplicari
1267 3012 1516 3066 dicuntur
1538 3023 1591 3067 et
1617 3029 1878 3070 crescere.

294 3100 624 3167 Completur
654 3100 708 3151 in
743 3115 810 3152 eo
851 3100 1019 3152 etiam
1055 3100 1178 3151 illud
1209 3102 1350 3167 quod
1382 3101 1578 3155 dictum
1619 3113 1719 3167 est,
1757 3106 1877 3172 quia
1907 3127 1953 3184 ο

298 3189 554 3241 remeabo
598 3196 649 3240 te
679 3188 804 3240 inde
833 3189 887 3240 in
921 3189 1103 3254 finem.
1139 3188 1286 3242 Finis
1341 3191 1482 3243 enim
1519 3191 1776 3259 perfectio
1802 3210 1885 3249 re-

297 3295 419 3331 rum
459 3289 517 3333 et
546 3281 824 3332 virtutum
860 3278 1256 3332 consummatio
1281 3280 1519 3345 ponitur.
1542 3279 1885 3348 Propterhoc

295 3367 536 3433 denique
569 3375 628 3418 et
660 3367 806 3419 alius
833 3366 1060 3432 quidam
1096 3373 1403 3418 sanctorum
1443 3366 1655 3422 dicebat
1683 3370 1767 3420 τις
1803 3369 1885 3425 Ne

295 3468 502 3507 more:
533 3471 616 3507 me
671 3457 728 3506 in
761 3455 986 3506 dimidio
1037 3453 1238 3506 dierum
1278 3471 1528 3508 meorum.
1583 3456 1645 3510 Et
1689 3459 1881 3513 iterum

295 3559 494 3608 ωειςηο
517 3543 858 3611 patriarchae
903 3544 1177 3596 Abraham
1209 3544 1485 3611 Scriptura
1521 3547 1882 3600 testimonium

295 3633 547 3699 perhibet
577 3633 650 3691 ⁷⁸,
684 3633 948 3699 quoniam
976 3631 1264 3686 defunctus
1289 3644 1372 3686 est
1396 3635 1663 3687 Abraham
1700 3636 1883 3704 plenus

294 3721 531 3773 dierum.
570 3719 695 3772 Hoc
725 3729 812 3772 est
843 3733 977 3786 ergo
1004 3719 1050 3750 ⁷⁸
1071 3737 1086 3772 :
1110 3719 1376 3772 Revocabo
1408 3731 1455 3773 te
1483 3723 1600 3774 inde
1621 3724 1675 3774 in
1702 3725 1882 3790 linem;

293 3809 444 3860 velut
459 3809 506 3861 si
531 3809 749 3861 diceret
772 3827 786 3860 :
807 3807 1076 3871 Quoniam
1101 3819 1375 3862 certamen
1407 3808 1604 3862 bonum
1633 3815 1880 3878 certasti,

293 3895 462 3948 ﬁdem
501 3896 770 3957 servasti,
805 3910 1029 3948 cursum
1059 3899 1448 3951 consummasti
1474 3937 1488 3961 ,
1540 3902 1802 3953 revocabo
1831 3909 1882 3953 te

282 3982 400 4051 jam
449 3983 520 4037 de
556 3984 667 4037 hoc
713 3984 955 4044 mundo,
989 3984 1054 4037 ad
1102 3985 1495 4039 beatitudinem
1527 3988 1782 4053 futuram,
1814 3990 1881 4042 ad

282 4069 700 4138 perfectionem
750 4071 876 4122 vitae
928 4079 1185 4135 aeternae,
1235 4073 1302 4124 ad
1327 4074 1549 4141 iustitiae
1589 4091 1839 4130 coronam
1865 4117 1879 4141 ,

282 4174 460 4226 quam
489 4159 688 4211 reddet
719 4159 979 4212 Dominus
1006 4160 1060 4212 in
1087 4159 1245 4214 tinem
1277 4162 1590 4217 saeculorum
1634 4167 1881 4220 omnibus

283 4251 378 4316 qui
413 4248 663 4315 diligunt
687 4260 833 4302 eum.

353 4361 408 4414 7.
441 4358 756 4412 Videamus
789 4367 974 4408 autem
1006 4357 1135 4422 quid
1171 4364 1336 4410 etiam
1375 4358 1502 4413 inde
1540 4361 1875 4414 sentiendum

284 4448 354 4501 sit
375 4447 528 4516 quod
565 4446 709 4500 dicit
738 4445 821 4498 ’τε
861 4444 931 4496 Et
952 4443 1151 4512 Joseph
1186 4455 1340 4512 ponet
1369 4462 1548 4498 manus
1577 4464 1696 4499 suas
1725 4466 1880 4516 super
1911 4428 1952 4480 D

283 4540 461 4592 oculos
516 4548 672 4589 tuos.
732 4535 900 4587 Multa
937 4534 1157 4600 quidem
1221 4534 1365 4584 intra
1420 4533 1573 4600 hujus
1611 4541 1874 4593 sermonis

282 4629 533 4681 velamen
571 4639 802 4678 arcana:
845 4621 1221 4690 intelligentiae
1253 4622 1466 4686 contegi
1507 4624 1738 4678 arbitror
1785 4642 1873 4679 sa-

281 4725 591 4775 cramenta,
633 4727 760 4779 qua:
789 4711 1114 4775 contingere
1141 4717 1195 4760 et
1225 4707 1441 4775 pulsare
1470 4709 1687 4765 alterius
1744 4722 1875 4767 tem-

284 4807 427 4868 poris
457 4814 572 4856 est.
609 4799 772 4853 Nunc
817 4798 1043 4850 interim
1085 4810 1193 4848 non
1233 4795 1502 4848 videbitur
1552 4800 1748 4868 absque
1794 4817 1879 4855 ra-

277 4893 416 4948 tione
445 4893 592 4953 dici,
643 4890 792 4956 quod
830 4896 888 4939 et
923 4886 1208 4953 prioribus
1241 4886 1443 4937 nostris
1473 4887 1775 4952 quibusdam
1803 4893 1880 4945 vi-

276 4993 380 5035 sum
413 4991 530 5045 est,
568 4976 930 5046 prophetiam
975 4973 1283 5039 quamdam
1334 4973 1387 5024 in
1421 4973 1518 5027 hoc
1545 4976 1876 5046 designatam

274 5071 484 5123 videri:
524 5068 796 5135 quoniam
855 5062 1096 5130 quidem
1156 5061 1223 5113 de
1259 5061 1400 5114 tribu
1431 5059 1616 5131 Joseph
1658 5068 1760 5122 fuit
1789 5069 1879 5124 Je-

272 5161 494 5211 roboam
518 5157 589 5219 ⁷⁸,
626 5155 722 5208 ille
750 5154 848 5220 qui
897 5150 1044 5202 fecit
1075 5148 1218 5200 duas
1249 5163 1432 5202 vaccas
1469 5165 1675 5219 aureas,
1715 5169 1773 5210 ut
1794 5172 1877 5212 se-

1007 5306 1060 5338 "
1103 5304 1240 5356 ibid.
1341 5305 1381 5334 τ’
1411 5305 1554 5364 Exod.
1582 5329 1711 5368 xtv.

271 5381 313 5409 τε
343 5382 526 5438 Cenes.
557 5369 874 5445 “VIp-5.“
905 5373 1002 5445 _""
1034 5371 1176 5445 ibid.
1213 5369 1394 5445 u’flll
1429 5375 1538 5445 lleg.
1575 5396 1685 5435 xu.

271 5449 312 5480 ’³
335 5434 500 5506 una;
529 5434 632 5514 xx,
660 5434 724 5500 2'.
819 5437 876 5469 ⁸⁸
905 5436 1106 5490 Exod.
1138 5434 1365 5492 1,4244.

315 5546 384 5615 (ε)
415 5545 512 5615 δίο
563 5554 758 5615 mss:
810 5534 1009 5615 alter:
1057 5524 1505 5615 εκμεῑιέίτηίέεῖῖῖξίηυε
1530 5535 1866 5605 Scriptura:

244 5592 523 5674 ερεὶξὶηῑέὶ,
563 5592 647 5660 ’ὲᾶ
685 5592 830 5674 leae-
849 5599 1009 5674 πνίξαε
1050 5601 1107 5674 εξ
1151 5592 1404 5674 ξῑτέέέἶεςὲηε
1435 5592 1720 5667 "vimen?-

403 5663 594 5743 Ᾰιῐξις,
635 5663 969 5737 «καίριον-ἔα
1009 5666 1096 5712 est
1138 5663 1190 5706 et
1214 5665 1414 5722 potestas.

340 5312 387 5345 ’⁸
413 5311 614 5368 Cenes.
657 5327 749 5374 ut,
781 5309 882 5363 15.

1822 5317 1868 5387 τε
1894 5317 2026 5387 Luc.
2065 5337 2217 5387 ηιιι,
2245 5323 2334 5376 45.

1800 5384 1844 5414 "
1891 5385 2050 5443 Mich.
2091 5406 2129 5455 ι,
2157 5384 2209 5444 5.

1981 1927 2131 1980 nobis
2150 1927 2349 1994 injiciat
2367 1926 2616 1979 Dominus
2631 1925 2783 1979 Jesus
2800 1942 2986 1981 manus
3003 1943 3125 1982 suas
3142 1941 3299 1994 super
3314 1928 3516 1990 oculos,

1979 2027 2034 2070 ut
2052 2017 2361 2083 incipiamus
2377 2026 2428 2068 et
2445 2030 2537 2069 nos
2554 2019 2813 2086 reSpicere
2829 2032 2928 2070 non
2946 2031 3006 2071 ea
3023 2031 3138 2085 quae
3150 2019 3410 2084 videntur,
3425 2018 3520 2072 sed

1979 2123 2097 2176 qua:
2119 2122 2222 2161 non
2239 2108 2521 2172 videntur;
2553 2117 2606 2161 et
2639 2109 2842 2176 aperiat
2873 2107 3025 2161 nobis
3054 2108 3175 2162 illos
3200 2109 3402 2171 oculos,
3427 2109 3518 2176 qui

1979 2213 2085 2251 non
2137 2198 2410 2251 intuentur
2460 2201 2736 2267 prmsentia
2763 2238 2779 2263 ,
2838 2201 2929 2253 sed
2963 2201 3140 2252 futura
3168 2235 3184 2260 ,
3232 2207 3286 2251 et
3321 2198 3522 2252 revelet

1986 2287 2141 2340 nobis
2162 2287 2338 2340 cordis
2362 2296 2657 2354 aspectum,
2685 2303 2790 2356 quo
2819 2287 2958 2341 Deus
2985 2289 3197 2341 videtur
3225 2288 3276 2340 in
3301 2288 3516 2353 spiritu,

1983 2389 2078 2443 per
2119 2377 2290 2444 ipsum
2328 2376 2611 2429 Dominum
2640 2375 2824 2429 .lesum
2846 2375 3146 2438 Christum,
3185 2377 3268 2429 cui
3301 2386 3382 2428 est
3407 2376 3520 2444 glo-

1983 2467 2060 2519 ria
2091 2473 2146 2520 et
2175 2465 2451 2533 imperium
2485 2464 2560 2535 (5)
2586 2466 2640 2518 in
2671 2465 2860 2519 saecula
2894 2458 3228 2520 saeculorum.
3259 2465 3457 2518 Amen.

2529 2571 2805 2626 HOMILIA
2836 2573 2972 2628 XVI.

1979 2684 2055 2738 De
2082 2701 2139 2738 eo
2168 2686 2304 2753 quod
2347 2687 2593 2753 scriptum
2621 2693 2694 2737 est
2724 2683 2766 2715 ⁸¹
2793 2699 2812 2737 :
2859 2702 2896 2753 t_
2910 2682 2975 2753 Et
3025 2692 3294 2752 acquisivit
3325 2685 3515 2753 Ioseph

2049 2750 2245 2807 omnem
2268 2750 2457 2805 terram
2473 2752 2837 2820 .«Egyptiorum
2863 2750 3162 2820 Pharaoni:
3186 2751 3518 2804 vendiderunt

2048 2824 2181 2876 enim
2209 2820 2443 2889 Afgyptii
2472 2818 2662 2889 terram
2713 2836 2862 2871 suam
2905 2818 3183 2889 Pharaoni.
3236 2820 3355 2887 quia
3383 2819 3519 2871 obti-

2049 2891 2157 2942 nuit
2187 2906 2269 2942 eos
2299 2888 2494 2956 fames,
2535 2899 2580 2940 et
2617 2888 2756 2954 facta
2813 2898 2884 2939 est
2929 2897 3066 2956 terra
3123 2888 3436 2949 Pharaonis,
3468 2896 3517 2939 et

2049 2954 2412 3025 populum'sibi
2433 2958 2484 3008 in
2501 2958 2788 3008 servitutem
2813 2954 3023 3025 redegit,
3047 2972 3078 3025 α
3097 2957 3306 3008 summis
3323 2956 3516 3022 ﬁnibus

2048 3023 2286 3093 Egyptii
2325 3040 2481 3091 usque
2506 3025 2572 3074 ad
2603 3038 2829 3076 summos
2855 3023 2982 3090 ﬁnes
3011 3023 3145 3090 ejus.
3177 3041 3197 3074 ι

2053 3115 2104 3167 1.
2137 3115 2440 3167 Secundum
2479 3111 2769 3180 Scriptura:
2818 3113 2972 3165 tidem
3018 3113 3192 3166 nullus
3239 3114 3518 3184 {Egyptius

1984 3203 2138 3257 liber.
2173 3203 2381 3256 Pharao
2415 3204 2554 3256 enim
2608 3201 2856 3270 pupulum
2888 3202 2988 3255 sibi
3017 3202 3068 3255 in
3095 3203 3405 3258 servitutem
3435 3218 3520 3255 re-

1985 3293 2145 3360 degit,
2175 3306 2272 3346 nec
2304 3292 2532 3358 aliquem
2566 3292 2707 3344 intra
2734 3290 3101 3361 Egyptiorum
3133 3291 3265 3346 fines
3292 3291 3519 3346 liberum

1983 3381 2283 3448 dereliquit,
2340 3381 2430 3434 sed
2473 3381 2524 3433 in
2566 3381 2709 3433 omni
2741 3392 2884 3433 terra
2918 3379 3132 3449 Egypti
3167 3382 3416 3448 adempta
3452 3384 3518 3434 li-

1984 3472 2165 3524 bertas
2214 3479 2314 3522 est.
2346 3469 2409 3520 Et
2433 3480 2712 3537 propterea
2738 3471 2874 3524 forte
2903 3471 3159 3537 scriptum
3190 3473 3334 3524 est"
3361 3490 3374 3525 :
3408 3470 3518 3540 Ego

1983 3575 2095 3612 sum
2119 3558 2370 3610 Dominus
2393 3557 2530 3609 Deus
2569 3570 2685 3610 tuus
2713 3560 2800 3626 qui
2832 3559 2991 3611 eduxi
3021 3568 3067 3610 te
3095 3559 3157 3611 de
3187 3569 3323 3612 terra
3351 3560 3519 3629 Egy-

1981 3651 2079 3718 pti,
2112 3651 2174 3702 de
2196 3650 2347 3702 domo
2371 3651 2644 3702 servitutis.
2673 3649 2832 3702 Facta
2867 3658 2948 3702 est
2981 3663 3106 3717 ergo
3127 3649 3390 3719 Egyptus
3424 3653 3516 3704 do-

1983 3753 2101 3792 mus
2129 3738 2415 3799 servitutis,
2451 3745 2526 3800 et,
2555 3737 2694 3804 quod
2727 3745 2807 3789 est
2852 3736 3115 3789 infelicius
3140 3775 3154 3799 ,
3207 3739 3517 3790 voluntariae

1981 3827 2276 3889 servitutis,
2329 3839 2450 3878 nam
2489 3827 2552 3878 de
2581 3823 2820 3876 llehraais
2867 3825 3109 3891 quamvis
3147 3825 3408 3878 referatur
3437 3826 3513 3897 (4)

1981 3916 2119 3984 quod
2161 3917 2210 3968 in
2239 3915 2546 3968 servitutem
2574 3913 2769 3966 redacti
2799 3915 2928 3976 sint,
2954 3923 3008 3967 et
3046 3915 3184 3981 quod
3203 3915 3387 3983 jugum
3423 3919 3516 3967 do-

1982 4006 2288 4058 minationis
2311 4012 2492 4072 erepta
2519 4003 2762 4056 libertate
2785 4003 3118 4069 pertulerint,
3151 4004 3409 4057 violenter
3435 4015 3515 4058 ta-

1981 4110 2101 4148 men
2136 4096 2202 4148 ad
2243 4096 2342 4149 hoc
2399 4102 2763 4146 memorantur
2810 4093 3042 4147 adducti.
3116 4093 3382 4163 Scriptum
3433 4104 3517 4149 est

1980 4183 2120 4234 enim
2153 4182 2219 4244 ⁸³,
2257 4181 2378 4248 quia
2431 4179 2663 4248 Αῐᾳῃριίἰ
2694 4179 3122 4234 abominabantur
3145 4182 3280 4248 ﬁlios
3320 4182 3512 4245 Israel,

1979 4280 2025 4323 et
2055 4285 2144 4338 per
2187 4271 2466 4338 potentiam
2510 4273 2857 4338 opprimebant
2898 4271 3133 4340 .ﬁgyptii
3170 4272 3306 4338 ﬁlios
3345 4271 3514 4324 Israel

1981 4359 2256 4422 violenter,
2285 4370 2330 4411 et
2355 4361 2641 4428 afﬂigebant
2672 4363 2826 4413 vitam
2849 4377 3026 4414 eorum
3057 4364 3109 4412 in
3141 4363 3377 4428 operibus
3410 4365 3508 4414 (lu-

1981 4447 2072 4508 ris,
2105 4451 2212 4496 luto
2240 4455 2286 4498 et
2315 4450 2474 4499 latere
2498 4486 2511 4509 ,
2557 4459 2602 4499 et
2633 4450 2866 4502 omnibus
2930 4452 3164 4517 aperibus
3208 4466 3323 4518 qua:
3366 4461 3514 4504 erant

1981 4535 2034 4586 in
2067 4536 2280 4601 campis,
2305 4536 2355 4586 in
2384 4537 2575 4602 quibus
2596 4540 2843 4592 omnibus
2870 4541 2921 4593 in
2950 4543 3264 4594 servitutem
3293 4555 3386 4595 eos
3423 4556 3511 4593 re-

1981 4623 2232 4690 digebant
2272 4638 2389 4677 cum
2424 4625 2494 4676 vi.
2521 4625 2737 4682 Intende
2760 4644 2888 4698 ergo
2913 4630 3215 4698 diligentius
3244 4632 3530 4698 quomodo.

1977 4709 2183 4764 llcbraei
2233 4714 2541 4766 scribuntur
2577 4713 2834 4770 violenter
2862 4718 2914 4770 in
2945 4719 3251 4771 servitutem
3286 4719 3531 4778 redacti,

1979 4799 2172 4865 quibus
2202 4803 2466 4856 naturalis
2494 4806 2667 4858 inerat
2693 4805 2932 4868 libertas,
2959 4820 3078 4874 qua:
3111 4821 3214 4857 non
3244 4806 3322 4860 eis
3353 4807 3531 4861 facile.

1981 4887 2060 4939 vel
2089 4902 2184 4955 per
2209 4889 2574 4958 deceptionern
2605 4893 2858 4961 aliquam,
2883 4895 2973 4947 sed
2997 4908 3114 4947 cum
3142 4895 3192 4945 vi
3220 4902 3510 4959 extorque-

1980 4976 2153 5029 batur.
2185 4976 2392 5031 Pharao
2422 4995 2550 5034 vero
2571 4981 2876 5049 Egyptium
2907 4981 3155 5050 populum
3204 4981 3378 5034 facile
3406 4983 3507 5035 sibi

1979 5065 2031 5118 in
2083 5069 2388 5121 servitutem
2420 5071 2658 5139 redegit,
2715 5087 2810 5125 nec
2837 5072 3091 5125 scribitur
3119 5071 3258 5138 quod
3305 5085 3424 5123 cum
3456 5071 3506 5122 vi

1979 5155 2078 5210 hoc
2107 5155 2311 5212 fecerit.
2338 5158 2607 5214 Proclives
2631 5161 2772 5213 enim
2825 5170 2951 5214 sunt
2979 5157 3218 5226 Egyptii
3247 5157 3314 5210 ad
3345 5158 3504 5224 dege-

2442 5324 2488 5356 “
2514 5323 2652 5377 Psal.
2699 5337 2772 5386 cr,
2799 5325 2886 5378 25.
2995 5325 3040 5356 "
3066 5326 3257 5376 Genes.
3293 5334 3418 5380 xxv,
3446 5321 3506 5374 5.

2318 5392 2362 5422 ⁸ο
2403 5389 2555 5446 .loan.
2588 5409 2663 5444 1x.
2771 5393 2814 5422 ⁸³
2844 5393 3036 5446 Cenes.
3062 5402 3223 5454 vau,
3253 5387 3322 5437 20
3348 5426 3363 5451 ,
3410 5389 3502 5468 2L

2042 5547 2117 5616 (4)
2152 5548 2315 5610 Alias,
2345 5550 2561 5616 legatur.
2590 5547 2726 5600 Infra
2761 5562 2915 5611 mss.,
2950 5548 3304 5599 memorantur
3337 5550 3518 5604 ad“...

1969 5618 2057 5668 eti.
2093 5616 2274 5683 Editi.,
2296 5625 2638 5668 memorantur
2661 5616 2875 5665 addicti.
