3922 6218
417 329 521 389 ΞΠ

1815 318 2125 378 ORIGENIS

3623 301 3733 354 εδδ

418 455 596 494 uerem
636 439 824 504 vitam,
851 447 905 492 et
956 438 1063 492 cito
1089 439 1151 490 ad
1184 452 1394 493 omnem
1429 437 1742 489 famulatum
1794 435 1940 487 deci-
1970 437 2014 490 Α
2042 433 2093 485 In
2117 447 2222 502 quo
2245 435 2426 502 utique
2455 445 2612 486 nemo
2646 433 2844 487 dixerit
2875 430 3144 485 Paulum
3170 424 3342 478 dure
3375 417 3607 485 egisse,
3635 417 3732 481 qui

419 533 552 583 dunt
578 528 851 583 vitiorum.
881 527 1106 596 Respice
1139 530 1202 581 ad
1231 530 1486 597 originem
1515 526 1748 595 generis,
1778 534 1828 578 et
1854 525 1938 577 in-

415 619 599 672 venies
626 616 765 684 quod
797 625 946 683 pater
967 630 1147 670 eorum
1173 615 1335 669 Cham
1362 656 1376 681 ,
1409 617 1497 682 qui
1547 615 1834 667 nuditatem
1863 614 1937 665 ri-

417 715 557 759 serat
590 707 757 772 patris
785 704 851 769 ⁸⁵,
884 705 1246 771 hujuscemodi
1278 706 1600 759 sententiam
1653 705 1842 757 meruit
1883 711 1940 756 ut

417 798 554 849 lilius
582 797 696 864 ejus
718 797 966 851 Chanaan
991 811 1180 850 servus
1207 803 1348 850 esset
1375 795 1631 848 fratribus
1659 794 1789 855 suis,
1836 808 1939 860 quo

417 887 465 934 in
494 897 561 937 eo
597 884 883 952 nequitiam
931 899 1138 937 morum
1174 893 1419 953 argueret
1446 884 1681 937 conditio
1708 883 1939 937 servitu-

415 975 500 1027 tis.
534 972 646 1027 Non
675 988 802 1042 ergo
829 973 1092 1027 immerito
1126 973 1507 1041 ignobilitatem
1534 973 1748 1039 generis
1778 972 1939 1024 deco-

416 1061 496 1113 lor
527 1061 812 1128 posteritas
838 1061 1101 1115 imitatur.
1131 1061 1335 1115 Hebraei
1361 1076 1485 1115 vero
1511 1060 1718 1114 etiamsi
1750 1062 1800 1113 in
1829 1075 1940 1113 ser-

414 1148 635 1202 vitutem
661 1150 991 1217 redigantur,
1011 1151 1214 1204 etiamsi
1235 1151 1566 1220 tyrannidem
1589 1151 1858 1219 patiantur
1874 1150 1940 1203 ab

414 1236 696 1305 JEgyptiis,
736 1237 992 1292 violenter
1012 1247 1065 1293 et
1091 1241 1403 1294 necessitate
1422 1240 1710 1308 patiuntur.
1734 1239 1940 1293 idcirco

414 1337 540 1390 ergo
569 1323 859 1379 liberantur
885 1327 949 1380 de
985 1326 1144 1382 domo
1199 1328 1469 1381 servitutis
1490 1366 1504 1391 ,
1539 1337 1590 1380 et
1634 1327 1698 1379 ad
1727 1327 1940 1380 liberta-

418 1419 520 1462 tem
554 1411 850 1478 pristinam,
885 1429 1045 1482 quam
1077 1414 1226 1468 inviti
1260 1416 1576 1479 amiserant,
1601 1426 1939 1469 revocantur.

418 1499 654 1569 Denique
675 1503 834 1556 etiam
857 1503 1049 1558 divinis
1071 1505 1272 1574 legibus
1300 1515 1522 1559 cavetur
1549 1506 1617 1570 ⁸⁸,
1647 1513 1704 1557 ιιι
1735 1505 1776 1558 si
1804 1505 1940 1558 forte

416 1590 612 1642 emerit
659 1591 781 1657 quis
805 1589 1082 1648 Hebraeum
1113 1607 1360 1662 puerum,
1391 1609 1493 1647 non
1525 1609 1644 1649 eum
1689 1603 1938 1662 perpetua

417 1678 669 1731 servitute
693 1680 980 1746 possideat,
1007 1683 1098 1735 sed
1129 1697 1221 1736 sex
1263 1683 1418 1736 annis
1451 1685 1651 1737 serviat
1677 1685 1751 1748 ei,
1777 1686 1941 1751 septi-

2042 521 2303 573 bominem
2333 522 2397 575 de
2418 519 2657 574 Ecclesia
2687 521 2848 587 ejecit
2877 529 2936 574 et
2985 517 3258 571 Satanw
3291 507 3581 562 tradidit.
3615 504 3728 556 Sed

2043 612 2092 662 in
2127 610 2270 663 illum
2293 611 2408 664 sine
2442 611 2602 664 dubio
2647 610 2806 678 culpa
2836 608 3136 668 refertur,
3177 601 3296 670 qui
3341 611 3465 667 pro
3493 595 3733 648 actibus

2041 702 2150 754 suis
2183 702 2377 754 meruit
2410 709 2466 753 ut
2499 714 2605 753 non
2641 699 2692 752 ei
2723 707 2870 752 esset
2903 699 2962 750 in
3003 692 3302 748 Ecclesia
3339 689 3563 749 locus,
3625 685 3731 737 sed

2043 789 2252 842 Satanas
2278 789 2545 841 consortio
2581 796 2887 840 mereretur
2938 782 3235 852 adjnngi.
3316 777 3412 830 Ita
3475 789 3628 843 ergo
3677 783 3734 829 et

2040 877 2257 946 Joseplt.
2289 893 2407 930 cum
2449 877 2579 930 nihil
2606 877 2849 931 Hebraea:
2889 875 3206 929 libertatis
3232 910 3251 934 ,
3293 868 3462 923 nihil
3501 865 3734 919 Israeli-

2045 971 2158 1023 tica
2183 970 2477 1022 nobilitatis
2516 970 2565 1022 in
2595 969 2868 1039 Egyptiis
2904 965 3339 1035 providisset,
3379 958 3573 1028 digna
3601 973 3735 1012 ser-

2041 1061 2170 1113 vitia
2207 1060 2365 1128 digno
2394 1060 2684 1112 dominatui
2732 1057 2991 1112 sociavit.
3041 1054 3180 1123 Ego
3211 1052 3423 1106 etiam
3473 1048 3736 1118 amplius

2043 1149 2238 1216 aliquid
2265 1151 2406 1203 dico.
2434 1150 2679 1203 invenies
2705 1157 2760 1201 et
2791 1149 2845 1200 in
2873 1145 3093 1199 divinis
3129 1139 3735 1210 tlispensationibus

2045 1240 2147 1292 tale
2182 1239 2379 1304 aliquid
2411 1249 2641 1306 gestum,
2687 1238 2744 1289 in
2789 1251 2855 1290 eo
2908 1235 3066 1302 quod
3113 1233 3285 1286 dicit
3336 1230 3597 1300 Moyses
3635 1229 3683 1260 ⁸⁸
3714 1242 3734 1280 :

2044 1327 2173 1378 Cum
2216 1327 2463 1379 divideret
2490 1325 2740 1378 Excelsae
2772 1332 2955 1393 gentes
3012 1331 3068 1375 et
3102 1321 3540 1388 distingueret
3592 1319 3738 1385 fines

2042 1416 2289 1481 gentium,
2332 1413 2610 1466 secundum
2640 1426 2917 1464 numerum
2952 1408 3333 1476 angelorum
3391 1404 3512 1457 Dei
3546 1404 3736 1471 posuit

2043 1522 2151 1567 eas,
2188 1515 2236 1557 et
2266 1504 2404 1569 facta
2429 1513 2502 1555 est
2527 1518 2649 1569 pars
2683 1502 2895 1553 Domini
2922 1498 3135 1560 Jacob,
3176 1495 3524 1567 funiculus
3558 1495 3737 1548 here-

2043 1593 2224 1644 ditatis
2245 1592 2358 1659 ejus
2384 1589 2572 1643 Israel.
2606 1589 2770 1642 Vides
2812 1602 2949 1657 ergo
2972 1587 3290 1655 quoniam
3327 1600 3452 1654 pro
3502 1585 3736 1638 meritis

2045 1681 2328 1746 unicuique
2369 1679 2512 1748 genti
2567 1679 2881 1744 angelorum
2925 1678 3242 1731 statuitur
3312 1677 3732 1744 principatus,

415 1781 502 1819 mo
536 1781 662 1821 vero
693 1741 844 1823 anno
899 1741 1056 1824 exeat
1084 1771 1236 1826 liber.
1265 1773 1335 1826 De
1358 1771 1628 1842 Egyptiis
1677 1741 1804 1827 nihil
1839 1741 1940 1826 iale
1970 1741 2012 1798 Β
2043 1785 2166 1838 pars
2198 1777 2373 1821 autem
2401 1767 2608 1820 Domini
2636 1781 2769 1833 gens
2794 1765 3041 1818 efficitur
3073 1764 3282 1820 Israel
3313 1767 3336 1834 (
3365 1765 3476 1836 8).

414 1862 683 1919 censetur,
713 1871 811 1910 nec
839 1871 1057 1925 usquam
1089 1859 1264 1912 divina
1291 1860 1374 1914 lex
1399 1875 1576 1914 curam
1604 1862 1740 1929 gerit
1781 1862 1940 1914 liber-

417 1945 540 1997 tatis
567 1943 958 2014 Egyptiorum,
994 1948 1142 2017 103
1173 1949 1295 2017 quia
1324 1965 1441 2003 eam
1473 1961 1661 2019 sponte
1691 1950 1935 2016 perdide-

418 2046 537 2088 runt
568 2035 668 2106 (5),
690 2040 792 2091 ‘sed
816 2047 1014 2093 aeterno
1040 2055 1134 2094 eos
1174 2041 1501 2096 conditionis
1523 2042 1652 2108 jugo
1679 2057 1740 2095 ac
1772 2042 1909 2095 servi

416 2125 512 2178 tuti
540 2130 802 2194 perpetuze
853 2128 1192 2197 derelinquit.

482 2219 534 2270 2.
579 2216 702 2271 Haec
736 2233 862 2288 ergo
890 2221 935 2273 si
982 2219 1338 2289 intelligamus
1376 2223 1692 2289 spiritaliter
1717 2239 1832 2291 quae
1863 2223 1934 2277 sit

413 2305 780 2374 .Egyptiorum
829 2309 1104 2372 servitus,
1153 2312 1497 2378 agnoscimus
1552 2313 1676 2379 quia
1733 2313 1936 2366 servire

413 2394 675 2464 :Egyptiis
697 2411 800 2450 non
825 2396 966 2450 aliud
992 2406 1073 2451 est
1104 2413 1262 2466 quam
1298 2399 1582 2452 obnoxium
1609 2399 1720 2453 lieri
1748 2415 1937 2453 carna-

415 2483 551 2537 libus
573 2484 734 2550 vitiis,
759 2494 814 2537 et
835 2484 1156 2540 daemonibus
1187 2501 1306 2540 esse
1329 2487 1648 2554 subjectum.
1697 2489 1751 2541 ln
1795 2490 1935 2558 quod

415 2571 595 2637 utique
623 2586 1048 2640 unumquemque
1088 2588 1190 2626 non
1221 2574 1554 2628 extrinsecus
1582 2576 1721 2628 illata
1755 2590 1938 2629 neces-

414 2661 544 2714 sitas
573 2661 735 2728 cogit,
759 2661 848 2713 sed
878 2661 1132 2730 segnities
1161 2665 1347 2729 animi,
1390 2673 1444 2718 et
1472 2664 1634 2718 libido
1667 2681 1728 2719 ac
1783 2667 1934 2720 volu-

414 2758 534 2816 ptas
562 2750 798 2816 corporis
822 2750 1053 2819 subigit,
1082 2753 1166 2806 cui
1195 2768 1250 2806 se
1278 2753 1486 2807 animus
1511 2769 1606 2821 per
1637 2757 1935 2810 socordiam

413 2841 588 2894 subdit
633 2839 730 2910 (6).
780 2841 878 2908 Qui
921 2857 1048 2896 vero
1073 2843 1337 2898 libertatis
1361 2846 1549 2900 anima:
1571 2860 1751 2899 curam
1781 2848 1936 2912 gerit,

413 2937 466 2981 et
491 2929 798 2997 dignitatem
841 2931 1034 2985 mentis
1070 2932 1273 2986 ccelesti
1323 2934 1638 3002 cognatione
1670 2933 1934 2998 nobilitat,

415 3019 514 3072 iste
541 3033 607 3072 ex
632 3019 752 3074 filiis
781 3019 1056 3075 lsraelest.
1084 3021 1196 3086 Qui
1220 3023 1428 3077 etiamsi
1463 3023 1721 3077 violenter
1757 3025 1938 3092 oppri.

416 3114 588 3158 matur
614 3109 678 3160 ad
708 3116 932 3175 tempus,
985 3124 1090 3162 non
1140 3119 1314 3163 tamen
1358 3109 1656 3164 libertatem
1701 3125 1850 3163 suam
1884 3111 1936 3164 in

412 3186 719 3262 perpetuum
750 3196 952 3264 perdet.
998 3196 1235 3265 Denique
1269 3207 1323 3251 et
1372 3197 1618 3254 Salvator
1663 3209 1843 3254 noster
1870 3203 1937 3254 de

329 3273 336 3280 ’
415 3283 659 3336 libertate
694 3293 748 3336 et
786 3285 1045 3340 servitute
1088 3285 1141 3339 in
1201 3287 1490 3355 Evangelia
1533 3289 1819 3354 disserens,
1863 3290 1936 3343 ita

415 3370 689 3438 loquitur:
715 3369 918 3437 Omnis,
945 3373 1120 3440 inquit
1164 3373 1240 3437 '°,
1279 3375 1368 3442 qui
1403 3384 1598 3443 peccat,
1650 3390 1824 3427 servus
1861 3384 1937 3428 est

412 3461 628 3526 peccati.
672 3460 738 3512 Et
775 3461 965 3514 iterum
1015 3461 1191 3516 dicit:
1225 3460 1288 3516 Si
1348 3463 1638 3516 manseritis
1685 3465 1738 3514 in
1789 3465 1936 3517 verba

413 3564 544 3614 meo,
577 3549 856 3616 agnoscetis
890 3551 1188 3614 veritatem,
1233 3561 1280 3603 et
1319 3553 1506 3606 veritas
1543 3553 1730 3607 liberos
1772 3554 1929 3622 faciet

413 3654 519 3691 vos.
556 3639 705 3702 Quod
735 3640 780 3693 si
810 3640 929 3707 quis
963 3640 1100 3694 forte
1132 3640 1275 3694 dicat
1306 3623 1780 3709 nobis,'Quomodo
1812 3660 1937 3715 ergo

413 3736 508 3789 per
553 3721 746 3794 Josepli
803 3726 978 3780 omnis
1021 3739 1163 3781 terra
1207 3728 1258 3780 in
1293 3730 1684 3795 possessionem
1711 3733 1939 3787 traditur

413 3812 715 3869 Pharaoni?
755 3816 819 3870 Et
856 3818 1030 3872 omnis
1076 3817 1177 3871 ista
1219 3818 1449 3874 servitus
1489 3835 1644 3888 quam
1699 3823 1938 3888 superius

413 3906 775 3972 exposuimus,
817 3921 882 3960 ex
929 3907 1130 3974 peccati
1171 3908 1475 3962 conditione
1507 3920 1769 3976 suscepta,
1802 3927 1937 3980 quo-

413 3990 568 4044 modo
597 4005 692 4058 per
725 4000 964 4044 sanctum
1012 3992 1182 4044 virum
1230 3993 1525 4046 ministrata
1571 3997 1766 4049 dicitur
1797 3997 1937 4050 Pha-

412 4077 561 4130 raoni
612 4077 728 4146 (7)?
786 4075 1075 4130 Possumus
1127 4078 1192 4129 ad
1233 4079 1344 4132 haec
1388 4082 1746 4147 respondere,
1797 4087 1938 4150 quod

412 4165 526 4231 ipse
548 4160 835 4230 Scriptum
870 4176 1044 4214 sermo
1092 4173 1318 4216 excusat
1359 4166 1529 4220 sancti
1565 4168 1665 4220 viri
1697 4170 1939 4222 ministe-

413 4255 593 4316 rium,
658 4267 777 4304 cum
839 4251 967 4303 dicit
1015 4253 1156 4319 quod
1214 4254 1526 4320 semetipsos
1585 4257 1939 4312 vendiderunt

2105 1860 2160 1913 5.
2221 1857 2346 1910 Post
2373 1857 2488 1908 hznc
2539 1856 2785 1922 sequitur
2818 1871 2833 1907 :
2870 1853 3304 1908 Vendiderunt
3331 1895 3351 1917 ,
3414 1856 3626 1925 inquit
3659 1855 3730 1917 ⁸⁹,

2038 1946 2274 2014 Αῖςῃριὶἱ
2318 1953 2506 1997 terram
2537 1959 2688 1996 suam
2723 1942 3048 2008 Pharaoni;
3090 1947 3378 1999 obtinuit
3417 1950 3582 2002 enim
3641 1967 3734 2002 eos

2039 2035 2219 2102 fames.
2249 2034 2576 2102 Vituperatio
2603 2035 2733 2088 mihi
2758 2036 2982 2090 videtur
3013 2047 3078 2092 et
3124 2039 3193 2090 in
3241 2039 3375 2093 hoc
3406 2039 3736 2108 Egyptio-

2036 2141 2152 2180 rum
2177 2125 2460 2178 contineri.
2483 2109 2598 2177 Non
2629 2127 2774 2179 enim
2800 2125 2964 2180 facile
2991 2127 3068 2179 de
3101 2125 3412 2182 Hebraeis
3432 2129 3733 2195 scriptum

2036 2219 2293 2284 invenies,
2353 2218 2476 2285 quia
2538 2217 2776 2270 obtinuit
2837 2230 2938 2270 eos
2996 2217 3230 2272 iantes.
3320 2219 3520 2274 Licet
3575 2220 3731 2273 enim

2036 2307 2290 2376 scriptum
2330 2308 2420 2371 sit,
2480 2309 2622 2373 quod
2675 2305 2910 2359 invaluit
2957 2305 3157 2362 fames
3211 2323 3425 2377 super
3481 2318 3731 2373 terram,

2036 2415 2139 2452 non
2193 2407 2366 2452 tamen
2427 2398 2687 2465 scriptum
2743 2407 2870 2462 est,
2927 2399 3088 2467 quod
3152 2401 3459 2454 obtinuit
3541 2401 3732 2453 fames

2035 2487 2219 2554 Jacob,
2273 2497 2364 2540 aut
2390 2487 2530 2541 filios
2571 2487 2728 2554 ejus,
2764 2488 2913 2542 sicut
2958 2490 3034 2543 de
3087 2489 3442 2561 IEgyptiis
3502 2491 3730 2547 dicitur

2037 2581 2174 2646 quod
2225 2577 2456 2630 obtinuit
2498 2590 2593 2630 eos
2644 2575 2839 2631 fames.
2913 2577 3216 2644 Quamvis
3269 2583 3454 2635 enim
3529 2583 3727 2635 venia:

2035 2668 2194 2720 etiam
2245 2667 2308 2720 ad
2353 2665 2526 2731 justos
2570 2665 2780 2730 fames,
2839 2681 2952 2720 non
2997 2675 3212 2722 tamen
3279 2671 3541 2725 obtinet
3587 2685 3720 2734 eos;

2036 2766 2251 2825 propter
2270 2756 2409 2824 quod
2436 2764 2489 2809 et
2522 2755 2827 2823 gloriantur
2849 2757 2903 2809 in
2941 2771 3037 2822 ea,
3065 2759 3237 2812 sicut
3277 2760 3528 2816 Paulus
3559 2763 3727 2815 inve-

2038 2847 2185 2899 nitur
2211 2844 2439 2897 libenter
2475 2843 2695 2912 gloriari
2732 2844 2786 2896 in
2823 2843 3248 2910 hujuscemodi
3294 2851 3723 2917 passionibus,

2038 2947 2157 2987 cum
2179 2932 2310 2985 dicit
2332 2932 2413 2983 ὀε
2440 2931 2502 2984 In
2530 2932 2691 2998 fame,
2721 2941 2768 2984 et
2795 2933 2913 2998 siti,
2939 2944 2991 2986 et
3030 2935 3297 3004 frigore,
3326 2950 3386 2992 et
3419 2942 3718 2994 nuditate.

2037 3021 2184 3087 Quod
2201 3035 2326 3088 ergo
2344 3020 2503 3087 justis
2525 3020 2841 3073 exercitium
2872 3019 3115 3074 virtutis
3139 3036 3271 3089 est.
3310 3028 3442 3083 hoc
3478 3029 3725 3098 iniustis

2037 3123 2192 3178 paena
2215 3109 2418 3176 peccati
2453 3117 2554 3161 est.
2586 3107 2833 3175 Denique
2865 3110 3044 3162 etiam
3077 3115 3363 3171 Abrahae.
3422 3121 3722 3187 tempori-

2039 3198 2136 3251 bus
2167 3198 2421 3264 scriptum
2463 3206 2547 3250 est
2589 3197 2657 3259 ",
2700 3199 2848 3265 quod
2900 3200 3058 3266 facta
3119 3217 3209 3256 est
3278 3206 3492 3273 fames
3547 3224 3723 3278 super

2036 3304 2245 3351 terram,
2273 3297 2322 3341 et
2353 3287 2613 3340 descendit
2653 3287 2924 3341 Abraham
2957 3291 3018 3342 in
3051 3291 3409 3362 Egyptum
3449 3299 3723 3352 habitare

2035 3383 2128 3445 ibi,
2188 3380 2429 3449 quoniam
2487 3377 2782 3432 inualuerat
2824 3381 2997 3448 [ames
3059 3401 3250 3452 super
3314 3399 3582 3446 terram.
3651 3391 3722 3445 Et

2038 3470 2218 3536 utique
2256 3467 2324 3532 si,
2362 3475 2422 3519 ut
2462 3466 2679 3533 qnidam
2715 3476 2930 3535 putant,
2987 3473 3238 3530 incaute
3292 3488 3366 3530 et
3431 3481 3721 3550 imperite

2037 3569 2177 3615 esset
2203 3572 2380 3614 sermo
2409 3558 2704 3624 Scriptura:
2729 3559 2930 3612 divinae
2961 3567 3383 3630 compositus,
3431 3579 3722 3636 potuerat

2039 3652 2235 3712 dicere,
2266 3649 2405 3717 quod
2429 3648 2705 3702 descendit
2727 3647 3008 3702 Abraham
3042 3652 3105 3704 in
3146 3652 3517 3726 Egyptum
3549 3663 3724 3715 habi-

2039 3748 2154 3792 tare
2207 3739 2304 3798 ibi,
2356 3737 2481 3805 quia
2539 3735 2843 3790 invaluerat
2869 3753 3046 3805 super
3095 3757 3246 3796 eum
3299 3748 3540 3803 fames.
3603 3751 3723 3804 Sed

2036 3826 2243 3880 intuere
2287 3832 2488 3894 quanta
2529 3824 2886 3879 distinctione
2914 3836 3116 3882 utatur
3157 3848 3389 3890 sermo
3445 3839 3720 3904 divinus,

2037 3923 2234 3981 quanta
2257 3912 2482 3966 cautela.
2511 3913 2642 3965 Cum
2671 3913 2738 3967 de
2769 3915 2986 3968 sanctis
3019 3917 3242 3984 refert,
3283 3925 3542 3982 famem
3577 3930 3724 3982 dicit

2039 4002 2321 4056 invaluisse
2346 4016 2506 4068 super
2555 4009 2800 4066 terram;
2855 4018 2983 4057 eum
3040 4007 3118 4060 de
3175 4010 3498 4084 injustis,
3553 4019 3726 4086 ipsos

2035 4091 2177 4146 fame
2220 4092 2355 4144 dixit
2385 4091 2651 4144 obtentos.
2701 4090 2890 4160 Neque
2928 4107 3069 4162 ergo
3104 4097 3480 4170 Abraham,
3518 4125 3726 4180 neque

2035 4179 2218 4241 Jacob.
2252 4193 2421 4246 neque
2445 4179 2578 4233 tilios
2611 4193 2798 4232 eorum
2829 4181 3050 4236 obtinet
3097 4185 3339 4246 fames.
3403 4197 3536 4253 Sed
3573 4179 3640 4256 et.
3672 4202 3725 4255 si

2041 4268 2352 4332 invalescat,
2409 4281 2568 4334 super
2617 4275 2814 4320 terram
2867 4269 3078 4324 dicitur
3134 4275 3591 4340 invalescere,
3653 4289 3732 4344 [ει

413 4341 648 4412 Aegyptii
678 4349 730 4446 et
762 4341 1126 4446 possessiones
1153 4355 1296 4446 strias.
1325 4341 1442 4446 ἕξοι]
1474 4359 1601 4446 ergo
1626 4348 1692 4398 ad
1720 4347 1933 4416 dispeu-
1966 4345 2010 4399 D
2041 4357 2364 4426 temporibus
2392 4353 2535 4407 Isaac
2565 4354 2917 4409 nihilominus
2945 4359 3238 4428 scriptum
3297 4380 3408 4425 est
3455 4374 3542 4438 ",
3577 4341 3724 4446 quia

412 4442 619 4485 samem
643 4429 793 4496 culpa
826 4428 1134 4534 "necuter.
1176 4430 1263 4483 ubi
1308 4431 1474 4500 digna.
1507 4432 1930 4502 dispensatorum
2030 4447 2168 4514 facta
2217 4454 2291 4497 est
2323 4444 2484 4510 [carnes
2519 4460 2671 4509 super
2712 4453 2943 4507 terrain,
2993 4462 3208 4514 praeter
3258 4459 3449 4514 illam
3488 4428 3722 4534 [ἐυξξᾶ

414 4520 619 4573 meritis
651 4518 1014 4585 providentur.
1056 4515 1299 4573 Invenies
1339 4521 1478 4572 enim
1528 4522 1629 4576 tale
1654 4524 1849 4591 aliquid
1881 4537 1937 4580 et
2033 4534 2253 4600 priorem
2277 4542 2392 4600 qua:
2415 4530 2556 4595 facta
2585 4539 2658 4581 est
2683 4533 3003 4598 temporibus
3033 4539 3331 4599 Abrahae,
3361 4549 3437 4602 ιι,

413 4627 440 4659 a
470 4606 636 4661 Paulo
664 4607 777 4660 fieri
810 4607 876 4668 "',
910 4621 1031 4660 cum
1061 4608 1127 4660 ab
1149 4621 1212 4660 eo
1243 4608 1306 4672 is,
1341 4610 1428 4676 qui
1461 4612 1801 4678 semetipsum
1843 4632 1940 4686 pro
2037 4631 2212 4674 autem
2246 4635 2349 4672 non
2385 4627 2559 4684 potest
2581 4619 2825 4672 oblinere
2865 4621 3044 4676 fames
3078 4626 3277 4694 Isaac,
3315 4649 3391 4688 ut.
3417 4606 3725 4699 dicat—aii

411 4699 646 4753 foeditate
699 4704 906 4794 actuum
954 4698 1221 4750 consortio
1246 4705 1564 4794 sanctorum
1597 4701 1747 4794 -l'ecit
1803 4705 1941 4760 indi-
2036 4726 2155 4764 eum
2193 4709 2447 4762 Dominus
2479 4723 2492 4757 :
2524 4705 2648 4760 Noli
2691 4708 3004 4762 descendere
3049 4715 3107 4766 in
3156 4719 3569 4794 ﬁgypmnt,
3616 4698 3724 4788 sed

411 4805 596 4855 gnum,
630 4788 856 4841 traditur
875 4786 1084 4840 Satanae
1106 4825 1120 4848 ,
1149 4797 1206 4839 ut
1227 4787 1394 4840 discat
1425 4803 1526 4843 non
1561 4788 1940 4860 blaspltemare.
2040 4800 2216 4852 habita
2243 4798 2296 4848 in
2326 4808 2467 4848 terra
2495 4809 2854 4861 quamcunque
2887 4802 3175 4856 ostendero
3213 4786 3339 4864 tib-5

2317 4929 2360 4960 ⁸⁷
2393 4926 2570 4996 ἰνΤίιη.
2622 4945 2663 4996 ι,
2693 4930 2780 4985 20.
2891 4931 2938 4961 ⁸⁸
2962 4933 3192 4989 Denter.

2329 4997 2375 5029 "
2404 4995 2601 5053 Genes.
2635 5015 2782 5067 xxvn,
2822 4999 2879 5064 2,
2917 4999 2974 5051 5.

3369 4855 3392 4881 ,
3435 4829 3500 4871 et
3539 4823 3606 4874 in
3653 4841 3726 4876 ea

512 4926 556 4998 έν
580 4923 771 4978 Genes.
800 4937 872 4975 ιχ.
907 4922 1025 4998 ﬂ"
1043 4921 1230 4998 EsedL
1255 4938 1364 4976 χιι.
1452 4923 1515 4998 “3
1540 4924 1715 4998 Joan.
1740 4945 1851 4995 vnt,
1889 4933 1973 4998 54,
2003 4935 2092 4998 3|,
2119 4933 2209 4986 52.

515 4955 550 4957 -ν
580 4955 771 4978 υσιισυ.
801 4955 872 4975 ιι.
1043 4955 1208 4976 nso“.
1255 4955 1364 4976 Λιι.
1540 4955 1695 4982 quau.
1742 4955 1851 4995 un,
1889 4955 1936 4988 at

410 4997 453 5029 δ’
491 4995 684 5049 Genes.
723 4989 992 5056 xsvnﬂO.
1040 4988 1109 5047 _'°
1129 4988 1173 5043 ll
1193 4990 1313 5044 Cor.
1345 5008 1418 5055 xt,
1449 4991 1537 5047 27.
1609 4996 1653 5027 ’ί
1691 4997 1880 5054 Cenes.
1931 5020 1936 5056 :

2120 4955 2209 4986 οἳ.
2320 4955 2354 4960 ’⁷
2397 4955 2414 4979 ι
2443 4955 2570 4981 ιιιιι.
2624 4955 2663 4996 Ι,
2694 4955 2780 4985 Ζυο
2891 4955 2937 4961 ’⁷
2963 4955 3192 4989 uenter.
3553 4955 3595 5009 8
3655 4960 3716 5014 9.

2133 5003 2215 5066 l0,
2329 4997 2375 5029 "
2404 4995 2601 5053 Genes.
2635 5015 2782 5066 xxvn,
2822 4999 2879 5064 2,
2917 4999 2974 5051 5.
3495 4994 3514 5018 ’
3603 5003 3617 5020 ‘

479 5109 672 5203 (φλεώ
696 5123 859 5203 mss;
886 5108 1014 5163 editi
1041 5123 1187 5171 vero,
1213 5108 1473 5178 ngyptia:
1496 5113 1582 5180 qui
1612 5128 1720 5165 eam
1751 5127 1928 5185 sponte
2023 5118 2151 5171 ritus
2170 5150 2188 5169 .
2209 5153 2224 5167 .
2248 5153 2298 5203 .'.
2321 5155 2334 5168 .
2361 5152 2375 5167 .
2403 5129 2466 5167 ea:
2493 5121 2696 5194 peccati
2721 5117 3344 5203 condiligne‘suscepla,
3385 5152 3506 5200 per
3553 5143 3725 5203 hanc

409 5179 759 5244 pen/iduum,
1510 5179 1514 5180 “
1776 5179 1786 5185 ’
2028 5183 2356 5250 temporalem
2415 5179 2720 5242 servitutem
2771 5185 3121 5255 signiﬁcatur,
3193 5179 3534 5262 guo'm'o‘do

479 5243 583 5279 [ιω
623 5245 757 5279 Aliae
790 5245 984 5279 uitiante
1046 5245 1128 5279 pm’
1165 5260 1215 5279 υ
1244 5247 1446 5279 animus
1482 5261 1571 5279 nn:-
1601 5250 1924 5279 ρηηρηνιιεη...
2034 5263 2260 5279 .............
2307 5252 2470 5279 ..;.......
2509 5252 2566 5279 ε..
2613 5274 2708 5279 --μγ
2733 5261 2902 5279 ρ.--.-...
2948 5258 3116 5279 -..._.:-
3159 5267 3242 5279 .-η
3453 5276 3463 5279 -

479 5243 583 5336 ἐξ.)
614 5245 760 5336 “iis
787 5245 1017 5336 εξέεοὲξκ
1038 5245 1571 5336 Emittit"
1591 5250 1927 5336 .ﬁ‘i’.‘_€i’"’_‘“"2
2031 5243 2261 5336 εειῖιειυηι
2289 5252 2473 5336 atrum
2509 5252 2567 5306 ίη
2609 5243 2918 5315 εενυίιαιῐηί
2945 5243 3120 5308 omnii
3155 5243 3722 5336 ιεϊέῐίῖιῑιῑὶξοεῖἒῖῖ

411 5312 624 5377 subdit;
671 5322 726 5365 at
764 5326 890 5364 mss.
943 5321 998 5364 ut
1038 5312 1088 5364 in
1135 5324 1317 5366 nostro
1370 5321 1536 5365 textu.
1590 5312 1754 5366 Paulo
1812 5326 1931 5381 post
2032 5317 2340 5371 Pharaoni?

413 5381 561 5443 editi,
601 5381 1175 5472 .cmlestimcogitatione
1229 5381 1502 5442 nobilitat;
1564 5395 1690 5433 mss.
1744 5383 1929 5435 caelesti
2247 5384 2477 5440 Consule
2508 5390 2896 5472 _clariseimum
2935 5388 3191 5446 liuetium
3259 5397 3716 5472 Origeniano-

412 5448 708 5513 cognatione
731 5448 984 5500 nobilitat.

482 5513 558 5552 (Ἵὶ
590 5514 660 5552 Ilo
710 5529 816 5552 mea
861 5531 873 5544 -
919 5516 1048 5552 alia:
1097 5529 1221 5552 unm
1276 5523 1320 5552 nl
1353 5529 1464 5552 tum
1494 5515 1659 5552 nmnie
1690 5515 1788 5552 iam
1822 5531 1923 5552 eor-

2105 5448 2140 5530 _n
2166 5448 2301 5529 libro
2321 5457 2587 5527 secundo,
2607 5448 3022 5536 qug's'ilquinta,
3041 5475 3192 5514 Itum.
3214 5448 3679 5552 sectvfs‘tusue'a'au,

2105 5518 2607 5552 “mmihi-mna---
2640 5538 2652 5550 .
2804 5550 2810 5552 _
2889 5533 2950 5552 Α,
2974 5531 3302 5552 .I-s-....l-_9l,

482 5513 558 5582 ('l)
590 5514 664 5568 Ita
710 5529 874 5580 mss.;
919 5516 1048 5569 alias
1097 5529 1242 5580 vero,
1276 5523 1320 5568 et
1353 5529 1465 5566 cum
1494 5515 1660 5568 onmis
1690 5515 1788 5568 ista
1819 5531 1923 5570 ser—
2027 5520 2114 5573 ubi
2130 5513 2957 5603 ventilaturOrigénigzgﬁtgutia
2971 5513 3712 5623 (ιὲιυιυιειὲἷιῖἁδᾜιῖξξίξέξ
