3922 6232
234 363 346 420 ειο
884 404 888 408 ›
1441 362 1526 421 ΙΝ
1576 373 1881 428 GENESIM
1921 371 2194 426 llOlillLlA
2228 369 2364 424 XVI.
3383 369 3494 423 250

234 477 419 535 habita,
444 482 482 524 et
516 482 596 535 ego
629 476 707 515 ero
738 463 915 551 tecum.
940 440 1321 551 δθξῖξὶιιιὶιιιὶὶ
1360 468 1574 548 hanc,
1616 497 1677 539 ut
1703 488 1849 539 arhi-
1882 489 1928 544 Α
1956 484 2144 546 fames,
2171 497 2289 551 quae
2329 479 2624 533 invalescat
2667 491 2827 544 super
2861 477 3090 532 terram?
3119 477 3217 543 Qui
3245 480 3384 534 enim
3419 482 3493 534 de

231 547 888 645 imi-,observantiamlonsif
911 546 1192 645 Ροδξῖδξιὶ
1224 546 1846 645 temporavPropheta
1951 584 2092 629 terra
2144 546 2289 637 sunt,
2349 580 2403 624 et
2457 577 2665 622 terrena
2721 567 2952 634 sapiunt,
2999 575 3054 620 et
3101 583 3205 620 non
3268 579 3490 636 possunt

229 655 427 708 dicebat
465 650 504 681 ’³
536 639 774 700 τΙιιυιηίε
817 634 889 705 fui
914 671 931 696 ν
976 635 1205 733 deum}
1247 658 1466 720 δεηυὶ.
1524 677 1577 716 et
1617 634 1718 718 »τοὶι
1747 667 1849 718 vidi
1950 664 2221 733 percipere
2254 634 2370 728 qure
2401 668 2523 712 sunt
2564 656 2800 723 Spiritus
2825 656 2950 718 Dei,
2989 657 3179 710 famem
3207 634 3359 712 vei-bi
3393 658 3488 711 Dei

220 745 412 814 imum
443 735 738 793 derelictum,
765 740 851 780 nec
898 739 1095 823 Ismara
1130 727 1274 795 eius
1313 757 1602 809 quazrens
1631 772 1846 823 panem.
1949 727 2240 822 patiuntur,
2273 727 2399 817 legis
2431 749 2680 800 mandata
2713 760 2817 798 non
2853 745 3095 808 audiunt,
3126 748 3489 813 correptiones

221 835 288 888 Ει
315 830 432 886 alibi
456 828 527 880 ’⁵³
553 825 662 879 Νοη
691 820 879 875 “cum
916 815 1218 912 09mm!“
1250 831 1384 903 i9)
1434 841 1590 908 fame
1622 815 1848 898 animum
1948 815 2345 912 prophetarumw
2381 839 2624 891 nesciant
2650 875 2664 898 ,
2719 836 3040 904 apostolicus
3095 835 3489 889 consolationes

212 924 368 995 iulio
397 918 463 973 E"
484 911 930 984 ‘l‘libllsml'lllb‘l3
961 909 1344 976 deelaralur
1378 937 1601 986 terram
1637 936 1846 1015 quidem
1949 909 2233 1000 ignorant,
2277 945 2380 982 non
2421 929 2665 982 sentiunt
2708 925 2980 994 Evangelii
3035 926 3372 978 medicinam.
3426 925 3492 977 Et

213 1027 378 1088 posse
404 1008 502 1076 Ρθίί
535 1006 750 1068 famem,
772 1011 828 1057 ει
862 1016 963 1056 εοε
996 1007 1108 1073 (ιιιῐ
1141 1019 1401 1072 terrena
1430 1006 1676 1090 sapiuni.
1710 1026 1852 1090 Quo-
1951 1023 2069 1077 ideo
2113 1024 2177 1075 de
2223 1021 2309 1074 his
2357 1020 2550 1072 merito
2597 1017 2790 1070 dicitur
2816 1057 2830 1080 ,
2868 1017 3008 1083 quod
3057 1015 3283 1068 invaluit
3321 1016 3488 1068 fames

215 1123 331 1162 ι-ιιιη
377 1108 538 1152 autem
577 1096 678 1150 iste
721 1095 881 1149 cibus
925 1102 1020 1148 est
1049 1134 1068 1157 ,
1123 1111 1200 1155 ιιι
1253 1103 1484 1168 faciant
1525 1117 1848 1170 voluntatem
1950 1125 2107 1180 super
2136 1125 2248 1162 eos.
2289 1108 2455 1161 Justis
2495 1114 2694 1168 autem,
2737 1114 2790 1158 et
2833 1107 2882 1158 in
2932 1105 3045 1172 lege
3079 1105 3288 1158 Domini
3321 1105 3489 1156 medi-

216 1194 390 1252 Patris
422 1187 504 1255 qui
541 1187 595 1238 in
625 1184 784 1240 C(Blis
817 1194 946 1250 es"
996 1197 1064 1242 εὶ
1121 1206 1395 1260 quorum
1431 1204 1672 1258 animam
1703 1207 1851 1272 panis
1951 1201 2185 1254 tantibus
2219 1199 2302 1250 die
2341 1213 2403 1250 ac
2435 1205 2612 1257 nocte,
2643 1197 2904 1265 sapientia
2939 1201 3201 1262 praeparat
3251 1207 3488 1246 mensam

221 1287 308 1340 ille
339 1279 445 1339 alit.
474 1275 565 1344 qni
595 1275 664 1329 de
708 1276 856 1328 coelo
891 1275 1267 1348 descendit.
1301 1304 1591 1359 nunquam
1630 1303 1851 1362 possunt
1949 1306 2121 1353 suam,
2179 1290 2375 1343 occidit
2418 1291 2665 1342 victimas
2720 1301 2865 1348 suas,
2921 1286 3111 1339 miscet
3169 1284 3222 1337 in
3282 1291 3491 1336 cratere

228 1372 379 1428 lamis
430 1364 608 1418 inedia
656 1363 944 1419 laborare.
994 1367 1245 1428 Idcirco
1314 1393 1450 1448 ergo
1502 1381 1852 1435 observanter

243 1463 507 1526 Scriptura
524 1454 716 1508 Divina
739 1471 854 1510 non
881 1458 1031 1513 dicit
1057 1476 1176 1518 eos
1212 1465 1369 1522 fame
1398 1470 1629 1524 obtineri
1657 1472 1852 1538 quibus

256 1551 391 1606 novit
416 1561 531 1604 esse
571 1550 870 1602 scientiam
913 1549 1047 1616 Dei,
1097 1565 1165 1609 et
1211 1559 1401 1613 cibum
1439 1561 1668 1616 caelestis
1708 1578 1851 1630 prce-

262 1640 370 1694 beri
407 1639 700 1708 sapientiae.
754 1639 872 1693 Sed
924 1648 986 1694 et
1047 1645 1112 1697 in
1167 1649 1340 1701 tertio
1375 1650 1678 1718 Regnorum
1717 1653 1851 1706 libro

266 1729 468 1782 similem
497 1729 562 1784 de
595 1729 874 1784 relatione
922 1731 1107 1790 famis
1162 1737 1414 1794 invenies
1459 1742 1689 1794 habitam
1729 1757 1850 1796 esse

267 1817 526 1884 cautelam,
551 1819 640 1872 ubi
674 1833 808 1873 cum
843 1820 1034 1876 fames
1068 1825 1405 1882 invaluisset
1435 1845 1595 1897 super
1627 1838 1842 1893 terrain,

272 1910 514 1962 dicentem
551 1909 708 1964 audis
744 1910 929 1964 Eliam
965 1915 1036 1966 ad
1079 1915 1278 1971 Achab
1303 1919 1388 1970 ’δε
1424 1918 1554 1971 Vivit
1599 1920 1846 1973 Dominus

276 1997 405 2050 Deus
432 1999 698 2064 virtutum,
738 2000 891 2055 Deus
936 2001 1143 2068 Israel,
1189 2008 1245 2059 in
1275 2007 1422 2075 cujus
1448 2021 1714 2074 conspectu
1743 2019 1842 2072 sto,

269 2089 317 2140 si
341 2091 388 2141 in
438 2089 513 2142 his
561 2091 719 2144 annis
775 2107 870 2146 ros
913 2093 994 2147 uel
1024 2095 1211 2159 pluvia
1251 2097 1407 2164 fuerit
1445 2115 1600 2165 super
1633 2112 1844 2159 terram,

269 2180 370 2230 nisi
398 2194 483 2245 per
510 2195 812 2235 sermonem
845 2183 962 2237 oris
995 2186 1121 2238 mei.
1162 2186 1226 2237 Et
1265 2197 1381 2253 post
1411 2189 1525 2241 hinc
1565 2188 1847 2241 mandatur

265 2275 296 2312 a
344 2261 563 2315 Domino
619 2268 814 2320 corvis
876 2276 940 2321 ut
1000 2277 1231 2336 pascant
1285 2274 1637 2338 pr0phetam,
1693 2283 1748 2327 et
1793 2283 1849 2327 ut

263 2366 454 2419 aquam
500 2353 654 2407 bibat
697 2357 768 2408 de
810 2356 981 2428 104
1030 2367 1270 2414 torrente
1316 2361 1540 2415 Corrth
1587 2361 1746 2434 (10).
1786 2364 1851 2417 Ει

264 2439 456 2492 iterum
523 2444 577 2495 in
659 2443 903 2512 Sarepta
978 2447 1219 2500 Sidoniae
1288 2449 1574 2502 mandatur
1637 2449 1846 2504 mulieri

271 2526 437 2579 sidunt
491 2542 730 2593 pascere
784 2533 1144 2599 prOphetam,
1211 2543 1269 2586 ut
1327 2536 1408 2588 cui
1465 2552 1568 2590 non
1622 2538 1849 2606 amplius

259 2631 422 2682 quam
458 2619 624 2672 unius
669 2620 782 2673 diei
814 2632 1109 2687 supererat
1140 2623 1313 2678 victus
1336 2663 1351 2688 ,
1390 2625 1667 2694 largiendo
1699 2628 1852 2682 inde-

265 2706 454 2762 ﬁciens
487 2709 671 2773 fieret,
704 2718 769 2765 et
793 2711 1174 2778 multipliciter
1207 2714 1502 2766 abundaret
1527 2716 1847 2771 exhaustus.

257 2793 460 2865 llydria
522 2799 676 2851 enim
731 2801 932 2853 farina:
993 2809 1049 2853 et
1097 2815 1352 2869 capsaces
1401 2801 1503 2855 olei
1553 2806 1847 2858 secundum

253 2886 480 2938 verbum
525 2888 747 2942 Domini
794 2903 905 2940 non
951 2889 1152 2942 defecit
1209 2891 1476 2956 pascendo
1519 2892 1848 2959 prophetam.

255 2975 468 3028 Similia
493 2992 724 3046 quoque
753 2979 1006 3032 invenies
1030 2979 1195 3032 etiam
1225 2979 1274 3032 in
1303 2982 1630 3047 temporibus
1654 2981 1849 3065 Elisazi,

1948 1381 2128 1433 vinum
2152 1395 2302 1433 suum
2335 1381 2401 1441 θ’,
2430 1388 2483 1432 et
2503 1393 2707 1431 summa
2740 1392 2868 1430 voce
2897 1377 3113 1439 clamat,
3145 1389 3252 1427 non
3283 1383 3337 1425 ut
3366 1387 3488 1424 om-

1950 1485 2044 1523 nes
2069 1470 2276 1521 veniant
2305 1507 2320 1528 ,
2361 1483 2463 1521 non
2516 1477 2573 1518 ut
2609 1467 2965 1528 abundantes,
3017 1480 3122 1517 non
3178 1472 3235 1516 ut
3275 1463 3487 1525 divites,

1951 1571 2124 1625 neque
2177 1565 2233 1610 ut
2269 1558 2539 1624 sapientes
2568 1556 2727 1623 hujus
2760 1556 2942 1609 mundi
2993 1555 3259 1607 divertant
3303 1553 3367 1605 ad
3406 1567 3487 1612 se,

1950 1649 2041 1700 sed
2075 1647 2117 1699 si
2166 1646 2255 1713 qui
2301 1655 2446 1711 sunt,
2503 1646 2694 1712 inquit,
2730 1645 2914 1711 inopes
2955 1659 3136 1707 scusu,
3169 1643 3387 1695 veniant
3422 1643 3487 1695 ad

1953 1751 2057 1802 me,
2095 1737 2143 1787 id
2176 1744 2278 1798 est,
2313 1736 2360 1785 si
2385 1735 2472 1800 qui
2500 1744 2623 1786 sunt
2645 1732 2871 1786 humiles
2895 1735 3076 1790 corde.
3104 1734 3192 1800 qui
3225 1747 3254 1785 a
3277 1733 3489 1785 Christo

1879 1792 1920 1844 Β
1949 1821 2251 1874 didicerunt
2297 1821 2454 1874 mites
2499 1833 2618 1873 esse
2671 1829 2724 1872 et
2763 1820 2993 1872 humiles
3036 1822 3202 1873 corde
3264 1820 3303 1884 ¹,
3346 1819 3487 1887 quod

1943 1911 2065 1964 alibi
2102 1911 2293 1964 dicitur
2313 1912 2496 1978 spiritu
2533 1924 2822 1979 pauperes,
2870 1911 2962 1963 sed
3003 1911 3105 1963 fide
3156 1911 3370 1972 divites,
3402 1911 3485 1962 isti

1944 2001 2264 2053 conveniant
2307 2001 2371 2052 ad
2416 2001 2599 2068 epulas
2640 2001 2952 2067 sapientiae,
3005 2008 3058 2052 et
3107 1999 3330 2067 dapibus
3377 2001 3490 2066 ejus

1947 2088 2124 2142 refecti
2154 2089 2417 2156 depellant
2460 2088 2654 2142 famem
2713 2104 2829 2156 quae
2873 2088 3150 2142 invalescit
3178 2104 3338 2156 super
3383 2099 3490 2139 ter-

1947 2192 2080 2230 ram.
2111 2175 2243 2230 Vide
2269 2193 2396 2246 ergo
2429 2194 2494 2232 ne
2526 2186 2579 2232 et
2617 2189 2669 2231 tu
2704 2178 2840 2232 forte
2871 2179 3159 2231 inveniaris
3183 2176 3488 2246 Egyptins,

1947 2273 2000 2318 et
2031 2266 2268 2320 obtineat
2294 2275 2342 2319 te
2377 2267 2576 2329 fames,
2613 2284 2679 2321 ne
2717 2267 2855 2320 forte
2894 2266 3071 2319 saeculi
3098 2267 3304 2318 actibus
3328 2281 3490 2318 occu-

1947 2369 2102 2422 patus
2147 2367 2238 2408 aut
2281 2356 2524 2409 avaritiae
2567 2357 2795 2410 vinculis
2839 2357 3080 2417 strictus,
3133 2364 3224 2407 aut
3266 2354 3488 2406 luxuria:

1947 2444 2202 2499 cﬂ‘usiOne
2245 2448 2545 2509 resolutus,
2621 2447 2828 2500 alienus
2873 2444 3119 2498 elﬁciaris
3149 2460 3177 2495 a
3219 2444 3489 2510 sapientiae

1948 2535 2105 2598 cibis,
2152 2537 2241 2603 qui
2287 2551 2496 2603 semper
2532 2535 2582 2588 in
2621 2535 2712 2588 Dei
2763 2535 3010 2588 ecclesiis
3052 2534 3395 2586 exhibentur.
3429 2530 3486 2586 Si

1949 2626 2089 2678 enim
2125 2633 2337 2678 avertas
2368 2624 2610 2677 auditum
2643 2627 2708 2678 ab
2749 2624 2854 2686 his,
2893 2639 3011 2690 quae
3037 2623 3115 2676 vel
3163 2623 3406 2690 leguntur
3433 2625 3485 2675 in

1960 2713 2206 2774 ecclesia,
2229 2714 2312 2767 vel
2343 2715 2702 2782 disputantur,
2742 2715 2856 2766 sine
2900 2715 3061 2766 dubio
3109 2713 3306 2766 famem
3334 2714 3483 2766 verbi

1952 2803 2042 2855 Dei
2069 2804 2305 2870 patieris.
2333 2805 2387 2856 Si
2420 2817 2546 2855 vero
2574 2805 2638 2855 de
2669 2804 2937 2856 Abraham
2966 2805 3131 2871 stirpe
3166 2805 3488 2870 descendas,

1951 2903 2004 2945 ct
2033 2894 2361 2946 nobilitatem
2394 2893 2669 2946 lsraelitici
2708 2894 2920 2962 generis
2961 2896 3230 2947 custodias
3256 2935 3270 2958 ,
3318 2896 3488 2963 pascit

1954 2991 2005 3033 te
2025 2997 2234 3049 semper
2263 2982 2368 3042 lex,
2407 2994 2632 3050 pascunt
2675 2985 2979 3050 propheta),
3027 2983 3280 3037 exhibent
3308 2983 3398 3037 tibi
3432 2994 3486 3036 ct

253 3081 376 3119 cum
422 3068 570 3121 ﬁlius
617 3070 769 3121 Ader
835 3067 991 3137 (ll)
1045 3083 1137 3121 rex
1179 3067 1349 3138 Syria:
1381 3072 1623 3124 ascendit
1665 3075 1917 3157 adver—c
1952 3070 2176 3137 apostoli
2244 3071 2492 3138 opulenta
2558 3073 2821 3124 convivia.
2899 3073 2952 3124 ln
3018 3073 3223 3126 sinibus
3272 3085 3486 3140 quoque

251 3171 373 3208 sum
429 3158 783 3219 Samariam,
842 3166 900 3211 et
959 3157 1168 3210 obsedit
1231 3172 1394 3210 eam:
1430 3159 1498 3210 Et
1555 3161 1695 3228 facta
1733 3173 1844 3226 est,

253 3246 431 3314 inquit
458 3249 528 3306 “,
564 3248 739 3314 {ames
771 3263 970 3314 magna
1007 3247 1062 3297 in
1101 3245 1348 3299 Samaria
1394 3265 1650 3317 usquequo
1682 3253 1844 3334 ψεσθε

252 3350 404 3389 retur
449 3348 611 3404 caput
661 3339 806 3390 asini
869 3338 1255 3405 quinquaginta
1299 3341 1442 3391 siclis
1478 3342 1750 3406 argenteis,
1799 3353 1844 3395 et

248 3429 594 3494 quartariuns
655 3429 911 3480 stercoris
965 3427 1249 3479 columbini
1295 3429 1520 3495 quinque
1564 3436 1840 3499 argenteis.

251 3515 362 3568 Sed
390 3516 576 3569 subito
619 3529 720 3582 per
764 3517 995 3569 verbum
1037 3516 1312 3584 prophetae
1351 3516 1410 3568 fit
1451 3519 1581 3570 mira
1616 3534 1842 3574 conver-

247 3605 356 3667 sio,
411 3607 650 3660 dicentis
682 3605 730 3636 "
769 3621 784 3657 :
821 3606 968 3656 Audi
1016 3603 1225 3657 verbum
1270 3603 1496 3658 Domini.
1545 3606 1671 3660 "me
1716 3610 1842 3663 dicit

247 3689 514 3744 Dominus
573 3693 727 3745 Deus
764 3707 785 3744 :
817 3691 968 3746 Sicut
1012 3691 1112 3742 huc
1158 3692 1290 3744 liora
1331 3694 1558 3747 crastino
1603 3713 1842 3752 mensura

247 3780 574 3848 similaginis
607 3781 746 3834 siclo
789 3797 896 3832 uno
918 3818 932 3842 ,
961 3792 1012 3834 et
1049 3785 1168 3836 dure
1203 3801 1458 3840 mensurae
1499 3789 1679 3839 hordei
1715 3789 1842 3841 siclo

249 3883 357 3918 uno
389 3868 446 3918 in
470 3870 643 3932 portis
669 3868 942 3921 Samaria:
959 3880 1138 3924 erunt.
1177 3869 1338 3927 Vides
1365 3889 1492 3943 ergo
1518 3889 1582 3928 ex
1616 3877 1697 3930 his
1725 3891 1842 3929 om-

247 3958 416 4009 nibus
471 3957 608 4024 quid
671 3956 992 4024 colligatur,
1058 3958 1192 4024 quia
1239 3975 1358 4014 cum
1420 3972 1616 4016 terram
1671 3965 1840 4020 fames

241 4050 527 4110 obtineat,
555 4062 664 4099 non
693 4048 870 4100 solum
905 4062 1010 4099 non
1040 4047 1255 4101 obtinet
1279 4051 1480 4117 justos,
1515 4055 1608 4108 sed
1633 4056 1838 4109 medela

244 4141 440 4205 potius
471 4153 572 4204 per
600 4151 695 4190 eos
725 4138 1013 4189 intentata:
1037 4137 1175 4190 cladi
1215 4139 1480 4195 defertur.

309 4229 369 4279 s.
412 4227 560 4279 Cum
594 4239 724 4291 ergo
755 4226 946 4278 videas
992 4227 1301 4295 hujusmodi
1343 4231 1740 4286 observantiam
1785 4236 1834 4288 in

245 4317 504 4369 «inanibus
569 4329 714 4381 pene
775 4315 1080 4380 Scriptura:
1151 4327 1354 4370 sancta:
1430 4319 1558 4372 locis
1628 4322 1836 4388 integre

1948 3161 2234 3224 Abraham,
2288 3168 2340 3214 et
2397 3161 2560 3222 Isaac,
2615 3171 2667 3214 et
2719 3161 2905 3225 Jacob,
2965 3165 3015 3215 in
3083 3177 3245 3230 regno
3311 3162 3485 3215 Patris

1947 3253 2260 3305 recumbere
2289 3261 2338 3304 te
2372 3252 2672 3304 invitabunt
2703 3253 2986 3321 Evangelia
3009 3295 3024 3318 ,
3071 3263 3125 3306 ut
3159 3255 3228 3307 ibi
3261 3255 3484 3306 mandu—

1945 3354 2034 3392 ces
2064 3338 2130 3391 de
2160 3338 2302 3403 ligno
2342 3340 2460 3390 vita:
2480 3376 2494 3400 ,
2521 3347 2575 3391 et
2609 3338 2758 3392 bibas
2791 3341 2970 3392 vinum
3001 3339 3065 3392 de
3084 3339 3191 3392 vite
3223 3354 3367 3402 vera,
3404 3339 3486 3390 vi-

1945 3441 2070 3477 num
2108 3440 2298 3478 novum
2329 3439 2448 3479 cum
2475 3425 2686 3479 Christo
2715 3427 2766 3478 in
2800 3441 2958 3494 regno
2995 3426 3171 3480 Patris
3211 3428 3349 3494 ejus.
3400 3428 3482 3480 Ab

1944 3515 2025 3566 liis
2050 3515 2190 3568 enim
2222 3515 2354 3567 cibis
2385 3531 2484 3568 non
2505 3514 3001 3604 possuntjejunere,
3023 3530 3119 3569 nec
3151 3517 3340 3570 famem
3369 3517 3502 3585 pati‘

1943 3603 2033 3655 tilii
2075 3604 2275 3671 sponsi,
2323 3605 2488 3657 donec
2535 3619 2652 3657 cum
2685 3605 2814 3672 ipsis
2841 3615 2920 3658 est
2948 3619 3194 3670 sponsus.

2009 3689 2062 3742 5.
2089 3689 2334 3742 Refertur
2365 3706 2495 3743 sane
2528 3691 2580 3742 in
2617 3693 3070 3758 consequentibus
3093 3694 3132 3757 ’,
3162 3695 3304 3759 quod
3339 3703 3480 3745 terra

1943 3781 2278 3831 sacerdotum
2336 3777 2706 3846 Egyptiorum
2755 3793 2858 3832 non
2926 3780 2995 3832 sit
3059 3781 3110 3832 in
3167 3781 3477 3833 servitutem

1943 3867 2160 3918 redacta
2214 3864 2514 3930 Pharaoni,
2573 3882 2742 3934 neque
2794 3883 2912 3922 cum
2959 3869 3166 3922 caeteris
3215 3867 3480 3939 Egypziis

1939 3957 2277 4009 vendiderint
2301 3957 2638 4025 semetipsos,
2671 3958 2760 4011 sed
2787 3963 2926 4026 quod
2960 3960 3292 4013 extrinsecus
3327 3975 3482 4014 accc.

1939 4047 2137 4113 perint,
2171 4048 2252 4099 vel
2290 4050 2578 4114 frumenta,
2629 4052 2706 4104 vel
2744 4069 2982 4118 munera,
3042 4070 3143 4107 non
3194 4071 3220 4105 a
3263 4053 3477 4122 Joseph,

1941 4137 2032 4188 sed
2082 4137 2148 4190 ab
2202 4139 2317 4206 ipso
2347 4139 2646 4202 Pharaone,
2703 4153 2757 4196 et
2808 4155 3030 4212 propter
3075 4147 3174 4198 hoc
3222 4153 3476 4212 tanquam

1939 4224 2312 4280 familiariores
2377 4231 2624 4293 caeteris,
2715 4247 2819 4284 non
2877 4233 3220 4286 vendiderint
3280 4245 3478 4288 terram

1938 4329 2088 4367 suam
2119 4314 2419 4383 Pharaoni;
2455 4319 2548 4372 sed
2576 4335 2670 4387 per
2694 4321 2795 4374 hoc
2822 4322 3104 4388 nequiores
3125 4339 3243 4377 esse
3266 4325 3474 4378 caeteris

247 4405 551 4466 custodiri,
609 4413 877 4458 converte
924 4405 1042 4458 haec
1095 4407 1166 4458 ad
1210 4410 1474 4474 tropicuni
1507 4420 1559 4463 et
1591 4412 1832 4480 allegori-
1864 4397 1908 4449 D
1936 4406 2312 4472 ostenduntur,
2347 4409 2434 4475 qui
2461 4423 2556 4475 pro
2585 4410 2746 4462 nimia
2780 4411 3169 4476 familiaritate,
3215 4430 3333 4483 quae
3356 4423 3474 4468 erat

247 4504 352 4545 cum
389 4507 672 4553 sensum,
724 4506 888 4558 quem
937 4493 1185 4560 ipsorum
1232 4495 1574 4550 nihilominus
1609 4503 1835 4567 prophe-

249 4586 410 4633 tarum
453 4579 822 4633 sermonibus
856 4578 1179 4633 edocemur.
1225 4579 1378 4634 Unus
1408 4586 1544 4636 enim
1591 4603 1653 4639 ex
1703 4581 1833 4643 duo;

246 4667 407 4723 (ια-ξω
440 4667 743 4738 prophetis
765 4660 970 4735 aperte
1002 4678 1059 4721 et
1083 4669 1376 4722 evidenter
1408 4674 1691 4738 spiritalem
1729 4679 1830 4732 dici

247 4753 437 4810 famem
475 4756 637 4809 nudo
685 4769 940 4808 sermone
981 4757 1314 4822 pronuntiat
1365 4758 1544 4814 dicens
1581 4762 1626 4794 ’⁸
1661 4765 1833 4820 :Ecce

248 4846 346 4898 dies
375 4848 621 4906 ueniunt,
665 4845 792 4895 dicit
818 4843 1087 4896 Dominus
1104 4879 1122 4900 ,
1148 4852 1199 4893 et
1225 4846 1456 4897 emittam
1478 4848 1661 4913 {ornem
1683 4869 1835 4920 super

250 4941 449 4996 terrain,
500 4949 614 4985 non
663 4933 862 4999 famem
909 4932 1106 4996 panis,
1147 4948 1319 4999 neque
1347 4935 1479 4986 sitim
1515 4954 1659 5004 aqua:
1688 4979 1700 5001 ,
1743 4943 1832 4994 sed

251 5019 422 5085 [aniens
477 5021 746 5074 audiendi
800 5021 1026 5073 verbum
1092 5019 1339 5072 Domini.
1400 5022 1550 5077 Vides
1598 5042 1714 5094 quae
1763 5031 1830 5084 sit

251 5107 434 5175 fames,
509 5125 634 5177 qua:
689 5112 908 5166 obtinet
975 5109 1357 5176 peccatores?
1403 5107 1555 5164 Vides
1603 5127 1720 5179 qua:
1761 5117 1828 5170 sit

305 5218 347 5249 ”
375 5218 510 5274 Psal.
545 5234 736 5278 xxxvi,
758 5217 854 5273 25.

251 5299 349 5347 tuti,
392 5289 468 5341 ll.
547 5291 592 5323 ⁹⁹

193 5459 196 5461 λ
291 5449 373 5525 (9)
427 5454 602 5518 Ales.
643 5446 936 5526 ρευείέιι
1225 5433 1527 5526 εὶῗῇὶηιξεοη
1601 5511 1612 5526 .
1679 5515 1690 5526 .

290 5500 396 5580 ‘70,)
642 5500 927 5580 Coi-ratis.
964 5500 1195 5580 .Edilil,
1225 5500 1456 5580 Cori-apii.
1491 5509 1645 5580 Paulo
1679 5515 1816 5567 infra

204 5565 1096 5659 ςιεξυζνίηᾶῖξῇξιρνίίηίιεβσὶεηε
1150 5565 1318 5627 ﬁem-
1365 5573 1516 5641 Alias,
1555 5565 1817 5646 largiere—do

187 5647 238 5694 ’θ
270 5647 570 5729 inite/Sciens
599 5652 771 5720 ﬁeret
781 5680 798 5694 .

939 5215 992 5301 ξι
1013 5213 1203 5301 1:30;.
1238 5229 1292 5301 xl,
1333 5215 1383 5301 ὃς
1614 5219 1882 5301 Reg.x_vu,
1921 5228 1997 5301 i.
2045 5229 2090 5260 '°
2127 5230 2193 5282 ιν
2219 5233 2344 5301 Reg.
2366 5234 2546 5290 v1.25.

672 5287 849 5340 Prov.
886 5298 976 5345 ix,
1037 5280 1108 5341 2,
1154 5279 1213 5339 5,
1249 5280 1299 5331 4.
1373 5283 1385 5310 ¹
1424 5283 1599 5338 Matth.
1657 5279 1717 5350 νζ
1758 5279 1905 5358 4;xi,
1936 5279 2027 5352 ἐς),

1937 4496 2016 4548 eis
2057 4511 2176 4549 cum
2235 4496 2534 4562 Pharaone,
2580 4500 2714 4552 nihil
2763 4501 3150 4556 innmitationis
3189 4503 3474 4571 recipiunt,

1938 4583 2029 4635 sed
2073 4597 2388 4650 permanent
2423 4587 2474 4638 in
2516 4587 2652 4639 mala
2699 4590 3073 4655 possessione,
3119 4600 3172 4644 et
3218 4593 3351 4645 sicut
3391 4593 3474 4645 his

1936 4672 2026 4739 qui
2076 4673 2126 4724 in
2157 4673 2260 4726 fide
2290 4683 2343 4726 et
2391 4675 2674 4729 sanctitate
2718 4677 3091 4745 profecerant,
3133 4681 3472 4732 dicitDmni-

1937 4778 2035 4814 nus
2065 4762 2085 4792 ³
2118 4775 2132 4814 :
2162 4762 2282 4814 lam
2325 4778 2425 4816 non
2466 4767 2580 4818 dico
2621 4784 2705 4820 vos
2751 4785 2941 4834 seruos,
2987 4773 3074 4823 sed
3121 4773 3341 4833 amicos,
3399 4771 3468 4821 ita

1938 4853 2070 4904 dicit
2126 4864 2181 4906 et
2231 4855 2350 4906 istis
2391 4855 2622 4922 Pharao,
2677 4868 2926 4926 tanquam
2969 4861 3060 4927 qui
3107 4862 3169 4913 ad
3207 4875 3468 4913 summum

1935 4940 2152 5008 gradum
2172 4944 2415 5008 nequitia:
2429 4955 2483 4997 et
2499 4945 2565 4997 ad
2585 4947 2934 4999 sacerdotium
2956 4947 3265 5014 perditionis
3278 4963 3471 5000 ascen-

1935 5029 2280 5082 derintzlam
2316 5047 2416 5084 non
2445 5033 2561 5084 dico
2599 5049 2682 5085 vos
2719 5049 2908 5095 servos,
2937 5042 3023 5085 sed
3053 5037 3263 5088 amicos.
3307 5035 3465 5088 Deni-

1931 5132 2033 5184 que
2056 5120 2136 5172 vis
2158 5120 2295 5174 scire
2319 5123 2442 5190 quid
2483 5125 2690 5178 intersit
2720 5127 2855 5180 inter
2910 5129 3217 5180 sacerdotes
3265 5127 3355 5178 Dei
3409 5135 3464 5176 et

2623 5237 2666 5306 ’7
2700 5237 2762 5289 IV
2786 5239 2913 5306 Reg.
2943 5239 3120 5306 ιἰιπΙ.
3217 5237 3263 5267 ⁸⁸
3301 5239 3462 5306 Anius

2101 5301 2120 5329 ⁸
2159 5299 2351 5356 Cenes.
2414 5318 2577 5367 xuii,
2635 5305 2704 5356 22
2756 5299 2908 5373 seqq.
2985 5306 3004 5334 ³
3040 5305 3191 5358 Joan.
3253 5299 3458 5363 “.15.

2001 5453 2137 5523 (ll)
2191 5455 2359 5509 Filius
2409 5457 2563 5511 Ader.
2619 5457 2690 5508 lta
2743 5471 2870 5508 mss.
2930 5467 3162 5523 quorum
3198 5449 3455 5523 Jionnnlli

1931 5515 2129 5575 ltabenl
2180 5523 2352 5576 Filius
2402 5525 2579 5577 Iader.
2647 5524 2864 5584 Vulgata
2926 5515 3134 5578 Latina,
3186 5515 3455 5571 Benadab.

1931 5588 2071 5644 Libri
2107 5592 2232 5646 editi
2261 5592 2523 5659 Origenis,
2555 5591 2694 5656 ﬁlius
2719 5587 3001 5639 Adadeser.
