3922 6254
387 335 483 389 251

386 537 753 591 sacerdotibus
775 537 912 598 suis,
941 536 1195 587 Dominus
1219 543 1395 587 autem
1426 532 1792 587 sacerdotibus
1809 531 1917 584 suis

385 635 592 692 partem
626 640 735 678 non
765 623 1010 678 concedit
1039 625 1088 676 in
1133 633 1304 686 terra,
1338 624 1430 676 sed
1458 623 1586 676 dicit
1606 623 1683 676 eis
1708 624 1730 652 ⁸⁵
1757 640 1770 674 :
1807 621 1916 689 Ego

380 729 498 767 sum
531 729 653 778 pars
683 720 869 765 vestra.
933 711 1224 765 Observate
1268 726 1391 780 ergo
1431 712 1518 779 qui
1564 711 1676 764 hcce
1722 711 1916 778 legitis,

385 815 571 854 oumes
599 801 806 854 Domini
843 801 1146 854 sacerdotes
1167 840 1181 865 ,
1211 810 1265 852 et
1300 801 1473 853 videte
1514 815 1632 867 quae
1665 799 1734 852 sit
1769 799 1918 852 diﬂ‘e-

384 890 559 944 tentia
591 889 958 950 sacerdotum,
990 903 1054 941 ne
1085 888 1223 940 forte
1263 887 1354 955 qui
1398 894 1598 953 partem
1642 887 1836 940 habent
1867 888 1916 939 in

384 987 525 1031 terra
601 989 656 1030 et
685 979 912 1030 terrenis
940 977 1172 1031 cultibus
1213 992 1274 1030 ac
1306 977 1498 1030 studiis
1541 986 1763 1039 vacant,
1812 993 1915 1031 non

385 1074 496 1120 tam
532 1065 741 1120 Domini
787 1082 945 1134 quam
999 1067 1294 1120 Pharaonis
1342 1067 1642 1120 sacerdotes
1682 1081 1799 1120 esse
1840 1068 1918 1119 vi-

390 1161 638 1211 (lt'llnlllr.
697 1158 788 1208 Ille
832 1167 912 1208 est
968 1157 1106 1208 enim
1136 1157 1222 1221 qui
1273 1156 1386 1208 vult
1439 1156 1743 1208 sacerdotes
1794 1170 1918 1208 suos

386 1246 586 1298 habere
635 1245 1002 1310 possessiones
1049 1253 1326 1306 terrarum,
1389 1251 1440 1295 et
1487 1256 1736 1294 exercere
1781 1243 1916 1310 agri,

387 1349 489 1385 non
550 1333 743 1384 anima:
799 1333 1083 1393 culturam,
1133 1334 1242 1383 ruri
1300 1343 1352 1384 et
1396 1347 1498 1384 non
1547 1331 1645 1399 legi
1699 1345 1916 1398 operam

385 1420 536 1476 dare.
566 1420 812 1473 Christus
837 1429 1010 1471 autem
1044 1420 1296 1470 Dominus
1326 1428 1509 1470 noster
1548 1419 1918 1472 sacerdotibus

386 1510 496 1560 suis
545 1509 668 1575 quid
703 1509 954 1575 prmcepit
988 1509 1286 1560 audiamus.
1324 1506 1426 1570 Qui
1465 1523 1563 1558 non
1590 1507 1916 1559 abrenuntia-

386 1599 535 1660 verit,
576 1600 750 1665 inquit
790 1597 834 1656 ',
892 1598 1124 1649 omnibus
1164 1613 1279 1664 qua:
1317 1597 1571 1665 possidet,
1618 1613 1718 1648 non
1759 1605 1918 1663 potest

385 1702 526 1738 meus
560 1701 669 1738 esse
694 1684 1000 1751 discipulus.
1027 1683 1390 1738 Contremisco
1416 1687 1524 1736 haec
1550 1684 1749 1737 dicens.
1777 1682 1921 1736 Meus

384 1777 527 1827 enim
570 1775 741 1840 primo
773 1775 1032 1834 omnium,
1067 1787 1239 1832 meus,
1273 1774 1485 1840 inquam
1514 1811 1528 1834 ,
1571 1773 1682 1840 ipse
1707 1787 1924 1824 accusa-
1960 1758 1995 1809 Β

384 1872 471 1918 tor
514 1866 734 1927 exsisto,
770 1879 917 1916 meas
978 1862 1452 1915 condemnationes
1496 1860 1702 1928 loquor.
1754 1860 1923 1928 Negat

384 1953 630 2008 Christus
683 1967 837 2006 suum
870 1966 986 2005 esse
1025 1951 1374 2019 discipulum,
1418 1965 1575 2017 quem
1601 1949 1793 2002 viderit
1826 1949 1923 2001 ali-

386 2042 517 2108 quid
546 2042 928 2107 possidentem,
966 2049 1020 2093 et
1053 2054 1174 2092 eum
1212 2040 1300 2106 qui
1337 2053 1438 2090 non
1465 2039 1731 2091 renuntiat
1753 2037 1922 2090 omni-

385 2130 488 2182 bus
521 2141 638 2196 quae
678 2129 933 2195 possidet.
970 2128 1034 2180 Et
1062 2128 1186 2195 quid
1215 2127 1460 2193 agimus?
1497 2127 1768 2191 Quomodo
1814 2125 1924 2178 haec

385 2227 478 2271 aut
509 2218 610 2283 ipsi
647 2217 888 2286 legimus,
935 2225 1026 2268 aut
1071 2216 1275 2283 populis
1318 2216 1657 2283 exponimus,
1693 2214 1779 2281 qui
1817 2229 1921 2267 non

384 2305 556 2358 solum
581 2320 682 2357 non
699 2305 1132 2357 abrenuntiamus
1157 2302 1240 2355 his
1261 2317 1374 2369 qua:
1399 2301 1853 2369 possidemus,sed
1871 2308 1924 2352 et

385 2396 664 2463 acquirere
683 2393 928 2444 volumus
951 2407 1010 2444 ea
1035 2406 1154 2458 quae
1184 2405 1453 2457 nunquam
1476 2388 1758 2441 habuimus
1783 2396 1923 2439 aute-

384 2499 544 2552 quam
591 2482 894 2535 veniremus
931 2479 998 2532 ad
1032 2478 1339 2533 Christum?
1385 2476 1759 2544 Nunquidnam
1800 2475 1923 2542 quia

385 2591 486 2628 nos
507 2573 780 2641 redarguit
796 2571 1142 2634 conscientia,
1167 2579 1346 2637 tegere
1367 2578 1416 2621 et
1436 2584 1539 2622 non
1559 2566 1797 2637 proferre
1810 2580 1925 2633 quas

392 2661 545 2731 105
580 2662 775 2727 scripta
815 2667 938 2712 sunt
982 2656 1299 2725 possumus?
1341 2655 1472 2708 Nolo
1515 2654 1767 2721 duplicati
1812 2653 1925 2707 cri-

386 2751 547 2803 minis
603 2749 712 2800 fieri
761 2762 903 2801 reus.
978 2745 1246 2799 Confiteor
1293 2752 1346 2796 et
1381 2741 1548 2811 palam
1593 2740 1783 2809 populo
1827 2755 1926 2792 au~

396 2840 598 2900 diente,
633 2837 890 2891 confiteor
921 2836 1032 2888 haec
1082 2835 1285 2902 scripta
1335 2845 1454 2885 esse
1488 2831 1738 2884 :etiamsi
1796 2843 1926 2882 non-

398 2926 528 2978 dum
559 2924 804 2992 implesse
832 2938 914 2977 me
948 2923 1091 2975 novi.
1123 2921 1227 2974 Sed
1258 2934 1323 2973 ex
1350 2920 1451 2972 hoc
1475 2917 1664 2972 saltem
1702 2930 1927 2969 commo-

393 3012 493 3066 niti
533 3011 846 3065 festinemus
892 3011 1136 3078 implere,
1165 3007 1478 3061 festinemus
1521 3004 1747 3058 transire
1779 3019 1808 3056 a
1843 3017 1928 3057 sa-

391 3101 701 3156 cerdotibus
727 3099 1040 3162 Pharaonis,
1071 3098 1262 3166 quibus
1289 3104 1499 3150 terrena
1536 3093 1801 3160 possessio
1824 3101 1923 3155 est,

395 3192 463 3246 ad
496 3197 800 3245 sacerdotes
822 3189 1046 3249 Domini,
1077 3188 1270 3256 quibus
1294 3187 1344 3238 in
1378 3195 1666 3251 terra-pars
1694 3197 1796 3235 non
1822 3189 1926 3247 est,

395 3283 589 3351 quibus
647 3280 818 3348 portio
865 3279 1119 3333 Dominus
1166 3285 1271 3332 est.
1304 3274 1447 3328 Talis
1497 3275 1636 3328 enim
1668 3281 1782 3325 erat
1816 3271 1924 3328 ille.

397 3372 488 3440 qui
521 3370 732 3423 dicebat
761 3370 780 3400 ⁸
814 3383 829 3421 :
860 3368 1126 3435 Tanquam
1161 3372 1381 3429 egentes,
1419 3363 1607 3415 multos
1647 3371 1815 3412 autem
1845 3358 1926 3410 lo-

397 3457 731 3526 cupletantes.
767 3453 830 3508 Ut
856 3455 986 3508 nihil
1019 3454 1280 3514 habentes,
1307 3459 1354 3503 et
1389 3451 1560 3502 omnia
1591 3447 1924 3515 possidentes.

397 3545 589 3598 Paulus
618 3546 703 3597 hic
732 3551 810 3596 est
837 3543 926 3612 qui
956 3543 1006 3594 in
1043 3540 1236 3593 talibus
1289 3537 1566 3606 gloriatur.
1614 3536 1706 3590 Vis
1745 3535 1929 3588 audire

399 3635 527 3702 quid
556 3633 713 3688 etiam
765 3631 955 3686 Petrus
998 3632 1062 3684 de
1113 3629 1288 3696 seipso
1340 3624 1691 3696 pronuntiet?
1738 3625 1929 3678 Audite

401 3739 524 3777 eum
548 3739 668 3777 cum
687 3722 891 3776 Joanne
920 3720 1120 3786 pariter
1137 3716 1473 3784 profitentem
1504 3724 1555 3768 et
1582 3716 1850 3769 dicentem
1871 3715 1928 3767 ":

397 3813 596 3866 Aurum
628 3821 674 3866 et
713 3820 980 3880 argentum
1009 3824 1109 3860 non
1142 3807 1325 3870 habeo,
1360 3807 1445 3858 sed
1477 3805 1612 3872 quod
1643 3805 1804 3856 habeo
1836 3803 1930 3854 hoc

399 3906 492 3958 tibi
545 3906 632 3958 do.
670 3903 736 3957 In
779 3904 981 3956 nomine
1027 3902 1153 3954 Jesu
1183 3899 1380 3952 Christi
1415 3913 1566 3964 surge
1605 3905 1653 3949 et
1699 3896 1929 3948 ambula.

400 3994 560 4048 Vides
595 3993 934 4047 sacerdotum
965 3990 1160 4044 Christi
1193 3988 1426 4048 divitias,
1472 3987 1622 4038 vides
1667 3984 1800 4036 nihil
1837 3985 1931 4036 ha-

399 4084 608 4148 bentes,
639 4091 840 4152 quanta
868 4089 922 4134 et
949 4079 1127 4146 qualia
1164 4072 1483 4144 largiuntur.
1517 4075 1653 4128 Istas
1676 4086 1801 4141 opes
1828 4074 1931 4127 lar-

399 4174 498 4243 giri
526 4187 627 4224 non
655 4177 827 4237 potest
857 4178 1068 4219 terrena
1095 4165 1383 4231 possessio.

469 4262 522 4313 6.
583 4258 913 4312 Contulimus
971 4253 1279 4307 sacerdotes
1339 4251 1921 4319 saeerdotihus,nunc,

1825 321 2136 376 ORIGENIS

389 447 691 501 sacerdotes
741 446 1074 500 Pharaonis?
1139 445 1346 500 Pharao
1433 453 1608 498 terras
1679 444 1924 496 concedit
1952 446 1996 498 A
2031 449 2134 490 tur.
2162 439 2230 488 At
2265 450 2390 488 vero
2419 432 2748 487 lsraeliticus

2024 524 2367 592 perfectionis
2398 536 2703 576 numerum.
2740 519 2962 572 Decem
2997 511 3160 566 enim
3205 502 3438 558 verba
3488 495 3660 563 legis
3694 507 3794 592 ac-

2022 583 2180 680 cepit,
2219 621 2274 665 et
2302 610 2550 676 Decalogi
2579 610 2788 662 virtute
2819 607 3166 658 instructus
3237 594 3498 680 ignota
3553 583 3794 680 mundo

2023 701 2149 754 huic
2175 705 2509 752 sacramenta
2539 696 2724 749 divina
2775 691 3105 760 largitione
3138 677 3511 746 suscepit.
3556 671 3690 725 Sed
3731 681 3791 720 et

2023 790 2074 842 in
2099 789 2244 842 N0vo
2271 787 2614 840 Testamento
2650 782 2916 837 similiter
2945 769 3375 830 venerabilis
3415 775 3532 818 est
3571 763 3791 823 deeas,

2022 879 2159 931 sicut
2199 885 2252 931 et
2281 874 2487 928 fructus
2510 873 2737 941 spiritus
2778 869 2954 923 denis
2987 860 3365 931 exponitur
3398 851 3791 922 germinare

2022 958 2310 1021 virtutibus
2343 967 2388 1020 ⁸.
2416 966 2480 1018 Et
2509 975 2696 1016 servus
2737 959 2926 1013 fidelis
2963 956 3042 1008 de
3096 943 3622 1020 negotiationis
3664 955 3788 994 sua:

2023 1056 2184 1109 lucris
2211 1056 2394 1108 decem
2428 1067 2581 1105 mnas
2603 1049 2765 1102 offert
2791 1047 3076 1108 Domino,
3121 1051 3186 1094 et
3246 1039 3512 1092 decem
3559 1031 3790 1084 civita-

2027 1154 2138 1197 tum
2183 1143 2379 1210 accipit
2408 1137 2806 1208 potestatem’.
2843 1135 3073 1186 Verum
3108 1130 3277 1198 quia
3327 1138 3523 1177 minus
3563 1131 3788 1174 auctor

2022 1242 2103 1288 est
2125 1233 2386 1293 omnium,
2423 1241 2478 1284 et
2511 1231 2631 1282 linis
2655 1237 2711 1282 et
2748 1227 2984 1280 initium
3015 1220 3145 1291 (1‘2)
3207 1232 3412 1270 unus
3445 1222 3556 1266 est
3596 1211 3786 1264 Chri-

2024 1332 2155 1383 stus,
2186 1321 2385 1375 idcirco
2412 1328 2466 1372 et
2496 1315 2723 1386 populus
2760 1313 3030 1368 decimas
3084 1308 3386 1376 quidem
3465 1299 3787 1355 ministris

2023 1423 2076 1466 et
2113 1411 2478 1466 sacerdotibus
2531 1415 2773 1474 praestat,
2828 1399 3264 1472 primogenita
3343 1410 3529 1447 vero
3599 1390 3789 1442 olfert

2023 1501 2374 1569 primogenito
2405 1499 2583 1552 omnis
2625 1504 2920 1556 creaturae,
2980 1499 3047 1545 et
3103 1487 3314 1542 initia
3387 1483 3600 1538 initio
3652 1495 3788 1534 οων

2025 1592 2205 1655 nium;
2238 1592 2303 1644 de
2333 1604 2437 1653 quo
2481 1588 2743 1655 scriptum
2789 1592 2879 1637 est
2920 1583 2970 1614 ¹⁰
3036 1599 3054 1636 :
3116 1579 3258 1643 Qui
3321 1587 3429 1631 est
3498 1574 3783 1637 initium,

2023 1681 2388 1747 primogenitus
2433 1678 2597 1729 omnis
2629 1685 2917 1728 creaturae.
2955 1671 3115 1724 Vide
3151 1683 3338 1738 ergo
3377 1681 3472 1720 ex
3513 1665 3622 1718 his
3651 1677 3787 1716 om-

2024 1769 2180 1821 nibus
2209 1766 2560 1820 dilferentiani
2583 1763 2762 1832 populi
2794 1761 3247 1831 [Egyptiorum
3289 1767 3368 1813 et
3402 1755 3642 1826 populi
3691 1753 3780 1807 ls-

2025 1856 2222 1920 rael,et
2251 1853 2604 1909 differentiam
2631 1852 3002 1905 sacerdotum
3058 1849 3497 1911 Pharaonis,
3556 1853 3626 1898 et
3688 1859 3784 1898 sa-

2022 1945 2292 1997 cerdotum
2325 1941 2558 2006 Domini,
2587 1951 2643 1994 et
2695 1940 3021 1994 discutiens
3071 1937 3568 2005 temetipsum,
3637 1949 3778 2004 per—

2023 2035 2142 2088 vide
2166 2034 2230 2087 de
2277 2047 2383 2101 quo
2419 2030 2616 2100 populo
2642 2030 2742 2094 sis,
2789 2038 2848 2083 et
2902 2026 3085 2095 cujus
3139 2029 3430 2083 ordinis
3471 2031 3781 2085 sacerdo-

2026 2125 2152 2177 tium
2181 2132 2385 2177 teneas.
2417 2120 2474 2174 Si
2502 2121 2676 2174 adhuc
2703 2149 2706 2152 ~
2738 2116 3093 2173 carnalibus
3138 2119 3484 2175 sensibus
3545 2120 3772 2186 servis,

2022 2213 2066 2266 si
2089 2213 2263 2266 adhuc
2291 2211 2534 2275 quinario
2563 2221 2789 2262 numero
2814 2207 3081 2274 vectigal
3116 2208 3445 2264 exsolvis
3469 2251 3490 2278 ,
3561 2219 3629 2265 ει
3678 2225 3779 2264 τε-

2029 2298 2188 2365 spicis
2212 2313 2276 2353 ea
2295 2312 2414 2366 quae
2439 2294 2670 2350 visibilia
2723 2303 2779 2347 et
2823 2295 3204 2364 temporalia
3281 2303 3490 2359 sunt.
3542 2303 3609 2347 et
3651 2309 3770 2345 non

2023 2387 2245 2456 respicis
2277 2401 2338 2440 ea
2368 2400 2485 2453 qua:
2536 2386 2830 2440 invisibilia
2880 2395 2942 2439 et
2978 2399 3231 2441 aeterna
3296 2393 3502 2448 sunt,
3542 2383 3624 2436 de
3663 2383 3774 2437 ΑΞ-

2023 2485 2182 2546 gypto
2210 2483 2260 2529 te
2287 2476 2479 2545 populo
2509 2490 2628 2530 esse
2655 2491 2954 2545 cognosce.
3005 2477 3073 2530 Si
3122 2491 3301 2532 vero
3363 2476 3768 2544 Decalogum

2024 2567 2175 2634 legis,
2220 2574 2275 2619 et
2327 2566 2578 2620 decadem
2627 2563 2760 2618 Novi
2805 2564 3236 2630 Testamenti,
3300 2583 3522 2636 quam
3578 2581 3769 2634 supra

2023 2655 2379 2722 exposuimus,
2413 2669 2624 2720 semper
2664 2665 2792 2708 ante
2841 2657 3053 2710 oculos
3109 2659 3375 2724 habes,
3423 2668 3497 2713 et
3550 2660 3633 2712 de
3671 2655 3768 2712 his

2025 2743 2256 2796 decimas
2288 2740 2466 2806 oﬂ‘ers,
2512 2751 2567 2795 et
2609 2743 2994 2810 primogenita
3046 2760 3304 2799 sensus
3365 2747 3467 2800 tui
3532 2748 3597 2800 in
3649 2747 3770 2799 fide

2025 2830 2267 2885 immolas
2289 2831 2642 2898 primogenito
2662 2846 2728 2884 ex
2755 2833 3027 2897 mortuis,
3057 2842 3126 2886 et
3155 2835 3370 2888 initia
3411 2845 3530 2889 tua
3569 2835 3767 2891 refers

2027 2921 2094 2974 ad
2124 2919 2333 2973 initium
2360 2920 2623 2982 omnium,
2665 2911 2828 2974 verus
2859 2920 3139 2975 Israelita
3170 2938 3306 2992 es,
3362 2926 3434 2979 in
3476 2942 3610 2995 quo
3658 2926 3768 2980 do-

2027 3009 2108 3062 lus
2133 3023 2234 3062 non
2263 3016 2345 3062 est
2376 3009 2438 3061 “.
2472 3007 2576 3062 Sed
2612 3017 2667 3062 et
2693 3010 3032 3065 sacerdotes
3081 3012 3366 3069 Domini
3415 3018 3475 3071 si
3534 3026 3770 3073 semet-

2031 3099 2170 3166 ipsos
2197 3096 2507 3160 discutiant,
2535 3105 2589 3148 et
2627 3111 2656 3148 a
2691 3097 2932 3150 terrenis
2989 3100 3260 3157 actibus
3301 3103 3506 3160 liberi
3543 3107 3677 3160 sint
3706 3115 3766 3161 et

2026 3187 2360 3256 possessione
2388 3185 2681 3247 mundana,
2705 3201 2837 3240 vere
2862 3199 3123 3253 possunt
3155 3191 3408 3248 dicere
3442 3199 3528 3250 ad
3561 3199 3743 3252 Domi
3763 3223 3777 3236 -

2026 3291 2151 3330 num
2173 3276 2251 3326 “z
2286 3273 2418 3326 Ecce
2443 3289 2534 3325 nos
2571 3274 2874 3326 dimisimus
2908 3279 3137 3344 omnia,
3175 3289 3249 3332 et
3292 3289 3510 3339 secuti
3554 3305 3763 3343 sumus

2025 3375 2114 3429 te;
2142 3375 2301 3432 atque
2327 3364 2515 3416 audire
2537 3363 2605 3416 ab
2629 3377 2711 3423 eo,
2745 3365 2876 3432 quia
2915 3381 3013 3418 vos
3042 3371 3152 3436 qui
3189 3377 3423 3429 secuti
3457 3381 3610 3432 estis
3649 3397 3765 3447 me,

2025 3457 2078 3508 in
2106 3454 2488 3522 regeneratione
2509 3453 2768 3514 omnium,
2793 3469 2916 3504 cum
2943 3461 3175 3511 venerit
3214 3460 3459 3520 Filius
3495 3469 3762 3523 hominis

2026 3544 2079 3595 in
2107 3556 2257 3610 regno
2280 3555 2394 3602 suo,
2415 3539 2656 3591 sedebitis
2678 3549 2724 3590 et
2751 3555 2840 3591 vos
2867 3557 3042 3608 super
3068 3547 3451 3606 duodecim
3485 3562 3550 3609 th
3562 3573 3762 3624 ranos,

2020 3630 2313 3698 judicantes
2341 3628 2611 3680 duodecim
2643 3629 2811 3681 tribus
2840 3629 3053 3684 Israel.

2096 3720 2149 3773 7.
2183 3717 2309 3772 Post
2343 3719 2454 3770 lucc
2476 3717 2752 3772 videamus
2780 3721 2912 3786 quid
2948 3721 3105 3778 dicit
3155 3725 3453 3802 Moyses
3493 3756 3510 3792 ε
3545 3739 3624 3792 Et
3658 3745 3770 3796 [ια-

2029 3809 2226 3871 bitavit,
2255 3807 2425 3874 inquit
2451 3807 2512 3872 ",
2547 3805 2718 3859 Israel
2743 3808 2797 3860 in
2817 3807 3096 3878 /Egyplo,
3143 3817 3225 3872 in
3283 3831 3474 3882 terra
3511 3829 3740 3888 Genets

2029 3896 2416 3989 Interpretatur
2448 3905 2656 3989 -autem
2707 3897 2920 3989 Cessen
2941 3877 2951 3878 ί
2972 3877 3407 3968 proximitas

2029 3985 2412 4053 propinquitas.
2446 3982 2548 4036 Per
2576 3984 2719 4050 quod
2757 3989 3108 4054 ostenditur,
3149 3961 3662 4067 (ιυεξιήνειξξδῖιςὲί

2033 4072 2264 4141 [Egypto
2310 4071 2510 4124 habitet
2537 4072 2722 4134 Israel,
2763 4088 2871 4126 non
2905 4084 3100 4131 tamen
3135 4082 3366 4156 longe
3395 4108 3507 4151 est
3541 4116 3577 4152 ε
3619 4102 3743 4157 Deo

2031 4162 2421 4263 sedproximus
2450 4170 2532 4214 est
2561 4163 2609 4215 ei
2645 4171 2698 4214 et
2725 4162 3094 4233 coniunctus,
3134 4144 3358 4235 εἰριῑιῗ
3395 4144 3601 4246 egi-ani

2033 4250 2162 4303 dicit
2196 4250 2258 4314 “,
2293 4251 2416 4317 quia
2449 4267 2539 4317 ego
2569 4252 2882 4306 descendam
2914 4267 3099 4311 tecum
3143 4264 3226 4318 ir;
3282 4250 3683 4348 ngypmm;
3715 4297 3768 4338 ει

398 4352 444 4406 si
474 4350 700 4412 videtur,
729 4355 783 4399 et
810 4343 1055 4412 populum
1079 4341 1382 4410 Egyptium
1398 4342 1591 4410 populo
1633 4343 1928 4397 Israelitico
1957 4342 2005 4400 D
2036 4357 2242 4408 egocro
2268 4350 2452 4393 tecum.
2480 4339 2543 4392 Et
2571 4355 2668 4394 nos
2699 4356 2829 4410 ergo
2852 4346 3027 4400 etiam
3069 4353 3126 4405 si
3166 4339 3518 4421 videmur
3569 4373 3632 4426 in
3662 4339 3771 4430 LE-

400 4438 759 4492 conferamus.
796 4434 1002 4486 Dicitur.
1029 4431 1172 4485 enim
1221 4433 1275 4484 in
1306 4432 1774 4497 consequentibus,
1805 4433 1929 4500 quia

401 4535 521 4593 post
547 4522 738 4576 famem
768 4531 822 4574 et
857 4521 1168 4573 servitutem
1214 4519 1438 4587 populus
1463 4518 1746 4588 Egyptius
1775 4523 1932 4588 quin-

401 4623 484 4665 tas
510 4609 700 4663 ollerat
744 4607 1031 4662 Pharaoni.
1089 4605 1400 4660 Econtrario
1429 4622 1559 4662 vero
1608 4607 1933 4663 lsraeliticus

402 4700 628 4769 pOpUlUS
653 4699 885 4752 decimas
915 4695 1068 4748 offert
1091 4697 1477 4751 sacerdotibus.
1510 4696 1642 4750 Vide
1667 4706 1720 4750 et
1753 4699 1803 4750 in
1834 4699 1935 4753 hoc

405 4789 737 4855 Scripturam
767 4787 998 4840 divinam
1024 4786 1220 4853 ingenti
1258 4787 1462 4840 ratione
1491 4786 1786 4850 subnixam,
1814 4788 1932 4842 vide

401 4877 713 4948 Egyptium
749 4877 998 4945 populum
1033 4877 1281 4944 quinario
1320 4889 1543 4930 numero
1572 4877 1767 4930 tributa
1799 4891 1931 4944 pen-

403 4970 639 5023 dentem.
661 4967 901 5034 Quinque
926 4967 1066 5020 enim
1093 4981 1280 5020 sensus
1298 4965 1541 5032 corporei
1567 4965 1929 5032 designantur,

406 5061 600 5127 quibus
640 5058 864 5126 populus
891 5057 1123 5112 carnalis
1150 5057 1400 5111 deservit.
1429 5053 1648 5121 Semper
1682 5055 1819 5114 enim
1844 5054 1934 5107 ΑΞ-

373 5151 570 5220 ‘gyptii
611 5149 912 5204 visibilibus
950 5147 1112 5203 rebus
1155 5155 1210 5200 et
1242 5145 1609 5212 corporalibus
1635 5141 1934 5209 obsequun-

475 5305 496 5337 ⁸
525 5307 682 5358 Num.
706 5319 860 5364 xvnt.
887 5303 974 5357 20.
1050 5303 1070 5333 ⁸
1096 5301 1222 5353 Luc.
1261 5315 1370 5361 xw,
1405 5300 1491 5351 55.

407 5373 454 5406 ¹⁹
479 5375 682 5427 Coloss.
718 5389 757 5437 ι,
801 5373 886 5426 18.
962 5372 1001 5402 ¹¹
1033 5369 1185 5422 Joan.
1217 5383 1254 5432 ι,
1287 5367 1374 5418 47.

407 5563 436 5602 ⁸
483 5483 590 5600 fl?)
617 5482 785 5598 alias,
815 5497 862 5540 et
894 5489 1032 5558 fons,
1057 5497 1103 5541 et
1131 5484 1350 5536 initium.
1379 5483 1484 5538 Sed
1512 5496 1637 5536 mss.
1671 5491 1726 5534 ut
1765 5482 1815 5535 in
1839 5495 1930 5535 no-

442 5564 520 5602 tm
565 5566 683 5602 cru

442 5564 520 5602 ἔτι)
545 5564 683 5602 ιυιιιι

1601 5298 1621 5328 ⁸
1650 5297 1686 5349 ll
1711 5297 1830 5352 Cor.
1868 5315 1939 5357 vt,
1962 5300 2044 5352 lO.

1453 5366 1493 5396 ¹²
1519 5365 1700 5417 Matth.
1732 5382 1842 5429 xix,
1871 5368 1958 5430 27,
1994 5369 2081 5424 ‘28.

2032 4439 2257 4533 gyptu‘m.
2281 4430 2643 4530 descendisse,
2683 4431 2902 4530 etiamsi
2931 4434 2987 4487 in
3019 4454 3234 4499 carne
3282 4459 3495 4519 positi
3538 4478 3772 4533 agones

2035 4520 2213 4571 ll‘llllldl
2245 4519 2398 4586 hujus
2424 4527 2478 4570 et
2507 4520 2802 4571 certamina
2836 4525 3268 4602 sustinemus,
3323 4547 3537 4602 etiam
3579 4519 3639 4608 si
3682 4519 3774 4611 in;

2038 4618 2116 4660 ter
2143 4623 2234 4661 eos
2263 4606 2563 4659 habitamus
2588 4607 2681 4674 qui
2714 4608 3042 4667 deserViunt
3097 4616 3508 4702 Pharaoni,
3562 4606 3773 4702 tamen

2035 4699 2079 4748 si
2111 4711 2269 4796 prope
2295 4698 2463 4750 Deum
2490 4698 2677 4759 simus,
2705 4697 2751 4749 si
2781 4697 2835 4750 in
2880 4681 3545 4796 mandatoruyﬁ'é-i-Js

2038 4796 2948 4896 turrifera-streets
2981 4811 3106 4862 ειυε
3161 4817 3264 4862 ac
3316 4813 3582 4880 ίιιιιίοερ
3634 4844 3778 4896 ρει-

2037 4875 2309 4974 quiramqs
2353 4874 2372 4942 (
2395 4875 2495 4928 hoc
2523 4885 2606 4928 est
2637 4876 2782 4930 enim
2817 4893 2992 4946 prope
3047 4899 3195 4945 esse
3271 4874 3452 4974 lico,
3493 4874 3777 4974 $13.53;:

2039 4933 2156 5029 quas
2193 4963 2285 5016 Dei
2311 4933 2435 5016 sunt
2463 4964 2720 5033 cogitare,
2747 4933 2871 5034 qu}.
2915 4933 3014 5028 se
3048 4933 3202 5036 ἐι]ἧῖ
3271 4933 3452 4974 ”“⁷”’
3521 4933 3777 4986 semp"

2044 5055 2080 5076 ,ι
2105 5068 2178 5076 ΔΜ
2223 5068 2433 5076 ,ηημ
2463 5055 2558 5076 ηε,
2615 5056 2817 5076 “Dm
3120 5070 3146 5076 _
3273 5007 3598 5061 quml'cre
3626 5011 3674 5076 ),
3713 5021 3778 5066 et

2044 5055 2181 5106 Deus
2221 5068 2433 5120 semper
2459 5055 2564 5107 erit
2615 5056 2903 5114 nobiscum
2958 5081 3062 5152 pm:
3113 5055 3372 5142 Jesu'm
3428 5055 3772 5159 Chr'is’t'u;

2130 5302 2298 5378 uncti.
2319 5315 2402 5360 ιιι,
2421 5300 2471 5352 ϐ.
2545 5301 2565 5330 ⁸
2594 5300 2776 5378 Gala}.
2818 5324 2875 5375 v,
2902 5315 3006 5378 92,
3031 5321 3130 5378 23.

2183 5330 2298 5352 nus.
2321 5330 2376 5351 ιιι
2421 5330 2471 5352 υ.
2595 5330 2610 5347 1
2648 5330 2655 5333 ν
2701 5330 2713 5355 ε

2166 5370 2206 5399 ³³
2241 5339 2433 5422 Cenes.
2489 5330 3167 5434 sutifnalij’ifzéfggc
3211 5330 3568 5434 iungi-"1.11.
3611 5365 3769 5411 xxv.

2891 5384 2938 5415 “
2972 5389 3189 5450 Cenes.

2106 5483 2452 5561 (15)Gessen
2511 5486 2838 5561 proximitas
2907 5501 2996 5560 int

2038 5561 2144 5609 θλ
2181 5557 2416 5613 arcessit,
2454 5557 2928 5624 appropinquavit.

3000 5521 3368 5580 erpretatur
3424 5543 3466 5583 a
3539 5539 3770 5598 radice
