3922 6224
239 374 348 428 233

1466 372 1536 428 IN
1573 376 1862 430 GENESIM
1896 375 2170 432 llOMlLlA
2203 345 2374 430 xvu.‘
3373 375 3485 430 ast

238 489 517 545 Dominum
544 484 791 536 nostrum,
822 466 906 524 cui
934 476 1027 523 εει
1053 472 1259 542 gloria
1295 483 1358 540 in
1397 495 1602 549 saecula
1622 475 1835 550 srectilo-
1866 504 1911 557 Α
1945 499 2126 549 Ruben
2161 497 2210 549 in
2247 491 2598 548 concubinam
2631 486 2797 557 patris
2821 486 3127 543 ell‘erbuerit
3159 489 3370 544 ﬂamma
3403 491 3480 542 li-

243 592 392 632 tum.
424 569 595 622 Amen.

767 647 1055 705 HOMlLlA
1091 652 1287 717 xvn.

509 747 576 801 De
615 742 1058 818 benedictionibus
1094 753 1581 814 patriarcharum.

361 845 411 898 Ι.
431 837 699 894 Sciendum
731 843 814 888 est
841 833 1045 900 primo,
1074 840 1238 904 quod
1275 843 1334 896 in
1371 846 1598 914 singulis
1625 848 1844 914 quibus-

283 945 393 997 que
420 928 536 982 locis
576 925 662 978 ubi
710 926 1000 991 Scriptura
1051 926 1125 981 de
1155 929 1473 999 duodecim
1526 936 1842 1002 patriarchis

288 1025 676 1080 commemorat,
717 1015 889 1068 multa
941 1016 1013 1068 sit
1055 1018 1112 1070 in
1177 1020 1300 1088 ipsa
1348 1025 1552 1076 ordinis
1608 1025 1846 1077 conscri-

286 1109 456 1174 ptione
486 1105 778 1158 diversitas.
817 1103 978 1158 Alius
1007 1107 1148 1159 ordo
1184 1119 1273 1161 est
1303 1111 1355 1162 in
1397 1111 1506 1176 ipsa
1544 1125 1723 1164 eorum
1752 1127 1844 1164 na-

291 1195 486 1245 tivitate
518 1191 882 1260 conscriptus,
921 1193 1068 1247 alius
1099 1210 1228 1248 cum
1261 1204 1460 1250 terram
1492 1197 1705 1266 Egypti
1739 1215 1841 1251 una

289 1298 409 1334 cum
454 1293 602 1350 patre
648 1297 747 1334 suo
792 1281 959 1336 Israel
1010 1293 1066 1336 et
1104 1286 1300 1339 sobole
1336 1287 1661 1352 posteritatis
1710 1287 1848 1340 refe-

293 1384 470 1425 runtur
506 1372 729 1425 intrare.
771 1372 929 1426 Alius
964 1389 1112 1428 nunc
1143 1389 1268 1426 cum
1311 1377 1704 1431 benedictiones
1732 1377 1848 1430 obi-

290 1461 398 1512 turi
428 1460 667 1527 parentis
693 1461 1005 1527 excipiunt,
1036 1463 1177 1516 alius
1206 1479 1328 1516 cum
1349 1478 1574 1531 egressae
1595 1465 1659 1517 de
1685 1464 1848 1534 Egy-

287 1558 386 1617 pto
417 1551 604 1608 tribus.
639 1549 724 1600 vel
771 1564 898 1602 cum
969 1551 1023 1602 in
1083 1553 1306 1605 deserto
1360 1566 1846 1608 commemorantur

287 1640 482 1707 aliquid
512 1654 699 1707 agere,
749 1638 837 1691 vel
879 1649 1086 1691 terram
1133 1641 1562 1707 repromissionis
1599 1642 1850 1709 ingressa:

287 1729 343 1780 in
377 1739 546 1780 monte
581 1726 756 1780 Gebal
796 1743 899 1794 pro
929 1728 1395 1782 benedictionibus
1422 1741 1475 1782 et
1512 1730 1841 1783 maledictio-

1938 585 2134 638 hidinis

2229 624 2282 636 ν.
2349 624 2623 648 νων-.--η
2692 624 3030 630 --την-.--η
3115 624 3320 646 --._...,
3385 624 3478 634 η--

1941 674 2077 741 quod
2109 672 2158 723 in
2204 669 2369 722 initiis
2419 665 2588 718 laudis
2627 663 2676 716 ei
2728 663 2924 730 aliquid
2963 663 3170 714 videtur
3205 663 3478 716 ascribere

1941 761 2160 812 dicens:
2191 757 2267 809 Tu
2300 758 2463 808 virtus
2494 769 2629 816 mea,
2663 751 2866 804 idcirco
2902 750 2958 802 lit
3013 758 3070 801 ut
3125 751 3338 818 gravius
3381 765 3481 804 no-

2229 591 2282 636 et
2349 589 2623 648 paternum
2691 577 3030 630 maculaverit
3111 588 3320 646 torum,
3385 579 3481 634 sed

1945 858 2081 901 tetnr
2111 849 2160 899 in
2191 846 2434 906 crimine,
2463 842 2552 910 qui
2607 856 2728 894 cum
2762 841 2932 892 virtus
2961 840 3128 906 patris
3173 839 3475 901 haberetur,

1943 949 1996 990 et
2035 937 2244 989 initium
2306 934 2568 995 ﬁliorum,
2637 929 2827 983 nesciit
2872 943 3087 982 servare
3131 929 3478 980 reverentiam

1945 1029 2104 1096 patri.
2140 1027 2304 1092 Quale
2336 1034 2418 1077 est
2450 1032 2501 1075 et
2535 1021 2661 1075 illud
2703 1021 2846 1088 quod
2879 1019 3075 1072 dicitur
3116 1034 3210 1086 per
3247 1019 3480 1086 prophe-

1948 1127 2051 1170 tam
2082 1117 2125 1147 ’⁸
2163 1132 2176 1165 :
2223 1114 2332 1181 Ego
2365 1121 2411 1164 te
2456 1111 2684 1178 plantavi
2714 1111 2914 1163 vineam
2951 1107 3269 1175 {ructiferam
3321 1117 3481 1158 totam

1947 1219 2175 1256 ueracem
2206 1201 2335 1270 (l5),
2370 1200 2621 1268 quomodo
2648 1214 2891 1252 conversa
2921 1214 2972 1250 es
2999 1198 3054 1248 in
3083 1197 3480 1248 amaritudinem

1947 1293 2064 1346 vitis
2099 1292 2327 1344 alienw?
2363 1291 2660 1363 Secundum
2701 1302 2831 1342 vero
2877 1286 3297 1353 intelligentiam,
3335 1285 3474 1338 vide-

1952 1390 2037 1433 tur
2066 1379 2192 1431 mihi
2214 1378 2397 1430 Ruben
2417 1378 2608 1444 prioris
2635 1376 2808 1444 populi
2833 1375 3135 1428 Jndzeorum
3163 1374 3302 1427 ferre
3329 1386 3483 1440 posse

1949 1483 2258 1537 personam,
2295 1467 2382 1532 qui
2420 1477 2473 1519 et
2499 1465 2882 1534 primogenitus
2905 1471 3005 1528 est,
3035 1471 3089 1516 et
3115 1464 3320 1515 initium
3355 1461 3485 1514 lilio-

1953 1575 2067 1610 rum
2103 1559 2238 1610 sicut
2272 1556 2524 1625 propheta
2561 1555 2688 1625 dicit
2727 1554 2768 1585 ¹⁹
2825 1573 2838 1607 :
2895 1553 3065 1605 Israel
3114 1555 3484 1619 primaqenitus

1950 1662 2111 1698 meus.
2156 1644 2334 1697 Primo
2371 1658 2595 1710 namque
2643 1641 2748 1695 illis
2800 1642 2919 1695 data
2973 1650 3097 1694 sunt
3126 1641 3333 1707 eloquia
3368 1639 3481 1692 Dei.

1952 1733 2100 1797 Quod
2137 1741 2309 1784 autem
2336 1731 2497 1784 durus
2529 1730 2687 1782 fuerit
2711 1728 2797 1782 ille
2829 1730 3052 1797 populus
3074 1736 3123 1781 et
3150 1728 3483 1790 temerarius,

283 1818 434 1871 nibus
498 1826 844 1870 statuuntur.
911 1818 1061 1871 Alius
1117 1821 1279 1872 etiam
1354 1833 1474 1872 cum
1529 1819 1838 1872 divisionem
1875 1803 2238 1894 .BScriptnrzr:
2296 1822 2626 1873 denuntiant.
2693 1819 2832 1872 Dicit
2893 1819 3032 1872 enim
3089 1819 3153 1871 de
3225 1818 3302 1871 eis
3358 1832 3484 1886 pro-

284 1913 436 1958 terrze
474 1905 813 1957 tiaereditatis
867 1916 1019 1959 sorte
1053 1908 1377 1974 suscipiunt.
1418 1907 1482 1959 Et
1536 1907 1584 1960 in
1639 1917 1840 1958 tantum

281 2001 409 2045 ordo
449 1995 548 2044 iste
595 1995 874 2057 variatur,
915 2003 974 2046 ut
1021 1995 1289 2046 interdum
1335 1995 1546 2062 quidam
1589 2009 1653 2047 ex
1696 1995 1842 2061 ipsis,

280 2097 380 2136 nec
409 2083 633 2150 ascripti
685 2084 1048 2137 inveniantur
1097 2086 1149 2136 in
1192 2099 1435 2136 numero.
1467 2083 1615 2148 Quod
1665 2083 1846 2150 utique

283 2183 483 2226 certum
525 2185 612 2227 est
657 2188 774 2226 non
822 2173 1031 2240 absque
1064 2173 1244 2240 aliqua
1286 2173 1492 2226 ratione
1541 2172 1758 2234 variari,
1794 2182 1848 2224 et

282 2273 486 2315 exstare
515 2277 720 2316 causas
751 2259 1091 2328 probabiles,
1128 2261 1320 2328 quibus
1361 2261 1412 2312 in
1453 2260 1557 2314 alio
1597 2259 1710 2312 loco
1737 2259 1845 2322 ille,

281 2350 336 2404 in
379 2354 478 2404 alio
516 2366 651 2404 vero
692 2351 838 2403 alius
898 2348 1242 2416 prmleratur.
1307 2348 1410 2401 Sed
1470 2349 1534 2402 de
1567 2348 1652 2400 his
1698 2347 1849 2400 nobis

279 2455 412 2493 nunc
454 2441 799 2509 propositum
861 2452 969 2490 non
1033 2448 1138 2501 est,
1189 2438 1294 2492 nisi
1346 2453 1408 2490 ea
1467 2439 1846 2501 tantummodo,

1947 1912 2106 1979 pheta
2143 1910 2186 1940 '°
2224 1924 2238 1961 :
2271 1907 2433 1962 Omne
2482 1909 2619 1974 quod
2648 1909 2877 1977 loquitur
2907 1908 3124 1974 papulus
3163 1908 3262 1970 hic,
3297 1908 3484 1959 durum

1946 2011 2040 2053 est.
2075 2000 2140 2051 Et
2176 1999 2364 2052 iterum
2409 1999 2537 2051 alibi
2575 1999 2639 2052 de
2687 1999 2814 2064 ipsis
2858 1999 2988 2050 dicit
3011 1997 3054 2028 “
3089 2013 3104 2048 :
3145 1994 3246 2049 Vos
3289 2011 3484 2061 semper

1949 2089 2081 2140 dura
2132 2089 2321 2139 cervice
2354 2097 2398 2138 et
2433 2087 2779 2139 incircumcisi
2812 2087 2984 2140 corde.
3034 2084 3178 2138 Patri
3217 2099 3346 2138 vero
3381 2085 3486 2136 Deo

1952 2176 2206 2244 irrogavit
2239 2176 2479 2240 injurias,
2529 2191 2645 2227 cum
2693 2175 2958 2228 convertit
2992 2173 3055 2226 ad
3095 2189 3213 2227 eum
3246 2174 3486 2238 dorsum,

1951 2273 2006 2319 et
2060 2281 2162 2318 non
2215 2265 2402 2318 faciem
2459 2280 2635 2319 suam.
2689 2263 2885 2316 Torum
2944 2273 3120 2317 autem
3175 2263 3485 2317 concubium

1954 2355 2138 2421 polluit
2173 2369 2326 2421 quem
2386 2354 2642 2415 ascendit,
2681 2353 2733 2406 id
2782 2362 2862 2406 est
2923 2354 3087 2422 legem
3146 2353 3342 2406 veteris
3408 2362 3484 2404 te-

1956 2443 2201 2497 stamenti
2251 2456 2407 2509 quam
2436 2456 2573 2506 saepe
2601 2441 2994 2508 praevaricando
3012 2440 3312 2493 maculavit.
3337 2440 3486 2505 Quod

276 2536 423 2591 prout
453 2527 595 2578 Deus
637 2527 884 2589 dederit,
921 2525 1220 2591 explicare,
1257 2541 1374 2592 qua:
1424 2525 1475 2578 in
1526 2525 1852 2578 benedictio-

279 2613 426 2666 nibus
449 2629 582 2681 quas
617 2616 818 2668 intortis
847 2625 1096 2680 tempore
1125 2629 1154 2665 a
1187 2623 1336 2680 patre
1357 2613 1648 2680 suscipiunt
1675 2613 1849 2665 conti-

283 2704 656 2774 nentur.106
669 2704 807 2769 Quae
822 2703 1046 2771 quidem
1067 2701 1459 2757 benedictiones
1475 2717 1537 2754 ex
1557 2715 1620 2754 eo
1636 2702 1856 2754 fortasse

279 2790 606 2843 solummodo
653 2789 928 2858 appellari
963 2797 1271 2857 potuerunt.
1295 2791 1434 2857 quod
1463 2789 1513 2841 in
1554 2789 1856 2842 novissimis

277 2880 465 2932 dicitur
487 2881 531 2912 "
554 2897 570 2934 :
593 2878 664 2932 Et
693 2879 811 2932 lucc
843 2878 1052 2930 locutus
1076 2886 1149 2930 est
1177 2880 1248 2929 eis
1273 2888 1418 2944 pater
1435 2893 1606 2930 eorum
1637 2886 1681 2929 et
1710 2877 1860 2930 bene.

276 2968 400 3020 dixit
446 2968 588 3029 illos,
650 2983 1084 3035 unumquemque
1126 2966 1405 3018 secundum
1453 2963 1856 3017 benedictionem

274 3075 412 3111 suam
441 3058 708 3111 benedixit
747 3056 1247 3110 illos.Cazternmin
1269 3055 1434 3107 initiis
1478 3055 1563 3106 ubi
1588 3063 1852 3106 convocat

276 3162 362 3203 eos
377 3160 556 3218 pater,
580 3163 688 3201 non
709 3148 872 3216 quasi
898 3148 963 3200 ad
996 3146 1418 3199 benedictionem
1447 3154 1724 3206 convocat,
1751 3144 1842 3196 sed

277 3237 343 3290 ita
368 3239 643 3306 scriptum
681 3245 768 3290 est
807 3235 854 3265 ¹⁶
889 3253 903 3287 :
945 3233 1150 3286 Vocavit
1175 3245 1346 3285 autem
1365 3233 1526 3286 Jacob
1554 3233 1692 3298 [illos
1714 3248 1832 3285 suos

1958 2541 2132 2584 autem
2195 2532 2248 2583 in
2298 2531 2604 2584 concubina:
2660 2545 2882 2598 persona
2939 2531 3022 2583 lex
3066 2529 3260 2583 veteris
3324 2538 3484 2583 testa-

1959 2621 2121 2674 menti
2163 2625 2412 2686 ponatur,
2447 2617 2640 2671 Paulus
2675 2619 2849 2670 docuit
2894 2619 3076 2671 dicens
3105 2620 3147 2648 "
3177 2633 3191 2667 :
3226 2617 3488 2670 Abraham

1959 2715 2085 2762 duos
2109 2710 2243 2776 ﬁlios
2272 2709 2468 2770 habuit,
2505 2724 2659 2760 unum
2684 2708 2745 2760 de
2775 2707 2988 2772 ancilla,
3035 2715 3082 2760 et
3115 2721 3272 2759 unum
3326 2707 3389 2758 de
3423 2706 3488 2757 li-

1962 2800 2100 2850 bera.
2128 2797 2256 2848 "(BC
2276 2807 2444 2848 autem
2473 2803 2589 2848 sunt
2631 2797 2734 2847 duo
2763 2805 3092 2850 testamenta.
3124 2795 3178 2848 In
3211 2810 3314 2862 quo
3344 2796 3488 2861 Agar

1961 2899 2076 2952 qua:
2110 2885 2404 2937 concubina
2442 2883 2558 2944 fuit,
2601 2883 2651 2935 in
2685 2883 2882 2936 veteris
2930 2883 3227 2936 testamenti
3275 2882 3487 2950 ponitur

1963 2981 2106 3044 typo.
2159 2973 2271 3028 Una
2301 2973 2497 3025 etenim
2529 2981 2644 3026 erat
2681 2971 2912 3039 perfecta
2943 2972 3185 3026 columba
3217 2972 3487 3036 genitricis

1964 3078 2088 3123 suae,
2122 3077 2238 3129 quae
2270 3065 2418 3128 virgo
2459 3070 2600 3115 casta
2635 3063 2818 3131 regina
2862 3077 3054 3130 sponso
3108 3061 3213 3134 regi
3253 3060 3484 3114 Ecclesia

1949 3168 2043 3220 per
2070 3151 2409 3219 Evangelium
2439 3152 2677 3219 jungitur
2726 3150 2964 3204 Christo.
3014 3152 3116 3204 Sed
3167 3160 3221 3204 et
3269 3149 3486 3203 moralis

1947 3242 2102 3295 nobis
2133 3242 2184 3294 in
2220 3241 2320 3296 hoc
2349 3241 2420 3293 ita
2451 3239 2769 3294 tractabitur
2798 3239 2964 3293 locus.
2995 3240 3182 3293 Ruben
3215 3241 3484 3309 interpre-

274 3334 321 3378 et
350 3329 486 3379 dixit
518 3343 539 3379 :
576 3325 990 3394 Congregamini
1020 3333 1074 3376 ut
1108 3323 1408 3375 annuntiem
1444 3323 1581 3375 vobis
1619 3337 1736 3390 quia
1763 3337 1846 3372 oc-

274 3431 492 3470 cursum
527 3427 652 3468 sunt
677 3416 826 3467 vobis
851 3417 907 3467 in
933 3414 1223 3466 novissimis
1252 3413 1451 3464 diebus.
1482 3411 1630 3476 Quod
1665 3411 1846 3477 utique

275 3507 439 3573 magis
482 3505 840 3572 prophetiam
895 3503 1200 3572 significat,
1255 3517 1351 3570 per
1395 3516 1553 3568 quam
1607 3517 1723 3568 qua:
1770 3501 1846 3553 eis

281 3608 544 3653 eventura
576 3605 712 3650 sunt
743 3596 1170 3663 praesignantur.
1194 3593 1250 3644 In
1284 3593 1399 3658 ipso
1429 3603 1602 3644 autem
1625 3604 1847 3658 corpore

272 3699 316 3742 et
354 3691 513 3744 serie
567 3688 894 3749 verborum,
944 3697 1122 3750 neque
1171 3681 1571 3735 benedictiones
1615 3691 1842 3742 tantum,

273 3793 444 3848 neque
481 3779 796 3832 futurorum
844 3773 960 3830 sola
999 3771 1402 3840 praenuntiatio,
1445 3778 1697 3839 quantum
1727 3784 1843 3824 mo-

1945 3341 2082 3386 tatus
2127 3341 2210 3384 est
2242 3347 2270 3384 a
2325 3330 2636 3396 majoribus,
2673 3331 2811 3397 ﬁlius
2850 3333 2939 3398 qui
2987 3331 3191 3382 videtur
3219 3329 3350 3398 (l6),
3387 3331 3486 3384 hoc

1942 3431 2023 3475 est
2053 3419 2274 3473 visibilis
2321 3428 2374 3470 et
2426 3418 2677 3480 carnalis,
2724 3419 2858 3485 ipse,
2892 3419 3076 3479 credo,
3102 3417 3166 3470 de
3211 3431 3314 3483 quo
3355 3417 3486 3469 dicit

1943 3507 2230 3574 Apostolus
2266 3507 2312 3537 ’³
2349 3518 2364 3556 :
2404 3503 2611 3558 Primus
2643 3505 2793 3557 homo
2833 3506 2896 3557 de
2951 3515 3090 3556 terra
3135 3517 3383 3557 terrenus.
3419 3503 3484 3558 Et

1944 3595 2067 3647 alibi
2106 3593 2152 3624 “
2183 3611 2198 3647 :
2230 3591 2288 3645 Si
2346 3593 2479 3644 enim
2519 3593 2562 3644 is
2611 3592 2700 3655 qui
2744 3592 2944 3643 videtur
2987 3599 3158 3642 noster
3187 3590 3337 3641 homo
3369 3605 3485 3641 cor-

1943 3687 2216 3751 rumpitur,
2242 3686 2328 3734 sed
2353 3683 2438 3751 qui
2460 3683 2596 3734 intus
2628 3691 2700 3733 est
2731 3690 3036 3741 renovatur;
3065 3679 3202 3730 hunc
3231 3679 3478 3730 eumdem

1949 3772 2037 3838 qui
2061 3771 2272 3823 videtur
2312 3769 2629 3821 exteriorem
2665 3768 2935 3819 hominem
2963 3766 3254 3833 appellans.
3294 3766 3358 3817 Et
3383 3766 3481 3817 ite-

1946 3874 2061 3912 rum
2102 3859 2230 3912 dicit
2262 3859 2328 3920 ³⁸,
2358 3858 2480 3924 quia
2514 3872 2613 3908 non
2647 3858 2812 3922 primo
2841 3856 2975 3925 quod
3009 3855 3241 3922 spiritale
3273 3864 3368 3916 est,
3393 3854 3483 3906 secl

1943 3949 2078 4017 quod
2139 3948 2382 4000 animale.
2424 3947 2601 4000 Primo
2648 3960 2774 4014 ergo
2826 3945 2999 3998 onmis
3057 3945 3212 3996 homo
3272 3943 3323 3996 in
3384 3944 3483 3995 hoc

1945 4035 2144 4089 mundo
2175 4035 2461 4088 carnaliter
2495 4035 2642 4099 vivit,
2685 4043 2738 4086 et
2785 4032 3078 4086 secundum
3116 4045 3334 4084 carnem
3367 4045 3484 4082 mo-

1945 4133 2116 4177 vetur.
2149 4124 2215 4176 Et
2259 4125 2463 4191 primus
2514 4134 2596 4176 est
2630 4121 2861 4176 carnalis
2908 4131 3084 4174 motus
3137 4120 3188 4172 in
3236 4118 3482 4186 concupi-

1943 4214 2143 4267 scentia
2175 4214 2425 4276 libidinis,
2454 4215 2540 4280 qui
2565 4201 2909 4280 cumprime:
2933 4211 3225 4278 juventutis
3276 4220 3482 4277 tempus

1944 4303 2233 4367 obsederit,
2265 4304 2453 4355 durum
2481 4311 2534 4355 et
2563 4303 2901 4356 temerarium
2939 4300 3094 4354 simul
3140 4307 3192 4352 et
3222 4299 3478 4353 lascivum

1876 4422 1918 4474 Β
1941 4391 2189 4457 juvenem
2235 4393 2424 4454 reddit,
2479 4393 2850 4444 ascendentem
2908 4390 3067 4442 etiam
3109 4404 3270 4460 super
3307 4388 3480 4441 cubile

1952 4479 2136 4547 patris,
2183 4487 2236 4533 et
2282 4480 2596 4547 polluentem
2649 4489 2822 4533 torum
2893 4491 3209 4549 paternum,
3265 4479 3322 4530 id
3375 4488 3477 4539 est,

1954 4568 2112 4620 etiam
2168 4577 2426 4635 prmcepta
2456 4579 2509 4620 et
2543 4569 2736 4621 monita
2791 4567 3048 4620 naturalis
3095 4567 3243 4633 legis,
3277 4580 3393 4632 qua:
3427 4566 3476 4617 in

1950 4656 2102 4709 nobis
2125 4667 2204 4710 est
2233 4666 2286 4710 et
2315 4665 2453 4710 nunc
2497 4667 2744 4725 paternus
2789 4669 2934 4711 torus
2968 4658 3186 4718 dicitur,
3237 4655 3484 4722 praevari-

1945 4755 2176 4800 cantem.
2206 4746 2299 4800 Est
2326 4749 2465 4800 enim
2496 4750 2636 4802 intra
2680 4765 2773 4802 nos
2818 4750 2900 4802 lex
2925 4749 3164 4814 quadam
3210 4744 3478 4800 naturalis

1944 4851 2060 4903 qua:
2103 4839 2274 4905 arguit
2337 4853 2761 4906 unumquemque
2812 4847 3142 4905 peccantem,
3187 4845 3241 4888 et
3283 4833 3478 4887 malum

1946 4923 2137 4978 ciesse
2168 4927 2406 4995 suggerit
2430 4929 2570 4994 quod
2613 4927 2894 4994 delinquit.
2935 4925 3120 4979 Cubile
3171 4937 3297 4992 ergo
3348 4921 3480 4987 legis

1402 5025 1442 5100 "_
1466 5025 1648 5100 Qenes.
1690 5043 1834 5100 sui},
1864 5031 1976 5088 3.4.
2053 5035 2094 5067 ¹⁸
2116 5037 2222 5090 Jer.
2268 5054 2327 5100 ll,
2357 5039 2445 5091 2|.
2523 5038 2562 5069 '°
2593 5039 2756 5090 Exod.
2791 5055 2861 5098 ιν,
2884 5038 2972 5091 22.
3047 5037 3090 5070 ²⁰
3119 5037 3219 5091 lsa.
3245 5051 3360 5098 vnt,
3393 5036 3475 5086 li.

1359 5094 1404 5123 "
1429 5092 1576 5145 lCor.
1613 5108 1704 5157 xv,
1738 5097 1824 5151 47.
1903 5103 1947 5130 ³³
1981 5104 2014 5154 ll
2047 5104 2170 5157 Cor.
2203 5121 2278 5169 IV,
2307 5092 2390 5159 l6.
2461 5107 2505 5138 "
2535 5105 2554 5157 l
2579 5109 2697 5160 Cor.
2724 5123 2810 5169 sv,
2838 5092 2926 5159 λϐ.

268 3881 363 3935 res,
395 3865 495 3921 vel
534 3864 876 3934 propositum
905 3875 1120 3924 eorum,
1160 3861 1245 3912 vel
1283 3861 1442 3912 etiam
1483 3860 1726 3926 quaedam
1778 3858 1845 3911 ab

264 3959 326 4013 eis
393 3965 570 4026 gesta
628 3953 948 4007 notabiliter
1000 3957 1322 4017 arguuntur.
1370 3948 1499 4012 Qtne
1561 3963 1645 4002 res
1695 3947 1846 4000 nobis

264 4045 638 4117 tripertitam,
671 4053 728 4095 ut
759 4044 811 4095 in
843 4041 970 4094 aliis
1023 4039 1272 4100 fecimus,
1315 4037 1703 4104 explanationis
1733 4051 1844 4088 ma-

256 4137 471 4190 teriam
504 4129 746 4197 subjicit,
779 4130 854 4182 ita
889 4138 950 4182 ut
980 4127 1382 4180 benedictiones
1404 4125 1638 4178 historiae
1665 4125 1836 4178 locum

253 4229 517 4282 servent,
574 4218 853 4286 prophetia
884 4231 1017 4269 vero
1051 4214 1338 4282 mysticum
1383 4222 1543 4279 atque
1584 4213 1843 4279 dogmati-

249 4325 398 4380 cum,
445 4324 668 4364 morum
709 4307 989 4374 correptio
1022 4304 1132 4375 (lt)
1173 4311 1230 4356 et.
1265 4301 1566 4371 objurgatio
1593 4302 1842 4355 moralem

246 4400 466 4471 dirigat
498 4397 733 4464 stylum.

299 4490 370 4543 2.
440 4485 668 4544 Ruben,
715 4481 890 4550 inquit
934 4481 998 4542 ",
1045 4479 1420 4546 primogenitus
1465 4493 1636 4541 meus,
1689 4479 1845 4530 virtus

239 4591 354 4633 ιω
395 4587 455 4629 et
497 4573 723 4625 initium
757 4571 990 4636 ﬁliorum
1022 4582 1278 4630 meorum,
1333 4567 1496 4616 durus
1543 4565 1596 4615 in
1636 4580 1844 4617 conver-

182 4646 187 4651 ’
235 4670 485 4726 “uane,
521 4663 702 4713 durus
732 4670 779 4710 et
831 4658 1144 4710 temerarius
1188 4653 1534 4706 contumelias
1576 4654 1837 4721 irrogasti.

232 4751 545 4818 Tanquam
586 4764 732 4816 aqua
763 4764 870 4800 non
901 4749 1232 4814 eﬂ'ervessas.
1264 4743 1558 4794 Ascendiin
1595 4744 1728 4795 enim
1752 4759 1841 4795 su-

227 4859 318 4908 per
361 4841 562 4897 cubile
621 4839 792 4906 patris
837 4839 935 4888 tui.
998 4835 1077 4887 Tu
1131 4832 1370 4901 polluisti
1423 4839 1587 4881 torum
1646 4833 1844 4884 nbias-

230 4930 498 4986 cendists’.
547 4926 800 4979 Incestus
831 4922 1054 4975 historia
1095 4919 1379 4973 neminem
1412 4916 1554 4978 latet,
1581 4922 1841 4982 quomodo

301 5043 350 5074 ι⁸
396 5040 616 5094 Gencs.
653 5048 800 5094 xux,
827 5031 916 5084 98.
992 5030 1038 5060 ⁸⁸
1068 5029 1229 5088 ibid.,
1265 5029 1320 5078 1.

234 5113 272 5144 ¹¹
316 5115 451 5166 Act.
490 5122 592 5170 vn,
630 5104 720 5156 5i.
798 5101 842 5131 ²²
875 5098 1060 5152 Galat.
1090 5095 1281 5158 “,22.

1941 5286 2027 5350 qui
2053 5286 2283 5339 videtur.
2321 5284 2575 5338 Nimirum
2615 5301 2639 5334 a
2675 5293 2734 5350 τι
2777 5283 2940 5348 ﬁlius,
2972 5289 3023 5332 et
3052 5289 3162 5336 nm
3197 5277 3369 5350 vidit.__
3391 5275 3477 5326 ln-

1939 5340 2018 5404 l'ra
2046 5363 2202 5406 antea
2229 5353 2382 5412 editi,
2414 5355 2502 5406 sed
2532 5355 2617 5420 qui
2655 5340 2793 5420 intra
2848 5340 2939 5420 est,
2993 5354 3279 5397 renovatur.
3323 5340 3475 5420 Mss?

1940 5423 2026 5472 sed
2049 5423 2136 5489 qui
2165 5421 2302 5472 intus
2327 5432 2399 5472 est
2424 5414 2920 5489 renouatur.__Paulo
2947 5421 3066 5489 post
3109 5423 3262 5489 mss"
3288 5417 3334 5489 et
3366 5414 3474 5489 p‘rif

1941 5473 2158 5541 mus'est
2201 5489 2425 5541 carnalis
2453 5473 2636 5541 motus.
2668 5484 2835 5545 Alias,
2875 5473 3092 5543 etprius
3122 5484 3194 5526 est
3235 5473 3468 5526 carnalis

1941 5565 2126 5610 malus.

250 5338 559 5421 vero—editi,
589 5338 815 5425 quorum
844 5338 1149 5425 correptio:
1175 5338 1329 5425 linire.
1349 5339 1582 5425 ‘nbiutnss.
1611 5343 1843 5410 habent,

626 5403 960 5492 aferbuerit
978 5403 1017 5474 ;’
1034 5426 1091 5460 ιιι
1117 5409 1205 5458 edi
1217 5404 1288 5456 tis
1317 5403 1495 5469 legitur
1513 5408 1791 5473 fervescas.
1803 5453 1814 5467 .
1827 5403 1848 5466 ξ

257 5497 501 5562 ferbuerit.

328 5543 614 5628 lgilvillias.
644 5561 929 5628 ΙίἰγτεεηιοΔ
953 5552 1216 5628 affusi?

328 5569 381 5620 l5
438 5569 614 5624 Alias,
644 5565 918 5628 feracem.
953 5565 1018 5595 al
1045 5565 1216 5596 "'33-,
1247 5565 1464 5613 πιαισεςιι
1488 5565 1717 5624 retrtrtts.‘
1757 5614 1766 5622 ο

297 5565 401 5713 ῄϐί
420 5639 609 5693 Ruben
644 5622 1068 5688 interpretatus
1127 5611 1205 5654 est
1255 5616 1286 5649 a
1335 5608 1607 5675 majoribus,
1679 5613 1838 5668 [altus

3637 5458 3670 5477 ο
