3922 6274
227 377 329 431 255

1657 375 1969 430 ORIGENIS

3638 331 3775 390 256

230 489 382 556 hujus
408 493 651 550 temerat,
678 499 740 540 ac
771 486 948 540 sedem
992 485 1184 539 secreti
1230 483 1343 551 ejus
1369 485 1617 548 maculat,
1677 489 1763 554 qui
1798 489 1839 544 Α
1871 482 2186 537 maledictus
2216 479 2384 545 furor,
2422 480 2560 548 quia
2596 471 2975 532 temerarius
3051 469 3229 556 est:
3279 461 3403 556 et.
3438 445 3779 556 iraLilts:

227 590 462 648 praeceps
487 585 539 630 et
569 576 794 629 infrenis
831 575 998 629 fertur
1020 577 1083 628 ad
1118 576 1266 628 vitia.

295 666 348 718 5.
374 663 579 717 Simeon
598 674 643 715 et
661 663 778 716 Levi
796 663 989 731 fratres
1003 666 1323 734 perfecerunt
1347 648 1669 732 iniquitatem
1688 680 1803 733 tto-3H

225 752 443 807 luntatis
464 770 590 806 suae.
619 753 684 805 In
713 756 985 808 consilium
1008 771 1183 807 eorum
1211 773 1307 807 non
1333 757 1555 807 introeat
1589 756 1766 806 anima

225 861 358 907 mea,
374 853 424 899 et
447 847 500 898 in
526 846 743 899 consilio
767 861 941 899 eorum
964 861 1061 897 non
1090 846 1382 897 innituntur
1404 844 1593 897 t-iscera
1617 861 1728 895 inea
1747 884 1761 905 ,

226 936 468 1003 quoniam
492 937 544 987 in
569 937 647 987 ira
669 951 763 987 sua
787 934 1084 986 occiderunt
1108 934 1360 995 homines,
1385 943 1430 984 et
1456 933 1510 983 in
1560 933 1765 1000 cupidi-

225 1034 327 1075 tate
361 1040 455 1075 sua
500 1029 935 1077 subneruaverunt
1002 1031 1231 1077 taurum.
1271 1021 1580 1076 Maledictus
1624 1023 1771 1088 furor

225 1130 422 1177 eorum,
482 1116 605 1180 quia
667 1115 972 1167 temerarius
1032 1123 1130 1177 est,
1177 1126 1223 1166 et
1264 1115 1345 1166 ira
1390 1114 1601 1167 illorum
1642 1114 1765 1182 quia

224 1205 475 1256 indurata
509 1214 604 1258 est.
656 1205 891 1257 Dividam
935 1203 1049 1257 illos
1098 1205 1150 1257 in
1184 1202 1369 1268 Jacob,
1409 1214 1453 1256 et
1481 1205 1766 1270 dispergant

226 1292 346 1344 illos
394 1292 446 1343 in
477 1292 647 1344 Israel
685 1292 752 1347 ".
804 1291 1068 1357 Quantum
1117 1291 1330 1359 quidem
1385 1291 1449 1343 nil
1495 1292 1768 1346 historiam

230 1382 486 1447 pertinet,
517 1366 727 1434 videtur
765 1381 891 1434 illud
930 1395 1110 1433 eorum
1154 1382 1372 1449 culpare
1404 1382 1770 1448 commissum,

225 1471 366 1538 quod
401 1470 615 1524 Emmor
639 1471 804 1524 lilium
829 1469 1068 1536 Sichem,
1093 1471 1182 1540 qui
1207 1476 1324 1538 post
1364 1471 1565 1525 sororis
1587 1486 1770 1524 eorum

226 1560 571 1612 concubitum
609 1558 824 1612 fainiliae
872 1557 1034 1612 Israel
1070 1560 1313 1613 voluerat
1339 1560 1558 1623 sociari,
1589 1559 1772 1614 lraud‘e

228 1660 282 1702 et
316 1650 771 1703 circumventiune
814 1650 1149 1718 jugularuut,
1206 1658 1365 1715 atque
1412 1664 1600 1703 omnes
1657 1649 1773 1715 ejus

232 1728 452 1808 populos
483 1749 856 1807 peremerunt;
901 1740 1111 1807 quando
1139 1748 1192 1792 et
1218 1739 1430 1793 dicebat
1473 1739 1550 1792 eis
1610 1739 1773 1793 Israel

235 1839 388 1896 pater
432 1844 652 1891 eorum,
704 1831 824 1897 quia
884 1829 1121 1882 odibilem
1187 1845 1265 1882 me
1320 1829 1514 1907 fecistis
1564 1830 1617 1882 in
1676 1832 1772 1882 hoc
1803 1806 1845 1858 Β

233 1917 425 1969 mundo
449 1917 528 1980 ’7;
562 1916 901 1970 maledictum
936 1932 1122 1971 eorum
1173 1916 1338 1971 furori
1378 1918 1776 1986 temeritatique

236 2005 589 2072 intprecatur,
621 2015 677 2059 et
698 2006 1021 2059 dividendos
1068 2019 1160 2059 eos
1196 2020 1292 2074 per
1321 2005 1571 2074 populum
1611 2005 1773 2061 Israel

234 2107 593 2163 protestatur;
643 2109 828 2166 utp0le
881 2114 947 2154 ex
995 2099 1124 2167 ipsis
1162 2100 1354 2154 levitas
1381 2108 1435 2153 ct
1473 2101 1777 2155 sacerdotes

230 2186 460 2251 futuros,
492 2188 579 2256 qui
617 2196 761 2241 sorte
789 2196 985 2242 terram
1022 2188 1293 2255 propriam
1322 2202 1425 2241 non
1453 2189 1775 2244 habuerunt.

231 2275 501 2344 Spiritalis
523 2287 698 2330 autem
721 2277 889 2331 dehis
911 2278 1215 2345 explanatio
1239 2276 1361 2330 talis
1385 2278 1514 2332 mihi
1535 2279 1775 2346 quaedam

227 2380 385 2434 posse
404 2367 610 2420 videtur
629 2368 818 2436 aptari,
839 2370 977 2435 quod
999 2367 1213 2423 Simeon
1229 2377 1282 2421 et
1296 2367 1446 2433 Levi,
1466 2367 1774 2424 Scribarum

230 2465 281 2507 et
304 2453 694 2509 Pharisaeorum
730 2456 936 2510 Iudaici
967 2456 1143 2524 populi
1174 2457 1383 2525 possint
1415 2459 1559 2510 ferre
1595 2471 1779 2525 perso-

234 2561 377 2609 nam,
408 2548 474 2599 de
522 2547 714 2611 quibus
744 2547 941 2600 dictum
972 2556 1056 2600 est
1099 2547 1143 2579 ⁹⁸
1175 2565 1189 2599 :
1218 2545 1506 2600 Consilium
1552 2547 1778 2609 fecerunt

232 2632 433 2688 Scribre
451 2645 499 2688 et
527 2635 781 2687 Pharismi
804 2645 857 2687 ut
877 2637 1053 2689 Iesum
1080 2643 1325 2699 tenerent,
1348 2635 1411 2687 de
1438 2650 1542 2702 quo
1559 2634 1781 2688 consilio

231 2725 361 2777 dicit
395 2733 617 2778 sanctus
643 2726 731 2791 qui
764 2735 937 2778 mente
969 2725 1132 2776 Deum
1160 2724 1374 2777 videbat
1419 2725 1461 2756 "
1495 2741 1508 2776 :
1543 2722 1609 2777 In
1656 2740 1781 2777 con-

230 2813 408 2866 silium
430 2826 608 2864 eorum
637 2828 737 2863 non
761 2813 982 2864 introeat
1009 2811 1183 2863 anima
1207 2827 1340 2863 mea.
1363 2810 1536 2865 Falsis
1559 2811 1781 2865 testibus

235 2900 490 2955 adhibitis
520 2899 675 2968 107
696 2899 1332 2953 condemnabantlesum.
1355 2897 1498 2961 Non,
1519 2899 1709 2967 inquit,
1728 2901 1782 2951 in

234 2990 449 3044 consilio
471 3004 647 3043 eorum
673 2990 965 3041 innituntur
992 2989 1186 3041 viscera
1230 3005 1365 3043 mea.
1401 2988 1517 3043 Non
1558 2990 1648 3042 tibi
1680 2991 1783 3045 hoc

1812 734 1883 753 ’κ

1870 588 2009 637 rum,
2039 572 2161 638 quia
2187 537 2559 626 indurata-est.
2597 566 2877 621 Dividam
2930 558 3114 612 illo:
3184 550 3277 602 iu
3346 537 3651 639 Iacob,
3686 544 3771 639 ’ξι

1866 627 2156 730 άίιρένάαηι
2184 676 2270 712 eos
2286 662 2341 712 in
2374 658 2571 713 Israel.
2606 655 2953 712 Videndum
3005 653 3154 702 est
3193 650 3342 736 ⁸ιιθ
3411 634 3627 736 .l'urte

1869 716 2132 804 Visiui'sta
2163 766 2282 819 quae
2338 750 2423 803 hic
2470 752 3028 803 commemoratur,
3093 731 3301 788 talis
3360 716 3772 819 Sil_Q“3"-"

1867 853 1919 897 et
1957 842 2042 896 illa
2073 842 2137 895 de
2171 815 2306 907 qua'
2340 840 2393 893 in
2451 836 2760 906 Evangelia
2811 832 3089 887 dicitur
3150 822 3265 888 ".
3351 833 3416 885 (ι

2218 832 2306 892 [ιη’
2340 840 2393 893 in
2451 836 2760 906 Evangelia
2811 832 3089 887 dicitur
3150 822 3265 888 “,
3351 815 3547 885 quia
3603 825 3767 866 eum

1869 934 2073 986 venerit
2112 932 2360 986 dominus
2385 929 2529 982 servi
2567 928 2743 991 illius,
2785 922 3036 978 dividet
3124 926 3368 974 eum,
3429 913 3768 1005 μαντεξτ

1869 1038 1964 1091 que
1987 1021 2126 1074 illius
2157 1037 2273 1073 cum
2299 1017 2598 1087 infidelibus
2632 1024 2828 1085 ponet,
2862 1011 2968 1066 vel
3018 1013 3310 1066 certe,
3370 1007 3463 1053 ut
3513 995 3769 1094 audiri

1870 1107 2153 1175 quemdam
2198 1124 2263 1162 ex
2307 1105 2514 1160 sanctis
2566 1104 2847 1157 Patribus
2904 1099 3519 1152 disserentem.
3592 1097 3766 1175 (μιιέ

1872 1174 2061 1250 divisio
2087 1197 2244 1250 simul
2278 1205 2332 1249 et
2370 1194 2642 1263 dispersio
2681 1190 3115 1248 nominatur,
3180 1197 3343 1253 pro
3418 1194 3519 1233 eo
3576 1174 3769 1242 (μιοά

1873 1286 2107 1340 nonnulli
2139 1301 2203 1338 ex
2237 1287 2368 1353 ipsis
2399 1285 2630 1338 Domino
2655 1281 3140 1339 crediderunt,
3203 1284 3294 1327 et
3350 1271 3492 1325 alii
3537 1270 3611 1321 ίη
3664 1267 3771 1320 in“

1874 1375 2128 1430 ﬁdelitate
2160 1384 2604 1444 permanserunt,
2664 1373 2843 1428 divisi
2894 1372 3295 1426 dicantur
3364 1364 3447 1417 lsi
3512 1360 3645 1431 qui
3679 1359 3770 1413 ab

1874 1467 1954 1519 eis
1979 1476 2317 1533 separantur,
2351 1476 2406 1519 et
2431 1468 2660 1519 veniunt
2695 1465 2768 1521 ad
2806 1464 3047 1527 ﬁdem,
3128 1469 3227 1513 et
3298 1452 3648 1521 dispersi
3698 1450 3766 1503 hi

1873 1571 2099 1624 quorum
2127 1559 2296 1625 patria
2327 1560 2637 1626 temploque
2692 1571 2801 1626 per
2839 1555 3097 1608 urbem
3180 1560 3443 1604 terra:
3515 1546 3764 1599 increo

1875 1646 2055 1699 dulum
2114 1645 2444 1714 dispergitur
2508 1662 2687 1715 genus
2766 1643 2931 1714 (Π).
3034 1640 3417 1695 Videtur
3490 1648 3571 1691 et
3640 1650 3767 1703 per

1879 1736 2024 1803 ipsos
2057 1736 2359 1805 tripertitus
2388 1737 2492 1790 iste
2521 1747 2706 1789 motus
2745 1735 2948 1789 totius
2991 1726 3760 1796 aliinsaedesignari.

1874 1827 1928 1879 lu
1964 1826 2157 1896 quibus
2207 1826 2395 1880 Ruben
2433 1837 2620 1881 servat
2657 1826 2919 1895 primam
2992 1834 3293 1878 notam
3350 1819 3764 1886 sanguinis

1842 1906 1993 1969 'cum
2022 1915 2223 1969 macula
2251 1914 2428 1969 etl'usi.
2462 1914 2777 1969 Secundam
2814 1915 2929 1967 ira:
2996 1912 3127 1966 vel
3198 1910 3526 1965 furoris
3588 1922 3756 1978 spe-

1873 2007 2010 2060 ciem
2052 2014 2197 2060 tenet
2240 2007 2480 2067 Simeon,
2526 2007 2620 2073 qui
2653 2015 2711 2059 et
2744 2005 2874 2073 ipse
2905 2019 2995 2057 ex
3049 2002 3385 2057 furor-is
3426 1998 3599 2067 ejus
3633 2000 3757 2053 de-

1876 2105 2207 2150 monstratur
2235 2096 2554 2164 opprobrio.
2583 2094 2848 2149 Tertiam
2901 2095 3269 2149 formam
3353 2100 3622 2147 motus
3662 2090 3761 2145 ir-

1875 2185 2207 2239 rationabilis
2244 2194 2387 2239 teuet
2414 2183 2565 2248 Levi,
2597 2184 2812 2253 quippe
2841 2184 2951 2239 cui
2992 2183 3261 2238 etiam
3305 2182 3569 2253 legem
3612 2196 3761 2236 ser-

1876 2289 2004 2328 vare
2034 2276 2348 2345 permissum
2380 2285 2485 2329 est.
2522 2274 2631 2329 Has
2674 2289 2821 2339 ergo
2869 2284 3014 2329 tres
3062 2275 3414 2344 species
3458 2274 3755 2329 videtur

1878 2366 2006 2418 mihi
2032 2366 2207 2418 omnis
2232 2379 2397 2432 prope
2429 2365 2612 2417 anima
2639 2378 2771 2430 qua:
2817 2364 2878 2416 in
2912 2365 3125 2420 hunc
3187 2368 3589 2420 nsundum
3632 2380 3756 2420 ve-

1879 2453 1958 2506 nit
2006 2453 2198 2520 primis
2261 2453 2496 2505 motibus
2554 2450 2931 2519 culpabiliter
2981 2469 3275 2524 agere,
3348 2470 3755 2525 usquequo

1878 2551 2219 2609 peccatorum
2251 2541 2396 2595 vitiis
2421 2550 2766 2610 prmgravata
2798 2552 2861 2596 et
2911 2545 3328 2600 malorum
3388 2548 3753 2603 societate

1880 2632 2040 2696 fessa,
2065 2634 2130 2684 ad
2157 2633 2329 2685 locum
2351 2634 2529 2699 possit
2570 2632 2942 2699 paenitentiae
2981 2640 3474 2704 pervenire.
3516 2638 3750 2694 Judas

1879 2720 2020 2773 enim
2064 2726 2180 2787 post
2225 2719 2337 2772 lnec
2389 2721 2663 2786 sequitur,
2715 2721 2819 2788 qui
2878 2734 3159 2792 purgat
3214 2726 3745 2783 confessionis

1880 2817 2118 2878 peccata,
2169 2811 2292 2877 quia
2347 2808 2515 2863 ludas
2567 2812 2847 2878 confessio
2911 2814 3525 2887 interpretatur
3589 2820 3745 2891 (l8)

1880 2895 2059 2964 lingua
2093 2896 2336 2950 Hebraea.
3042 2920 3055 2927 -
3756 2906 3765 2911 '

1949 2986 2003 3039 4.
2038 2987 2126 3040 Ait
2161 3001 2290 3055 ergo
2315 2989 2360 3021 ³³
2391 3006 2407 3044 :
2436 2986 2608 3050 Iuda,
2655 2998 2707 3041 te
2755 2990 3150 3049 collaudens
3236 2998 3537 3067 fratres
3602 3004 3738 3070 sui,

235 3082 445 3135 videtur
471 3080 647 3135 dicere
670 3080 717 3110 ³ο
747 3095 762 3132 :
798 3077 1029 3131 Mundus
1053 3094 1146 3148 ego
1175 3095 1288 3132 sum
1319 3096 1350 3131 a
1384 3080 1634 3148 sanguine
1649 3079 1782 3146 justi
1808 3105 1850 3160 ο
1883 3094 2065 3131 manus
2097 3086 2202 3132 tua:
2226 3094 2384 3147 super
2451 3080 2674 3131 dorsum
2715 3080 3142 3139 inimicorum
3199 3097 3560 3149 tuorum.
3604 3095 3745 3150 Po-

237 3172 418 3238 Itujus,
448 3175 675 3222 mundus
700 3183 796 3236 ego
826 3183 942 3222 sum
971 3184 1000 3221 a
1030 3169 1297 3222 sententia
1329 3183 1492 3237 quam
1525 3169 1774 3223 decerni-

238 3261 306 3314 tis
342 3260 596 3314 adversus
642 3259 1006 3312 innocentem?
1040 3257 1178 3323 Quia
1205 3259 1261 3310 in
1300 3259 1533 3331 ira-sua,
1589 3260 1779 3326 inquit,

235 3350 532 3403 occiderunt
559 3349 810 3411 homines,
849 3358 895 3401 et
938 3348 993 3400 in
1041 3348 1329 3409 cupiditate
1361 3364 1458 3400 sua
1499 3348 1785 3401 subnerva-

234 3446 415 3491 verunt
443 3448 672 3490 taurum.
701 3437 948 3504 Requiro
984 3450 1120 3504 quos
1165 3436 1412 3490 homines
1441 3436 1782 3501 occiderunt,

238 3540 359 3581 cum
413 3535 617 3580 certum
667 3526 736 3579 sit
770 3532 896 3580 ante
923 3524 1223 3593 passionem
1263 3523 1473 3578 Domini
1517 3524 1783 3578 neminem

240 3614 573 3669 credentium
624 3629 754 3688 essej
791 3614 1076 3681 punitum,
1125 3613 1229 3667 nisi
1285 3613 1424 3669 forte
1472 3614 1597 3683 quis
1651 3614 1785 3683 ipsis

242 3703 478 3756 ascribat
505 3704 664 3756 etiam
709 3703 1020 3770 sanguinem
1066 3702 1492 3768 prophetarum;
1536 3702 1687 3768 quia,
1728 3712 1783 3756 ut

241 3790 372 3844 dicit
423 3789 680 3844 Dominus
735 3790 800 3853 ³¹,
836 3790 1143 3858 asanguine
1174 3788 1305 3842 Abel
1329 3788 1461 3855 justi
1482 3782 1685 3859 'usque
1717 3790 1785 3844 ad

241 3881 552 3949 sanguinem
586 3880 858 3935 Zacharia:
881 3880 1056 3933 omnis
1083 3878 1174 3947 qui
1197 3875 1400 3932 eli'usus
1447 3887 1530 3933 est
1569 3879 1789 3949 sanguis

233 3969 502 4037 justorum
537 3971 603 4024 ab
644 3971 757 4037 ipsa
803 3969 1145 4037 generatione
1192 3967 1517 4034 requiratur.
1572 3969 1677 4023 Sed
1707 3970 1788 4021 vi-

243 4059 462 4112 deamus
499 4074 566 4113 ne
610 4059 747 4112 forte
782 4065 828 4112 et
866 4058 985 4110 illos
1028 4059 1272 4111 homines
1312 4058 1613 4113 occiderint
1650 4072 1788 4126 quos

244 4159 626 4216 persuaserunt
659 4148 894 4202 clamare
924 4150 966 4181 “
1002 4169 1015 4204 :
1052 4148 1279 4218 Sanguis
1321 4151 1466 4203 illius
1502 4165 1659 4219 super
1692 4165 1787 4203 nos

243 4249 291 4292 et
319 4256 474 4306 super
506 4239 641 4306 ﬁlios
676 4247 896 4291 nostros.
925 4238 991 4291 Et
1028 4240 1080 4292 in
1103 4242 1391 4309 cupiditate
1433 4256 1531 4294 sua
1571 4240 1790 4293 subner-

244 4334 487 4379 voverunt
516 4335 740 4378 taurum.
778 4324 1012 4380 Taurum
1046 4328 1303 4396 appellari
1355 4327 1544 4382 Filium
1578 4327 1669 4382 Dei
1709 4327 1788 4381 le-

1885 3175 1989 3220 test
2019 3168 2122 3222 hoc
2171 3168 2256 3221 vel
2300 3168 2368 3221 ad
2417 3168 2601 3237 ipsum
2647 3165 2881 3234 Judam,
2933 3175 3047 3227 vel
3129 3181 3248 3233 ad
3296 3194 3442 3237 eos
3477 3186 3609 3253 qui
3655 3202 3739 3241 ex

1886 3257 2050 3324 ipsius
2071 3256 2322 3311 videntur
2347 3271 2471 3312 esse
2503 3262 2779 3329 progenie
2823 3262 3112 3329 referri,
3182 3272 3335 3337 qui
3416 3288 3733 3345 regnum

1883 3346 2055 3414 gentis
2084 3345 2229 3400 illius
2274 3349 2720 3406 administrantes
2761 3352 3242 3414 inimicorum
3310 3370 3542 3434 terga
3608 3367 3738 3422 do-

1886 3444 2151 3491 muerunt.
2189 3435 2295 3489 Sed
2327 3436 2455 3490 etin
2488 3437 2713 3495 Christo
2771 3456 3291 3513 competenter
3363 3457 3737 3528 accipitur

1888 3526 2040 3622 quia
2069 3524 2328 3622 fratribus
2353 3525 2489 3622 suis,
2537 3527 2591 3581 id
2628 3537 2714 3622 est
2757 3529 2831 3622 ab
2878 3540 3279 3601 apostolis
3326 3524 3734 3622 quos—ipse

1885 3615 2082 3671 fratres
2106 3616 2158 3670 in
2190 3616 2482 3686 Evangelio
2504 3618 2839 3685 nominavit,
2876 3627 3149 3685 merito
3194 3615 3736 3699 collaudat—ur;

1887 3702 2087 3801 inimici
2125 3716 2251 3757 vero
2283 3702 2401 3769 ejus
2422 3719 2590 3772 super
2623 3721 2870 3775 quiorum
2914 3712 3149 3773 dorsa
3229 3740 3528 3787 manus
3580 3733 3735 3801 ejus

1886 3802 1989 3892 est,
2021 3792 2095 3848 illi
2117 3794 2652 3892 intelliguntur-quos
2671 3796 2916 3892 [fillellp
2926 3808 3114 3862 ι’οωί
3132 3819 3162 3863 ι
3178 3816 3289 3870 tit
3322 3821 3475 3875 sub
3510 3792 3734 3892 pedes

1887 3884 2001 3951 ejus
2031 3897 2090 3939 se
2113 3884 2433 3952 positurum,
2470 3885 2661 3941 dicens
2692 3887 2742 3918 “
2779 3909 2792 3942 :
2835 3889 3001 3946 Sede
3027 3912 3074 3951 α
3138 3906 3471 3966 dextris
3510 3884 3729 3981 iacis,

1887 3976 2061 4065 donec;
2093 3989 2285 4065 ponant
2320 3974 2562 4065 inimicos
2607 3985 2730 4032 tuos
2770 3982 2876 4034 sub
2911 3986 3241 4052 pedibus
3299 4004 3497 4061 suis.
3547 3974 3733 4065 Sunt

1888 4077 2018 4165 ergo
2050 4063 2276 4165 inimici,
2308 4063 2479 4165 donec
2539 4067 2814 4165 increduli
2854 4083 3008 4129 sunt
3056 4091 3146 4136 et
3214 4087 3619 4165 inﬁdeles,

1891 4154 2321 4249 ideo-creduntur
2352 4153 2408 4208 in
2458 4163 2613 4249 tergo
2667 4158 2764 4226 qui
2808 4172 3307 4238 posteaquam
3379 4153 3729 4249 εοηνὲτέξ

1891 4240 2092 4294 fuerint
2141 4239 2444 4295 eﬂiciuntur
2482 4242 2704 4312 fratres,
2740 4258 2799 4302 et
2846 4253 3305 4324 collaudatis

1894 4343 1980 4351 Α..-
2011 4329 2061 4351 ξ..
2089 4330 2418 4351 -.1-..ιξ-...-...
2457 4328 2631 4351 h-_._!-
2670 4349 2724 4351 κη
2821 4347 2831 4351 -
2992 4345 3035 4351 --
3072 4348 3087 4351 _

1891 4343 1987 4427 eos
2010 4329 2064 4383 in
2086 4330 2423 4427 adoptionem
2457 4328 2635 4386 Patris
2669 4347 2908 4396 vocatos
2940 4345 3091 4401 sibi
3147 4364 3245 4409 es

2179 4330 2423 4427 iptionem
2457 4328 2635 4386 Patris
2669 4347 2908 4396 vocatos
2940 4345 3091 4401 sibi
3147 4364 3245 4409 et
3280 4328 3728 4427 πὺξ-πῖθΕᾶ

246 4414 509 4516 ximus
548 4413 944 4514 scripturarum
968 4414 1174 4485 ﬁguris,
1223 4416 1476 4470 nimirum
1525 4416 1579 4469 in
1620 4417 1786 4469 Evan-
1816 4406 1862 4463 ι)
1891 4413 2017 4516 fecit
2044 4415 2335 4516 etfratres.
2371 4417 2516 4473 Bene
2551 4430 2736 4476 autem
2772 4432 2942 4496 terga

246 4500 497 4572 gelio,ubi
524 4503 776 4570 scriptum
806 4511 887 4556 est
916 4516 983 4556 ex
1018 4519 1247 4572 persona
1287 4506 1380 4560 lilii
1423 4505 1656 4561 senioris
1702 4505 1787 4558 di-

245 4591 416 4645 centis
448 4591 513 4644 ad
548 4601 748 4659 patrem
772 4592 818 4623 ⁸³
852 4610 865 4645 :
897 4592 1011 4662 Ego
1031 4611 1231 4663 semper
1257 4605 1425 4648 tecum
1444 4595 1544 4663 fui,
1566 4604 1613 4648 et
1641 4610 1786 4647 man-

246 4681 425 4733 datum
452 4687 596 4732 tuum
620 4696 878 4749 nunquam
902 4684 1178 4749 prwterivi,
1211 4694 1257 4737 et
1290 4696 1550 4753 nunquam
1593 4682 1781 4737 dedisti

246 4768 373 4821 mihi
398 4768 599 4820 hostium
628 4778 683 4820 ut
707 4784 823 4821 cum
849 4770 1030 4824 amicis
1056 4775 1182 4825 meis
1219 4774 1476 4838 epularer.
1527 4769 1657 4824 Cum
1687 4788 1784 4824 au-

246 4866 348 4910 tem
380 4856 509 4908 venit
546 4855 683 4922 [ilius
709 4864 828 4911 tuus
853 4858 939 4911 hic
973 4860 1180 4927 junior,
1204 4860 1293 4929 qui
1336 4859 1637 4926 dilapidauit
1674 4875 1790 4911 om-

248 4960 364 4997 nem
393 4945 733 4999 substantiam
760 4963 930 5011 suam,
956 4948 1193 5001 occidisti
1235 4950 1281 5002 ei
1321 4949 1537 5002 titulum
1574 4950 1789 5019 sagina-

251 5042 382 5090 tum.
406 5036 569 5087 istum
599 5048 725 5103 ergo
750 5045 957 5090 taurum
988 5037 1100 5092 sive
1135 5040 1359 5092 vitulum
1404 5038 1633 5091 consilio
1687 5053 1786 5092 suo

254 5119 457 5173 Scriba:
491 5129 546 5174 et
570 5119 825 5177 Pharismi
853 5125 1209 5181 subnervassc
1231 5123 1520 5190 dicuntur;
1558 5140 1786 5194 quorum

323 5256 370 5289 "
410 5256 818 5335 Genes.__xi._tx,_
845 5260 898 5323 5,
956 5262 1009 5326 6,
1058 5262 1127 5335 Ἰ,Δ
1155 5262 1542 5335 δηξτ-(ἶθ-ηεε.
1569 5262 1903 5335 xxxty,_30.__
1936 5263 1986 5335 ξ’
2013 5261 2198 5316 Matth.
2234 5234 2383 5335 ssvr,
2412 5268 2468 5321 4.
2547 5270 2594 5302 ³³
2622 5268 2817 5324 Genus.
2862 5286 3034 5335 xux.
3072 5282 3117 5335 6

249 5337 425 5403 Exul,
444 5326 534 5403 ξι.
564 5396 574 5403 _
609 5328 651 5359 ιι
678 5318 858 5403 Manut.
886 5318 1035 5403 igni.
1063 5318 1151 5386 525.
1222 5318 1666 5403 "‘.‘Alntlh.‘_xx_ttl,
1692 5318 1782 5383 es.

1492 5318 1666 5403 mu.
1692 5318 1782 5383 23.
1859 5329 1905 5361 ³⁸
1936 5330 2061 5403 μισ.
2081 5347 2170 5394 ιν.
2201 5333 2288 5399 29,
2315 5318 2527 5391 ὅῧίδδ
2556 5318 2816 5403 Lugii;
2840 5318 3033 5396 ιῖάἶἻ

254 5390 307 5446 8.
383 5395 427 5426 ³⁸
456 5396 597 5449 Psal.
634 5411 746 5462 clx,
785 5397 838 5450 2.
913 5398 955 5430 ⁸⁷
983 5398 1177 5454 Jerem.
1206 5414 1269 5464 tt,
1304 5398 1393 5451 27.
1467 5396 1511 5427 ³⁸
1537 5398 1731 5452 Genes.
1760 5414 1901 5459 xux,
1931 5400 1982 5451 8.

329 5512 437 5578 (l7)
458 5512 628 5572 Alias.
657 5530 872 5581 quorum
921 5515 1107 5578 palria‘
1145 5523 1408 5581 totumque
1457 5526 1547 5577 per
1594 5511 1785 5565 orbem.

259 5576 345 5628 At
367 5576 491 5631 mss.
525 5590 583 5631 ut
608 5576 872 5634 in‘nostro
903 5576 1069 5634 textu.

338 5647 636 5712 (l8).ludas
688 5648 950 5701 confessio
998 5651 1363 5716 interpretatur
1398 5664 1425 5699 a
1484 5645 1657 5698 radice
1699 5654 1789 5703 rm

1892 4504 2760 4616 f'fi‘i‘.“flffii‘?-9f“.‘f‘fi.°f‘_'"'
2804 4520 2907 4582 αυί
2966 4524 3455 4616 parabam
3502 4547 3726 4616 ωσι...

1895 4605 2041 4663 terga
2054 4592 2207 4699 Ldaba
2218 4604 2274 4699 nt
2297 4595 2404 4649 Deo
2419 4601 2610 4699 isicut
2633 4610 2697 4695 et
2717 4616 2820 4669 per
2852 4610 3199 4677 praphela
3217 4592 3329 4680 ngf
3344 4592 3727 4699 7

1888 4681 2178 4749 exprobrat
2205 4681 2389 4786 dicens
2418 4683 2507 4786 "ﬂ:
2539 4683 2644 4748 Qui
2680 4701 3093 4754 converterunt
3168 4716 3298 4766 ad
3339 4681 3728 4786 1;;-;;;-:;

1886 4785 1983 4822 sua
2010 4780 2061 4823 et
2084 4784 2186 4822 non
2219 4769 2428 4837 faciem.
2461 4771 2587 4826 Haec
2624 4788 2757 4844 ergo
2789 4780 2966 4837 dorsa
3017 4797 3276 4858 caedis

1891 4860 2033 4913 versi
2067 4859 2354 4928 aliquando
2375 4871 2522 4933 terga
2551 4863 2683 4917 dent
2705 4867 2897 4935 idolis,

1895 4952 1960 5002 ad
1992 4951 2174 5013 Deum,
2220 4958 2274 5004 et
2307 4952 2516 5005 faciant
2570 4954 2674 5006 hoc
2701 4962 2849 5023 quod
2904 4961 2918 5012 i

1894 5038 2152 5107 scriptum
2180 5049 2265 5092 est
2301 5040 2347 5070 "
2378 5058 2391 5093 :
2422 5041 2488 5097 Et
2516 5044 2735 5098 adorent
2766 5055 2815 5099 te
2837 5048 2950 5107 ﬁlii

1890 5126 2032 5179 enim
2053 5140 2173 5179 eum
2204 5127 2455 5193 adorant,

3028 5306 3193 5410 hui;
3202 5379 3255 5410 ρ
3264 5306 3416 5410 πιΣέ
3574 5321 3712 5410 ..ιέὴ

3129 5379 3449 5434 Penes.
3491 5399 3697 5455 χιιι,

1897 5515 2331 5595 qtizeittnlliphil
2362 5538 2523 5584 sonat
2569 5521 2819 5595 conﬁteri.
2868 5523 3030 5595 Infra
3085 5539 3183 5591 ed

1900 5558 2102 5594 ,Ι,,,,,.-;
2143 5558 2331 5601 Zur"...
2362 5558 2523 5603 causa“
2569 5558 2819 5595 ιυιιιιιυιυ·
2868 5558 3030 5609 "'"ﬂ.
3084 5558 3331 5616 ξεί-ΙΙιὶ,
3369 5558 3484 5616 Re

1895 5590 2056 5649 genus
2087 5583 2230 5637 tlltus
2260 5605 2646 5659 ministrantes.
2682 5593 2829 5655 MSS"
2863 5594 3168 5658 “dmin”!
3183 5582 3704 5685 fantemgnum
