3922 6224
241 316 350 371 25"

1488 326 1553 379 IN
1595 327 1883 382 GENESIM
1920 326 2195 380 llOMlLIA
2232 326 2388 380 XVII.

3365 335 3476 391 258

246 442 302 483 et
332 421 570 496 Spiritum
600 404 879 509 adoptionis
906 419 1305 509 δξῑθθβεξτῖηῑ,
1340 433 1404 490 in
1439 455 1550 509 quo
1574 445 1841 498 clament:

1944 443 2256 495 ostenditur.
2296 441 2398 495 Sed
2431 442 2700 495 videamus
2745 457 2908 509 quare
2940 457 2993 497 ut
3033 446 3112 499 leo
3140 457 3190 499 ct
3229 457 3286 499 ut
3317 461 3475 502 catu-

251 519 399 572 Abba
438 517 566 576 pater
598 504 658 555 ³⁹ο
688 499 844 554 Nemo
881 498 1040 554 enim
1101 508 1261 568 dicit
1325 498 1621 582 Dominum
1667 531 1842 583 Iesum

253 609 360 663 ssisi
390 603 440 654 επ
473 595 661 664 Spiritu
698 588 982 684 “"6199.
1032 593 1162 654 iste
1201 619 1410 668 sermo
1456 619 1613 684 paulo
1664 620 1846 672 durius

263 698 483 752 reiertur
506 687 567 740 ad
596 683 804 746 ludam,
833 682 938 736 nisi
977 684 1238 749 abusive
1295 682 1554 760 dicamus
1595 709 1845 762 adoratas

277 798 393 840 esse
415 778 550 848 quasi
585 789 733 844 T9835
765 791 793 828 ³
845 774 1122 835 “mribus
1164 789 1317 852 suis,
1356 795 1411 846 id
1458 806 1539 850 est
1575 811 1602 849 a
1639 800 1844 851 cancris

283 870 662 932 contribulibus,
688 867 827 921 ﬁlios
852 865 1018 921 Iuda.

364 962 406 1014 5.
431 958 631 1012 Catulus
660 959 822 1011 leonis
853 957 1028 1022 Iuda,
1061 962 1132 1015 de
1166 971 1414 1034 germine
1434 973 1546 1040 ejus
1571 977 1798 1028 ascendit
1825 993 1841 1028 :

291 1053 518 1103 recubans
549 1047 787 1100 dormisti
825 1049 962 1100 sicut
1004 1049 1114 1116 leo,
1149 1065 1202 1106 et
1233 1058 1372 1110 sicut
1428 1063 1629 1116 catulus
1659 1063 1839 1120 leonis.

297 1139 695 1202 Quissusritabit
732 1154 854 1190 eum
899 1139 981 1192 ⁸ιῖ
1029 1138 1088 1191 lu
1147 1143 1233 1197 his
1275 1149 1556 1202 versiculis
1595 1167 1696 1204 non
1733 1152 1842 1217 jam

294 1228 667 1290 concludimur,
702 1229 799 1282 sed
831 1244 977 1296 pene
1019 1233 1370 1289 excludimur
1403 1255 1416 1288 :
1450 1253 1570 1290 nam
1612 1241 1840 1293 catulum

295 1317 446 1370 leonis
469 1319 512 1372 si
541 1333 809 1385 ponamus
832 1319 1032 1373 ludam
1059 1324 1169 1376 dici
1200 1338 1361 1391 posse
1387 1340 1483 1392 pro
1507 1328 1702 1380 virtute
1729 1330 1840 1382 bel-

291 1412 439 1473 landi,
469 1412 746 1478 quomodo
775 1414 1080 1479 exponitur
1100 1416 1244 1480 quod
1284 1417 1350 1468 de
1371 1418 1606 1483 germine
1634 1418 1746 1484 ejus
1771 1421 1844 1471 di-

292 1502 423 1554 citur
452 1500 802 1556 ascendisse?
825 1499 1065 1556 Germcn
1088 1511 1275 1557 autem
1306 1505 1391 1556 hic
1427 1505 1476 1558 in
1515 1505 1697 1560 Graeco
1720 1506 1842 1574 βλα-

288 1591 404 1648 στὸς
429 1589 628 1640 dicitur
657 1587 799 1655 (19),
843 1588 988 1652 quod
1017 1591 1192 1658 magis
1227 1591 1506 1659 virgultum
1543 1594 1622 1645 vel
1667 1609 1842 1645 ramus

284 1681 474 1732 rectius
531 1681 956 1745 interpretatur,
1001 1682 1090 1747 qui
1135 1682 1202 1734 de
1257 1683 1441 1735 radice
1490 1683 1838 1751 repullulare,

279 1768 365 1821 vel
389 1772 448 1821 de
481 1771 603 1834 ipso
635 1770 841 1821 robore
880 1772 1093 1823 arboris
1119 1771 1276 1824 solet.
1311 1770 1387 1823 Ex
1437 1786 1540 1839 quo
1572 1787 1698 1842 ergo
1733 1774 1841 1825 vir-

280 1855 436 1924 gulto,
465 1857 550 1909 vel
580 1871 650 1909 ex
676 1872 789 1924 quo
849 1873 1000 1911 ramo
1049 1857 1215 1911 Judas
1251 1861 1554 1914 ascendisse
1598 1862 1839 1914 dicitur?

279 1945 362 1997 vel
383 1945 647 2013 quomodo
677 1948 1012 2000 recumbens
1037 1947 1304 2002 dormisse
1332 1957 1391 2000 ut
1421 1949 1501 2002 leo
1533 1959 1585 2003 et
1612 1959 1670 2003 ut
1698 1961 1840 2005 catu.

280 2033 360 2087 lus
384 2035 572 2096 leonis,
600 2035 676 2088 ita
711 2043 772 2087 ut
802 2047 1086 2103 quaeratur
1107 2041 1229 2104 quis
1266 2052 1386 2091 eum
1424 2040 1676 2094 suscitet?
1722 2042 1837 2096 Nisi

279 2123 408 2177 forte
451 2123 653 2191 aliquis
705 2124 819 2176 vim
873 2124 1081 2179 faciens
1133 2125 1264 2180 velit
1325 2127 1396 2179 ita
1427 2142 1736 2183 asseverare
1768 2146 1834 2185 ex

276 2214 504 2278 germine
552 2215 904 2281 processisse
953 2213 1175 2277 Iudam,
1229 2215 1282 2269 id
1331 2225 1434 2279 est,
1483 2225 1542 2270 ut
1594 2220 1837 2285 superius

276 2302 517 2367 diximus,
563 2305 652 2357 vel
698 2320 766 2358 ex
804 2305 1074 2371 virgulto,
1118 2304 1200 2356 vel
1230 2318 1292 2358 ex
1340 2320 1526 2370 ramo;
1579 2309 1720 2374 quod
1773 2309 1837 2361 de

277 2387 383 2454 ipsa
412 2390 580 2456 patris
611 2390 946 2443 fortitudine
972 2399 1027 2442 et
1057 2391 1254 2442 virtute
1281 2389 1563 2457 signiﬁcet,
1595 2391 1682 2456 qui
1723 2391 1835 2443 vir-

281 2480 400 2532 tutis
426 2481 769 2534 conﬁdentia
830 2481 1074 2540 recubet,
1123 2487 1177 2532 et
1210 2479 1505 2546 requiescat
1545 2489 1602 2532 ut
1645 2480 1730 2533 leo
1781 2489 1835 2533 et

274 2577 329 2618 ut
353 2570 558 2623 catulus
581 2570 788 2632 leonis,
829 2584 930 2622 nec
965 2582 1087 2621 eum
1114 2581 1279 2620 ausus
1325 2567 1519 2634 aliquis
1557 2578 1626 2620 snt
1659 2569 1834 2622 susci-

274 2665 401 2722 tare,
428 2659 550 2709 dum
579 2673 683 2725 pro
717 2652 1104 2726 magnitudine
1134 2656 1328 2708 virium
1362 2666 1415 2709 et
1436 2657 1674 2724 potentia
1720 2657 1836 2710 bel-

274 2745 492 2799 latorqu
541 2748 825 2800 suscitare
877 2761 1005 2800 eum
1047 2745 1224 2798 nullus
1278 2747 1472 2799 audeat
1527 2749 1592 2800 ad
1629 2748 1829 2815 praelia.

273 2832 368 2886 Sed
393 2835 554 2887 multo
587 2835 1020 2888 comenientius
1050 2833 1322 2899 aptabitur
1343 2833 1466 2886 huic
1503 2833 1620 2888 loco
1653 2835 1840 2904 mysti-

272 2936 325 2973 ca
350 2924 636 2988 expositio,
694 2923 864 2992 108
911 2924 962 2976 in
996 2938 1102 2990 qua
1132 2923 1336 2975 catulus
1375 2923 1543 2976 leonis
1587 2922 1831 2978 Christus

1946 529 2024 584 lus
2055 531 2221 584 leonis
2255 531 2470 584 dormit.
2520 533 2594 586 De
2651 532 2810 586 catuli
2857 535 3068 600 quidem
3128 551 3314 591 somno
3355 540 3468 602 jam

1944 617 2186 684 superius
2215 617 2415 670 dictum
2449 627 2534 670 est
2574 621 2713 686 quod
2761 618 2912 672 valde
2954 623 3329 679 convenienter
3374 641 3469 693 ap-

1946 713 2086 757 tatur
2117 705 2170 757 in
2196 706 2428 769 Christo,
2457 707 2547 774 qui
2578 707 2748 760 tribus
2790 707 2976 762 diebus
3001 717 3054 761 et
3081 710 3248 764 tribus
3287 714 3470 766 nocti-

1943 793 2044 844 bus
2083 793 2133 844 in
2178 793 2339 846 corde
2361 803 2513 846 terra:
2559 793 2794 862 sepultus
2835 809 3085 848 somnum
3129 799 3316 853 mortis
3362 801 3472 855 imo

1943 881 2123 947 plevit.
2155 882 2224 936 Ut
2253 882 2334 936 leo
2357 893 2534 936 autem
2569 886 2670 938 hoc
2714 887 2872 940 modo
2902 887 3095 940 debere
3128 889 3344 956 intelligi
3373 904 3464 940 ar-

1941 967 2127 1021 bitror.
2157 969 2294 1023 Mors
2314 970 2510 1025 Christi
2554 975 2827 1040 Oppressio
2860 985 2912 1028 et
2953 975 3250 1042 triumphus
3274 978 3470 1030 daemo-

1943 1072 2067 1109 num
2111 1058 2231 1110 fuit.
2262 1060 2480 1114 Omnem
2526 1077 2756 1129 namque
2784 1065 3012 1130 praedam
3071 1080 3226 1132 quam
3263 1066 3342 1119 leo
3375 1067 3464 1118 ille

1943 1151 2242 1202 contrarius
2283 1150 2551 1203 invaserat
2583 1160 2854 1217 prostrato
2892 1153 3104 1206 homine
3139 1165 3190 1205 et
3237 1155 3470 1222 dejecto,

1944 1237 2029 1289 hic
2057 1237 2140 1289 leo
2174 1238 2493 1305 interripuit.
2532 1241 2764 1308 Denique
2791 1241 3000 1294 rediens
3031 1243 3097 1293 ab
3143 1243 3327 1294 inferis
3357 1242 3468 1312 (29.)

1941 1332 1992 1375 et
2039 1325 2316 1377 ascendens
2355 1328 2406 1378 in
2459 1325 2642 1390 altum,
2695 1327 2948 1393 captivam
2994 1313 3469 1394 duxit'cuptivita-

1941 1419 2041 1463 tem
2079 1411 2141 1464 ⁸³.
2172 1412 2281 1465 Hoc
2306 1427 2432 1478 ergo
2455 1414 2609 1467 modo
2631 1424 2684 1466 et
2711 1415 2762 1467 in
2789 1430 2976 1469 somno
3000 1431 3097 1470 suo
3122 1417 3202 1470 leo
3229 1419 3328 1471 fuit
3361 1420 3470 1472 vin-

1941 1514 2066 1552 cens
2116 1501 2290 1553 omnia
2353 1513 2407 1554 et
2459 1503 2748 1568 debellans,
2796 1516 2849 1559 et
2910 1509 3173 1560 destruxit
3219 1524 3336 1562 eum
3374 1511 3466 1578 qui

1939 1585 2170 1640 habebat
2199 1589 2384 1642 mortis
2428 1590 2726 1657 imperium,
2764 1602 2816 1645 et
2856 1595 3000 1646 velut
3042 1597 3252 1649 catulus
3299 1597 3468 1652 leonis

1941 1676 2026 1729 die
2063 1679 2220 1731 tertia
2253 1680 2564 1732 suscitatur.
2615 1680 2744 1745 Quis
2782 1685 3051 1736 suscitabit
3099 1687 3255 1738 eum?
3301 1685 3466 1741 Recte

1943 1766 2092 1832 quasi
2124 1766 2437 1833 inquirentis
2465 1772 2734 1836 prophetae
2773 1786 3052 1838 personam
3092 1789 3206 1840 quae
3239 1777 3465 1829 suscita-

1938 1855 2006 1907 rit
2035 1854 2301 1908 Christum
2337 1872 2513 1910 sermo
2539 1861 2824 1927 signiﬁcat.
2870 1862 3002 1925 Quia
3027 1863 3315 1929 Apostolus
3353 1867 3467 1931 qui-

1935 1945 2053 1997 dem
2087 1945 2216 1998 dicit
2238 1946 2306 2007 ⁵³,
2335 1947 2455 2013 quia
2487 1947 2626 2001 Deus
2667 1951 2755 2015 qui
2782 1953 3051 2002 suscitavit
3095 1967 3214 2004 eum
3245 1972 3274 2004 a
3321 1971 3462 2006 mor-

1935 2034 2056 2096 tuis,
2099 2036 2366 2087 suscitabit
2407 2045 2453 2089 et
2494 2039 2731 2089 mortalia
2783 2055 3002 2104 corpora
3043 2050 3204 2092 vestra
3257 2052 3466 2110 propter

1935 2123 2304 2178 iuhabitautem
2370 2129 2608 2191 spiritum
2690 2129 2802 2195 ejus
2847 2132 2899 2182 iu
2945 2132 3104 2183 vobis.
3164 2132 3226 2184 Et
3275 2135 3462 2188 iterum

1934 2209 2178 2264 Christus
2231 2213 2355 2266 dicit
2401 2215 2450 2264 in
2518 2215 2814 2279 Evangeliis
2849 2217 2895 2247 “
2932 2235 2944 2268 :
2993 2217 3184 2270 Solvite
3221 2221 3462 2284 templum

1935 2299 2049 2363 hoc,
2099 2309 2144 2350 et
2186 2316 2274 2366 ego
2318 2303 2371 2352 in
2413 2301 2574 2354 tribus
2629 2304 2810 2355 diebus
2855 2309 3109 2356 suscitabo
3148 2307 3275 2356 illud
3316 2322 3332 2356 :
3373 2309 3467 2360 hoc

1935 2394 2106 2438 autem
2135 2387 2331 2438 dicebat
2361 2389 2423 2439 de
2443 2389 2630 2455 templo
2657 2391 2889 2455 corporis
2917 2393 3016 2442 sui.
3061 2393 3194 2456 Quia
3233 2409 3358 2458 ergo
3408 2405 3468 2447 et

1935 2473 2047 2539 ipse
2097 2487 2152 2526 se
2181 2476 2310 2528 dicit
2373 2477 2636 2529 suscitare
2675 2479 2923 2543 templum
3001 2495 3176 2544 suum,
3227 2493 3278 2534 et
3328 2484 3465 2536 Deus

1937 2561 2083 2615 illum
2143 2563 2338 2616 dicitur
2373 2565 2692 2627 suscitasse,
2741 2579 2884 2621 recte
2933 2569 3187 2636 pr0phetn
3249 2580 3466 2636 stupore

1939 2658 2096 2702 tanta
2124 2651 2299 2704 Patris
2350 2660 2404 2704 et
2450 2651 2570 2705 Filii
2606 2655 2820 2708 unitatis
2864 2665 3021 2721 atque
3075 2657 3466 2714 iudiscretionis

1936 2739 2188 2791 attonitus
2212 2740 2286 2792 ait
2314 2757 2326 2792 :
2357 2741 2483 2803 Quis
2508 2744 2768 2795 suscitabit
2799 2759 2912 2794 eum
2939 2743 3086 2812 (25)?

2005 2825 2054 2878 6.
2086 2825 2207 2879 Non
2247 2827 2445 2894 deﬁciet
2487 2834 2718 2897 princeps
2766 2847 2829 2883 ea:
2871 2832 3034 2898 Iuda,
3075 2850 3232 2900 neque
3260 2837 3370 2891 dua:
3398 2839 3464 2890 u'e

1937 2916 2212 2983 femoribus
2271 2918 2380 2983 ejus
2427 2935 2682 2987 usquequo
2743 2921 2942 2972 veniant
2981 2939 3041 2974 ea
3089 2941 3202 2991 qua:
3241 2931 3460 2992 reposita

271 3025 366 3061 ηοη
412 3013 589 3064 solum
635 3015 877 3080 ιτορίορ,
924 3026 1120 3064 verum
1169 3013 1328 3064 etiam
1365 3013 1577 3081 physice
1604 3013 1713 3083 (eo)
1743 3017 1834 3068 de-
1860 3039 1899 3093 C
1935 3015 2050 3056 suat
2073 3007 2118 3057 ei
2150 3005 2280 3074 (‘24),
2308 3007 2407 3065 vel,
2448 3019 2503 3060 ut
2547 3009 2597 3060 in
2641 3008 2759 3061 aliis
2793 3010 3184 3078 exemplaribus
3214 3015 3464 3079 habetur,

269 3099 550 3166 signatur:
585 3115 712 3152 nam
761 3100 1124 3168 Physiologus
1170 3100 1236 3152 de
1279 3100 1455 3153 catulo
1515 3101 1682 3155 leonis
1715 3104 1827 3157 haec

267 3189 443 3240 scribit
500 3189 650 3254 quod
700 3203 828 3239 cum
883 3187 1052 3239 fuerit
1116 3197 1278 3239 natus
1328 3188 1500 3240 tribus
1557 3190 1744 3242 diebus
1773 3201 1826 3245 et

269 3276 430 3329 tribus
459 3278 720 3330 noctibus
741 3276 1006 3338 dormiat,
1037 3284 1146 3328 tum
1178 3276 1368 3328 deinde
1404 3277 1570 3344 patris
1609 3278 1827 3331 fremitu

267 3363 335 3415 vel
365 3365 552 3432 rugitu
590 3373 853 3431 tauquam
882 3365 1233 3418 tremefactus
1267 3364 1460 3417 cubilis
1487 3365 1635 3419 locus
1659 3369 1829 3421 susci-

266 3461 327 3505 tet
343 3455 600 3508 catulum
625 3455 1015 3508 dormientem.
1046 3453 1152 3507 Iste
1186 3454 1396 3506 catulus
1423 3469 1550 3522 ergo
1581 3457 1826 3508 ascendit

262 3552 316 3591 ex
340 3541 603 3608 germine
635 3558 650 3594 :
687 3556 756 3593 ex
789 3541 1002 3608 virgine
1049 3541 1193 3594 enim
1242 3550 1400 3593 natus
1455 3551 1558 3594 est.
1605 3541 1717 3594 Non
1761 3559 1824 3596 ex

261 3636 480 3694 semine,
520 3633 616 3686 sed
655 3647 721 3684 ex
765 3632 976 3699 virgine
1013 3632 1217 3698 absque
1270 3631 1554 3682 concubitu
1603 3632 1727 3691 viri,
1777 3640 1829 3683 et

257 3726 460 3792 absque
504 3723 725 3775 semine
768 3720 1006 3772 naturali
1069 3722 1315 3772 nascitur
1371 3720 1636 3785 Christus,
1685 3722 1824 3772 velut

257 3814 554 3884 virgultum
606 3813 722 3864 sive
774 3825 984 3862 ramus.
1027 3810 1081 3861 ltt
1127 3823 1232 3876 quo
1297 3809 1732 3862 manifestissime
1776 3819 1828 3862 ct

254 3907 454 3956 Veritas
486 3901 676 3955 carnis
720 3912 1018 3966 assumptac
1071 3913 1134 3950 ex
1180 3899 1386 3965 virgine
1440 3900 1741 3951 declaratur
1771 3901 1824 3951 iu

249 4003 406 4044 sacro
448 3998 646 4043 sancto
673 3989 944 4056 germine,
963 3999 1018 4038 et
1043 4003 1070 4037 a
1094 3987 1343 4051 contagio
1377 3987 1592 4038 humani
1620 3994 1674 4038 et
1703 4001 1825 4038 car-

246 4083 392 4133 nalis
435 4080 671 4132 seminis
701 4087 998 4131 excusatur
1043 4073 1177 4143 (2l).
1229 4073 1545 4126 Recumbeus
1590 4074 1827 4126 dormiin

240 4173 373 4223 sirut
412 4169 532 4228 leo,
563 4176 611 4218 et
639 4170 767 4219 sicut
793 4165 1006 4218 catulus
1044 4164 1230 4216 leonis.
1263 4162 1690 4216 Manifestissiute
1740 4178 1827 4214 re-

237 4258 515 4309 cubuisse
578 4263 631 4305 et
679 4254 951 4305 dormisse
995 4249 1200 4302 dictum
1248 4249 1314 4300 de
1348 4249 1600 4315 passione
1642 4248 1830 4300 mortis

288 4379 341 4408 89
383 4375 569 4427 Rom.
605 4384 724 4430 vm,
767 4369 854 4421 15.

229 4443 306 4499 19,
436 4443 484 4472 ⁵⁵
528 4440 733 4494 Ocnus.
773 4449 921 4497 thx,
956 4433 1042 4485 10.
1135 4432 1181 4462 ⁸⁸
1226 4432 1347 4487 Aut.
1380 4433 1474 4486 lib.
1503 4447 1609 4494 xw,
1640 4448 1754 4500 cap.
1784 4432 1836 4483 ‘2.

904 4360 908 4364 ’
978 4364 1062 4416 ιοι
1094 4364 1220 4418 Cor.
1255 4379 1353 4428 xu,
1385 4365 1438 4416 5.
1511 4361 1980 4427 “Genes.xt.tx,9.
2051 4359 2094 4392 ⁸³
2121 4360 2311 4427 Ephes.
2337 4375 2408 4423 tv,
2445 4361 2496 4414 5.

1932 3095 2096 3145 veniat
2131 3096 2175 3146 is
2213 3097 2295 3147 cui
2339 3097 2614 3161 repositum
2659 3107 2751 3163 est,
2791 3110 2836 3151 et
2883 3101 2990 3160 ipse
3021 3102 3114 3153 erit
3153 3108 3460 3169 exspectatio

1928 3184 2148 3248 gentium
2170 3184 2232 3236 “.
2255 3183 2349 3235 llic
2386 3185 2529 3238 locus
2565 3187 2837 3238 manifeste
2865 3189 3095 3241 refertur
3117 3191 3181 3242 ad
3206 3191 3391 3244 Iudam
3441 3209 3455 3244 :

1932 3281 2132 3322 constat
2164 3273 2304 3324 enim
2341 3287 2507 3340 usque
2537 3276 2601 3326 ad
2641 3276 2967 3330 nativitatem
2997 3277 3195 3331 Christi
3227 3294 3332 3333 non
3367 3279 3460 3334 de-

1931 3358 2119 3412 fecisse
2166 3363 2426 3430 principes
2478 3381 2542 3416 ex
2581 3375 2776 3432 genere
2820 3364 2988 3428 ιιιιιΙερ,
3037 3383 3137 3423 nec
3184 3370 3344 3424 duces
3393 3373 3461 3426 de

1935 3448 2218 3500 femoribus
2242 3451 2538 3518 ejususque
2581 3454 2647 3504 ad
2686 3453 2945 3507 lleroden't
3004 3471 3201 3523 regem,
3244 3461 3332 3526 qui
3373 3477 3460 3515 se-

1935 3537 2418 3590 cundumhistorite
2463 3540 2618 3592 Iidem
2664 3555 2819 3606 quam
2857 3539 3114 3609 Josephus
3164 3548 3348 3601 scribit
3391 3549 3458 3612 “,

1935 3627 2226 3693 alienigena
2283 3626 2478 3688 fuisse,
2507 3638 2559 3681 et
2603 3643 2696 3697 per
2740 3631 3084 3684 ambitionem
3135 3633 3187 3684 in
3241 3651 3457 3703 regnum

1933 3715 2227 3768 Judteorum
2277 3717 2470 3768 dicitur
2522 3717 2832 3784 irrepsisse;
2872 3723 3053 3773 statim
3091 3736 3215 3790 ergo
3260 3734 3314 3776 ut
3358 3728 3461 3781 hoc

1934 3803 2127 3856 factum
2179 3815 2279 3865 est,
2325 3814 2377 3856 ct
2426 3813 2483 3857 ut
2512 3805 2706 3858 defecit
2747 3810 2850 3860 dux
2879 3811 2941 3862 de
2971 3810 3251 3877 femoribus
3291 3815 3458 3880 ludat,

1936 3889 2144 3943 advenit
2200 3891 2285 3943 ille
2331 3893 2414 3944 cui
2464 3901 2578 3945 erat
2632 3907 2852 3962 regnum
2901 3900 3204 3964 repositum.
3253 3901 3305 3954 In
3354 3918 3462 3970 quo

1935 3981 2196 4045 quomodo
2245 3991 2424 4046 gentes
2447 3991 2680 4048 sperent,
2723 3985 2990 4053 Evangelii
3024 3989 3150 4042 ﬁdes
3184 4000 3236 4042 et
3275 3991 3458 4047 Eccle-

1934 4068 2127 4120 siarum
2146 4068 2301 4122 docet
2326 4072 2653 4137 propagatio.
2687 4070 2938 4141 Reposita
2988 4088 3164 4130 autem
3211 4081 3462 4135 dicuntur

1934 4171 1995 4209 ea
2029 4171 2146 4223 quas
2170 4170 2466 4224 opportuno
2508 4169 2740 4227 tempore
2785 4164 3096 4230 proferenda
3132 4177 3273 4219 sunt.
3307 4169 3458 4223 Sicut

1933 4257 1987 4298 et
2011 4244 2251 4298 Christus
2279 4246 2331 4298 in
2373 4246 2528 4298 ﬁnem
2575 4248 2884 4301 saeculorum
2921 4252 3198 4306 advenisse
3241 4255 3346 4308 diti
3375 4273 3458 4323 ttr,

2572 4362 2614 4392 ⁸³
2638 4361 2790 4416 Rom.
2829 4380 2906 4427 ttl,
2939 4366 3023 4418 Η.
3124 4367 3169 4398 ⁸⁸
3207 4369 3357 4422 Iuntl.
3392 4387 3456 4438 tl,

289 4559 451 4628 (19)_
484 4552 779 4628 Blaqrdc
856 4549 1069 4601 dicitur.
1145 4547 1236 4601 Sic
1303 4559 1434 4598 mss.
1506 4544 1647 4597 Libri
1700 4561 1826 4598 vero

1935 4542 2198 4610 Trypltoue
2237 4539 2360 4590 illud
2391 4531 2434 4603 ᾧ
2475 4539 2753 4628 ἀπέκειται
2782 4610 2796 4628 ρ
2820 4558 3165 4628 veram'esse'
3196 4547 3332 4628 ΙλξξΧ
3388 4553 3462 4604 le-

222 4623 594 4693 θι1ἱ”ιὶ,’βαῖᾳν
625 4623 844 4693 dicitur_.
1252 4681 1284 4693 μ’
1463 4680 1475 4693 Ι
1555 4681 1566 4692 .

288 4680 440 4764 (ἑὸ)-
465 4692 655 4764 Alias,
693 4687 950 4764 tropicus,
998 4697 1176 4764 verum
1213 4680 1677 4764 etiamnpjhysicus,
1725 4681 1828 4735 sed

221 4749 359 4818 ιηεξς,
399 4749 471 4813 iit
522 4760 579 4810 in
616 4749 811 4807 nostro
847 4763 1014 4806 textu.
1038 4751 1210 4803 Paulo
1237 4759 1364 4815 post
1388 4749 1542 4818 iidem
1568 4765 1718 4808 mss..
1740 4767 1830 4814 pn-

220 4815 588 4898 uisfremitu
613 4823 693 4875 vel
720 4823 895 4888 rugitu
913 4836 933 4874 :
955 4820 1109 4884 editi,
1132 4819 1303 4884 patris
1315 4815 1504 4883 gemitu
1524 4818 1594 4867 vel
1613 4820 1838 4884 mugitu;

292 4912 424 4980 (‘2!)
457 4905 804 4980 Excusatum
843 4903 931 4954 Sic
962 4901 1096 4980 libb.
1129 4898 1544 4980 editi‘etimssq
1586 4898 1735 4980 mihi
1757 4909 1833 4950 tn.

224 4965 353 5035 meo
402 4965 720 5028 'admodum
777 4978 1025 5038 suspecta
1081 4976 1167 5019 est
1208 4965 1314 5016 ista
1362 4979 1483 5025 vox,
1529 4977 1822 5030 excusatur,

226 5064 329 5116 pro
358 5040 727 5116 quantalim,
752 5037 1088 5116 excluditur.
1161 5099 1209 5116 VL
1249 5097 1402 5116 Eur“!

300 5097 428 5180 isi)
464 5109 648 5180 tglias,
669 5097 879 5180 quique
903 5105 1118 5156 rediens
1147 5099 1214 5180 ali
1237 5097 1457 5180 inferis:
1483 5163 1510 5180 η
1615 5163 1627 5180 '
1702 5170 1714 5180 .

300 5117 402 5180 (22
464 5117 648 5167 Alias,
669 5117 862 5175 quique
903 5117 1118 5156 rediens
1147 5117 1214 5148 an
1243 5117 1448 5175 tuleris.
1483 5163 1492 5174 _
1702 5170 1714 5180 .

300 5117 428 5252 (εδξ
464 5177 564 5230 Sic
591 5190 719 5228 mss.
740 5165 1324 5252 rectiusquamuedtt:
1342 5179 1392 5214 tu
1412 5165 1586 5230 quibus
1613 5163 1828 5236 legitur,

236 5230 507 5307 att‘tt—rii'tus
528 5253 622 5301 est.
659 5245 777 5311 quis
806 5230 1094 5294 suscitavit
1133 5247 1258 5283 eum
1296 5230 1324 5280 ?

309 5331 429 5399 (εει)
473 5326 695 5380 Veniam
723 5341 786 5379 ια
816 5338 943 5399 φαςε
995 5315 1405 5399 τεροξίξίιεζξαςιξ
1440 5315 1505 5399 5'}.
1543 5317 1642 5399 Y8"
1677 5327 1743 5399 te!
1776 5321 1827 5372 ίιι

244 5383 784 5466 ,ιεῖξεειωηριπίιηιε
815 5383 1314 5468 ιῖειυε.ιιιτν,,ιῑε’ξξτιέ
1354 5383 1505 5468 θίεξξί
1537 5387 1827 5468 sese“?

810 5457 885 5510 τὰ
945 5445 1524 5525 ἀποκείμεχειιῌᾳύτῷκ
1547 5445 1740 5525 Mle”
1787 5448 1830 5519 ᾧ

251 5509 519 5593 {detegi
795 5509 1005 5578 Patres
1031 5509 1560 5593 moldjoditllillll.’inﬁdo.
1581 5509 1828 5570 alteram

883 5593 1085 5641 autem
1111 5576 1359 5628 Justinus
1390 5577 1435 5627 in
1460 5579 1659 5650 Dialogo
1700 5601 1826 5638 cum

1931 4607 2182 4670 ctionem,
2201 4621 2301 4682 non
2323 4619 2497 4658 autem
2517 4607 2583 4658 τὰ
2606 4609 2934 4678 ἀποκείμενα
2963 4612 3126 4682 αὐτῷ.
3150 4615 3203 4668 In
3237 4617 3458 4673 Hebrum

1931 4691 2154 4763 habetur
2202 4671 2344 4744 τήνω
2381 4697 2477 4763 κζ’
2516 4695 2568 4763 9;
2607 4699 2676 4751 ἰν
2734 4671 3008 4763 usque/luo,
3034 4671 3210 4763 'veniat
3261 4671 3456 4756 Schilo,

1931 4757 2280 4823 Hieronymus
2327 4758 2483 4827 vertit
2527 4759 2684 4808 donec
2724 4762 2884 4827 veuiat
2921 4762 3010 4827 qui
3034 4759 3323 4817 'mitteudus
3356 4779 3453 4822 est.

1931 4839 2090 4910 Quasi
2131 4817 2344 4910 legisset
2370 4817 2572 4898 ἠὺνω,
2617 4841 2696 4891 vel
2755 4817 2943 4901 :15th
2968 4845 3215 4910 deceptus
3267 4817 3457 4899 simili;

1937 4908 2117 4960 tudine
2151 4906 2461 4971 litterarum,
2498 4917 2535 4961 τι
2571 4915 2622 4957 et
2662 4918 2720 4965 Π.
2767 4910 3017 4962 Vitiosam
3065 4906 3239 4964 autem
3293 4912 3459 4971 luisse

1933 4972 2237 5040 Hieronymi
2275 4970 2552 5024 lectionem
2585 4973 2704 5026 inde
2732 4986 2894 5041 patet,
2946 4983 3081 5044 quod
3124 4989 3333 5032 veteres
3373 4970 3456 5033 in;

1929 5064 2184 5122 terpretes
2251 5053 2591 5119 Septuaginta
2644 5063 2696 5106 et
2741 5054 2928 5122 Aquila
2985 5073 3102 5112 non
3163 5045 3308 5118 ηὸνιῃ
3363 5064 3456 5114 sed

2104 5133 2343 5206 legerint.
2393 5134 2579 5206 Aquila
2631 5119 2859 5206 remitti)
2897 5138 3193 5201 ἀπόκειται,
3237 5141 3456 5206 Septua-

1929 5205 2070 5270 ginta
2128 5201 2196 5252 τὰ
2251 5201 2578 5268 ἀποκείμενα
2628 5203 2791 5271 αὐτῷ,
2834 5201 2988 5272 quasi
3042 5223 3106 5258 ex
3156 5218 3233 5272 ut,
3279 5201 3327 5257 id
3372 5217 3456 5258 est.

1929 5285 2031 5346 cui,
2060 5282 2161 5345 vel,
2205 5297 2337 5349 quae,
2385 5291 2659 5349 spectatth
2693 5270 2753 5336 ut
2795 5270 2963 5337 vocali
2993 5301 3039 5346 ο,
3071 5295 3125 5337 et
3163 5270 3232 5341 η’)
3259 5285 3327 5343 ei,
3355 5298 3449 5348 po-

1930 5364 2031 5415 sito
2067 5375 2104 5421 Π
2135 5348 2314 5430 pro't,
2355 5377 2545 5428 nempe
2590 5348 2658 5420 ΠΒ
2710 5380 2803 5430 pro
2843 5350 2925 5426 '5;
2961 5374 3084 5418 sunt
3121 5365 3260 5415 enim
3313 5361 3454 5430 litte-

1930 5460 2000 5496 ra:
2041 5426 2432 5510 permutabiles.
2482 5426 2802 5499 vDividebant
2848 5446 3025 5507 itaque
3078 5450 3256 5492 vocem
3307 5426 3451 5498 τήνω

1933 5526 1981 5574 in
2017 5508 2088 5581 ira
2121 5534 2168 5574 et
2198 5508 2268 5580 ΠΒ
2301 5539 2415 5588 qum
2441 5522 2507 5583 ei,
2531 5523 2698 5587 suppl.
2733 5523 2947 5572 reposita
2972 5530 3104 5571 sunt.
3142 5521 3228 5570 Sic
3253 5519 3445 5575 Eztch.

1936 5607 2019 5646 ut
2056 5608 2068 5644 :
2104 5594 2269 5644 Donec
2315 5592 2476 5640 reuiut
2510 5594 2588 5640 cui
2613 5599 2680 5640 est
2702 5589 2972 5654 judicium.
