3922 6220
289 291 392 346 259

291 497 406 560 bile,
441 492 640 547 scilicet
677 490 743 542 ad
783 488 1007 540 salutem
1063 484 1309 548 gentibus
1354 477 1702 532 inferendam.
1754 471 1811 525 Si

290 600 417 639 vero
439 584 558 652 quis
587 581 638 632 in
665 579 904 632 omnibus
931 575 1110 640 cupiat
1148 583 1361 624 cursum
1412 568 1688 630 utriusque
1720 575 1815 613 ex-
1856 599 1864 608 .

290 672 571 744 positionis
605 682 805 736 aptare,
853 674 1026 731 potest
1069 671 1387 726 extorquere
1437 652 1700 711 fortassis,
1761 657 1817 700 ut

293 763 454 816 etiam
487 760 552 812 de
577 757 786 811 Christo
811 756 919 806 haec
938 754 1039 806 hoc
1070 750 1224 803 modo
1244 748 1524 799 videantur
1551 738 1771 805 intelligi
1798 757 1812 789 :

293 853 414 920 quia
449 865 552 902 non
597 846 792 912 deﬁciet
826 849 1058 910 princeps
1099 855 1161 891 εει·
1194 836 1355 897 Juda,
1405 834 1455 886 id
1493 839 1576 884 est
1602 829 1689 881 hic
1730 825 1819 894 qui

293 949 413 1010 post
472 935 912 990 resurrectionem
970 929 1084 994 ejus
1149 924 1508 980 Ecclesiarnm
1570 919 1816 984 princeps

293 1027 589 1080 ordinatur.
618 1019 684 1072 Et
712 1020 818 1071 dux
847 1019 908 1070 de
937 1013 1207 1081 femoribus
1235 1013 1366 1078 ejus.
1423 1010 1592 1061 Duces
1613 1019 1820 1074 quoque

294 1115 715 1169 Christianorum
746 1110 808 1162 de
843 1107 1132 1158 femoribus
1155 1101 1350 1155 Christi
1383 1100 1481 1150 hoc
1534 1096 1687 1148 modo
1724 1109 1820 1146 ex-

294 1211 474 1271 ponet.
509 1200 736 1271 Membra
769 1195 964 1249 Christi
994 1207 1110 1246 esse
1144 1192 1268 1244 dicit
1295 1186 1574 1256 Apostolus
1604 1185 1647 1214 ⁸⁸
1694 1182 1821 1240 ﬁde.

297 1268 400 1344 lem
451 1268 696 1356 populum
742 1285 855 1336 sine
897 1279 1052 1333 dubio
1099 1278 1408 1345 spiritaliter
1455 1269 1820 1337 intelligenda.

298 1380 526 1436 Possunt
569 1391 694 1443 ergo
732 1382 784 1426 et
823 1373 1021 1424 femora
1059 1369 1172 1434 ejus
1212 1364 1518 1433 spiritaliter
1562 1360 1821 1414 intellecta

299 1471 538 1524 indicare
579 1479 669 1518 eos
714 1463 802 1531 qui
849 1476 944 1527 pro
989 1459 1236 1510 ﬁrmitate
1278 1454 1386 1520 (25)
1432 1463 1484 1505 et
1530 1449 1822 1503 constantia

301 1554 622 1611 fortitudinis
654 1565 810 1605 omne
829 1563 1020 1615 corpus
1049 1544 1296 1598 Ecclesia:
1320 1549 1619 1594 sustentare
1650 1539 1825 1590 viden-

303 1655 390 1700 tur
415 1653 468 1697 et
494 1642 649 1696 ferre.
699 1638 790 1690 Vel
842 1637 962 1704 quia
1022 1632 1240 1687 humani
1297 1629 1522 1683 seminis
1575 1626 1822 1678 indicium

303 1688 437 1786 solet
467 1732 516 1784 in
544 1688 800 1782 femorum
832 1688 1182 1789 appellatione
1207 1715 1503 1783 figuraliter
1531 1714 1655 1777 dici,
1689 1712 1826 1778 apud
1860 1688 1898 1740 Β

305 1838 401 1876 nos
433 1830 606 1872 autem
639 1819 726 1884 qui
757 1815 1004 1873 seminat,
1030 1811 1244 1862 verbum
1277 1806 1538 1865 seminat;
1583 1808 1829 1868 poterunt

306 1926 432 1978 ergo
466 1910 550 1976 qui
593 1904 939 1960 ministerium
977 1898 1123 1953 verbi
1162 1895 1411 1950 Ecclesiae
1451 1891 1723 1952 exhibent,
1766 1888 1830 1942 de

307 1977 504 2054 Christi
532 1994 813 2048 femoribus
845 1988 1062 2054 intelligi
1106 1987 1266 2039 duces
1305 1993 1579 2048 usquequo
1620 1977 1831 2031 veniant

308 2105 425 2158 quae
457 2086 683 2153 reposita
710 2091 850 2137 sunt.
885 2081 948 2132 Et
984 2075 1248 2129 videbitur
1287 2073 1357 2124 ita
1396 2083 1548 2132 posse
1593 2065 1828 2132 intelligi,

309 2178 447 2246 quod
472 2189 640 2241 usque
683 2173 748 2225 ad
775 2166 1281 2224 consummationem
1336 2158 1513 2212 saeculi
1572 2172 1674 2209 non
1706 2153 1830 2208 dee-

309 2275 432 2320 runt
497 2263 581 2315 isti
630 2263 813 2317 duces,
854 2257 1019 2308 donec
1078 2252 1378 2304 veniantea
1437 2261 1553 2313 qua:
1607 2243 1832 2309 reposita

307 2362 450 2416 sunt,
480 2363 595 2418 quae
622 2345 937 2415 praeparavit
966 2343 1101 2394 Deus
1128 2339 1210 2392 his
1234 2337 1320 2404 qui
1353 2335 1570 2402 diligunt
1595 2347 1734 2384 eum.
1765 2329 1832 2380 Et

308 2445 414 2509 ipse
442 2442 537 2493 erit
564 2435 874 2504 exspectatio
919 2433 1164 2500 gentium.
1197 2429 1246 2479 in
1281 2427 1366 2478 die
1405 2424 1605 2477 scilicet
1629 2421 1833 2488 judicii,

309 2545 428 2583 cum
454 2541 638 2581 omnes
670 2531 851 2592 gentes
885 2529 938 2574 et
982 2517 1154 2587 populi
1203 2516 1470 2569 Christum
1514 2513 1746 2581 judicent
1782 2509 1833 2562 in

311 2632 504 2687 pavore
555 2614 734 2668 cordis
783 2620 834 2664 et
876 2619 1104 2663 tremore
1166 2604 1500 2659 conscientiae
1556 2609 1830 2669 exspecta-

310 2710 461 2764 bunt.

380 2797 431 2849 7.
474 2795 704 2861 Atligans
764 2791 829 2843 ad
879 2788 1029 2841 vitem
1079 2784 1276 2852 pullum
1311 2796 1481 2845 suum,
1530 2789 1576 2832 et
1613 2779 1680 2831 ad
1719 2777 1835 2846 pal-

311 2885 484 2938 mitem
523 2883 721 2934 asinam
779 2893 925 2931 suam
957 2877 1022 2928 ".
1057 2874 1167 2927 Hoc
1202 2875 1264 2925 de
1292 2871 1506 2925 Christo
1545 2878 1597 2922 et
1626 2867 1836 2935 proprie

313 2986 368 3028 et
403 2971 736 3039 singulariter
757 2967 948 3019 dicitur
976 2983 989 3017 :
1016 2964 1128 3032 ipse
1161 2962 1297 3013 enim
1329 2959 1565 3026 alligavit
1590 2958 1654 3009 ad
1680 2956 1835 3008 vitem

313 3056 506 3123 pullttm
542 3069 691 3106 suum
714 3051 801 3120 qui
837 3050 971 3102 dixit
995 3049 1080 3100 "z
1118 3047 1222 3115 Ego
1259 3061 1372 3098 sunt
1422 3045 1538 3096 ritis
1587 3058 1723 3095 vera.
1759 3040 1836 3092 Ad

315 3146 451 3198 hanc
473 3157 596 3194 vero
629 3142 786 3194 vitem
818 3137 1009 3206 pullum
1033 3150 1185 3188 suum
1210 3133 1442 3206 alligavit
1474 3141 1528 3184 et
1558 3130 1620 3182 ad
1647 3129 1836 3197 palmi-

315 3246 418 3290 tem
449 3235 648 3286 asinam
677 3246 847 3284 suam.
874 3228 1053 3280 Pullus
1086 3234 1170 3278 est
1196 3240 1259 3277 ex
1295 3200 1538 3290 gentibus
1585 3219 1827 3286 populus,

316 3323 399 3376 cui
434 3322 612 3388 utique
639 3332 903 3384 nunquam
935 3315 1106 3367 adhuc
1143 3313 1270 3379 legis
1299 3325 1431 3363 onus
1463 3309 1635 3360 fuerat
1665 3310 1835 3372 impo-

317 3413 499 3470 situm,
534 3419 586 3460 et
611 3422 770 3474 super
803 3419 961 3473 quem
989 3415 1142 3454 nemo
1164 3400 1262 3451 nisi
1294 3399 1400 3465 ipse
1425 3395 1668 3448 Christus
1702 3396 1842 3445 inse-

317 3495 682 3552 derat.‘Pullus
707 3509 832 3546 vero
851 3493 1016 3544 asina:
1041 3499 1166 3542 sunt
1189 3487 1242 3540 hi
1265 3485 1355 3553 qui
1376 3485 1438 3538 de
1456 3484 1629 3552 priore
1654 3480 1844 3547 populo

317 3589 406 3656 qui
441 3602 575 3640 nunc
611 3587 660 3638 in
691 3586 858 3653 ﬁgura
891 3581 1051 3634 asina:
1077 3577 1400 3636 nominatur,
1435 3571 1590 3625 electi
1628 3575 1751 3622 sunt
1781 3567 1844 3620 ad

322 3679 476 3746 109
499 3678 740 3736 salutem,
765 3673 827 3726 de
847 3671 1036 3738 quibus
1071 3667 1324 3734 propheta
1351 3663 1478 3718 dicit
1501 3661 1544 3691 "
1575 3677 1589 3711 :
1627 3657 1682 3712 Si
1725 3657 1842 3724 [ue-

320 3770 419 3819 rint
471 3768 566 3834 ﬁlii
619 3761 782 3816 Israel
827 3757 976 3827 quasi
1000 3770 1159 3807 arena
1203 3753 1401 3813 maris,
1434 3751 1643 3817 reliqua:
1691 3746 1846 3799 salva

317 3858 458 3926 fient.
488 3853 703 3922 Abjecta
733 3865 858 3916 ergo
894 3847 1044 3900 asina
1082 3857 1198 3910 qua:
1235 3855 1371 3893 unus
1413 3838 1543 3904 legis
1573 3838 1624 3888 in
1658 3835 1845 3886 inﬁde-

317 3923 470 4002 litate
496 3954 704 4012 portare
734 3937 942 3996 maluit,
970 3931 1144 4000 pullus
1169 3945 1233 3983 ex
1271 3930 1380 3996 ipsa
1422 3935 1576 3979 natus
1615 3923 1846 3990 eligitur,

319 4038 373 4091 id
397 4046 476 4089 est
499 4010 755 4084 novellus
793 4041 857 4076 ex
906 4035 1086 4076 vetere
1116 4033 1209 4085 per
1258 4017 1412 4066 ﬁdem
1456 4011 1682 4081 pOpulus
1711 4010 1848 4062 θερί-

320 4125 509 4182 scitur,
559 4133 621 4169 ac
666 4112 856 4182 popqu
890 4125 953 4161 ex
984 4108 1226 4175 gentibus
1277 4102 1533 4156 sociatur.
1565 4097 1696 4151 Vitis
1722 4112 1847 4166 ergo

319 4213 562 4265 Christus
596 4220 659 4257 ex
688 4217 746 4254 ea
789 4208 936 4267 parte
986 4195 1201 4256 dicitur,
1237 4205 1341 4257 qua
1397 4197 1640 4240 naturam
1664 4201 1845 4240 susce-

320 4302 396 4370 pit
431 4301 734 4356 humanam,
762 4290 826 4341 ad
858 4299 1013 4370 quam
1043 4283 1184 4336 Deus
1219 4279 1443 4370 Verbum
1472 4291 1620 4330 suum
1647 4275 1842 4343 pullum
1878 4288 1918 4339 υ

321 4359 502 4450 alligat
533 4395 548 4430 :
586 4377 634 4429 id
685 4381 768 4426 est
812 4369 1063 4440 populum
1097 4377 1249 4418 suum
1283 4359 1575 4428 conjungit,
1600 4366 1651 4409 et
1683 4359 1850 4411 sociat

323 4475 370 4526 ei
419 4446 813 4521 conversationi
864 4469 1020 4524 quam
1076 4453 1186 4519 ipse
1231 4447 1407 4515 exegit
1458 4446 1509 4498 in
1565 4457 1758 4506 carne;
1795 4450 1852 4493 ut

325 4557 615 4612 imitatione
638 4549 822 4617 ipsius,
846 4544 1036 4612 pullus,
1057 4540 1145 4607 qui
1187 4538 1252 4589 ad
1283 4537 1453 4600 ipsum
1483 4532 1725 4598 alligatus
1747 4540 1849 4592 est,

322 4647 578 4700 efﬁciatur
602 4654 721 4691 cum
754 4636 843 4686 illo
867 4639 920 4684 et
965 4626 1098 4679 ﬁlius
1130 4625 1244 4686 Dei,
1273 4631 1325 4675 et
1371 4621 1603 4674 cohmres
1632 4618 1843 4671 Christi.

323 4737 595 4791 Palmitem
622 4742 746 4780 vero
770 4726 835 4776 de
857 4735 961 4789 quo
984 4719 1032 4769 in
1059 4713 1223 4768 initiis
1253 4711 1374 4778 quid
1398 4708 1720 4776 signiﬁcaret
1745 4719 1846 4756 non

322 4824 660 4893 exposuimus
695 4813 803 4883 (26)
829 4851 844 4874 ,
879 4806 1171 4874 intelligere
1219 4814 1496 4868 possumus
1528 4797 1627 4848 hoc
1673 4794 1844 4846 modo.

322 4882 479 4971 fides
501 4924 614 4977 qua!
637 4907 688 4958 in
708 4882 923 4957 Christo
968 4905 1070 4959 εει,
1102 4904 1155 4946 et
1182 4889 1456 4959 prmseutis
1475 4886 1594 4936 vitm
1613 4882 1844 4949 regulam

323 5009 488 5063 tenet,
516 4967 570 5049 et
615 4995 804 5053 futura;
856 4984 964 5055 spei
1020 4980 1261 5035 ﬁduciam
1300 4979 1533 5042 praestat.
1566 4967 1702 5019 Vitis
1723 4981 1847 5032 ergo

1718 269 1870 326 ORIG
1880 267 2028 320 ENIS

288 423 408 462 cum
436 405 562 459 dicit
599 399 876 470 Apostolus
905 398 945 428 "
982 414 995 450 :
1036 395 1165 448 Ecce
1191 409 1322 446 nunc
1343 403 1539 457 tempus
1579 394 1813 453 accepta-
1843 389 1887 444 Α
1917 384 2041 436 illud
2074 381 2281 434 videtur
2313 376 2612 437 ostendere,

1939 4785 2064 4841 'rius
2094 4797 2212 4840 erat
2236 4789 2472 4845 amictus
2498 4794 2596 4853 ille
2623 4785 2813 4871 populi

3599 238 3730 293 260

2665 373 2824 440 quod
2877 360 3168 422 Christi
3230 360 3278 413 in
3333 369 3573 412 carne
3609 368 3730 422 po-

1918 470 2002 524 siti
2039 477 2182 536 gcsta
2216 467 2266 519 in
2291 467 2403 532 ipso
2435 464 2720 517 credentes
2757 459 3174 512 imitantur.
3229 447 3513 501 Palmes
3564 458 3726 496 vero

1919 558 2044 608 illud
2063 531 2402 621 intelligitur,
2433 549 2572 616 quod
2598 547 2816 614 palmes
2851 537 3098 594 arbori
3153 531 3619 586 connectitur
3659 533 3730 580 et.

1918 620 2264 696 conﬁrmatur
2296 654 2324 691 a
2355 639 2525 705 lapsu,
2559 649 2668 702 quo
2705 624 3129 685 adminiculo
3214 620 3432 674 fretus
3484 626 3730 669 ventos

1919 745 1981 784 ac
2014 715 2569 782 turbines-contemnit
2615 730 2670 773 et
2704 716 2974 784 respuit,
3024 711 3452 763 [nunerum
3505 705 3727 757 bono-

1921 833 2036 871 rum
2066 816 2264 868 indicat
2289 827 2435 880 spem
2471 829 2487 874 ;
2520 809 2646 877 quia
2694 805 2901 859 ﬁdeles
2943 801 3228 868 quique
3275 811 3435 850 nou
3500 794 3728 846 solum

1921 909 1971 959 in
2004 906 2085 958 his
2128 919 2246 972 qua:
2304 911 2516 970 gerunt,
2571 899 2664 952 sed
2699 906 2754 950 et
2807 896 2869 947 in
2919 895 3031 946 his
3097 903 3254 955 qua:
3322 894 3640 954 sperant
3670 893 3740 936 et

1920 996 2158 1053 credunt,
2193 992 2421 1043 futuram
2478 984 3064 1042 consummationem
3153 978 3411 1032 salutis
3482 990 3738 1041 exspe-

1920 1095 2088 1136 ctant.
2120 1083 2174 1134 In
2204 1097 2308 1148 quo
2357 1080 2505 1147 quasi
2558 1079 2624 1128 ad
2679 1076 3022 1144 quamdam
3076 1071 3463 1140 patientiae
3529 1069 3741 1120 arbo-

1923 1190 2029 1228 rem
2054 1188 2145 1240 spe
2175 1171 2341 1239 juncti
2387 1179 2440 1223 et
2493 1168 2853 1230 conﬁrmati,
2898 1163 3390 1218 tentatinnum
3454 1158 3738 1226 procel-

1921 1263 1999 1316 las
2035 1277 2096 1315 ac
2148 1259 2386 1314 turbines
2427 1258 2629 1318 ferunt,
2659 1259 2810 1323 quod
2863 1255 2948 1308 de
2984 1250 3359 1306 historiali
3397 1249 3591 1302 Juda
3627 1249 3740 1302 in-

1923 1350 2200 1416 terpretari
2232 1347 2370 1400 nulla
2395 1346 2524 1398 mihi
2563 1345 2704 1396 ratio
2732 1345 2987 1395 videtur
3015 1354 3238 1406 posse
3260 1339 3742 1405 permittere,

1921 1437 2024 1489 nisi
2069 1434 2304 1488 Judaicis
2349 1432 2540 1485 fabulis
2588 1441 2948 1495 annuentes,
2996 1439 3347 1498 putemus
3386 1430 3493 1480 ita
3537 1442 3746 1494 posse

1923 1526 2168 1593 intelligi,
2210 1540 2304 1592 pro
2342 1539 2406 1576 eo
2440 1522 2580 1589 quod
2628 1524 2827 1576 dicunt
2883 1532 3166 1590 partem
3218 1521 3456 1575 tribus
3517 1519 3742 1584 Iudae,

1925 1627 2080 1679 quam
2131 1612 2180 1664 in
2235 1619 2392 1663 terra:
2436 1610 2752 1663 lnereditate
2809 1610 3155 1675 suscepit,
3202 1609 3289 1660 ita
3393 1608 3747 1663 refea‘tam

1931 1718 2047 1756 esse
2071 1702 2258 1764 vineis,
2295 1711 2352 1752 ut
2383 1711 2641 1768 tanquam
2671 1700 2827 1754 nullo
2865 1699 3168 1752 alterius
3210 1701 3512 1766 generis
3557 1700 3750 1756 exsi-

1932 1801 2103 1844 stente
2130 1790 2357 1858 virgulto
2407 1800 2550 1842 tanta
2597 1791 2728 1843 vitis
2789 1804 2929 1842 esse
2975 1789 3192 1856 copia
3248 1791 3632 1854 videatur,
3675 1803 3745 1845 ut

1933 1897 2000 1934 ne
2027 1880 2220 1932 animal
2255 1880 2466 1945 quidem
2500 1879 2754 1946 alligandi
2785 1880 2862 1931 ad
2910 1879 3102 1931 aliud
3163 1894 3412 1946 genus
3457 1882 3738 1936 arboris

1933 1971 2086 2022 detur
2117 1969 2359 2022 facultas.
2394 1968 2498 2020 Sed
2531 1968 2666 2032 hasc,
2693 1977 2754 2019 ut
2787 1969 3104 2031 diximus,
3135 1965 3463 2024 Judaica
3515 1973 3738 2038 magis

1935 2068 2235 2115 commenta
2290 2059 2668 2112 videbuntur:
2721 2057 2894 2110 nobis
2949 2067 3187 2110 autem
3244 2061 3612 2129 mystica,
3671 2071 3738 2119 es

1934 2151 2052 2220 plus
2097 2151 2259 2204 etiam
2297 2150 2338 2202 si
2368 2147 2478 2202 sola
2508 2149 2599 2211 sit,
2625 2148 2808 2216 placet
2833 2148 3197 2216 expositio.

2005 2325 2054 2378 8.
2093 2323 2307 2376 Lavabit
2331 2323 2383 2374 in
2409 2322 2524 2373 vino
2546 2320 2737 2372 stolam
2774 2336 2971 2380 suam.
2999 2331 3060 2374 el
3098 2323 3170 2375 in
3200 2325 3573 2391 sanguine
3602 2343 3742 2380 ure

1939 2416 2178 2466 amictum
2206 2411 2442 2472 suum".
2483 2410 2833 2463 Videbantur
2869 2421 2933 2463 et
2993 2413 3146 2465 hzrc
3211 2427 3590 2482 quantum
3659 2417 3739 2469 at]

1940 2498 2242 2552 historicum
2277 2495 2665 2562 expositionem
2694 2511 2898 2563 agrum
2929 2497 3246 2553 fertilem
3305 2503 3496 2563 vite,
3533 2504 3744 2574 ὑπερ.

1941 2584 2160 2646 6ολικῶς
2188 2585 2296 2636 vini
2332 2583 2715 2636 abundantiam
2768 2585 3176 2652 significare.
3223 2590 3387 2645 Sed
3430 2592 3743 2647 nobilia-

1942 2690 2050 2726 rem
2085 2687 2296 2725 sensum
2321 2671 2541 2739 mystica
2569 2672 2830 2736 producit
2857 2678 3206 2743 expositio
3247 2692 3558 2737 “osua.
3581 2682 3749 2736 Nam

1941 2762 2075 2816 stola
2106 2760 2304 2814 Christi
2331 2775 2450 2826 quzr
2494 2759 2709 2811 lavatur
2739 2763 2796 2812 in
2866 2763 3050 2830 vino,
3109 2770 3424 2824 merito
3463 2772 3630 2839 eius
3669 2775 3779 2826 ‘m-

1945 2851 2194 2915 telligitur
2250 2848 2510 2911 Ecclesia,
2548 2865 2712 2916 quam
2751 2851 2875 2917 ipse
2913 2857 3358 2912 mundav‘it
3432 2862 3574 2917 sibi
3632 2880 3786 2920 san-

1944 2940 2100 3008 guine
2131 2951 2246 3000 suo,
2281 2952 2382 2989 non
2436 2937 2731 2988 habentem
2775 2939 3095 2994 maculam
3171 2955 3320 2999 aut
3359 2963 3614 3017 ".33,"
3655 2954 3760 3007 ηε

1948 3027 2059 3079 Non
2091 3027 2241 3083 enim,
2279 3023 2448 3090 inquit
2471 3017 2764 3089 Apostolus
2797 3024 2870 3086 ⁸⁸,
2907 3019 3227 3095 argento,
3279 3036 3598 3095 νείαιινο
3645 3060 3748 3096 γε-

1938 3114 2126 3179 dempti
2152 3112 2290 3174 estis,
2316 3112 2403 3163 sed
2427 3112 2652 3176 pretioso
2673 3114 2948 3179 sanguine
2975 3114 3369 3187 Unigeniti
3405 3144 3444 3180 ει
3492 3131 3663 3184 nco.
3686 3134 3751 3183 ιι,

1938 3201 2095 3266 hujus
2124 3200 2264 3250 enim
2295 3198 2568 3266 sanguinis
2611 3198 2763 3261 vino,
2799 3199 2854 3251 id
2906 3212 3008 3254 est
3076 3205 3399 3265 lavacro
3457 3231 3752 3284 rege"..-

1948 3289 2161 3342 rationis
2185 3303 2213 3339 a
2245 3285 2457 3339 Christo
2495 3285 2713 3338 lavatur
2769 3286 3091 3344 Ecclesia.

1940 3376 2081 3464 enim
2114 3389 2207 3464 per
2233 3375 2558 3440 baptismum
2594 3374 2646 3426 in
2689 3385 2942 3428 mortem
2989 3380 3080 3444 ⁸⁵,
3131 3394 3212 3437 el.
3260 3389 3341 3442 in
3409 3397 3760 3464 sanguine

1943 3463 2128 3531 ipsius,
2155 3462 2204 3514 id
2242 3461 2408 3530 estin
2461 3469 2635 3515 tnorte
2674 3462 2851 3531 ipsius
2894 3467 3379 3536 haptizamur
3405 3521 3423 3534 .
3479 3461 3583 3536 ιη’
3603 3502 3761 3538 sau-

1945 3553 2101 3622 guine
2127 3558 2299 3604 autem
2330 3565 2444 3602 uvae
2470 3552 2744 3617 quomodo
2773 3554 3078 3610 amictum
3117 3576 3358 3620 suum
3404 3571 3617 3628 lavit.
3665 3577 3762 3628 vi-

1945 3643 2170 3695 dandum
2201 3648 2303 3694 est.
2353 3638 2599 3692 Amictus
2629 3643 3023 3709 propinquior
3072 3658 3448 3717 quaedam
3496 3631 3610 3718 vel
3652 3684 3762 3720 se-

1946 3731 2140 3783 cretior
2166 3727 2377 3795 corpori
2435 3732 2604 3781 vestis
2652 3731 2875 3783 videtur
2908 3749 3059 3789 esse
3101 3755 3356 3807 quam
3413 3756 3639 3808 διοικο
3688 3747 3766 3812 Hi

1896 3830 1912 3843 ·
1944 3834 2070 3886 ergo
2099 3819 2186 3886 qui
2213 3817 2356 3884 prius
2377 3829 2472 3884 per
2515 3815 2793 3871 lavacrum
2824 3819 2926 3873 loti
2963 3827 3156 3881 stola
3231 3836 3413 3902 eius
3481 3842 3766 3900 τυρηηι

1945 3905 2137 3967 effecti,
2189 3913 2533 3972 posteaquam
2571 3907 2636 3957 ad
2669 3920 3138 3970 sacramentum
3167 3931 3590 3994 sanguinis
3627 3953 3773 3990 υνερ

1947 4004 2330 4096 pervenerunt,
2356 3993 2747 4093 velointerioris
2797 4004 3086 4066 mysterii
3165 4022 3772 4096 secretiorisque

1949 4083 2072 4134 facti
2106 4091 2230 4134 sunt
2281 4080 2588 4148 participes,
2637 4083 2880 4138 amictus
2913 4089 3057 4155 ejus
3130 4110 3332 4157 esse
3395 4111 3660 4168 dicunt

1947 4133 2052 4224 ,L,'
2281 4133 2297 4186 ἶ
2575 4133 2588 4146 ι
2735 4133 2876 4138 ---“ν
2915 4133 3057 4188 :J“"
3130 4133 3332 4157 νδθσ
3395 4133 3772 4170 uisuntur.

1992 4181 2354 4265 avaturentm
2385 4178 2526 4238 et‘m
2571 4185 2688 4223 uva:
2725 4187 3017 4242 sangutue
3069 4191 3396 4265 anima,
3445 4219 3616 4259 cum
3661 4224 3772 4263 sa-

1947 4259 2200 4313 cramenti
2232 4258 2386 4324 hujus
2436 4260 2664 4326 cteperit
2710 4275 2910 4326 capere
2971 4258 3382 4338 rationena

1951 4361 2177 4412 namque
2213 4353 2268 4398 et
2307 4343 2577 4440 intellecta
2615 4348 2817 4400 virtute
2869 4327 3738 4440 sanguini—swVerljiBB;

2093 4400 2107 4412 ·
2339 4429 2350 4440 .
2815 4437 2826 4449 ,
2875 4400 3257 4454 τ’τ--ξιι---ηιδ
3342 4400 3566 4438 verm
3618 4400 3739 4443 uel

1949 4443 2419 4524 quantocapacnor
2449 4431 2643 4487 effecta
2687 4434 2859 4493 fuerit
2902 4457 3163 4518 anima,
3223 4467 3453 4524 ιεηιο
3523 4430 3769 4524 burim:

1953 4523 2008 4624 fit
2046 4530 2100 4574 et
2148 4519 2355 4625 lavatur“
2389 4524 2638 4585 quotidie
2686 4529 2758 4583 ad
2804 4487 3771 4625 Scienii;“;;:‘:’c‘:u::lrt::

1948 4610 2177 4712 iungens
2207 4623 2263 4661 se
2300 4609 2425 4709 .Deo
2471 4627 2587 4670 non
2648 4623 2838 4684 solum
2895 4609 3176 4698 amictus
3238 4609 3419 4719 eju;

1951 4701 2108 4799 etiam
2139 4713 2274 4750 unus
2295 4698 2403 4798 jam
2433 4715 2569 4760 cum
2612 4675 3176 4793 ipso—spiritus‘ligta.
3200 4675 3284 4795 1:
3281 4675 3419 4805 :21:
3427 4675 3748 4806 1:32.")

2024 4803 2060 4806 ,_
2101 4797 2206 4806 ___-.
2238 4797 2396 4806 Δᾼ....
2498 4794 2555 4806 ιι.
3475 4804 3478 4805 ν
3568 4783 3584 4806 Δ
3707 4792 3742 4804 σ-

3445 4219 3616 4259 cum
3661 4224 3775 4263 sa-

3512 4293 3772 4364 Aguila

1955 4873 2334 4941 impudicitiam
2369 4873 2708 4951 designaret

398 5181 434 5210 ⁸⁷
468 5178 504 5230 ll
540 5176 661 5228 Cor.
694 5186 765 5232 vl,
789 5169 843 5221 2.
914 5167 957 5196 ³⁸
989 5163 1004 5214 I
1044 5161 1185 5232 for.
1227 5169 1280 5207 vt
1504 5149 1783 5232 1’.G'eues.

1948 5159 1984 5207 "
2020 5143 2402 5232 ξέιυῖυρῢης
2439 5170 2542 5228 κν.
2588 5167 2648 5226 t.

323 5252 368 5282 "
403 5248 592 5300 Cenes.
628 5256 772 5303 xm,
813 5237 896 5290 ll.

402 5407 818 5478 (‘25)7Sicdrnssa,
853 5401 1155 5478 aliasvero,
1193 5390 1420 5478 ﬁdelium
1455 5381 1841 5478 popttfttttt.lt't‘tc

331 5460 840 5600 :(lufit'f'intelligend'o
884 5464 1188 5537 spiritaliter
1211 5460 1444 5526 judicare
1504 5469 1587 5505 eos
1631 5460 1717 5513 qui
1751 5463 1842 5515 pro

349 5561 440 5594 mn
467 5551 584 5594 tate.

989 5175 1004 5214 I
1063 5175 1185 5211 μοι’.
1227 5175 1321 5215 v1,
1357 5175 1442 5207 1i).
1522 5175 1555 5180 "
1591 5175 1783 5201 υιῖιιυδ.

973 5233 1017 5265 ⁵³
1042 5229 1235 5296 Ephcs.
1263 5238 1318 5283 v,
1341 5221 1427 5272 27.
1502 5217 1546 5246 ⁵⁸
1577 5217 1590 5267 l
1630 5216 1768 5267 Petr.
1797 5228 1832 5275 ι,

1948 5175 1984 5207 ι,
2021 5175 2542 5281 ἔδιὶίοω.σ;ςίιίζ.κν,
2588 5175 2648 5226 ιι,
2729 5179 2778 5213 ιι
2817 5187 2928 5248 .83.
2966 5207 3170 5279 nae;
3241 5175 3488 5240 “om.
3536 5205 3640 5256 ιι,
3674 5196 3784 5250 9.1.

2017 5380 2126 5448 (~26)
2169 5381 2294 5436 Mss.

1950 5405 2126 5499 "Litt;
2169 5405 2321 5448 31:55.,
2360 5405 2473 5449 ηοιι
2528 5421 2908 5488 ειηιοδιιὶηηω
2974 5439 3140 5503 Arias
3168 5415 3462 5507 dici“
3500 5419 3818 5482 particula
