3922 6216
328 376 437 432 θεῖν
458 369 595 428 αἶ)τοῦ
625 364 696 438 τῷ
730 359 1067 452 deﬂuunt;
1112 369 1303 443 δῆλον
1331 381 1442 452 γὰρ
1474 382 1552 434 ὅτι
1597 381 1670 452 μὴ
1713 381 1886 449 βουλο-

331 466 486 534 μένου
511 458 794 527 πειθόμενον
813 451 952 522 ἐχειν
981 455 1104 527 ('50)
1137 459 1236 526 οἷς
1281 451 1612 536 προστάσσει
1653 468 1741 518 τὸν
1782 469 1885 518 Φα-

326 547 616 621 ραὼταῖηα
639 545 773 597 δοκεῖ
797 540 1059 608 λέγεσθαι
1103 549 1187 602 τὰ
1236 555 1479 624 ῥήματα.
1534 556 1654 615 Τοῖς
1687 554 1741 604 δὲ
1794 572 1886 606 πι-

326 638 536 690 στεύειν
575 631 926 703 νομιζομένοις
950 631 1242 702 διαφωνία
1272 644 1374 710 οὑχ
1419 645 1451 712 ή
1479 642 1706 711 τυχοῦσα
1729 643 1886 709 γεγέ-

321 743 504 794 νηται,
551 724 635 776 διά
685 723 773 774 τό·
806 739 824 772 ‹
873 721 1225 794 Ἐσκλὴρυνε
1283 731 1486 800 Κύριος
1532 729 1627 798 τὴν
1667 729 1886 798 καρδίαν

314 815 556 884 Φαραὼο
599 834 616 865 ι
656 816 704 866 οἱ
751 812 846 882 μὲν
901 812 1014 883 γὰρ
1057 816 1382 888 πειθόμενοι
1431 819 1502 888 μὴ
1542 819 1692 872 ἄλλον
1747 815 1884 869 εἶναι

316 903 464 955 Θεὸν
503 902 649 972 παρὰ
683 904 772 956 τὸν
817 903 1152 975 δημιουργὸν
1201 910 1487 978 φρονοῦσιν
1512 908 1584 971 ὼς
1612 911 1719 980 ἄρα
1750 911 1888 962 κατὰ

313 996 708 1064 ἀποκλήρωσιν
738 997 766 1046 ό
790 997 920 1060 Θεὸς
952 998 1012 1049 ὃν
1030 997 1174 1050 θέλει
1213 1001 1370 1063 ὲλεεῖ,
1402 1001 1458 1051 ὃν
1489 1000 1542 1051 δὲ
1564 999 1701 1052 ϐέλει
1731 1002 1888 1069 σκλη-

317 1085 515 1153 ρύνει,
542 1085 722 1136 αἰτίαν
749 1086 850 1136 οὐκ
891 1086 1109 1154 ἔχοντος
1139 1086 1256 1149 τοῦ,
1292 1088 1438 1140 τόνδε
1475 1087 1570 1156 μὲν
1609 1087 1884 1150 ἐλεεῖσθαι,

309 1173 472 1224 τόνδε
500 1172 555 1222 δὲ
592 1173 994 1243 σκληρύνεσθαι
1034 1175 1124 1226 ὑπ’
1160 1177 1343 1228 αὑτοῦ.
1373 1177 1582 1244 ’Έτεροι
1607 1177 1659 1228 δὲ
1691 1176 1887 1244 βέλτιον

313 1263 476 1332 παρά
497 1265 722 1326 τούτους
748 1265 1060 1333 φερόμενοι,
1091 1266 1221 1331 φασὶ
1244 1266 1407 1317 πολλά
1435 1267 1526 1319 καὶ
1549 1267 1676 1319 ἄλλα
1698 1265 1889 1336 κεκρύ-

307 1351 452 1418 φθαι
482 1354 579 1421 τῆς
613 1353 844 1422 Γραφῆς
867 1354 1051 1416 αὐτοῖς
1073 1355 1338 1423 νοήματα,
1375 1355 1463 1408 καὶ
1482 1356 1540 1407 ού
1565 1356 1709 1424 παρά
1737 1355 1888 1407 τοῦτο

307 1440 413 1506 τῆς
437 1437 625 1504 ὑγιοῦς
657 1439 895 1501 πίστεως
914 1441 1209 1509 τρέπεσθαι
1230 1458 1243 1471 °
1272 1441 1328 1494 ἓν
1349 1442 1403 1493 δὲ
1427 1442 1531 1494 τῶν
1547 1443 1890 1510 ἀποκεκρυμ-

309 1527 500 1593 μένων
533 1524 678 1580 εἶναι
733 1529 828 1580 καὶ
870 1529 960 1582 τὸν
1010 1531 1136 1599 περὶ
1167 1529 1366 1599 ταύτης
1399 1531 1494 1600 τῆς
1535 1531 1744 1602 γραφῆς
1778 1531 1886 1599 (51)

305 1617 446 1683 ὑγιῆ
474 1617 653 1684 λόγον.
686 1620 752 1672 Oi
806 1619 865 1670 δὲ
903 1619 1088 1688 ἓτερον
1129 1619 1248 1672 Θεὸν
1285 1621 1574 1688 φάσκοντες
1618 1622 1761 1690 παρά
1800 1622 1886 1673 τὸν

302 1704 676 1773 δημιουργὸν,
713 1706 924 1758 δίκαιον
950 1707 1048 1775 μὲν
1082 1707 1242 1758 αὐτὸν
1279 1703 1412 1759 εἶναι
1436 1707 1640 1760 Θέλουσι
1668 1709 1758 1760 καὶ
1787 1709 1883 1761 οὐκ

306 1793 544 1859 ἀγαθὸν,
578 1794 792 1864 σφόδρα
841 1795 1123 1857 ἰδιωτικῶς
1150 1795 1264 1864 ἅμα
1298 1796 1388 1848 καὶ
1410 1795 1614 1858 ἀσεϐῶς
1645 1796 1883 1865 ἐνεχθέν-

305 1899 424 1943 τες,
487 1884 548 1933 ὲν
603 1882 684 1950 τῷ
731 1883 988 1951 χωρίζειν
1036 1882 1374 1954 δικαιοσύνην
1421 1883 1767 1952 ἀγαθότητος,
1793 1885 1884 1936 καὶ

310 1969 532 2022 οἴεσθαι
559 1971 644 2022 ὅτι
671 1966 787 2022 οἶόν
805 1971 867 2022 τέ
905 1972 1021 2022 ἐστι
1049 1972 1382 2040 δικαιοσύνην
1406 1969 1540 2025 εἶναι
1569 1971 1623 2024 ἐν
1654 1989 1755 2024 τινι
1784 1989 1886 2040 χω·-

1761 265 1824 320 IN
1857 264 2154 321 EXODUM.

3405 272 3504 328 96C

1913 387 1958 442 Α
1985 378 2304 444 morigerum
2345 375 2538 430 habere
2576 376 2835 432 mandatis
2880 380 2990 433 suis
3034 379 3362 438 Pharaonem
3392 387 3508 440 ιιειιτ.

1987 482 2108 520 esse
2144 465 2325 519 verba.
2352 463 2422 519 lis
2453 475 2634 518 autem
2663 467 2750 536 qui
2780 469 2995 523 credere
3016 479 3284 537 putantur,
3308 489 3413 528 non
3434 475 3484 528 le

1986 557 2064 608 vis
2094 553 2449 608 controversia
2479 554 2717 606 exoritur
2751 569 2812 607 ex
2851 556 2932 609 bis
2967 559 3146 622 verbis
3176 575 3190 612 :
3229 580 3246 612 ι
3282 561 3504 616 lndura~

1985 644 2060 694 vit
2090 643 2343 696 Dominus
2392 641 2839 713 cor_Pbaraonis.
2887 664 2906 695 ι
2940 645 3038 710 Qui
3093 650 3230 702 enim
3281 655 3507 706 credunt

1987 731 2147 782 Deum
2189 747 2290 784 non
2323 731 2478 783 alium
2523 746 2639 785 esse
2668 748 2822 799 quam
2877 735 3057 788 mundi
3087 725 3346 804 opiﬁcem,
3383 755 3504 794 sen-

1988 822 2123 873 tiunt
2149 821 2308 876 Deum
2343 821 2578 886 fortuito,
2609 822 2759 888 cujus
2791 824 2914 888 vult,
2958 826 3222 890 misereri,
3246 838 3300 881 et
3341 844 3499 898 quem

1986 909 2115 971 vult,
2151 910 2420 974 indurare,
2457 926 2576 964 cum
2606 927 2763 965 causa
2799 913 2940 966 nulla
2975 913 3064 976 sit,
3096 929 3193 968 cur
3232 915 3386 983 hujus
3409 920 3505 971 mi-

1987 1007 2246 1062 sereatur,
2285 998 2422 1052 alius
2471 1001 2535 1052 ab
2567 1015 2629 1054 eo
2661 1001 2962 1059 induretur.
2989 1003 3089 1056 Alii
3123 1004 3212 1072 qui
3246 1007 3503 1072 potiorem

1986 1089 2301 1138 sententiam
2335 1090 2779 1160 scquuntur,alia
2815 1091 2976 1144 multa
3014 1091 3302 1160 Scriptura:
3351 1095 3504 1164 112

1986 1190 2143 1228 sensa
2175 1175 2274 1226 sibi
2305 1175 2613 1228 abscondita
2662 1191 2778 1231 esse
2811 1178 3030 1243 dicunt;
3090 1193 3188 1233 nec
3222 1195 3280 1234 se
3319 1181 3436 1235 ideo
3474 1197 3504 1235 a

1986 1278 2128 1319 recta
2163 1267 2265 1318 [ide
2297 1268 2461 1320 averti
2495 1285 2508 1321 :
2535 1284 2694 1322 unum
2728 1283 2855 1323 vero
2888 1284 2952 1324 ex
2977 1273 3262 1326 reconditis
3280 1287 3395 1328 esse
3416 1289 3505 1328 sa-

1987 1369 2106 1406 nam
2141 1353 2299 1419 hujus
2339 1355 2440 1408 loci
2495 1357 3008 1424 interpretationem.
3069 1358 3232 1413 Tcrtii
3289 1362 3502 1428 quidam

1987 1441 2145 1492 alium
2180 1457 2296 1494 esse
2324 1443 2484 1495 Deum
2514 1447 2580 1496 ab
2604 1444 2808 1512 opiﬁce,
2843 1456 2896 1500 et
2925 1445 3124 1512 justum
3160 1463 3276 1504 esse
3301 1451 3502 1517 volunt,

1987 1532 2077 1584 sed
2107 1547 2206 1585 non
2241 1533 2457 1594 bonum,
2492 1533 2650 1587 stulte
2681 1534 2731 1586 id
2759 1535 2967 1600 quidem
2997 1545 3050 1589 et
3078 1537 3252 1604 impie,
3277 1553 3395 1593 cum
3419 1539 3504 1608 ju-

1987 1619 2183 1672 stitiam
2227 1636 2254 1672 a
2297 1622 2530 1676 bonitate
2580 1633 2845 1691 separant,
2878 1635 2932 1678 et
2968 1633 3152 1693 putant
3191 1626 3300 1681 fieri
3349 1643 3504 1696 posse

1989 1717 2044 1760 ut
2071 1709 2191 1775 quis
2219 1709 2479 1776 justitiam
2511 1711 2702 1764 habeat
2726 1713 2842 1766 sine
2867 1714 3099 1768 bonitate
3125 1724 3174 1769 et
3213 1717 3502 1774 bonitatem

1984 1796 2102 1848 sine
2127 1797 2361 1862 iustitia;
2389 1799 2475 1866 qui
2501 1801 2596 1851 etsi
2628 1799 2728 1853 hoc
2757 1800 2956 1864 dicunt,
2983 1803 3216 1869 opinioni
3244 1819 3352 1859 sua:
3378 1821 3504 1860 con-

1987 1885 2146 1936 traria
2188 1885 2253 1944 de
2293 1886 2438 1951 justo
2481 1885 2587 1938 Deo
2634 1887 2936 1951 admittunt,
2972 1891 3219 1944 nimirum
3253 1891 3503 1948 indurare

1986 1975 2154 2044 ipsum
2186 1988 2278 2026 cor
2301 1974 2612 2037 Pharaonis,
2637 1984 2689 2026 et
2725 1975 2854 2028 illud
2898 1978 3000 2031 sibi
3035 1978 3214 2034 facere
3257 1981 3498 2037 immori-

1915 1677 1955 1730 Β

310 2059 397 2124 ρὶς
421 2057 775 2127 ἀγαθότητος
806 2059 1040 2128 (52),κα“ι
1070 2060 1372 2129 ἀγαθότητα
1393 2061 1510 2130 δίχα
1531 2059 1879 2128 δικαιοσύνηςέ

1984 2076 2184 2128 gerum.
2217 2061 2270 2114 Si
2295 2063 2432 2114 cutim
2463 2063 2506 2116 is
2531 2071 2613 2115 est
2643 2061 2834 2128 justus,
2865 2066 2952 2132 qui
2979 2081 3074 2134 pro
3105 2068 3356 2137 dignitate
3384 2071 3502 2126 uni-

303 2143 460 2213 ὅμως
493 2145 554 2196 δὲ
593 2147 693 2196 καὶ
731 2145 892 2197 τοῦτο
927 2145 1172 2213 λέγοντες
1210 2148 1424 2200 ἐναντία
1463 2151 1527 2218 τῇ
1562 2148 1664 2217 ἰδίᾳ
1687 2149 1884 2214 ὑπολή-

303 2235 396 2302 ψει
446 2236 585 2305 περὶ
617 2235 830 2287 δικαίου
872 2235 1184 2304 προσίενται
1230 2235 1381 2299 Θεοῦ,
1435 2235 1746 2306 σκληρύνειν
1791 2236 1884 2305 τὴν

231 2327 244 2336 ’
304 2323 541 2393 καρδίαν
597 2324 826 2394 Φαραὼ,
886 2325 981 2377 καὶ
1025 2325 1222 2392 ἀπειθῆ
1267 2325 1429 2394 αὐτὴν
1470 2324 1885 2387 κατασκευάζειν

307 2412 507 2480 ἐαυτῷ.
543 2414 613 2466 Ei
639 2413 752 2483 γὰρ
779 2414 808 2465 ό
837 2414 898 2464 τὸ
920 2415 1039 2465 κατ’
1070 2413 1224 2478 ἀξίαν
1255 2413 1536 2481 ἀπονέμων
1564 2413 1774 2482 ἑκάστῳ
1809 2413 1886 2464 δί-

307 2517 485 2564 καιος,
515 2503 621 2553 καὶ
654 2501 766 2554 ἀπὸ
809 2501 910 2570 τῆς
935 2502 1141 2554 ἑαυτῶν
1176 2501 1348 2563 αίτίας
1375 2501 1668 2569 κρείττοσιν
1699 2500 1731 2570 ἢ
1775 2501 1884 2570 χεί-

308 2607 430 2659 ροσι
471 2592 884 2660 γεγενημένοις
916 2590 1196 2652 ἀποδιδοὺς
1232 2583 1304 2642 ὧν
1334 2590 1633 2660 ἐπιτήδειον
1661 2588 1884 2641 ἕκαστον

305 2680 608 2748 τυγχάνειν
634 2681 946 2742 ἐπίσταται,
970 2679 1085 2741 πῶς
1118 2678 1335 2740 δίκαιος,
1361 2679 1389 2729 ό
1419 2677 1685 2747 ἁμαρτίας
1711 2677 1883 2747 χείρο-

305 2787 394 2831 νος
438 2771 627 2830 αἴτιος
687 2768 982 2837 γενόμενος
1029 2766 1105 2835 τῷ
1154 2765 1376 2836 (Papam;
1423 2767 1515 2818 καὶ
1560 2767 1656 2836 οὐχ
1703 2766 1884 2828 ἁπλῶς

306 2857 499 2920 αἴτιος,
537 2856 660 2908 ἀλλ’
699 2857 827 2908 ὅσον
857 2857 966 2924 (55)
998 2855 1081 2922 ἐφ’
1103 2849 1180 2916 οἷς
1206 2857 1395 2907 ἐκεῖνοι
1434 2853 1732 2917 ἐξεδέξαντο
1765 2872 1884 2907 συν-

307 2945 548 3014 εργήσας
605 2944 695 3004 είς
740 2943 802 2994 τὸ
829 2940 1077 3008 γενέσθαι
1116 2940 1271 2992 αὐτὸν
1299 2940 1636 2994 ἀδικώτατον.
1657 2942 1768 2993 Ἐπ’
1796 2943 1883 2993 οὺς

305 3029 391 3080 δὲν
419 3032 532 3098 γὰρ
564 3027 944 3097 ἀναφέροντες
975 3026 1121 3090 ἄξιον
1150 3025 1509 3096 προαιρέσεως
1537 3027 1740 3078 δικαίου
1764 3027 1880 3080 Θεοῦ

305 3115 402 3185 τὴν
455 3118 808 3187 σκλήρυνσιν
841 3116 938 3184 τῆς
968 3115 1191 3184 καῷίας
1232 3114 1445 3184 Φαραὼ,
1478 3116 1576 3168 οὐκ
1621 3112 1715 3167 οἷδ’
1739 3117 1883 3179 ὅπως

303 3203 510 3258 δίκαιον
545 3206 701 3263 Θεὸν,
739 3205 841 3256 κᾶν
875 3204 1122 3273 καθάπερ
1151 3204 1415 3273 διηγεῖσθε
1442 3203 1748 3272 βούλωνται,
1781 3223 1880 3257 πα-

307 3294 579 3364 ραστῆσαι
610 3294 879 3344 δύνανται
908 3292 998 3344 τὸν
1029 3292 1390 3365 σκληρύνοντα
1413 3292 1507 3362 τὴν
1538 3292 1755 3362 καρδίαν
1779 3295 1886 3346 Φα-

305 3383 419 3452 ραώ
442 3401 456 3413 ⁸
496 3384 627 3436 ὅθεν
665 3381 926 3434 θλιπτέον
951 3382 1146 3442 αὐτοὺς
1176 3383 1231 3432 ὲν
1255 3384 1364 3442 τοῖς
1390 3381 1527 3434 κατά
1549 3382 1638 3434 τὸν
1667 3383 1882 3451 προκεί-

305 3488 463 3541 μενον
505 3472 712 3534 τόπον,
749 3472 899 3532 ὅπως
941 3471 1059 3539 ἦτοι
1099 3472 1480 3540 παραστήσωσι
1519 3470 1632 3532 πῶς
1679 3471 1880 3532 δίκαιος

303 3561 622 3630 σκληρύνει,
652 3560 692 3629 ἦ
729 3559 1074 3628 τολμήσωσιν
1096 3560 1289 3620 εἰπεῖν,
1316 3559 1396 3610 ὅτι
1419 3560 1536 3610 ἐπεὶ
1570 3559 1874 3628 σκληρύνει.

301 3650 539 3719 πονηρὸς
565 3646 1004 3716 όΔημιουργόςο
1048 3646 1080 3714 ἢ
1117 3646 1249 3714 μήτε
1290 3644 1638 3713 εὐποροῦντες
1669 3645 1878 3697 ἀποδείο

302 3741 434 3801 ςεων
467 3738 611 3808 πρὸς
660 3737 729 3790 τὸ
773 3737 868 3789 τὸν
903 3737 1108 3788 δίκαιον
1140 3735 1518 3804 σκληρυντικὸν
1553 3731 1686 3786 εἷναί
1715 3752 1872 3796 τινος,

302 3831 439 3898 μήτε
470 3829 799 3898 τολμῶντες
830 3827 892 3878 τὸ
937 3827 1027 3877 ἐπὶ
1061 3827 1307 3878 τοσοῦτον
1351 3825 1539 3886 ἀσεϐὲς
1585 3825 1690 3894 (54)
1722 3825 1878 3894 προέ-

303 3915 425 3967 σθαι
442 3918 574 3984 περὶ
588 3915 691 3968 τοῦ
725 3913 1018 3973 κτίσαντος
1035 3912 1110 3974 ὡς
1131 3910 1384 3980 πονηροῦ,
1407 3910 1777 3978 καταφύγωσιν
1793 3910 1882 3962 ἐπὶ

298 4003 497 4074 ἑτέραν
532 4005 678 4063 ὁδὸν,
723 4001 1061 4072 ὲξηγητικὴν
1095 4001 1210 4060 τοῦ,
1246 4019 1264 4051 ι
1312 4000 1628 4070 Ἑσκλήρυνε
1679 4001 1875 4070 Κύριος

298 4093 405 4162 τὴν
440 4094 674 4164 καρδίαν
701 4091 929 4162 Φαραὼ,
969 4111 988 4142 ›
1027 4091 1359 4152 ἀποστάντες
1387 4091 1476 4142 τοῦ
1505 4091 1568 4142 ἐκ
1605 4090 1694 4143 τοῦ
1733 4090 1879 4158 νομί-

367 4299 482 4367 (30)
507 4295 1298 4367 Βουλομένουπειθόμενον
1323 4293 1500 4367 ἔχειν,
1529 4299 1642 4367 _e_tc._
1673 4293 1762 4345 Sic
1794 4306 1875 4343 re-

299 4361 384 4420 CIe
414 4361 620 4420 habent
653 4361 980 4418 I’ililocaliar
1010 4361 1408 4426 insanuscripta',
1447 4363 1496 4413 in
1529 4361 1674 4412 libris
1703 4368 1878 4412 autem

304 4445 456 4487 antea
493 4437 667 4488 editis
701 4448 810 4499 pro
836 4431 1169 4500 βουλομένου
1219 4428 1407 4500 legitur
1446 4427 1776 4500 βουλόμενος,
1827 4435 1880 4500 et

302 4503 522 4566 insuper
554 4493 772 4556 desunt
803 4493 919 4554 hinc
941 4493 1111 4551 verba
1147 4511 1160 4545 :
1197 4495 1364 4548 ταῦτα
1379 4493 1519 4548 δοκεῖ
1542 4493 1782 4561 λέγεσθαι
1813 4493 1880 4545 τὰ

335 4569 536 4638 ήματα-
652 4635 661 4638 -
935 4633 966 4638 --
1479 4630 1503 4638 _
1719 4629 1742 4638 -

304 4570 849 4705 “gldaol’hilocalia
884 4633 1052 4705 edita,
1093 4632 1224 4705 περὶ
1251 4630 1413 4705 αῦτῆς
1444 4630 1539 4705 τῆς
1571 4629 1800 4705 γραφῆς.

369 4693 478 4773 (32)
506 4706 622 4758 Καὶ
668 4703 911 4773 οἴεσθαι
951 4699 1045 4773 ὅτι
1089 4693 1221 4773 οἶόν
1243 4697 1301 4748 τέ
1329 4693 1454 4773 ἑὰς-ι
1497 4693 1876 4773 δικαιουςύνην

303 4764 550 4825 εἶναι’ἕν
602 4788 731 4824 τινι
761 4764 1526 4836 χωρὶςνάγαθότῃτοςηιιςρο
1571 4765 1874 4815 desideran-

310 4850 388 4889 tnr
423 4844 470 4892 in
503 4843 664 4892 libris
705 4831 871 4890 anile}:
901 4831 1097 4891 editis.
1132 4832 1226 4883 sed
1251 4831 1548 4896 supplentur
1584 4847 1614 4882 e
1644 4844 1768 4882 mss.

370 4909 475 4974 (35)
497 4909 728 4970 Αἴτιος,
763 4900 1124 4974 (LL/11600:»,
1167 4906 1270 4950 etc.
1296 4898 1436 4951 Alias
1471 4899 1638 4960 deest,
1685 4897 1872 4960 αἴτιος,

308 4970 771 5042 qttzni'restitnunt
803 4970 1034 5042 codices
1067 4979 1220 5042 ωδε..
1293 5033 1304 5042 ι
1359 5031 1368 5042 ι
1556 5031 1581 5042 ~

371 5043 476 5107 (δέ)
529 5041 702 5105 Μήτε
742 5034 1109 5107 τολμῶντες
1161 5030 1228 5082 τὸ
1283 5031 1686 5107 ἐπί-τοσοῦτον
1713 5031 1872 5107 figi-:-

304 5100 414 5171 σέξ,
445 5099 552 5162 etc.
590 5099 687 5160 Sic
725 5099 879 5158 recte
913 5101 1157 5171 habent
1198 5112 1332 5171 mss.
1355 5099 1479 5171 blale
1501 5108 1669 5171 autem
1705 5099 1876 5171 Philo-

310 5163 434 5244 cnlin
455 5175 802 5244 editatpﬁes
841 5165 1196 5244 τολμῶντες
1233 5163 1400 5244 τδὲπὶ
1425 5163 1673 5216 τοσούτων
1712 5167 1873 5244 προέ-

310 5243 438 5303 σθαι,
470 5255 574 5297 etc.
604 5232 829 5294 'S'cr'ibit
877 5232 1250 5303 Epiphanius
1284 5233 1636 5303 _h:_eres.‘xt.n,
1665 5232 1782 5297 cap.
1817 5235 1870 5295 5,

306 5307 358 5376 6.
381 5297 436 5373 7,
468 5311 557 5375 13,
589 5318 799 5376 praeter
826 5297 943 5356 duo
973 5297 1097 5376 i’|_la_
1125 5297 1397 5376 principia.
1421 5298 1652 5376 Opilicem
1679 5316 1873 5376 {tetripe

310 5363 524 5440 indicem
544 5363 620 5429 ἐἰ
669 5377 886 5440 justum
912 5435 924 5440 Δ
966 5374 1039 5440 et
1084 5364 1288 5414 bonum
1313 5428 1326 5440 _
1357 5363 1542 5426 Deum,
1587 5363 1870 5440 tertium-:1

309 5428 762 5496 Ποτέὶοηεῆιὶέεε
822 5435 1186 5488 inductum.
1233 5428 1650 5498 malmnﬁempeo
1680 5436 1772 5498 (Ιυί
1818 5446 1874 5486 ει

310 5495 554 5564 omni“;
588 5509 776 5560 ττίιιηι
821 5514 977 5564 ergo
1006 5508 1259 5545 suorum
1289 5495 1631 5562 principiorum
1657 5495 1756 5553 hoc
1778 5501 1871 5554 b0-

632 5601 928 5658 PATROL.
991 5583 1055 5640 Ο
1071 5599 1142 5637 ιι.
1199 5580 1326 5642 XII.

1982 2148 2173 2214 cuique
2207 2147 2410 2210 tribuit,
2449 2157 2499 2202 et
2536 2149 2617 2211 iis,
2663 2151 2751 2217 qui
2782 2163 2846 2203 ex
2890 2166 2948 2204 se
2978 2153 3220 2209 meliores
3247 2156 3327 2210 vel
3359 2157 3502 2212 dete-

1986 2237 2156 2289 riores
2178 2237 2464 2298 evaserint,
2496 2237 2666 2290 reddit
2686 2252 2803 2304 quae
2837 2239 3120 2308 unicuique
3146 2243 3376 2311 ipsorum
3406 2261 3500 2300 no-

1984 2324 2195 2376 vitessc
2227 2326 2411 2376 idonea
2451 2340 2465 2376 :
2501 2325 2763 2389 quomodo
2791 2325 2964 2392 justus
2989 2336 3087 2390 est,
3122 2330 3212 2396 qui
3245 2332 3501 2398 gravioris

1983 2411 2181 2480 peccati
2216 2426 2371 2465 causa
2419 2411 2678 2465 Pharaoni
2723 2413 2856 2465 fuit?
2903 2413 3004 2467 Sed
3037 2429 3140 2469 non
3191 2417 3501 2487 simpliciter

1987 2512 2167 2560 causa,
2195 2499 2284 2550 sed
2317 2499 2368 2550 in
2392 2507 2645 2565 quantum
2675 2512 2733 2550 ea
2774 2514 2890 2566 quae
2931 2499 3005 2553 illi
3039 2515 3380 2572 susceperunt
3407 2508 3500 2558 ad-

1976 2584 2131 2651 juvit,
2161 2596 2216 2638 ut
2253 2585 2402 2638 ﬁeret
2434 2588 2544 2654 ipse
2575 2585 3002 2663 injustissimus:
3035 2592 3126 2658 qui
3167 2594 3307 2646 enim
3348 2595 3499 2648 indu-

1982 2676 2241 2728 rationem
2295 2675 2470 2726 cordis
2524 2673 2815 2729 Pharaonis
2873 2678 2939 2729 ad
2992 2679 3188 2733 nullam
3261 2681 3499 2736 referunt

1981 2761 2191 2828 dignam
2234 2759 2376 2826 justo
2424 2760 2533 2812 Deo
2573 2761 2917 2824 voluntatem,
2963 2766 3138 2820 nescio
3190 2782 3296 2836 quo
3344 2779 3498 2839 pacto

1976 2847 2173 2916 jnsunn
2218 2850 2399 2910 bcmn,
2445 2849 2542 2902 etsi
2591 2858 2647 2902 ut
2699 2851 2960 2916 exponitis
2987 2853 3170 2918 velint,
3219 2858 3501 2915 ostendere

1910 2971 1954 3030 ϐ
1985 2938 2206 3003 possint,
2239 2937 2324 3003 qui
2360 2935 2565 2991 induret
2600 2952 2691 2991 cor
2732 2938 3045 2994 Pharaonis.
3073 2942 3246 3008 Quare
3275 2949 3497 3016 urgendi

1983 3034 2108 3078 sunt
2144 3025 2193 3075 in
2229 3024 2292 3076 iis
2327 3040 2442 3092 qum
2467 3025 2530 3077 ad
2571 3025 2712 3078 lllillc
2749 3026 2920 3080 locum
2955 3028 3175 3097 faciunt,
3215 3042 3270 3086 ut
3303 3035 3382 3089 vel
3407 3049 3500 3090 cx-

1981 3112 2177 3181 plicent
2200 3115 2461 3180 quomodo
2483 3114 2655 3182 justus
2686 3115 2916 3182 indurat,
2942 3119 3022 3173 vel
3045 3121 3222 3175 dicere
3251 3122 3497 3189 audeant,

1979 3201 2099 3269 quia
2151 3200 2379 3261 indurat,
2425 3201 2618 3253 malmn
2653 3217 2772 3255 esse
2812 3206 3094 3273 Opiﬁcem;
3140 3209 3222 3262 vel
3259 3225 3378 3263 cum
3409 3212 3502 3265 de-

1982 3296 2286 3339 monstrare
2338 3303 2439 3340 non
2479 3289 2681 3354 possint
2717 3289 2919 3354 justum
2966 3294 3196 3364 aliquem
3231 3298 3498 3365 indurare,

1980 3387 2078 3425 nec
2099 3388 2161 3425 eo
2191 3374 2476 3442 procedere
2503 3375 2752 3439 audeant,
2784 3387 2840 3431 ut
2874 3379 3126 3447 Opilicem
3161 3386 3355 3438 malum
3385 3401 3501 3441 esse

1980 3461 2180 3522 dicant,
2222 3463 2286 3514 ad
2317 3463 2472 3515 aliain
2506 3464 2639 3516 viam
2673 3467 3002 3535 confugiant,
3046 3483 3146 3536 qua
3187 3473 3452 3540 cxpliccnt
3481 3489 3496 3526 :

1986 3566 2004 3598 ι
2041 3549 2309 3601 Induravit
2337 3549 2589 3604 Demittus
2623 3566 2713 3604 cor
2743 3552 3066 3621 Pharaonis;
3104 3575 3123 3607 ι
3171 3567 3223 3611 et
3254 3560 3504 3616 desinant

1979 3657 2041 3694 ex
2070 3656 2134 3693 eo
2161 3642 2299 3708 quod
2326 3643 2486 3695 verba
2525 3643 2824 3709 intelligere
2849 3660 2906 3699 se
2932 3657 3139 3714 putant,
3170 3653 3407 3720 proprias
3436 3655 3502 3710 de

1975 3729 2118 3798 justo
2147 3730 2251 3796 Deo
2302 3731 2598 3785 sententias
2645 3733 2846 3787 tollere.
2883 3735 3138 3804 Denique,
3171 3741 3409 3808 quisquis
3435 3745 3504 3798 sit

1982 3819 2138 3885 hujus
2159 3818 2422 3872 sermonis
2459 3833 2667 3884 sensus,
2703 3822 2944 3890 ignorare
2971 3839 3026 3877 se
3058 3825 3344 3881 fateantur.
3380 3829 3502 3885 Haec

1987 3907 2147 3975 igitur
2189 3907 2251 3959 de
2301 3907 2407 3961 Deo
2454 3907 2504 3959 in
2558 3910 2827 3976 proposita
2874 3913 3167 3978 quaestione
3198 3929 3292 3984 per
3325 3927 3504 3984 partes

1982 3997 2090 4050 sint
2118 3996 2392 4064 inquisita.
2441 3997 2700 4063 Quoniam
2755 4003 3042 4055 autem-ad
3086 4003 3260 4058 locum
3300 4006 3364 4060 de
3406 4024 3501 4060 na-

1985 4096 2121 4150 tura,
2157 4085 2190 4137 ii
2222 4085 2309 4152 qui
2339 4085 2540 4152 aliquos
2562 4087 2869 4142 existimant
2889 4089 2940 4143 in
2967 4091 3315 4159 perditionem
3343 4105 3394 4150 cl
3425 4099 3505 4150 in-

1911 4295 1954 4347 D
1983 4305 2132 4364 num,
2160 4289 2357 4364 justum
2385 4289 2533 4364 illud,
2571 4291 2782 4364 tertium
2836 4293 3029 4364 malum
3081 4308 3198 4347 esse
3250 4295 3499 4364 ﬁngebat.

1983 4356 2504 4429 Auctondialogipe
2534 4360 2818 4429 orthodoxa
2863 4361 2965 4422 ﬁde
3009 4364 3267 4429 quosdam
3315 4356 3503 4416 scribit

1986 4441 2015 4474 e
2050 4424 2328 4498 Marcionis
2357 4424 2533 4498 schola
2578 4427 2676 4498 tria
2708 4426 2816 4478 haec
2868 4424 3066 4498 poner'e
3106 4429 3391 4498 principia;
3428 4431 3497 4482 ita

1985 4501 2040 4542 nt
2066 4491 2381 4562 principium
2413 4493 2604 4562 bonum
2631 4491 2828 4562 justum
2859 4491 2958 4545 non
2991 4491 3338 4562 sit;'justu'm
3372 4497 3495 4549 item

1983 4573 2084 4610 non
2113 4560 2183 4610 sit
2215 4560 2405 4610 bonum
2430 4574 2445 4618 ;
2480 4559 2671 4627 malum
2697 4561 3002 4627 nrcjustum
3031 4559 3241 4623 sit,'nec
3265 4565 3456 4617 bonum
3482 4580 3498 4615 :

1983 4627 2114 4678 alios
2146 4639 2268 4677 vero
2308 4641 2372 4678 ex
2399 4625 2582 4677 eadem
2631 4625 2822 4680 schola
2859 4631 2963 4681 duo
3005 4639 3234 4693 tantum,
3281 4641 3337 4683 ut
3379 4646 3500 4684 mox

1983 4693 2333 4755 ostendimus,
2365 4703 2594 4761 statuere
2627 4694 2906 4761 principia,
2944 4699 3138 4750 bonum
3187 4708 3238 4751 et
3281 4699 3495 4752 malum.

1984 4761 2250 4830 Christum
2280 4769 2453 4830 autem
2483 4760 2669 4830 opitice
2698 4771 2876 4813 natum
2905 4765 3116 4830 quidam
3145 4779 3173 4817 e
3218 4764 3500 4818 Marcioni-

1982 4831 2082 4898 tis;
2124 4827 2210 4879 alii
2254 4842 2319 4880 ex
2355 4826 2628 4898 illis_tnalo
2652 4826 2980 4898 progenitum
3014 4847 3130 4884 eum
3173 4833 3496 4888 statuebant.

1943 4903 1946 4908 '
1977 4893 2032 4946 ld
2069 4903 2426 4964 commentum
2460 4893 2916 4961 Syrino‘cuidam,
2943 4913 3045 4950 non
3070 4899 3354 4964 ,Mareioni,
3388 4901 3495 4952 En—

1977 4964 2183 5015 sebium
2215 4962 2522 5026 ascripsissze
2568 4970 2790 5013 testatur
2840 4975 3027 5017 auctor
3062 4962 3425 5018 Prmdestinnti
3468 4985 3496 5018 a

1982 5028 2264 5082 Sirmundo
2299 5030 2422 5080 editi
2477 5029 2571 5079 lib.
2621 5045 2636 5080 ι
2692 5031 2878 5082 haeres.
2908 5033 2996 5084 21.
3028 5033 3095 5086 At
3141 5034 3497 5086 Tertullianus

1980 5097 2068 5167 lib.
2104 5113 2120 5149 ι
2169 5098 2285 5167 adv.
2327 5094 2660 5167 Marcionem,
2690 5111 2806 5159 cap.
2846 5097 2899 5158 6,
2949 5099 3054 5151 duo
3096 5099 3352 5154 duntaxat
3405 5114 3498 5167 po-

1977 5164 2316 5234 suisseillutn
2363 5164 2617 5234 principia
2661 5167 2852 5234 asserit
2893 5183 2905 5216 :
2943 5183 2961 5214 ι
3003 5167 3274 5233 Alioquin,
3305 5164 3497 5234 inquit,

1973 5235 2103 5285 certi
2129 5231 2447 5284 Marcionetn
2472 5231 2706 5296 dispares
2725 5233 2850 5285 deos
2876 5231 3196 5285 constituere
3220 5251 3234 5297 ;
3260 5231 3499 5286 alterum

1965 5297 2220 5364 judicent,
2248 5297 2436 5360 ferum,
2459 5298 2882 5364 bellipotentem;
2910 5300 3128 5350 altermn
3159 5301 3362 5360 mitem,
3391 5301 3501 5366 plac

1971 5369 2171 5429 cidum,
2236 5375 2289 5420 et
2337 5367 2696 5420 tantummodo
2735 5367 2928 5419 bonum
2973 5375 3126 5430 atque
3153 5367 3435 5432 optitnum.
3476 5381 3496 5413 ι

1972 5436 2225 5491 Hunnus.

3218 5581 3258 5638 9
