3922 6250
327 328 440 389 ἓῦὓ

1772 327 1837 388 lN
1870 327 2169 389 EXODUM.

3453 327 3554 383 270

345 443 485 508 περὶ
512 443 586 494 τοῦ
609 423 732 492 Ὶωὶιδ
761 405 834 511 “te?
866 418 1284 511 ξολομῶντι
1316 445 1531 497 κολάσαι
1564 444 1719 497 αὐτὸν
1748 447 1833 499 διὰ
1869 448 1934 498 τά

2035 446 2138 506 nis,
2161 440 2317 510 ιιι
2341 449 2393 494 et
2414 441 2598 495 ordine
2614 437 2945 508 opiﬁciorum
2973 439 3083 507 Dei,
3108 444 3197 511 qui
3216 443 3550 508 aspectabilia

344 505 684 597 ἡμαρτημένα
707 519 770 576 εὶς
800 505 1122 605 ’λδξνὴεῃ
1166 533 1294 584 υἱὸν
1341 535 1474 605 Νὴρ,
1506 535 1595 586 κα)⁸
1627 535 1932 588 ἀποκτεῖναι

349 613 448 664 διὰ
469 595 544 666 τὰ
558 595 858 694 ἐπταισμένα-ι
878 595 1034 660 εἶτα
1067 615 1369 690 ἐπιφέρει⁹
1394 595 1538 674 «ΠΚαὶ
1565 625 1810 688 κατάξεις
1827 626 1932 694 (59)

350 701 535 752 αὑτοῦ
558 703 641 770 τὴν
669 695 820 754 πολιὰν
849 692 903 742 ἐν
939 697 1180 776 εἰρήνῃ
1221 712 1304 771 εἰς
1321 711 1459 779 ᾅδου.
1502 731 1519 761 ι
1552 713 1716 780 Δῆλον
1746 713 1800 765 δέ
1831 716 1931 777 ὅτι,

353 787 436 846 ὡς
475 788 576 839 καὶ
604 792 631 840 ὁ
667 783 880 853 Ἐϐραῖος
909 783 1066 854 ἡμῖν
1090 793 1430 865 ἀπήγγειλε,
1465 800 1522 851 τὸ
1549 801 1633 852 διὰ
1653 800 1742 852 τοῦ
1775 802 1932 854 κολα-

352 874 571 943 σθῆναι
590 877 735 929 αὑτὸν
760 879 808 927 ὲν
834 874 1032 948 εἰρήνῃ
1071 887 1538 956 κοιμηθήσεσθαι,
1564 891 1659 949 οὐκ
1692 889 1768 942 ἔτι
1787 891 1932 957 ὀφει-

347 958 610 1031 ὶομένης
641 961 772 1030 αὑτῴ
805 959 1083 1027 κολάσεως
1127 971 1230 1021 καὶ
1265 971 1512 1039 βασάνου,
1546 973 1630 1026 διὰ
1661 975 1721 1026 τὺ
1757 974 1936 1026 ἐντεῦ-

384 1064 450 1098 εν
485 1050 600 1118 ἠδη
637 1050 975 1120 ἀπειληφέναι
1009 1055 1204 1119 αὐτὸν,
1244 1060 1376 1127 μετὰ
1399 1061 1492 1130 τὴν
1513 1062 1751 1114 ἐντεῦθεν
1771 1063 1935 1114 ἁπαλ-

345 1135 567 1205 λαγήν.
603 1140 755 1191 Οὕτω
775 1141 815 1192 δ’
837 1142 996 1208 ἡμεῖς
1018 1145 1118 1196 καὶ
1157 1149 1333 1200 πᾶσαν
1361 1149 1604 1218 ἀπειλὴν,
1629 1151 1732 1203 ἀπό
1748 1168 1804 1203 τε
1831 1151 1934 1202 τῶν

347 1224 532 1296 ιερῶν
585 1229 833 1298 Γραφῶν,
863 1232 959 1283 καὶ
993 1233 1101 1285 ἀπὸ
1135 1237 1233 1304 τῆς
1274 1239 1543 1306 ἐνεργείας
1588 1241 1681 1308 τῆς
1709 1240 1842 1291 κατὰ
1878 1239 1936 1290 τὸ

343 1315 634 1383 μέγεθος,
670 1318 762 1370 καὶ
786 1319 988 1383 τάξεως
1008 1321 1117 1373 τῶν
1133 1323 1195 1391 δη
1205 1341 1428 1393 μιουργη
1437 1327 1616 1393 μάτων
1641 1328 1936 1396 παραδεχό-

340 1402 500 1470 μεθα
533 1403 682 1454 Θεοῦ
716 1404 807 1456 τοῦ
837 1405 1123 1468 κτίσαντος
1170 1408 1234 1459 τὰ
1279 1409 1596 1477 βλεπόμενα,
1631 1411 1718 1461 καὶ
1764 1412 1828 1462 τά
1863 1410 1934 1479 μὴ

340 1488 707 1558 βλεπόμενα,
760 1492 826 1542 τὰ
877 1494 1204 1563 πρόσκαιρα,
1253 1497 1343 1546 καὶ
1374 1496 1439 1547 τὰ
1470 1496 1675 1558 αἰώνια,
1716 1499 1788 1559 ὡς
1821 1498 1935 1560 ἐνὸς

335 1577 509 1640 ὄντος
543 1581 652 1630 καὶ
676 1580 770 1632 τοῦ
789 1581 952 1632 αὑτοῦ
982 1583 1122 1634 κατὰ
1151 1585 1320 1635 πάντα
1341 1584 1412 1652 τῷ
1429 1585 1601 1653 Πατρὶ
1625 1588 1714 1638 τοῦ
1739 1587 1934 1656 Κυρίου

336 1668 442 1718 καὶ
480 1669 755 1737 Σωτῆρος
778 1669 938 1738 ἡμῶν
964 1670 1172 1738 ἀγαθῷ,
1194 1672 1285 1723 καὶ
1317 1672 1521 1741 δικαίῳ,
1545 1674 1635 1725 καὶ
1652 1674 1813 1742 σοφῷ,
1845 1675 1935 1727 καὶ

2032 541 2085 584 et
2115 545 2230 597 qum
2259 544 2362 582 non
2389 528 2632 581 videnlur
2673 525 2947 590 condidit;
2980 533 3290 598 temporaria
3322 532 3445 596 item
3500 542 3554 583 ct

2031 624 2256 676 teterna;
2289 624 2345 667 ut
2392 614 2480 682 qui
2527 629 2662 666 unus
2699 621 2754 664 et
2789 611 2926 664 idem
2953 613 3022 666 sit
3055 617 3104 668 in
3145 617 3408 678 omnibus,
3461 618 3552 686 qui

2031 704 2186 758 Pater
2215 703 2418 756 Domini
2449 710 2502 754 et
2535 699 2833 754 Servatoris
2862 702 3025 753 nostri
3057 702 3243 764 bonus,
3278 714 3331 756 et
3353 704 3551 770 justus,

1984 825 1988 828 -
2031 802 2086 846 et
2109 792 2347 860 sapiens;
2371 799 2425 843 et
2461 790 2528 843 ad
2563 803 2682 841 eum
2711 802 2926 855 scopum
2953 788 3251 854 Scripturas
3291 791 3552 844 deducere

2033 881 2272 942 nitimur,
2305 888 2361 930 ut
2404 879 2746 932 ostendamus
2788 877 2962 930 omnia
3016 891 3134 929 esse
3178 877 3298 930 houi
3340 879 3452 943 Dei,
3501 890 3553 931 et

2028 967 2179 1034 justi,
2211 975 2262 1020 et
2288 964 2558 1030 sapientis,
2587 977 2684 1016 nec
2715 963 2765 1015 iu
2800 963 3008 1014 minima
3026 962 3237 1030 quidem
3272 978 3348 1022 re.
3386 973 3554 1036 allen;
3639 962 3646 968 ’

2037 1056 2169 1108 tiset
2205 1053 2548 1119 prudentibus
2579 1065 2763 1104 errare
2805 1051 3098 1107 videamur.
3135 1051 3214 1103 Ad
3252 1051 3301 1104 id
3355 1061 3554 1117 autem,

2033 1150 2091 1195 ut
2117 1143 2230 1211 ejus
2250 1141 2492 1200 bonitati,
2506 1138 2725 1204 iustitiae
2743 1147 2796 1192 et
2833 1139 3124 1206 sapientiaz,
3153 1153 3270 1204 qua:
3286 1139 3554 1201 dicuntur,

2034 1236 2348 1297 congruant,
2380 1227 2484 1281 Deo
2511 1229 2794 1281 Servatore
2833 1241 2966 1293 opus
3000 1226 3273 1279 hebennus.
3309 1226 3429 1281 llzee
3467 1229 3560 1295 igi-

2037 1325 2121 1369 tur
2160 1318 2224 1370 de
2271 1317 2336 1369 iis
2386 1316 2601 1369 verbis:
2638 1333 2656 1365 r
2689 1315 2958 1368 induravit
3005 1315 3256 1368 Dominus
3293 1317 3428 1369 Deus
3465 1332 3559 1370 cor

2033 1405 2345 1466 Pharaonis,
2379 1423 2396 1455 ι
2431 1405 2816 1458 existimamus.
2851 1403 3086 1457 Medicus
3117 1412 3198 1458 est
3225 1405 3415 1457 animae
3438 1419 3557 1456 vcr-

2039 1495 2160 1546 hum
2201 1495 2313 1555 Dei,
2362 1493 2608 1547 remediis
2632 1493 2792 1545 variis
2825 1503 2877 1545 ct
2901 1491 3182 1544 admodum
3234 1493 3559 1560 tempestivis

2035 1591 2085 1634 et
2111 1596 2227 1649 qttre
2258 1585 2468 1651 aegrotis
2515 1581 2742 1634 maxime
2783 1590 3096 1648 congruunt,
3127 1581 3327 1644 utitur;
3371 1581 3557 1633 horqu

2037 1673 2133 1725 alia
2156 1673 2294 1740 plus,
2326 1673 2427 1725 alia
2451 1673 2624 1725 minus
2651 1669 2849 1722 laboris
2871 1678 2921 1723 et
2946 1670 3199 1723 molestiae
3225 1669 3290 1724 iis
3309 1669 3557 1729 aﬂcrunt.

335 1757 438 1808 ἐπὶ
471 1756 575 1807 τὸν
615 1758 823 1808 σκοπὸν
861 1759 1067 1810 ἐκεῖνον
1101 1758 1197 1820 τὰς
1234 1761 1272 1809 Γ
1277 1760 1449 1828 ραφὰς
1480 1762 1628 1827 ἄγειν
1679 1764 1934 1829 ἀγωνιζό-

2034 1761 2124 1828 qui
2145 1769 2413 1813 curantur.
2436 1759 2666 1811 Rursum
2686 1759 2914 1810 remedia
2939 1757 3200 1809 interdum
3223 1759 3560 1811 dis~entanee

341 1844 520 1912 μεθα,
561 1843 670 1894 τοῦ
706 1844 808 1912 μὲν
824 1845 1098 1896 δεικνύναι
1129 1846 1298 1898 πάντα
1322 1847 1520 1914 ἀγαθοῦ
1549 1848 1700 1911 Θεοῦ,
1732 1852 1822 1902 καὶ
1849 1867 1932 1902 σοι·

337 1931 472 1996 φοῦ,
514 1933 623 1983 xa‘t
657 1932 897 1994 δικαίου,
944 1932 1064 1984 οὐδέ
1103 1916 1236 1984 κατᾶ
1269 1935 1328 1985 τὸ
1370 1936 1524 2004 τυχὸν
1557 1937 1933 2005 ὑπονοηθέντες

340 2017 411 2069 ἂν
445 2021 572 2080 τοῖς
604 2036 672 2085 γε
692 2019 821 2070 νοῦν
851 2019 1065 2087 ἔχουσιν
1081 2021 1418 2072 ἀποπίπτειν·
1447 2023 1582 2074 κατὰ
1607 2024 1660 2074 δὲ
1687 2022 1742 2074 τὸ
1771 2025 1934 2094 ἐφαρ-

342 2106 572 2172 μόζειν,
615 2107 649 2176 ἦ
693 2108 796 2176 μὴ,
834 2111 897 2176 τῇ
937 2108 1229 2178 ἀγαθότητι
1272 2109 1453 2169 αὐτοῦ,
1489 2113 1578 2162 καὶ
1610 2111 1929 2183 δικαιοσύνῃ,

340 2196 442 2247 καὶ
496 2197 680 2266 σοφίᾳ
739 2198 806 2249 τὰ
847 2198 1137 2266 λεγόμενα,
1189 2198 1319 2250 Θεοῦ
1387 2201 1620 2269 σ‹ν›τῆρος
1675 2203 1928 2270 δεόμενοι.

341 2284 597 2338 Τοιαῦτα
639 2287 832 2338 τοίνυν
858 2287 952 2337 καὶ
979 2287 1104 2354 περὶ
1129 2286 1266 2338 τοῦ⁹ι
1297 2287 1638 2357 ’Ἑσκληρυνε
1679 2289 1874 2359 Κύριος
1905 2291 1933 2340 ὁ

339 2374 478 2436 Θεὸς
504 2374 617 2443 τὴν
653 2375 890 2445 καρδίαν
921 2374 1138 2445 Φαραὼ,
1167 2394 1184 2424 ι
1219 2376 1557 2444 ὑπονοοῦμεν.
1599 2379 1795 2446 Ίατρός
1821 2379 1933 2430 ἐστι

343 2460 530 2529 ψυχῆς
564 2463 597 2512 ὁ
634 2461 802 2527 λόγος
839 2461 932 2512 τοῦ
967 2461 1123 2520 Θεοῦ,
1167 2461 1300 2522 ὁδοῖς
1345 2462 1629 2532 θεραπείας
1663 2462 1934 2532 χρώμενος

344 2549 796 2611 ποικιλωτάταις
830 2549 923 2600 καὶ
957 2548 1238 2617 ἀρμοδίαις
1272 2548 1402 2618 πρὸς
1438 2551 1558 2611 τοὺς
1581 2549 1760 2613 κακῶς
1787 2550 1934 2618 ἕχον-

347 2656 445 2697 τας
472 2641 572 2690 καὶ
607 2638 1108 2708 ἐπικαιριωτάταις
1143 2637 1271 2702 (40)·
1294 2637 1400 2690 τῶν
1437 2639 1492 2690 δὲ
1527 2640 1621 2707 τῆς
1652 2638 1934 2710 θεραπείας

347 2726 506 2786 ὁδῶν,
546 2728 611 2779 αἱ
651 2727 759 2795 μέν
794 2729 932 2777 εἰσιν
963 2727 1054 2777 ἐπὶ
1091 2726 1286 2788 πλεῖον,
1325 2729 1378 2778 αἱ
1407 2727 1461 2779 δὲ
1494 2727 1576 2778 ἐπ’
1601 2727 1812 2780 ἔλαττον
1843 2730 1936 2780 πό-

352 2833 475 2877 νους
505 2817 608 2868 καὶ
642 2815 926 2883 βασάνους
954 2815 1275 2883 ἐμποιοῦσαι
1305 2819 1415 2877 τοῖς
1445 2817 1522 2876 είς
1567 2815 1704 2868 ἴασιν
1738 2818 1934 2885 ἀγομέ-

349 2921 481 2964 νοιςο
517 2904 697 2955 πάλιν
723 2904 770 2954 τ’
799 2900 866 2955 αὖ
904 2901 1239 2972 βοηθήματα,
1267 2901 1354 2954 ὁτὲ
1387 2905 1480 2972 μὲν
1502 2905 1936 2972 άπεμφαινόντως

351 2991 588 3058 γίνεται,
627 2992 730 3045 ὁτὲ
771 2992 827 3043 δὲ
857 2992 957 3059 οὐχ
987 2990 1158 3053 οὕτως
1189 2991 1320 3060 ἔχει.
1367 2992 1460 3043 καὶ
1488 2993 1643 3045 πάλιν
1671 2994 1848 3061 τάχιον
1900 2995 1931 3062 ἢ

2030 1864 2128 1903 nec
2166 1849 2510 1910 cohaerenter,
2571 1847 2853 1914 aliquando
2902 1859 3056 1898 secus
3111 1845 3263 1909 fiunt,
3293 1845 3555 1899 interdum

2030 1938 2252 1993 celerius
2304 1945 2398 1989 aut
2445 1935 2683 1999 tardius;
2730 1943 2783 1987 et
2833 1942 3107 2000 postquam
3157 1933 3286 1999 aegri
3340 1943 3559 2001 peccato

2033 2025 2174 2079 velut
2204 2025 2432 2093 saginati
2462 2023 2684 2086 fuerint,
2719 2023 2799 2076 vel
2825 2031 3100 2092 postquam
3135 2021 3259 2075 illud
3281 2023 3560 2086 extremis,

2031 2121 2089 2166 ut
2135 2114 2204 2166 ita
2267 2113 2459 2174 dicam,
2504 2111 2666 2165 labris
2723 2111 3014 2179 attigerint.
3077 2109 3271 2163 llorum
3322 2111 3558 2164 omnium

2033 2201 2346 2254 testimoniis
2370 2200 2521 2266 plena
2562 2208 2646 2252 est
2687 2200 2862 2252 divina
2896 2198 3194 2265 Scriptura,
3240 2213 3358 2251 cum
3403 2213 3544 2266 aspe-

2032 2287 2170 2339 riora
2195 2288 2473 2340 duriorave
2501 2287 2732 2339 remedia
2771 2285 2888 2352 plus
2927 2286 3162 2338 minusve
3191 2286 3381 2351 populo
3411 2285 3562 2337 adhi-

2032 2373 2138 2426 hita
2166 2374 2218 2425 in
2249 2373 2538 2440 Scripturis
2565 2373 2827 2439 legantur,
2870 2388 3092 2440 quaeque
3129 2374 3202 2426 illi
3230 2377 3294 2427 ad
3335 2391 3558 2430 conver-

2031 2460 2234 2514 sionem
2266 2469 2318 2512 et
2340 2462 2765 2513 emendationem
2791 2461 3160 2528 contigerunt;
3201 2461 3250 2513 in
3273 2461 3423 2516 bellis
3447 2479 3560 2514 ma-

2043 2547 2263 2614 ioribus,
2296 2547 2377 2600 vel
2427 2547 2747 2610 minoribus;
2795 2545 2934 2599 fame
2961 2547 3300 2614 diuturniori,
3339 2549 3417 2603 vel
3462 2553 3564 2602 mi-

2034 2651 2131 2688 nus
2165 2635 2385 2691 diutina.
2439 2636 2505 2688 At
2535 2636 2893 2697 dissentauec,
2931 2644 3038 2702 tum
3082 2646 3228 2702 puta,
3266 2651 3386 2690 cum
3426 2640 3562 2695 dici-

2034 2727 2216 2781 tur":
2249 2747 2267 2778 r
2307 2727 2417 2780 Non
2477 2728 2746 2780 advertam
2799 2728 2864 2780 ad
2914 2728 3048 2780 filias
3097 2736 3298 2782 vestras
3347 2744 3466 2783 cum
3503 2745 3563 2784 se

2034 2816 2372 2880 prostituent,
2424 2823 2476 2868 et
2524 2815 2588 2867 ad
2633 2815 2888 2882 conjuges
2926 2823 3128 2868 vestras
3153 2831 3272 2869 cum
3297 2816 3563 2872 adultera-

2036 2906 2249 2958 buntur.
2285 2923 2302 2955 ι
2343 2904 2608 2958 Fortassis
2635 2907 2774 2957 enim
2798 2905 3006 2957 animas
3041 2918 3156 2970 quae
3181 2919 3460 2972 corporea,
3510 2918 3563 2958 ct

2034 3007 2150 3058 qua:
2177 2993 2407 3059 jucunda
2437 3007 2555 3047 esse
2586 3002 2858 3060 putantur,
2900 2992 3117 3044 multum
3169 3002 3450 3061 expetunt,
3481 3011 3567 3046 re-

353 3079 597 3150 βράδιον·
630 3081 736 3132 καὶ
765 3079 907 3149 μετὰ
946 3079 1006 3131 τὺ
1042 3080 1415 3150 ἐμφορηθῆναι
1453 3082 1548 3149 τῆς
1570 3083 1857 3151 ἁμαρτίας,
1903 3083 1934 3150 ἢ

2044 3079 2252 3147 linquit.
2289 3082 2454 3134 donec
2479 3082 2745 3146 satietate,
2773 3095 2891 3149 quae
2929 3079 3154 3133 maxime
3177 3090 3448 3149 appetunt,
3471 3083 3565 3135 ab-

357 3170 494 3236 μετὰ
532 3169 618 3230 τὸ,
648 3169 848 3238 ὥσπερ
879 3171 1079 3229 εἰπεῖν,
1117 3168 1271 3236 μόνον
1303 3168 1536 3236 ἅψασθαι
1567 3170 1751 3237 αὐτῆς.
1786 3172 1936 3239 Μαρ-

353 3259 553 3327 τυριῶν
568 3260 629 3311 δὲ
649 3259 764 3310 τῶν
793 3260 874 3318 είς
898 3257 1128 3308 ἕκαστον
1151 3257 1361 3326 πλήρης
1386 3258 1572 3326 πᾶσαή
1596 3257 1936 3320 θεόπνευστος

355 3349 570 3419 Γραφὴ,
631 3348 1112 3418 σκυθρωποτέρων
1171 3347 1520 3417 βοηθημάτων
1555 3349 1644 3399 ἐπὶ
1685 3348 1860 3398 πλεῖον
1901 3348 1932 3417 ἥ

353 3436 571 3488 ἔλαττον
592 3435 1115 3504 ἀναγεγραμμένων
1134 3433 1413 3500 γεγονέναι
1435 3433 1508 3502 τῷ
1539 3433 1668 3502 λαῷ,
1691 3435 1780 3486 καὶ
1810 3451 1871 3485 συ
1879 3451 1938 3502 μ·

353 3524 652 3594 ϐεϐηκέναι
694 3523 851 3591 αὐτῷ
900 3523 1040 3590 ὑπὲρ
1079 3523 1414 3592 ἐπιστροφῆς
1453 3523 1542 3574 καὶ
1584 3521 1926 3590 διορθώσεωςο

353 3613 410 3664 ἐν
440 3612 706 3680 πολέμοις
729 3610 1041 3678 Δμείζοσινῆ
1064 3611 1327 3672 ἐλάττοσι,
1361 3609 1454 3660 καὶ
1489 3609 1660 3678 λιμοῖς
1680 3609 1932 3678 πολυχρο-

352 3699 656 3768 νιανεὲροις,
695 3699 730 3766 ἢ
767 3698 1322 3767 ὁλιγοχρονιωτέροις.
1373 3699 1832 3766 ’Δπεμφαινόντως
1879 3697 1934 3748 δέ

355 3787 410 3836 ἐν
437 3765 767 3866 «qr-Rosa:
813 3765 1306 3854 ἐπισκέψομαι-ἐπὶ
1339 3786 1434 3848 τὰς
1466 3765 1759 3856 θυγατέρας
1787 3785 1935 3854 ὑμῶν

354 3873 477 3925 ὅταν
513 3875 850 3943 πορνεύωσι,
887 3876 983 3926 καὶ
1007 3875 1099 3925 ἐπὶ
1126 3875 1224 3936 τὰς
1249 3875 1460 3943 νύμφας
1489 3875 1635 3944 ὑμῶν
1660 3876 1783 3926 ὅταν
1819 3891 1934 3943 μοι·

354 3961 576 4028 χεύωσι.
619 3981 639 4014 ι
686 3964 842 4030 Τάχα
878 3963 988 4030 γὰρ
1019 3964 1112 4014 ἐπὶ
1153 3963 1337 4016 πλεῖον
1369 3963 1662 4032 άφιεμένας
1695 3964 1803 4032 (41)
1839 3963 1937 4030 ψυ-

352 4048 455 4114 χὰς
506 4049 618 4099 τῶν
662 4049 1002 4118 σωματικῶν
1057 4050 1151 4100 καὶ
1199 4049 1371 4117 ἡδέων
1421 4044 1552 4100 εἶναι
1577 4047 1935 4117 νομιζομένων

355 4138 488 4204 παρ’
513 4137 726 4200 ἑαυτοῖς
753 4137 1164 4204 ἐγκαταλείπει·
1189 4137 1296 4197 ἕως
1327 4137 1656 4205 κορεσθεῖσαι
1680 4137 1936 4201 ἀποστραο

353 4223 498 4289 φῶσι
520 4225 628 4276 τῶν
654 4219 728 4277 ὦν
756 4227 1068 4294 ὀρέγονται,
1105 4226 1272 4277 οἱονεὶ
1308 4225 1400 4276 καὶ
1433 4225 1624 4294 ἐμέσαι
1645 4224 1780 4278 αὐτὰ
1814 4223 1934 4290 βου-

2028 3169 2273 3236 jecerint,
2297 3171 2446 3237 quasi
2476 3184 2535 3222 ea
2575 3171 2738 3224 velint
2770 3183 3034 3228 evomere,
3068 3183 3163 3222 nec
3199 3169 3263 3220 ad
3293 3183 3375 3234 ea,
3409 3171 3566 3224 satia-

2036 3271 2102 3315 ta:
2128 3260 2374 3312 nimirum
2403 3267 2456 3312 et
2502 3258 2834 3327 gravissimis
2877 3259 3046 3324 pinnis
3076 3258 3341 3320 exercitze,
3384 3260 3561 3311 statim

2035 3349 2283 3403 rediturae
2305 3348 2428 3398 sint.
2469 3347 2652 3399 Serius
2679 3356 2854 3398 autem
2885 3354 3154 3404 curantur,
3183 3360 3299 3412 quae
3323 3357 3545 3398 contem

2033 3437 2263 3503 psissent
2284 3436 2334 3486 iu
2357 3435 2538 3486 eadem
2566 3435 2754 3486 iterum
2778 3434 3035 3496 recidere,
3058 3432 3199 3498 quod
3230 3434 3382 3486 malis
3407 3433 3560 3488 abso-

2038 3525 2160 3578 luta:
2183 3524 2361 3578 statim
2411 3523 2647 3575 fuissent.
2681 3521 2834 3576 Novit
2861 3531 3034 3574 autem
3061 3521 3238 3588 opifex
3283 3522 3418 3574 Deus
3451 3524 3564 3575 siu-

2038 3613 2276 3681 gularum
2299 3611 2620 3672 aﬂ‘ectiones,
2649 3621 2778 3664 etut
2802 3612 2849 3663 ei
2875 3609 3142 3672 convenit,
3167 3611 3308 3664 solus
3329 3611 3564 3664 scienter

2035 3717 2097 3756 ac
2119 3703 2287 3769 perito
2312 3701 2626 3753 medicinam
2669 3699 2843 3753 facere
2872 3709 3063 3766 potest,
3103 3708 3156 3752 et
3188 3700 3329 3767 quod
3363 3701 3562 3766 cuique

2035 3791 2300 3858 congruit,
2326 3797 2377 3842 et
2407 3790 2636 3856 quando,
2658 3787 2928 3841 adhibere.
2957 3789 3127 3853 Atque
3157 3797 3210 3840 ut
3248 3790 3298 3840 in
3343 3789 3564 3854 quibus-

2037 3881 2154 3932 dam
2189 3877 2421 3946 corporis
2471 3876 2686 3938 morbis,
2735 3876 2775 3928 si
2839 3874 3030 3927 malum
3064 3875 3129 3927 ad
3161 3874 3365 3938 intima,
3406 3885 3463 3928 ut
3491 3875 3562 3928 ita

2037 3967 2232 4027 dicam,
2260 3964 2640 4032 penetraverit,
2681 3962 3086 4016 medicamentis
3125 3962 3440 4029 quibusdam
3497 3962 3560 4014 ad

2036 4057 2284 4107 extimam
2343 4052 2674 4119 superﬁciem
2725 4051 3005 4103 materiam
3057 4051 3278 4102 attrahit
3307 4049 3563 4111 medicus,

2038 4142 2434 4196 molestissimas
2494 4139 2952 4216 inﬂammationes,
3019 4148 3252 4192 tumores
3313 4147 3368 4192 et
3421 4138 3567 4190 dolo-

2036 4245 2122 4284 res
2171 4231 2346 4299 plures
2398 4230 2486 4292 iis,
2540 4243 2672 4298 quos
2729 4239 3011 4295 antequam
3077 4234 3351 4279 curaretur
3397 4225 3565 4278 susti-

351 4313 598 4381 λόμεναι,
631 4315 725 4367 καὶ
759 4316 862 4367 οὐκ
907 4314 974 4366 ἆν
1007 4314 1088 4364 ἔτι
1121 4313 1340 4381 ταχέως
1379 4317 1487 4375 τοῖς
1516 4315 1712 4374 αὐτοῖς,
1747 4313 1831 4364 διὰ
1875 4312 1934 4363 τὸ

2037 4319 2228 4378 nebat,
2288 4317 2549 4377 aﬂ‘erens:
2611 4325 2666 4369 ut
2734 4315 2844 4370 fieri
2909 4315 3184 4368 consuevit
3241 4315 3292 4366 in
3359 4314 3422 4365 iis
3471 4313 3563 4378 qui

348 4404 422 4464 t'u;
455 4405 546 4455 ἐπὶ
575 4405 762 4457 πλεῖον
796 4403 1227 4472 ἐμπεφορῆσθαι
1257 4403 1445 4464 αὑτὰς,
1468 4404 1554 4454 καὶ
1574 4403 1661 4453 ἐπὶ
1692 4402 1936 4453 τοσοῦτον

353 4490 762 4556 βεϐασανίσθαι,
824 4489 1326 4560 περιπεσούμεναι.
1369 4488 1584 4557 Βράδιον
1609 4488 1662 4538 δὲ
1702 4489 1790 4539 ἐπὶ
1841 4487 1934 4556 τὴν

351 4577 644 4646 θεραπείαν
680 4582 910 4646 ἄγονται
938 4580 992 4630 αί
1030 4576 1522 4644 καταφρονήσασαι
1549 4575 1609 4625 ἂν
1635 4573 1725 4625 τοῦ
1757 4574 1935 4626 δεύτε-

354 4683 439 4733 ρον
474 4672 587 4732 τοῖς
638 4669 827 4730 αὐτοῖς
883 4666 1238 4735 περιπεσεῖν,
1284 4663 1376 4714 διὰ
1407 4664 1466 4712 τὸ
1496 4664 1671 4730 τάχιον
1703 4661 1938 4730 ἀπηλλά-

349 4753 464 4820 χθαι
490 4755 599 4809 τῶν
657 4755 870 4810 κακῶν.
906 4751 1037 4806 Οἷδε
1099 4753 1161 4804 δὲ
1193 4751 1224 4801 ὁ
1262 4750 1506 4819 τεχνίτης
1549 4751 1676 4812 Θεὸς
1703 4751 1797 4812 τὰς
1828 4751 1938 4801 δια-

353 4840 523 4906 θέσεις
572 4847 856 4911 ἐκάστων,
929 4843 1029 4894 καὶ
1085 4845 1167 4902 ὡς
1227 4839 1503 4890 ἐπιϐάλλει
1559 4839 1727 4907 αὐτῷ,
1786 4839 1938 4907 μόνος

354 4930 724 5001 ἐπιστημόνως
775 4932 1092 5000 δυνάμενος
1149 4927 1256 4988 τὰς
1316 4926 1594 4994 θεραπείας
1631 4927 1936 4995 προσάγειν,

420 5041 461 5070 ’⁸
487 5041 644 5096 Osce.
682 5058 756 5105 tv,
788 5042 878 5094 Η.

418 5157 518 5218 (59)
580 5158 734 5220 Mss.,
788 5159 890 5209 καὶ
928 5152 1241 5216 κατάξεις,
1291 5157 1393 5202 etc.
1443 5146 1719 5220 Piri/agam:
1767 5151 1932 5216 edita,

361 5217 452 5273 καῖ·
468 5226 523 5274 οὐ
542 5217 816 5288 κατάξεις.
853 5221 1251 5288 νυτὶεείηιιιιη
1273 5217 1499 5280 estquod
1525 5231 1553 5288 a_
1573 5217 1936 5288 Οςιιθιιῳιξιιυ,

357 5301 402 5338 et
452 5294 634 5344 deinde
673 5282 709 5345 τί
753 5282 1392 5360 'i'ariiio_ol)_servatttm
1435 5292 1510 5332 est
1543 5282 1940 5360 legisse-Orige-

357 5370 488 5418 ιωω⁸
518 5360 608 5410 καὶ
625 5361 921 5424 κατάξεις,
954 5355 1012 5404 id
1037 5351 1194 5424 enim
1231 5346 1444 5398 omnino
1466 5346 1790 5404 ratiocinatio
1821 5346 1940 5424 ejus

363 5427 586 5486 puslulnl.
633 5429 694 5479 Et
728 5418 804 5479 al}
837 5418 1145 5488 Ilehrgtico
1193 5424 1403 5488 quoque
1432 5421 1940 5488 contevtuﬁegundi

361 5482 650 5551 immican
682 5494 948 5548 abfuisse
995 5482 1438 5551 0¢i_genes_ipse
1481 5482 1803 5537 testificatur.
1865 5487 1939 5538 At

364 5541 771 5624 a,,,-...;,.,g"‘.,.“.;.{
786 5541 1007 5606 whodie
1059 5541 1532 5614 circumferuntur,
1567 5559 1674 5603 tum
1710 5551 1933 5606 llebrwi

2037 4422 2064 4458 a
2095 4407 2276 4459 rabido
2305 4421 2435 4458 caue
2464 4405 2622 4458 morsi
2680 4412 2822 4468 sunt,
2855 4413 2906 4457 et
2931 4403 3048 4456 aliis
3104 4403 3441 4470 quibusdam,
3471 4403 3561 4466 qui

2036 4495 2293 4561 ejusmodi
2340 4495 2492 4548 malis
2520 4493 2857 4547 afﬁciuntur:
2897 4493 2974 4546 sic
3009 4491 3171 4545 Deum
3207 4491 3439 4542 arbitror
3468 4503 3566 4540 oc-

2033 4585 2230 4638 cultam
2270 4583 2422 4652 115
2470 4584 2741 4644 malitiam,
2771 4597 2888 4651 qua:
2919 4582 2986 4634 ad
3037 4581 3273 4632 intimam
3327 4579 3559 4629 animam

2037 4673 2356 4741 penetravit,
2391 4681 2636 4725 tractare.
2683 4671 2745 4724 Et
2793 4669 3236 4738 quemadmodum
3281 4668 3344 4718 de
3379 4666 3562 4732 hujus-

2037 4760 2176 4814 modi
2222 4771 2419 4828 σοαπ-οιο
2454 4760 2691 4813 medicus
2738 4759 2900 4813 dicit:
2963 4757 3073 4824 Ego
3115 4753 3558 4806 inﬂammationes

2045 4847 2234 4900 faciam
2275 4848 2325 4900 iu
2359 4847 2474 4902 loco
2507 4845 2758 4908 vulneris,
2783 4853 2837 4898 et
2868 4844 2964 4896 has
2995 4851 3085 4893 aut
3125 4840 3244 4892 illas
3273 4846 3449 4904 partes
3479 4841 3562 4888 l'u-

2047 4929 2182 4983 ciam
2209 4942 2266 4983 ut
2305 4931 2675 4993 intumescant,
2711 4939 2767 4981 ut
2812 4927 3105 4998 graviorem
3142 4925 3441 4977 abScessum
3485 4921 3562 4974 fa-v

2037 5158 2371 5223 exemplaris,
2422 5166 2526 5207 tum
2572 5154 2710 5206 LXX
2762 5152 3039 5223 Seniorum
3073 5145 3332 5223 editiones
3370 5137 3567 5223 halt-stt}

2035 5211 2313 5282 'mn'n‘n.
2360 5211 2455 5275 ’καὶ
2501 5225 2559 5274 οὐ
2615 5222 2882 5286 κατάξεις,
2933 5211 3338 5286 οιιίηεοτίριιηαι
3379 5217 3568 5254 omnes

2036 5279 2265 5346 omnino
2288 5279 2605 5357 interpretes
2634 5279 2997 5357 consentiunt:
3033 5279 3286 5328 Ιιυετιυεο

2109 5359 2212 5427 (40)
2242 5347 2652 5427 ΡΙιίιοεᾶιηιιιε..
2678 5347 3132 5427 ἐπικαιροτάτσέςἶ

2121 5401 2450 5496 κλξέιὲιὶξίρῖξ
2453 5401 2626 5496 ξξςίιῑιῖ
2629 5401 2723 5496 in;
2731 5401 2765 5496 ’ί
2765 5401 2835 5496 ί»Ῑέ
2829 5401 2858 5472 έ
2865 5401 2912 5496 i1:
2919 5409 3116 5496 rei?
3123 5401 3356 5496 κεπτ
3379 5404 3428 5446 εί

2045 5469 2436 5566 παρῖγέαῦταῖςῖ
2469 5491 2519 5544 id
2551 5493 2688 5558 quod
2723 5469 2848 5542 vidit
2871 5469 3266 5536 Geneb'ardus'
