3922 6246
352 347 462 402 ἰἺῖ)

365 483 389 510 ε
435 459 556 510 Ἐὰν
580 425 1020 524 ἥπατα-λίπωσιν
1061 452 1132 501 οἱ
1171 454 1288 506 υἱοὶ
1329 453 1484 508 αὑτοῦ
1515 453 1602 506 τὸν
1629 453 1786 522 νόμον
1819 470 1938 522 μου,

364 548 467 597 καὶ
503 522 824 610 τοῖςίιρὶιιιλτλσἱ
856 538 985 590 μου
1043 542 1145 611 μὴ
1212 543 1575 612 πορευθῶσιν⁸
1612 542 1704 596 ὲάν
1747 543 1814 594 τὰ
1863 543 1942 594 δι-

370 631 652 698 καιώματά
691 639 770 696 μου
815 613 1270 695 βεδτρκὼσωσι,
1321 634 1412 685 καὶ
1465 632 1562 693 τὰς
1609 631 1821 694 ἐντολὰς
1887 633 1941 683 δέ

372 733 480 782 μου
520 716 625 784 (47)
658 715 722 783 μὴ
744 702 1085 777 φυλάξωσιν,
1143 718 1512 788 ἐπισκέψομαι
1542 722 1597 771 ὲν
1627 719 1803 789 ῥάϐδῳ
1844 718 1942 780 τὰς

370 801 612 869 ἀνομίας
647 799 817 854 αὐτῶν.
845 794 944 846 καὶ
990 800 1058 851 ὲν
1104 805 1336 870 μάστιξι
1368 807 1464 868 τὰς
1496 807 1701 869 ἀδικίας
1740 807 1937 860 αὐτῶν*

367 889 436 940 τὸ
491 891 557 941 δὲ
615 891 747 951 ἔλεός
795 903 887 956 μου
935 889 1002 940 οὺ
1044 894 1132 962 μὴ
1185 896 1517 948 διασκεδάσω
1564 897 1656 948 ἀπ’
1696 896 1886 948 αὐτῶν.
1917 915 1936 946 ι

365 976 595 1028 Οὐκοῦν
630 979 774 1046 χάρις
802 975 934 1028 Θεοῦ
965 979 1097 1032 ἐστι
1131 983 1198 1034 τὸ
1240 984 1435 1053 ἄνομον
1471 984 1579 1052 (48)
1622 986 1944 1053 ὲπισκεφθῆ-

359 1080 456 1114 ναι
518 1065 836 1134 ράὁδῳ,καὶ
876 1066 968 1117 τὸν
1020 1069 1352 1139 ἁμαρτωλὸν
1405 1073 1631 1140 μάστιξι.
1678 1074 1784 1124 Καὶ
1823 1075 1940 1126 ὅσον

358 1165 430 1215 γε
471 1152 543 1202 οὐ
610 1151 955 1220 μαστιγοῦται
1005 1155 1035 1204 ὁ
1097 1157 1453 1225 ἁμαρτάνων,
1515 1158 1786 1209 παιδεύσει
1851 1161 1942 1211 καὶ

352 1237 665 1308 διορθώσει
698 1241 902 1293 οὐδέπω
943 1243 1220 1310 ὑπάγεται
1240 1262 1254 1275 ·
1284 1246 1362 1297 διὸ
1390 1247 1480 1298 καὶ
1507 1247 1713 1298 ἀπειλεί
1737 1249 1762 1298 ὁ
1783 1247 1939 1308 Θεὸς,

353 1328 462 1379 ὲάν
488 1330 737 1398 ’μεγάλα
783 1330 1008 1399 γένηται
1041 1333 1112 1384 τὰ
1156 1334 1518 1402 ἁμαρτήματα
1549 1335 1652 1386 τῶν
1689 1333 1782 1402 τὴν
1818 1335 1942 1384 Ἰου-

344 1416 526 1470 δαίαν
581 1420 908 1485 οἰκούντων,
967 1439 986 1471 ι
1013 1422 1227 1490 Μηκέτι
1277 1423 1662 1491 ἐπισκέψασθαι
1712 1425 1801 1476 ἐπὶ
1847 1424 1942 1485 τὰς

346 1502 694 1574 θυγατέρας
733 1506 913 1558 αὐτῶν
938 1508 1064 1558 ὅταν
1095 1509 1411 1578 πορνεύωσι,
1448 1509 1539 1560 καὶ
1571 1511 1658 1560 ἐπὶ
1690 1511 1785 1572 τὰς
1813 1512 1940 1578 νύμ-

344 1607 464 1657 φας
507 1593 707 1644 αὐτῶν
751 1595 879 1646 ὅταν
925 1596 1233 1663 μοιχεύωσι.
1261 1615 1278 1646 ι
1317 1598 1423 1648 Καὶ
1472 1597 1698 1665 ἀλλαχοῦ
1749 1615 1934 1665 φησιν·

349 1695 375 1728 ι
410 1679 574 1730 ’Δν6’
611 1673 688 1734 ὧν
727 1681 1029 1751 ὲκαθάρισά
1062 1700 1119 1734 σε
1151 1683 1256 1750 (49)
1297 1685 1390 1735 καὶ
1422 1685 1518 1736 οὐκ
1550 1685 1936 1754 ὲκαθαρίσθης,

340 1766 410 1817 οὗ
477 1767 901 1836 Θυμωθήσομαι
964 1771 1055 1823 ἐπὶ
1109 1771 1192 1823 σοὶ
1230 1770 1338 1833 ἔτι,
1388 1771 1505 1822 οὐδὲ
1568 1770 1789 1841 ζηλὼσω
1847 1774 1938 1826 ἐπὶ

343 1853 433 1906 σοὶ
492 1855 649 1906 ἔτι.»
691 1857 904 1908 Ούκοῦν
940 1851 1021 1918 οἷς
1052 1857 1111 1908 ού
1144 1858 1398 1926 θυμοῦται
1427 1860 1834 1928 ἁμαρτάνουσιν,
1871 1862 1934 1911 ἵν’

338 1942 531 2002 οὕτως
563 1943 740 2005 εἴπω,
776 1944 1099 2013 χολούμενος
1122 1945 1181 1996 ού
1216 1945 1492 2014 θυμοῦται.
1524 1947 1934 2016 Παρατηρητέον

343 2029 403 2080 δὲ
430 2030 534 2081 καὶ
557 2031 658 2081 ἐπὶ
677 2033 802 2092 ταῖς
825 2034 1183 2100 προφητικαῖς
1204 2031 1446 2094 ἀπειλαῖς
1468 2034 1558 2084 ἐπὶ
1578 2035 1686 2094 τοῖς
1708 2033 1931 2097 πολλοῖς,

339 2118 427 2168 ὅτι
465 2119 803 2183 ἐπιλέγεται
855 2119 946 2170 τόο
989 2138 1006 2169 ι
1041 2119 1334 2172 Γνὼσονται
1379 2122 1457 2172 ὃτι
1507 2121 1612 2188 ἐγώ
1669 2124 1779 2190 είμι
1828 2123 1936 2174 Κύ-

343 2223 487 2272 ριος.
519 2227 542 2257 ι
585 2207 711 2258 Καὶ
743 2209 958 2260 ἀπειλεῖ
987 2209 1046 2259 ού
1088 2210 1242 2277 μόνον
1280 2210 1650 2279 Ἰσραηλίταις,
1684 2211 1814 2263 ἀλλά
1846 2212 1936 2262 καὶ

338 2296 713 2362 Αἰγυπτίοις,
751 2299 845 2349 καὶ
875 2298 1178 2368 Ἀσσυρίοις
1206 2299 1335 2366 (50),
1373 2301 1462 2351 καὶ
1492 2300 1698 2368 ἑτέροις
1731 2299 1936 2369 ἐχθροῖς

340 2385 438 2437 τοῦ
467 2385 636 2437 λαοῦ.
675 2386 849 2437 Τοῦτο
879 2387 937 2438 δὲ
971 2387 1030 2438 τὸ
1061 2389 1152 2438 ἐπὶ
1175 2388 1310 2440 τέλει
1342 2388 1542 2440 πολλῶν
1584 2388 1936 2456 νομιζομένων

342 2471 599 2523 ἀπειλῶν
630 2473 736 2524 καὶ
769 2473 825 2522 ἐν
859 2475 924 2540 τῇ
974 2472 1164 2542 Ἐξόδῳ
1208 2474 1629 2544 ἀναγέγραπται.
1659 2471 1800 2543 ἸΓΛρα
1832 2475 1936 2544 γάρ

343 2560 374 2608 ὁ
403 2559 746 2629 σκληρύνων
782 2560 1020 2629 σκληρὸν
1049 2561 1362 2630 σκληρύνει;
1399 2563 1563 2629 σαφὲς
1589 2564 1633 2614 δ’
1665 2563 1744 2614 ὅτι
1779 2562 1938 2629 σκλη-

346 2646 442 2714 ρὸν
482 2649 550 2699 ού
598 2649 996 2718 σκληρύνεται,
1040 2651 1155 2702 ἀλλ’
1194 2651 1298 2702 ἀπὸ
1338 2651 1668 2720 ἁπαλότητος
1706 2653 1738 2720 ἡ
1774 2651 1934 2720 σκλη-

345 2733 514 2805 ρότης
553 2737 680 2805 (51)
712 2741 792 2799 εἰς
829 2739 1172 2808 σκληρότητα
1203 2741 1517 2810 μεταϐάλλει
1537 2758 1548 2770 ·
1587 2741 1853 2808 ἁπαλότης
1881 2742 1935 2793 δὲ

344 2824 583 2893 καρδίας
621 2827 774 2878 κατὰ
811 2827 911 2896 τὴν
963 2829 1183 2898 Γραφὴν
1234 2831 1521 2899 ἐπαινετὴ,
1554 2831 1628 2892 ὡς
1676 2829 1935 2898 πολλαχοῦ

349 2916 784 2996 τετηρήκαμεν.
838 2916 1161 2982 Λεγέτωσαν
1200 2918 1476 2987 τοιγαροῦν
1510 2921 1556 2970 εί
1624 2919 1851 2988 χρηστὸς
1907 2921 1936 2972 ὁ

1774 338 1838 390 IN
1879 335 2155 393 EXODUM
2163 379 2177 392 .

3467 339 3573 392 2η

1973 458 2013 513 Α
2041 450 2151 505 fere
2210 449 2382 504 verbis
2449 449 2690 504 concludi
2731 465 2744 501 :
2792 465 2810 497 ι
2857 445 3209 520 Cognoscent,
3294 453 3416 522 quia
3471 468 3571 523 ego

2047 537 2377 601 Dominusp
2426 547 2480 590 et
2528 538 2762 590 minatur
2805 549 2906 603 non
2952 536 3202 594 Israelitis
3257 541 3432 607 modo,
3475 543 3569 596 sed

2044 625 2204 680 etiam
2226 623 2514 694 Egyptiis,
2543 637 2596 678 et
2627 623 2880 693 Assyriis,
2905 636 2958 678 et
2988 627 3106 680 aliis
3132 628 3358 681 inimicis
3386 628 3568 696 populi

2047 713 2146 766 sui.
2178 712 2232 764 ιιι
2265 727 2387 765 vero
2412 714 2550 780 quod
2583 714 2633 766 in
2665 713 2770 764 ﬁne
2797 713 3033 766 omnium
3066 713 3320 778 ejusmodi
3346 715 3570 768 commi-

2046 801 2317 854 nationum
2360 801 2588 864 additur,
2623 803 2673 854 in
2707 801 2889 854 Exodo
2920 815 3129 869 quoque
3166 802 3422 868 scriptum
3465 811 3566 856 est.

2046 889 2292 958 Nunquid
2317 905 2442 958 ergo
2457 891 2546 959 qui
2572 891 2804 953 indurat,
2827 890 3013 943 durum
3045 888 3288 942 indurat?
3327 899 3567 957 apertum

2045 991 2223 1034 autem
2260 990 2341 1034 est
2385 981 2572 1033 durum
2603 994 2704 1033 non
2753 978 3013 1042 indurari,
3052 980 3146 1032 sed
3189 991 3297 1045 prae
3330 977 3567 1030 mollitu-

2045 1068 2189 1132 dine,
2233 1067 2478 1121 duritiem
2523 1068 2574 1120 in
2629 1067 2871 1121 duritiem
2925 1066 3259 1120 commutari.
3301 1063 3571 1118 Mollitudo

2045 1171 2172 1209 vero
2198 1156 2372 1210 cordis
2403 1156 2693 1222 Scriptura;
2729 1155 2994 1209 sententia
3026 1152 3325 1213 laudabilis,
3361 1161 3413 1204 ut
3451 1153 3566 1218 ple-

2046 1246 2224 1312 risque
2252 1246 2304 1298 in
2333 1244 2470 1298 locis
2499 1258 2527 1297 a
2559 1244 2712 1296 nobis
2742 1253 2823 1298 est
2852 1244 3233 1296 observatum..~.
3252 1241 3434 1294 Dicant
3470 1241 3570 1292 ita-

2044 1351 2148 1404 que
2182 1350 2246 1389 an
2278 1334 2484 1388 Pharao
2506 1333 2570 1386 de
2606 1333 2744 1386 bono
2770 1332 2936 1384 factus
2967 1331 3037 1384 sit
3065 1332 3262 1396 malus;
3298 1333 3387 1384 sed
3411 1337 3464 1382 et
3501 1345 3566 1383 an

2044 1423 2204 1486 Deus,
2241 1437 2362 1476 cum
2407 1420 2732 1474 Pharaonem
2775 1419 3131 1487 reprehendit,
3171 1418 3362 1485 injuria
3403 1433 3581 1473 necne-

2045 1509 2427 1578 reprehendat:
2454 1510 2502 1562 si
2535 1518 2764 1570 temere;
2793 1506 3056 1572 quomodo
3089 1505 3300 1572 sapiens
3323 1504 3567 1572 etjustus

2043 1601 2157 1653 est?
2194 1600 2236 1652 si
2272 1613 2375 1650 non
2424 1608 2657 1658 temere;
2707 1610 2863 1648 causa
2911 1595 3009 1647 fuit
3041 1604 3410 1663 peccatorum,
3450 1608 3574 1661 quae-

2043 1701 2071 1738 a
2113 1684 2411 1737 Pharaonis
2442 1685 2574 1738 duro
2619 1692 2672 1738 et
2723 1683 3060 1750 immorigero
3113 1681 3290 1734 animo
3328 1679 3565 1748 profecta

1973 1767 2008 1816 Β
2039 1781 2196 1825 sunt:
2227 1781 2282 1823 at
2317 1772 2358 1824 si
2393 1785 2550 1824 causa
2603 1778 2703 1830 est,
2747 1784 2850 1822 non
2901 1777 3016 1820 erat
3053 1769 3144 1822 ille
3197 1770 3420 1836 perdita:
3462 1784 3560 1822 na-

2040 1870 2190 1914 turae.
2247 1861 2345 1914 Est
2405 1860 2504 1913 hoc
2557 1871 2768 1926 quoque
2824 1858 3139 1910 credendum
3221 1857 3360 1924 quod
3441 1857 3564 1910 hinc

2039 1947 2215 2015 petitis
2243 1949 2413 1999 verbis
2444 1959 2572 1998 usus
2601 1942 2884 2011 Apostolus
2914 1943 3043 1994 dicit
3068 1942 3114 1972 °°
3139 1959 3152 1995 :
3181 1959 3201 1994 ι
3232 1942 3370 2010 Ergo
3405 1957 3560 2010 quem

2041 2034 2146 2086 vult
2188 2035 2490 2100 miseratur,
2517 2041 2570 2087 et
2599 2046 2755 2100 quem
2797 2029 2907 2081 vult
2949 2029 3180 2083 indurat.
3234 2031 3387 2086 Dices
3430 2046 3556 2099 ergo

2042 2120 2168 2173 mihi
2203 2139 2216 2172 :
2249 2121 2355 2173 Cur
2392 2121 2553 2172 etiam
2602 2115 2920 2171 succenset?
2963 2116 3216 2170 voluntati
3261 2118 3402 2171 enim
3451 2117 3563 2184 ejus

2040 2209 2159 2274 quis
2193 2209 2458 2260 restitit?»
2504 2210 2624 2275 quis
2656 2219 2736 2262 est
2778 2211 2869 2277 qui
2917 2210 3130 2263 indurat
3174 2218 3228 2262 et
3269 2208 3358 2276 qui
3405 2209 3561 2262 mise-

2043 2298 2224 2349 ratur?
2250 2312 2348 2350 non
2395 2299 2534 2350 enim
2568 2297 2787 2352 alterius
2815 2308 2896 2352 est
2930 2298 3194 2360 miserari,
3227 2298 3449 2351 alterius
3479 2299 3560 2350 in-

2039 2386 2251 2450 durare,
2275 2370 2421 2452 juxta
2470 2402 2651 2441 vocem
2688 2387 2960 2454 Apostoli;
3006 2388 3098 2441 sed
3141 2387 3296 2440 unius
3341 2396 3395 2440 et
3420 2385 3563 2453 ejus-

2040 2473 2179 2528 dem.
2205 2473 2342 2544 Ergo
2364 2476 2451 2542 qui
2485 2475 2903 2529 misericordiam
2936 2476 2986 2529 in
3014 2474 3118 2528 Deo
3147 2484 3574 2542 consequuntur,

2039 2558 2153 2625 ejus
2189 2572 2313 2616 sunt
2366 2564 2452 2629 qui
2498 2579 2591 2617 cor
2644 2563 2939 2617 Pharaonis
2985 2564 3226 2624 indurat;
3270 2572 3325 2616 et
3366 2562 3560 2616 frustra

2042 2649 2168 2716 ipsis
2191 2650 2322 2703 alius
2346 2649 2474 2704 deus
2491 2650 2722 2719 fingitur,
2748 2666 2903 2717 quam
2926 2651 3112 2703 bonus.
3132 2648 3368 2716 Ipsorum
3395 2648 3561 2701 etiam

2039 2739 2320 2801 sententia,
2356 2740 2512 2800 Deus,
2550 2753 2650 2791 non
2695 2740 2862 2792 solum
2909 2738 3232 2799 misericors,
3273 2736 3366 2790 sed
3397 2735 3560 2787 etiam

2041 2828 2312 2894 induratis,
2337 2843 2432 2882 nec
2457 2829 2683 2894 amplius
2714 2827 2896 2888 fuerit,
2929 2835 2986 2880 ut
3007 2826 3336 2888 existimant,
3369 2826 3554 2878 bonus.

2041 2914 2162 2968 llzec
2197 2926 2370 2970 autem
2411 2919 2666 2972 adversus
2707 2933 2801 2973 cos
2833 2917 2922 2985 qui
2965 2917 3099 2970 citra
3143 2930 3324 2968 curam
3351 2925 3407 2967 et
3449 2915 3561 2967 dis-

341 2999 550 3068 Φαραὼ
583 3003 904 3070 τυγχάνων,
940 3002 1228 3071 γεγένηται
1253 3004 1503 3072 πονηρὸς,
1529 3003 1660 3054 ἀλλὰ
1692 3003 1782 3054 καὶ
1819 3003 1934 3072 ἤτοι

2041 3005 2410 3070 quisitionem,
2457 2995 2718 3060 tantarum
2771 3019 2948 3060 rerum
3001 3005 3099 3056 sibi
3149 3003 3552 3070 intelligentiam

343 3068 754 3158 altttbpsvoqu
792 3091 926 3153 Θεὸς
956 3068 1042 3158 τῷ
1072 3068 1267 3161 Φαραὼ
1309 3068 1442 3160 (δέ),
1475 3092 1644 3160 μάτην
1682 3068 1932 3154 αἰτιᾶται,

2037 3105 2302 3164 arrogant,
2335 3105 2388 3148 et
2428 3103 2724 3148 nostrorqu
2754 3093 3077 3162 simplicitati
3118 3068 3393 3154 insultant,
3436 3092 3558 3144 data

343 3176 377 3244 ἢ
408 3177 472 3227 ού
514 3178 745 3246 μάτην
789 3180 838 3229 εί
875 3179 974 3246 μὲν
1007 3174 1100 3230 οὖν
1147 3180 1342 3248 μάτην,
1380 3180 1494 3240 πῶς
1524 3179 1602 3230 ἔτι
1645 3178 1803 3246 σοφὸς
1847 3179 1937 3230 καὶ

342 3262 594 3325 δίκαιοςς
632 3267 688 3316 εί
721 3266 780 3318 δὲ
819 3265 895 3334 μὴ
932 3267 1128 3334 μάτην,
1153 3266 1321 3328 αἴτιος
1352 3267 1604 3335 ἐτύγχανε
1633 3266 1738 3319 τῶν
1768 3268 1932 3336 ἀμαρ-

341 3353 621 3418 τημάτων
649 3352 764 3404 τῶν
791 3355 933 3405 κατά
961 3354 1059 3421 τὴν
1084 3355 1364 3407 ἀπείθειαν
1391 3355 1465 3422 τῷ
1504 3353 1696 3423 Φαραώ
1713 3371 1726 3382 ’
1768 3355 1859 3406 καὶ
1891 3356 1936 3406 εί

342 3438 554 3499 αἴτιος,
614 3440 680 3490 οὐ
753 3439 976 3506 φύσεως
1045 3437 1112 3509 ἦν
1173 3441 1536 3512 ἀπολλυμένης
1585 3444 1800 3504 ἐκεῖνος.
1846 3443 1939 3493 Πι-

344 3528 609 3578 στευτέον
651 3527 765 3595 (55)
810 3527 1060 3595 μέντοιγε
1091 3530 1184 3580 καὶ
1219 3529 1393 3590 τοῦτο,
1434 3530 1519 3582 διὰ
1548 3531 1606 3582 τὸ
1653 3530 1936 3600 καταχρώ-

345 3628 512 3685 μενον
569 3614 670 3666 τὸν
696 3613 1023 3665 Ἀπόστολον
1065 3618 1178 3676 τοῖς
1209 3616 1453 3668 ἐντεῦθεν
1497 3619 1676 3685 ῥητοῖς
1726 3616 1932 3678 λέγειν·

2034 3199 2193 3252 opera
2238 3183 2480 3252 pluribus
2523 3196 2707 3236 sumus
2757 3183 3050 3250 persecuti,
3107 3181 3223 3233 nisu
3273 3179 3415 3232 omni
3466 3193 3558 3230 ur-

2036 3277 2228 3336 gentes
2258 3283 2318 3320 ae
2351 3267 2630 3320 ostendere
2662 3277 2936 3328 conantes,
2969 3279 3136 3331 neque
3172 3266 3236 3318 ad
3263 3279 3324 3318 ea
3356 3279 3474 3332 qua:
3495 3264 3562 3316 de

2036 3356 2142 3410 Deo
2180 3356 2503 3416 existimant,
2536 3369 2705 3422 neque
2745 3359 2808 3408 ad
2843 3372 2904 3411 ea
2957 3371 3076 3422 qua:
3109 3356 3173 3408 de
3221 3365 3408 3408 natura
3451 3363 3560 3407 tra-

2035 3445 2182 3507 dunt,
2208 3443 2306 3497 sibi
2324 3444 2631 3510 quidquam,
2661 3453 2716 3494 ut
2747 3453 2946 3510 putant,
2968 3443 3106 3496 hunc
3123 3456 3279 3510 quem
3309 3443 3560 3495 habemus

2035 3530 2282 3584 conferre
2328 3543 2644 3582 sermonem.
2698 3529 2803 3582 Nos
2851 3540 3064 3590 autem,
3113 3543 3248 3595 quos
3290 3527 3557 3595 multiplex

2036 3617 2171 3670 ratio
2200 3616 2251 3669 in
2283 3617 2417 3670 hanc
2449 3618 2765 3669 sententiam
2817 3617 3056 3678 induxit,
3090 3615 3464 3668 existimamus
3505 3625 3562 3666 et

330 3674 523 3806 1419’
556 3697 659 3752 οὖν
702 3701 764 3751 ὃν
820 3701 964 3754 θέλει
1021 3674 1194 3764 ἐλεεῖ,
1242 3703 1302 3756 ὃν
1351 3705 1406 3756 δὲ
1439 3674 1576 3756 θέλεί
1630 3674 1932 3774 σοιληρύνει.

2037 3705 2289 3766 dolorem,
2325 3714 2380 3755 et
2413 3702 2736 3766 molestiam,
2765 3713 2818 3757 et
2857 3704 3114 3766 laborem,
3159 3714 3214 3756 et
3255 3703 3564 3770 castigatio-

368 3787 537 3855 Ερείς
591 3783 692 3839 οὖν
744 3805 859 3856 μοι,
884 3790 950 3842 Τί
999 3790 1078 3841 ἔτι
1135 3791 1438 3860 μέμφεται;
1483 3792 1558 3857 τῷ
1600 3791 1706 3860 γὰρ
1753 3791 1936 3859 βουλή-

2037 3807 2156 3845 nem
2194 3805 2312 3858 quae
2340 3806 2368 3842 a
2408 3793 2511 3843 Deo
2540 3790 2855 3854 inferuntur,
2894 3804 3162 3856 nunquam
3193 3799 3376 3843 contra
3407 3790 3560 3857 117

343 3889 476 3939 ματι
523 3875 702 3926 αὑτοῦ
736 3875 824 3937 τίς
867 3877 1204 3946 ἀνθέστηκες
1231 3897 1250 3928 ι
1292 3881 1374 3941 τίς
1420 3882 1447 3933 ὁ
1497 3879 1804 3949 σκληρύνων
1836 3878 1928 3929 καὶ

2037 3895 2128 3935 eos
2167 3894 2322 3942 esse;
2362 3879 2454 3931 sed
2499 3879 2562 3930 iis
2608 3891 2817 3945 semper
2859 3877 3158 3930 conducere
3209 3876 3296 3942 qui
3348 3876 3562 3943 patiun-

337 3961 548 4022 ἐλεῶν;
579 3963 645 4013 οὖ
677 3963 789 4030 γὰρ
831 3961 896 4030 δὴ
931 3963 1118 4032 ἑτέρου
1165 3965 1226 4015 τὸ
1261 3966 1590 4036 σκληρύνειν,
1637 3969 1726 4019 καὶ
1757 3968 1936 4037 ἐτέρου

2039 3980 2142 4021 tur.
2173 3967 2393 4020 Duriora
2439 3966 2620 4034 igitur,
2653 3980 2770 4034 qua:
2813 3965 2918 4018 Deo
2959 3963 3118 4017 tribui
3168 3974 3418 4032 putantur
3469 3978 3566 4018 no-

335 4049 404 4100 τὸ
435 4049 620 4103 ἐλεεῖν
667 4051 812 4102 κατά
854 4053 958 4120 τὴν
1003 4055 1369 4121 ἀποστολικὴν
1417 4057 1614 4124 φωνὴν,
1662 4056 1791 4108 ἀλλά
1845 4056 1936 4106 τοῦ

2037 4055 2372 4115 mina.furor
2407 4066 2460 4109 et
2508 4057 2608 4117 ira,
2661 4068 2886 4122 arguere
2933 4061 2987 4107 et
3026 4053 3241 4106 erudire
3278 4053 3559 4117 dicuntur,

336 4135 539 4187 αὐτοῦ.
565 4138 726 4188 Ἤτοι
757 4135 854 4189 οὖν
888 4140 936 4189 οἱ
965 4139 1023 4189 ἐν
1052 4139 1176 4208 Θεῴ
1207 4139 1317 4206 (54)
1346 4140 1640 4209 ὲλεούμενοι
1671 4141 1763 4193 τοῦ
1788 4141 1936 4210 σκλη-

2037 4155 2094 4198 ιιι
2128 4145 2215 4198 hic
2241 4144 2284 4175 ⁸³
2317 4161 2332 4196 :
2370 4161 2389 4194 ι
2421 4142 2661 4207 Domine,
2681 4157 2746 4194 ne
2774 4143 2824 4193 in
2861 4141 3039 4194 furore
3065 4151 3158 4193 tuo
3187 4140 3425 4207 argueris
3454 4156 3558 4200 me,

334 4221 605 4290 ρύνοντός
637 4226 745 4275 εἰσι
787 4225 890 4292 τὴν
926 4225 1160 4294 καρδίαν
1190 4227 1410 4295 Φαραὼ,
1449 4232 1540 4281 καὶ
1590 4231 1761 4300 μάτην
1808 4233 1936 4283 ἀνα-

2037 4246 2207 4298 neque
2233 4231 2310 4282 ira
2348 4242 2437 4282 tua
2463 4229 2721 4282 erudieris
2745 4243 2861 4290 me;
2910 4245 2929 4278 ι
2962 4242 3082 4281 cum
3105 4228 3169 4289 is,
3197 4227 3285 4293 qui
3310 4226 3421 4278 haec
3441 4241 3560 4294 pre-

331 4309 658 4363 πλάσσεται
692 4314 881 4374 αὐτοῖς
919 4313 1109 4381 ἔτερος
1152 4314 1310 4375 Θεὸς,
1353 4317 1386 4384 ἦ
1412 4317 1627 4384 ἀγαθός.
1669 4321 1802 4372 Κατ’
1833 4323 1929 4372 αύ-

2037 4328 2220 4380 catur,
2265 4326 2382 4371 oret
2429 4332 2498 4370 ne
2529 4331 2660 4384 opus
2705 4315 2897 4368 habeat
2956 4315 3372 4383 reprehensione
3408 4331 3438 4366 a
3479 4313 3559 4365 fu-

328 4400 461 4458 τοὺς
491 4397 659 4458 Θεὸς,
682 4399 784 4449 ούκ
817 4398 1068 4466 ἐλεήμων
1113 4401 1301 4466 μόνον,
1323 4402 1454 4453 ἀλλά
1487 4397 1575 4456 ᾇαὶ
1602 4405 1927 4475 σκληρύνων,

2037 4422 2155 4460 rore
2193 4406 2305 4467 Dei,
2339 4416 2392 4458 et
2428 4405 2723 4459 eruditione
2751 4419 2843 4471 per
2878 4404 3011 4455 iram
3043 4404 3210 4470 ipsius
3239 4442 3254 4466 ,
3289 4403 3440 4470 quasi
3475 4401 3560 4454 fu-

326 4485 425 4535 καὶ
440 4485 548 4536 οὐκ
564 4485 648 4535 ἔτ’
675 4484 741 4536 ἄν
770 4485 879 4553 εἴη,
913 4486 989 4547 ὡς
1018 4485 1740 4558 ὑπολαμϐάνουσιν,άγαθός.
1757 4496 1932 4548 Πάντα

2040 4504 2211 4548 turum
2253 4495 2326 4548 sit
2369 4502 2424 4547 ut
2475 4495 2637 4562 aliqui
2682 4495 2862 4548 furore
2911 4493 3002 4546 Dei
3039 4503 3331 4560 arguantur
3381 4501 3435 4544 et
3486 4491 3563 4543 ira

324 4571 381 4622 δὲ
413 4572 602 4623 ταῦτα
637 4573 898 4640 ἐπίτηδες
932 4575 1026 4624 ἐπὶ
1059 4573 1250 4625 πλεῖον
1294 4574 1625 4647 ὲξητάσαμεν
1653 4582 1783 4650 πρὸς
1809 4584 1932 4646 τοὺς

2038 4583 2202 4651 ipsius
2244 4584 2578 4638 erudiantur.
2628 4585 2803 4653 Atque
2848 4591 2906 4636 ut
2951 4583 3036 4636 his
3089 4583 3248 4636 dictis
3297 4583 3464 4648 magis
3501 4595 3562 4631 ac

323 4658 725 4720 ἀϐασανίστως
775 4661 995 4720 ἑαυτοῖς
1048 4660 1452 4728 χαριζομένους
1497 4666 1554 4715 τὸ
1599 4668 1931 4734 νενοηκέναι,

2038 4672 2206 4734 magis
2257 4673 2643 4736 assentiamur,
2697 4686 2729 4725 e
2770 4671 2919 4725 Novo
2972 4684 3184 4738 quoque
3225 4669 3563 4721 Testamento

322 4748 417 4797 καὶ
463 4748 868 4808 ἐπιϐαίνοντας
909 4750 977 4815 τῇ
1013 4747 1300 4816 ἁπλότητι
1345 4749 1450 4800 τῶν
1495 4752 1790 4821 ἡμετέρων,
1827 4758 1933 4808 ὲνι-

2039 4759 2233 4812 similia
2291 4761 2595 4813 testimonia
2643 4761 2866 4828 petenda
2908 4767 3070 4818 sunt,
3121 4759 3328 4810 dicente
3361 4755 3560 4809 Serva-

1965 4358 2006 4410 D

326 4835 591 4904 στάμενοι
629 4837 731 4888 καὶ
761 4835 1084 4896 δεικνύντες
1131 4835 1222 4886 ὅτι
1274 4834 1397 4887 οὔτε
1427 4840 1502 4900 είς
1549 4838 1584 4891 δι
1627 4840 1934 4910 ὑπολαμϐά-

390 4965 438 4996 οο
479 4967 650 5021 Rom.
681 4982 764 5030 rx,
794 4967 883 5029 18,
921 4966 1018 5019 19.
1099 4966 1147 4997 ⁸⁸
1178 4966 1329 5019 Psal.
1360 4982 1429 5028 vr,
1458 4969 1508 5033 2,
1543 4980 1588 5022 et
1637 4988 1840 5037 xxxvii,
1881 4977 1934 5028 2.

349 5097 858 5220 ῑςεῇζ)δέεντολὰς
886 5097 962 5150 δέ
990 5115 1152 5165 μου.
1181 5095 1537 5164 Expungcnda
1567 5103 1774 5157 videtur
1805 5121 1930 5173 par-

326 5174 490 5220 ticula
517 5174 577 5220 δέ
588 5208 602 5220 .

414 5236 506 5290 48)
554 5239 628 5288 Τὸ
663 5235 936 5300 ἄνομον.
975 5231 1163 5295 Lego,
1191 5228 1253 5278 τὸ
1285 5229 1371 5280 τὸν
1401 5231 1605 5302 ἄνομον.

387 5234 498 5370 έιθ)
553 5298 825 5356 Ἆνθ’ὦν
865 5293 1235 5370 ἐκαθάρισά
1257 5307 1458 5370 glaeie.
1509 5303 1605 5356 Haec

409 5302 498 5369 49)
553 5305 702 5356 Ἆνθ’
723 5295 825 5356 (Die
865 5295 1235 5359 ἐκαθάρισά
1257 5307 1458 5369 ᾳξιςεειεξ
1495 5295 1620 5356 Ἠίεε
1644 5319 1706 5356 ex
1733 5305 1938 5362 Ezech.

331 5360 600 5440 ιιζινίᾲὶὸ,
631 5372 815 5438 petita
854 5373 1028 5440 sunt,
1066 5369 1131 5440 ut
1161 5373 1230 5440 ex
1264 5360 1486 5440 Hebraeis
1508 5379 1558 5421 et
1586 5371 1844 5440 Vulgata,
1875 5360 1935 5428 et

328 5426 1381 5507 reliquis_'interpre_tationibussatis
1418 5446 1632 5507 constat.
1675 5426 1744 5492 At
1801 5426 1941 5494 Vol;

326 5491 459 5570 me
505 5505 617 5556 τῶν
671 5491 1110 5558 0"editiones
1171 5491 1395 5546 multum
1458 5501 1570 5558 inde
1621 5491 1936 5564 trcccdunt.

337 5572 589 5625 lium-ws.

2041 4857 2153 4899 tore
2197 4847 2279 4901 "2
2317 4865 2336 4897 ι
2371 4847 2547 4916 ignem
2584 4850 2705 4901 veni
2761 4849 2976 4901 mittere
3027 4845 3080 4898 in
3125 4853 3356 4906 terram,
3403 4853 3566 4911 atque

2043 4977 2086 5008 "
2119 4977 2247 5030 Luc.
2280 4993 2378 5044 xu,
2404 4977 2491 5030 49.

2109 5108 2218 5178 (50)
2256 5109 2363 5162 Kal
2400 5109 2741 5175 Ἀσσυρίοις.
2781 5109 2900 5162 Haec
2930 5107 2984 5158 in
3030 5102 3179 5156 libris
3218 5109 3371 5152 antea
3407 5097 3566 5151 editis

2042 5180 2235 5230 omissa
2263 5187 2403 5237 sunt,
2430 5179 2519 5229 sed
2548 5180 2858 5244 supplentur
2885 5188 2916 5226 e
2943 5185 3071 5244 mss.
3110 5233 3139 5244 η

2105 5244 2230 5314 (51)
2281 5233 2714 5311 Ἡσίκληρότὶίς.
2763 5243 2922 5296 Deest
2973 5239 3027 5288 in
3075 5233 3280 5298 aliquot
3327 5241 3457 5279 mss.
3505 5234 3570 5282 οι

2037 5313 2222 5365 abesse
2256 5321 2447 5378 potest.
2540 5377 2547 5378 ί
3075 5363 3089 5378 ,
3161 5355 3336 5378 Lm.

2102 5361 2218 5451 (ἑῇ
2251 5361 2339 5451 ii;
2356 5361 2577 5451 δάραέδ·
2609 5363 3130 5451 οὲίάθηιΡτὲξτιῖἑὟ
3151 5361 3387 5451 Ξσξεὶιὲλ.

2249 5420 3122 5512 orte-legetidum
3150 5420 3429 5476 πευστέον.

2127 5448 2212 5512 55)
2249 5447 2618 5500 Πιστευτέον.
2651 5447 2809 5497 Forte
2842 5447 3016 5507 legepi

2101 5447 2208 5585 έδιι
2251 5513 2392 5568 Unus
2428 5513 2588 5566 codex
2623 5527 2748 5576 ms.,
2771 5510 3016 5575 Χριστῳο
