3922 6256
304 309 428 408 φλ
1623 353 1924 410 semen
1959 357 2023 411 1N
2056 357 2354 414 EXODUM.
3471 357 3580 412 282

352 444 660 554 σιτισιώιως
686 449 864 554 ταῦτα
895 456 1232 554 ἐξετάζειν,
1265 470 1620 540 ἀναϐήσονται
1649 472 1737 523 ἐπὶ
1771 472 1828 524 τὸ
1861 491 1901 540 μ

2028 521 2032 531 .
2060 475 2444 542 pervenientut
2476 487 2578 548 non
2603 473 2828 542 amplius
2844 472 3099 540 Opificem
3131 471 3453 541 vituperent,
3483 471 3577 523 sed

363 543 493 602 κὲτι
517 546 833 614 κατηγορεῖν
853 543 948 597 τοῦ
969 551 1369 625 Δημιουργοῦ,
1392 557 1521 610 ἀλλὰ
1552 559 1770 625 φάσκειν
1799 559 1912 610 αύτέ

2056 560 2227 628 ipsum
2268 561 2460 615 bonum
2509 543 2625 614 esse
2671 560 2952 613 affirmem.
3014 560 3149 627 Ergo
3216 557 3577 627 interrogandi

373 637 593 708 ἀγαθὸν
615 632 764 691 εἶναι.
795 637 1035 690 Πυστέον
1070 638 1174 695 οὗν
1213 646 1324 698 τῶν
1366 647 1618 715 οἰομένων
1656 647 1922 715 νενοηκένσ

2055 659 2198 712 sunt,
2229 651 2315 718 qui
2343 665 2401 703 se
2427 651 2477 703 id
2519 659 2703 718 putant
2737 648 3071 714 intelligere:
3111 666 3130 698 ι
3165 647 3434 699 lnduravit
3481 647 3581 700 Do-

368 731 482 784 τόο
523 749 543 782 ι
596 730 914 801 Ἑσκλὴρυνε
950 731 1166 802 Κύριος
1217 737 1247 786 ὁ
1287 737 1420 801 θεὸς
1468 737 1562 807 τὴν
1595 737 1810 805 καρδίαν
1851 739 1917 790 Φα

2059 738 2230 789 minus
2263 738 2398 788 Deus
2422 753 2515 790 cor
2542 736 2871 800 Pharaonis,
2913 755 2932 786 ι
2975 750 3040 787 an
3085 736 3196 788 haec
3245 749 3368 788 vere
3403 749 3431 785 a
3469 733 3577 785 Deo

376 818 550 889 ραιὼ.
597 837 615 870 ι
648 819 870 888 πότερον
903 818 1118 888 ἀληθῶς
1160 825 1473 876 πιστεύουσι
1511 823 1752 892 λέγεσθαι
1794 823 1924 874 ταῦτ

2059 825 2159 878 dici
2196 840 2291 892 per
2321 824 2548 892 Moysem
2587 825 2763 878 divino
2803 824 2990 890 spiritu
3033 822 3263 874 afﬂatum
3288 859 3304 884 ,
3331 836 3397 873 an
3429 819 3580 885 false,

371 908 499 960 ὑπὸ
525 909 625 962 τοῦ
647 909 806 971 Θεοῦ,
825 909 913 962 διὰ
941 911 1074 962 Μωῦ
1084 913 1226 975 σέως
1248 913 1640 976 ἐνθουσιῶντος,
1662 915 1694 982 ἢ
1721 914 1920 981 ψευδῶς

2061 923 2262 980 putent.
2304 913 2359 965 Si
2386 913 2522 965 enim
2569 912 2729 975 false,
2764 925 2933 977 neque
2967 911 3138 976 justus
3183 911 3414 977 ipsorum
3461 907 3579 974 opi-

379 998 439 1048 εὶ
477 997 586 1064 μὲν
613 995 724 1065 γὰρ
751 996 984 1065 ψευδῶς,
1006 996 1130 1048 οὔτε
1155 999 1363 1060 δίκαιος
1391 1000 1467 1051 ἐτι
1492 999 1596 1067 (69)
1629 1001 1743 1050 κατ’
1774 999 1928 1050 αὑτοῦ

2063 1003 2221 1055 nione
2244 1041 2258 1064 ,
2309 1017 2481 1068 neque
2519 1016 2674 1053 verus
2714 1001 2816 1054 erit
2851 1001 2986 1053 Deus
3021 1016 3035 1052 :
3067 1013 3237 1066 neque
3265 1012 3390 1050 vero
3423 995 3579 1048 Deus.

373 1085 411 1136 6
444 1083 612 1145 Θεὸς,
636 1081 764 1135 οὔτε
793 1083 1022 1154 ἀληθὴς,
1052 1085 1146 1136 καὶ
1175 1086 1297 1137 ὅσον
1328 1087 1417 1136 ἐπὶ¹
1444 1085 1646 1146 τούτοις
1674 1085 1789 1136 οὐδὲ
1818 1085 1922 1135 Θεός

2064 1090 2158 1141 Sin
2188 1098 2360 1142 autem
2401 1104 2520 1140 vere
2547 1128 2561 1152 ,
2594 1079 2828 1156 cogitent
2857 1103 2979 1140 num
3013 1102 3134 1138 eum
3172 1095 3230 1138 ut
3271 1084 3489 1137 arbitrio
3521 1081 3583 1135 li-

377 1170 436 1221 ει
459 1169 507 1220 δ’
544 1169 790 1239 ἀληθῶς,
813 1171 1242 1223 κατανοειτωσαν
1264 1173 1311 1224 εἰ
1339 1171 1410 1241 μὴ
1435 1172 1508 1233 ὡς
1529 1170 1857 1234 αὐτεξούσιον
1888 1189 1919 1222 α

2064 1175 2192 1228 hero
2216 1176 2489 1243 praeditum
2521 1174 2868 1240 reprehendat
2891 1173 3073 1225 dicens
3105 1173 3148 1204 “
3175 1189 3188 1224 :
3229 1189 3246 1222 ‹
3293 1172 3360 1223 At
3399 1169 3444 1224 si
3478 1185 3581 1222 non

382 1255 584 1305 τιᾶται
608 1255 810 1320 λέγων·
838 1274 856 1305 ι
883 1257 946 1306 Εἰ
971 1257 1028 1308 δὲ
1056 1256 1130 1325 μὴ
1155 1257 1326 1328 βούλει
1353 1254 1714 1320 ἐξαποστεῖλαι
1743 1257 1917 1308 αὐτόν·

2065 1265 2144 1317 vis
2175 1279 2294 1318 eum
2324 1264 2588 1316 dimittere
2619 1278 2633 1318 :
2675 1280 2692 1312 ι
2722 1269 2775 1313 et
2807 1260 2930 1313 alibi
2965 1260 3008 1290 ⁸³
3042 1276 3056 1311 :
3095 1277 3112 1309 ι
3151 1260 3436 1324 Quousque
3477 1270 3581 1308 non

383 1341 486 1392 καὶ
515 1341 767 1410 ἀλλαχοῦ
791 1360 804 1372 ·
831 1343 1009 1406 «Ἕως
1033 1344 1175 1406 τινος
1196 1345 1257 1396 ού
1282 1345 1455 1413 βούλει
1483 1345 1800 1413 ἐντραπῆναε
1826 1362 1918 1414 με;

2066 1355 2146 1408 vis
2182 1353 2408 1405 revereri
2440 1351 2561 1403 me?
2597 1370 2615 1401 ›
2645 1349 2774 1402 lllud
2801 1351 2975 1401 enim:
3008 1367 3027 1400 ι
3062 1350 3347 1415 Quousque
3375 1361 3477 1399 non
3507 1346 3585 1399 vis

384 1431 460 1482 Τὸ
493 1430 641 1500 γὰρ,
659 1450 682 1484 ι
702 1431 1008 1494 Ἕωςτινος
1033 1435 1093 1485 ού
1123 1433 1298 1502 βούλει
1325 1433 1646 1502 ὲντραπῆναί
1673 1450 1769 1501 με;
1794 1452 1812 1484 ι
1845 1433 1933 1485 δυσ

2069 1442 2297 1494 revereri
2337 1439 2463 1492 tne?
2492 1457 2510 1490 ι
2550 1439 2808 1491 Pharaoni
2835 1438 3028 1490 dicitur
3052 1475 3067 1499 ,
3118 1437 3182 1489 ad
3215 1450 3334 1488 eum
3384 1434 3585 1502 pudore

384 1519 717 1588 ωπητικῶς
765 1519 983 1587 λέγεται
1015 1522 1150 1589 πρὸς
1175 1522 1264 1573 τὸν
1290 1520 1483 1590 Φαραὼ
1515 1521 1615 1572 ούκ
1653 1522 1933 1590 ἐντρεπόμε

2069 1529 2503 1589 snﬂ'undendum,
2547 1528 2634 1594 qui
2675 1541 2778 1579 non
2817 1534 3126 1587 vereretur;
3161 1538 3264 1575 non
3310 1521 3447 1589 quod
3483 1534 3583 1572 non

383 1623 516 1670 νον,
558 1609 628 1660 οὐ
676 1609 835 1679 παρὰ
878 1610 942 1661 τὸ
989 1609 1060 1679 μὴ
1094 1609 1388 1672 δύνασθαι,
1437 1608 1570 1661 ἀλλὰ
1620 1610 1766 1679 παρὰ
1805 1611 1866 1662 τὸ
1899 1628 1932 1678 μ

2071 1625 2284 1684 posset,
2324 1615 2415 1668 scd
2451 1616 2590 1683 quod
2633 1615 2813 1667 nollet.
2857 1615 2920 1666 Et
2969 1612 3105 1679 quod
3133 1611 3326 1664 dicitur
3353 1626 3379 1661 a
3411 1607 3586 1676 Moyse

385 1695 722 1763 βούλεσθαι.
753 1699 868 1748 Καὶ
899 1697 960 1749 τὸ
987 1698 1270 1766 λεγόμενον
1292 1698 1346 1750 δὲ
1371 1697 1518 1766 παρὰ
1543 1697 1811 1759 Μωῦσέως
1840 1698 1934 1769 πρὸ

2073 1703 2328 1756 Pharaoni
2354 1702 2428 1755 ”:
2465 1701 2580 1754 «‘Ut
2607 1714 2896 1769 cognoscas
2925 1701 3046 1766 quia
3075 1699 3281 1750 Domini
3314 1707 3394 1750 est
3413 1705 3581 1759 terra;

383 1785 478 1836 τὸν
522 1785 765 1854 Φαραὼ,
807 1805 825 1834 ι
863 1787 980 1838 Ἵνα
1010 1785 1150 1854 γνῷς
1194 1787 1273 1837 ὄτι
1308 1784 1400 1836 τοῦ
1444 1785 1643 1854 Κυρίου
1688 1786 1846 1854 ὴγῆ,
1881 1801 1932 1836 κε

2038 1785 2042 1825 ί
2070 1795 2121 1839 et
2151 1795 2203 1838 tu
2229 1824 2244 1848 ,
2287 1794 2340 1839 et
2367 1785 2547 1838 famuli
2585 1787 2695 1847 tui,
2741 1787 2854 1838 scio
2888 1786 3009 1852 quia
3044 1799 3310 1850 nunquam
3342 1784 3587 1836 timuistis

385 1874 476 1937 σὺ,
525 1876 633 1926 καὶ
669 1875 722 1924 οἱ
765 1873 1094 1943 θεράποντές
1122 1892 1235 1940 σου,
1289 1874 1576 1942 ἐπίσταμαι
1613 1875 1691 1924 ὄτι
1728 1873 1934 1924 οὐδέποτ

2069 1872 2374 1933 Dominum,
2408 1890 2426 1922 ι
2455 1870 2720 1948 _significat
2766 1870 2878 1923 fore
2911 1881 2966 1923 ut
3002 1871 3224 1924 timeant
3251 1887 3264 1921 :
3296 1869 3434 1937 quod
3466 1871 3587 1937 qni-

384 1961 729 2028 πεφῶησοε
781 1960 873 2012 τὺν
905 1960 1106 2030 Κύριον
1129 2000 1144 2023 ,
1193 1980 1212 2011 ι
1255 1961 1398 2030 δηλοῖ
1434 1962 1514 2012 ὅτι
1552 1959 1933 2028 φοϐηθήσονται

2073 1958 2186 2011 dem
2219 1959 2469 2014 adversus
2499 1961 2772 2012 haereticos
2803 1964 2992 2024 prohat
3031 1960 3192 2012 Deum
3227 1973 3344 2012 esse
3369 1960 3566 2012 bonum

380 2050 536 2120 ὅπερ
585 2049 830 2119 ἁρμόζει
869 2049 1004 2117 πρὸς
1033 2049 1158 2110 τοὺς
1197 2049 1545 2118 ἐτεροδόξους,
1589 2047 1710 2117 περι
1746 2063 1805 2098 τε
1844 2048 1929 2113 ἀγα

1491 2065 1545 2111 ις,
1589 2047 1710 2117 περι
1746 2063 1805 2098 τε
1844 2048 1976 2113 ἀγα·
2075 2055 2127 2098 et
2155 2061 2256 2100 non
2285 2060 2408 2102 esse
2434 2055 2742 2114 pereuntem
2774 2055 3040 2100 naturam.

381 2139 637 2207 Θότητος
679 2136 856 2201 Θεοῦ,
897 2139 992 2190 καὶ
1028 2139 1158 2208 περὶ
1185 2137 1274 2190 τοῦ
1317 2137 1388 2207 μὴ
1435 2136 1568 2190 εἶναι
1607 2137 1973 2206 ἀπολλυμένην

377 2226 591 2294 ρύσιν.

375 2393 3566 2426 m

2594 2409 2966 2420 ————_—_—.—

1172 2569 2080 2702 ΩΡΙΓΕΝΟΥΣ
2153 2567 2877 2699 ΕΚΛΟΓΑΙ

1495 2807 1662 2891 ΕΙΣ
1696 2805 1918 2889 ΤΗΝ
1953 2793 2393 2888 ΕΞΟΔΟΝ
2421 2795 2557 2886 (⁷ο).

945 3150 1108 3236 EX
1179 3147 1702 3238 ORIGENE
1773 3149 2275 3238 SELECTA
2348 3152 2470 3238 IN
2542 3148 3083 3238 EXODUM.

470 3509 500 3542 ι
535 3487 666 3540 Καὶ
707 3485 864 3538 δώσω
912 3484 1073 3555 χάριν
1116 3484 1195 3555 τῷ
1237 3485 1351 3556 λαῷ
1391 3485 1560 3553 τούτῳ
1612 3487 1833 3543 ἐνώπιον
1877 3491 2019 3551 τῶν(

2152 3492 2301 3559 121
2332 3507 2351 3540 ⁸
2373 3491 2436 3544 El
2455 3489 2590 3545 dabo
2625 3489 2842 3558 gratiam
2878 3487 3066 3557 populo
3081 3487 3202 3542 huic
3233 3504 3408 3543 coram
3439 3488 3602 3560 Egy-

357 3579 754 3648 Αιγυπτίων.
798 3579 970 3631 Ὅταν
997 3577 1054 3629 δὲ
1099 3577 1468 3647 ἀποτρέχοιτε,
1501 3579 1598 3630 οὐκ
1636 3581 1906 3636 ἀπελεύσει

2086 3583 2230 3650 ptiis.
2248 3583 2376 3645 Cum
2399 3592 2573 3634 autem
2597 3578 2896 3644 aufugietis,
2914 3593 3017 3631 non
3041 3578 3294 3632 reccdetis
3317 3579 3464 3631 vacui
3487 3580 3552 3631 “.
3578 3596 3597 3628 ι

361 3669 585 3725 κενοί.
613 3686 635 3718 ι
676 3665 829 3734 Αὕτη
857 3667 892 3734 ἡ
921 3665 1221 3732 ἐπαγγελία
1253 3665 1329 3734 τῷ
1365 3666 1610 3736 Ἀϐραὰμ
1651 3669 1910 3738 προεδέδοπ

2085 3669 2220 3722 Olim
2251 3667 2476 3721 Abrahae
2524 3666 2656 3719 facta
2691 3667 2859 3719 fuerat
2909 3667 3020 3719 haec
3050 3665 3356 3733 promissio,
3395 3667 3601 3718 dicente

370 3780 396 3811 σ
435 3755 627 3812 Μετὰ
653 3754 851 3816 ταῦτα,
883 3752 1133 3820 λέγοντος
1164 3752 1256 3806 τοῦ
1296 3754 1429 3806 Θεοῦ
1448 3792 1463 3818 ,
1495 3751 1849 3818 ἐξελεύσονται
1889 3749 1919 3808 ti

2085 3759 2192 3812 Deo
2211 3757 2256 3788 "
2285 3770 2300 3810 :
2335 3775 2354 3806 ι
2379 3755 2504 3810 Post
2526 3756 2637 3809 lucc
2664 3755 3002 3819 egredientur
3044 3755 3148 3808 huc
3175 3769 3292 3808 cum
3327 3755 3486 3806 multa
3519 3769 3604 3806 su-

371 3844 558 3918 μετὰ
592 3842 939 3910 ἀποσκευῆς.
962 3860 982 3892 ι

851 3842 939 3910 ἧς·
962 3860 982 3892 ι
2085 3845 2359 3916 pellectile.
2381 3863 2400 3896 ι

477 3953 504 3984 ι
536 3932 660 3984 Καὶ
691 3931 1028 3999 κατίσχυσεν
1069 3930 1104 3999 ἡ
1137 3929 1332 3999 καρδία
1359 3929 1573 3999 Φαραὼ,
1603 3931 1691 3984 καὶ
1721 3931 1820 3984 ούκ
1849 3933 1992 4001 εἰσή-

2160 3953 2179 3984 σ
2202 3935 2267 3987 Et
2291 3932 2626 3987 obfirmatum
2657 3938 2738 3984 est
2770 3945 2863 3984 cor
2892 3929 3207 3991 Pharaonis,
3239 3937 3292 3981 et
3321 3944 3424 3981 non
3459 3930 3607 3982 audi-

370 4036 620 4078 κουσεν
669 4019 868 4081 αὐτῶν,
903 4019 1156 4088 καθάπερ
1212 4018 1508 4070 ἐνετείλατο
1550 4019 1726 4082 αὐτοῖς
1774 4019 1919 4089 Κύριε

2086 4023 2164 4078 vit
2192 4037 2305 4086 eos,
2333 4022 2468 4076 sicut
2497 4027 2820 4087 praeceperat
2843 4019 2920 4072 eis
2950 4019 3221 4072 Dominus.
3260 4019 3399 4072 Dixit
3426 4029 3602 4072 autem

376 4105 563 4164 Εῐπε
596 4106 658 4158 δὲ
702 4108 906 4175 Κύριος
937 4107 1075 4176 πρὸς
1116 4107 1384 4175 Μωῦσῆν·
1423 4107 1714 4177 Βεϐάρυται
1747 4108 1780 4176 ὴ
1803 4107 1925 4177 καρε

2088 4112 2338 4166 Dominus
2381 4112 2443 4163 ad
2472 4109 2683 4177 Moysen
2713 4122 2727 4160 :
2757 4109 3109 4176 Aggravatnm
3151 4115 3230 4158 est
3259 4123 3352 4160 cor
3375 4106 3608 4160 Pharao-

372 4193 652 4266 Φαραὼ,
688 4195 779 4247 τοῦ
811 4196 888 4264 μὴ
917 4195 1297 4256 ἐξαποστεῖλαι
1323 4181 1411 4248 τὸν
1433 4191 1578 4249 λαόν.
1600 4215 1618 4248 ι
1661 4198 1751 4260 Τὸ,
1789 4215 1807 4246 ι
1831 4197 1921 4248 Βεε

2089 4200 2190 4263 nis,
2221 4209 2279 4251 ut
2313 4213 2416 4252 non
2442 4198 2671 4251 dimittat
2699 4197 2945 4262 populum
2970 4196 3035 4246 ’⁸.
3060 4213 3078 4244 ι
3121 4195 3290 4259 Quod,
3333 4205 3453 4261 post
3495 4209 3607 4246 mu-

376 4301 581 4358 ρυται
611 4284 645 4352 ἠ
681 4283 874 4351 καρδία
902 4281 1125 4350 Φαραὼ,
1155 4300 1174 4332 ι
1213 4282 1498 4350 λεγόμενον
1525 4283 1625 4335 ὑπὸ
1646 4284 1737 4336 τοῦ
1769 4285 1925 4353 Κυρίι

2089 4297 2246 4341 tatam
2278 4287 2330 4340 in
2375 4295 2668 4352 serpentem
2716 4285 2917 4350 virgam
2969 4282 3166 4342 Aaron,
3212 4297 3273 4334 at:
3326 4291 3600 4348 postquam

375 4374 554 4444 μετὰ
577 4372 684 4440 τὴν
705 4370 1125 4439 μεταϐαλοῦσαν
1153 4372 1234 4430 εις
1257 4370 1520 4439 δράκοντα
1547 4372 1730 4441 ῥάϐδον
1756 4373 1847 4425 τοῦ
1883 4375 1924 4424 Ἀ

2091 4379 2178 4431 illa
2207 4378 2473 4445 Magorum
2505 4377 2685 4440 virgas
2715 4371 3048 4439 deglntierat,
3077 4386 3106 4421 a
3135 4370 3355 4423 Domino
3378 4370 3568 4421 dicitur
3592 4387 3603 4422 :

374 4462 542 4533 ρὼν,
581 4461 682 4511 καὶ
705 4457 1088 4512 καταπιοῦσαν
1111 4458 1214 4520 τὰς
1235 4457 1342 4510 τῶν
1360 4459 1559 4526 Μάγων
1584 4462 1820 4530 ῥάϐδους,
1851 4463 1923 4525 ἄξε

2096 4481 2115 4514 ι
2140 4465 2501 4531 Aggravatum
2533 4471 2614 4513 est
2656 4473 2747 4511 cor
2774 4457 3086 4518 Pharaonis,
3111 4474 3130 4506 ι
3182 4471 3354 4524 Opera:
3383 4457 3605 4522 pretium

374 4552 560 4613 ἰδεῖν,
601 4547 655 4599 ει
706 4546 900 4616 ἔτερόν
945 4547 1067 4597 ἐστι.
1097 4544 1223 4604 τοῦ,
1243 4563 1259 4592 ι
1280 4547 1624 4617 ἐσκληρύνθαι
1654 4551 1747 4619 τὴν
1778 4551 1923 4620 καρδὶ

2090 4559 2172 4602 est
2217 4550 2400 4600 videre
2447 4549 2584 4600 sitne
2619 4545 2757 4597 aliud
2801 4545 2867 4596 ab
2901 4559 2982 4606 eo,
3013 4544 3150 4610 quod
3188 4545 3378 4608 sacpius
3413 4544 3604 4594 dictum

367 4637 628 4708 Φαραώ,
651 4655 672 4687 r
708 4634 1006 4703 λεγομένου
1017 4635 1560 4698 πολλάκις,κα”ιτοῦ,ι
1578 4639 1916 4706 κατισχυκένα

2090 4648 2190 4702 est,
2208 4638 2547 4689 «induratum
2571 4650 2690 4688 esse
2715 4649 2808 4686 cor
2829 4633 3140 4696 Pharaonis,
3171 4645 3233 4683 ac
3261 4631 3561 4685 invaluissc.
3587 4647 3605 4679 ι

369 4730 503 4784 Καὶ
537 4725 660 4795 γὰρ
689 4723 787 4776 καὶ
814 4722 982 4775 τοῦτο
1016 4719 1208 4781 οὕτως
1237 4721 1467 4790 εἴρηται,
1497 4741 1515 4772 ι
1545 4725 1649 4775 Καὶ
1680 4725 1918 4794 κατεσχυτ

2091 4725 2222 4777 Nam
2258 4724 2354 4778 hoc
2385 4738 2593 4792 quoque
2629 4724 2699 4774 ita
2734 4723 2928 4773 dictum
2973 4729 3054 4774 est
3083 4737 3095 4772 :
3130 4739 3148 4768 ι
3175 4720 3235 4771 Et
3269 4719 3488 4771 invaluit
3522 4732 3613 4770 cor

365 4822 411 4888 ἡ
452 4816 669 4888 καρδία
721 4812 948 4883 Φαραὼ,
1003 4811 1110 4864 καὶ
1139 4811 1249 4862 οὐκ
1273 4812 1578 4880 εῑσήκουσεν
1617 4814 1787 4866 αὐτῶν
1818 4815 1914 4867 καθ

2062 4820 2067 4849 ’
2096 4812 2404 4876 Pharaonis,
2433 4821 2485 4864 et
2517 4825 2618 4863 non
2651 4809 2850 4862 audivit
2875 4823 2985 4872 eos,
3029 4809 3168 4860 sicut
3197 4808 3403 4861 locutus
3440 4807 3611 4859 fuerat

369 4907 624 4974 ἑλάλησε
655 4902 892 4972 Κύριος.
918 4917 940 4949 ι
978 4899 1156 4948 Δοκεῖ
1185 4896 1247 4947 δέ
1281 4913 1368 4965 μοι
1398 4898 1554 4966 ή’μὲν
1580 4898 1838 4951 ἐνδιδοῦσα
1865 4918 1918 4952 κο

2097 4902 2368 4955 Dominus.
2395 4918 2414 4951 ι
2458 4899 2583 4952 Mihi
2608 4899 2812 4952 videtur
2837 4912 2928 4950 cor
2960 4897 3082 4950 illud
3110 4897 3250 4964 quod
3280 4895 3435 4959 cedit,
3467 4909 3527 4947 ac
3557 4908 3614 4946 se

365 4997 472 5048 δία
506 4993 648 5064 πρὸς
676 4991 749 5043 τὰ
786 4989 938 5050 θεῖα,
992 4983 1390 5036 ἀπαλύνεσθαι
1413 4986 1500 5038 καὶ
1530 4987 1600 5055 μὴ
1633 4987 1828 5056 ἰσχύειν
1854 4991 1914 5041 ἀν

2097 4990 2254 5044 facile
2287 4988 2485 5057 praebet
2535 4989 2599 5042 ad
2626 4987 2824 5049 divina,
2870 4985 3116 5048 emolliri,
3165 4999 3261 5036 nec
3291 4999 3442 5052 posse
3477 4979 3611 5033 resi-

370 5083 603 5137 στασθαι
628 5084 698 5150 τῇ
730 5077 1024 5145 θειότητι,
1065 5071 1181 5123 καὶ
1217 5072 1296 5141 μὴ
1329 5072 1646 5142 βαρύνεσθαι,
1679 5075 1809 5142 μηδὲ
1840 5075 1919 5126 Eb

2093 5088 2236 5133 stere
2295 5079 2500 5141 deitati,
2550 5093 2648 5130 nec
2693 5076 2920 5144 gravari,
2973 5089 3068 5128 nec
3097 5073 3300 5126 inferne
3335 5072 3385 5124 in
3416 5081 3611 5121 terram

428 5197 472 5231 οι
520 5191 704 5248 Exod.
746 5201 896 5248 vut,
948 5183 1016 5235 2.
1133 5178 1188 5210 ”
1243 5178 1404 5233 Exod.
1444 5197 1500 5244 ι,
1538 5182 1587 5235 5.
1674 5183 1720 5213 ”
1757 5185 1928 5242 Exod.
1973 5203 1977 5239 ι

2063 5185 2152 5252 29,
2185 5187 2272 5242 50.
2355 5185 2401 5218 ⁸⁵
2422 5184 2592 5240 Exod.
2614 5199 2696 5248 ιιι,
2717 5184 2804 5236 21.
2875 5184 2920 5215 ⁸⁸
2939 5182 3072 5236 Gen.
3097 5195 3182 5241 xv,
3207 5179 3291 5231 Η.
3377 5176 3422 5206 ⁸⁸
3444 5173 3609 5227 Exod.

399 5313 525 5426 {69)
567 5353 706 5404 Ἔτι
763 5346 958 5398 Deest
993 5338 1059 5389 in
1104 5335 1260 5388 libb.
1282 5345 1425 5388 antea
1450 5340 1610 5404 editis,
1643 5358 1735 5396 nec
1761 5344 1990 5398 nonista
2167 5345 2276 5416 (70)
2314 5344 2623 5413 Fragmenta
2679 5341 2790 5412 hate
2839 5340 3108 5415 desumpta
3155 5341 3277 5385 sunt
3325 5313 3611 5404 aschedis

399 5444 442 5454 η.
471 5421 652 5454 ..-ηιη
687 5414 852 5454 intra
892 5409 1211 5454 leguntur
1231 5416 1250 5452 :
1281 5401 1340 5451 τὸ
1371 5403 1480 5454 γὰρ.
1507 5407 1599 5454 ἕως
1622 5411 1756 5454 τινος
1779 5414 1843 5454 οὐ
1880 5411 1996 5454 3mi-
2099 5431 2225 5454 mu-
2259 5412 2555 5454 Cnmtmngii
2587 5411 2674 5454 nni
2705 5423 2765 5454 ea
2795 5414 3072 5454 exscripsit
3112 5417 3141 5452 ιι
3171 5413 3297 5450 ntss.
3331 5392 3614 5446 btbltothv

316 5407 652 5497 “.3973:qu
687 5414 852 5469 infra
892 5409 1211 5471 Ιθειιιιιιιτ
1231 5416 1250 5452 ³
1281 5407 1340 5478 7?
1371 5407 1480 5471 γάρ,
1507 5407 1599 5469 ἕως
1622 5411 1756 5492 τινος
1779 5414 1843 5463 οὐ
1879 5411 1996 5480 βού·
2099 5407 2226 5469 ιιιεέ.
2259 5407 2676 5482 Εοιηιιῖιῐίεἱί,(ιι.ιί
2705 5407 2765 5461 ea
2795 5407 3072 5470 exscripsit
3112 5417 3141 5452 ιι
3171 5413 3297 5450 mss.
3331 5407 3380 5445 ω

306 5499 387 5552 λει
419 5480 815 5562 ἐντραπῆναί
834 5469 1158 5562 litauit-Bg
1191 5477 1528 5525 restituuntur
1564 5489 1878 5534 auctoritate
1903 5496 1994 5534 co-
2097 5499 2171 5537 cae
2200 5479 2388 5551 Regia.

297 5547 489 5624 dicam
523 5547 1185 5612 'urauirscriptorum.
