3922 6236
452 575 642 626 divina:
674 571 988 623 adversatur
1012 564 1288 627 voluntati,
1325 559 1558 614 indurari
1584 564 1637 612 et
1667 558 1835 611 instar
1862 556 1991 622 lapi-

453 669 534 720 dis
561 674 896 732 repercutere
957 677 1021 715 ac
1048 659 1302 727 repellere
1331 669 1647 718 sermonem,
1680 668 1877 721 perque
1904 666 1993 706 su-

455 755 696 823 perbiam
732 767 848 804 cum
891 749 1120 818 quadam
1155 745 1271 798 falsi
1310 742 1539 796 nominis
1565 740 1872 794 fortitudine
1905 753 1990 793 re-

454 841 664 894 sistere.
703 838 929 891 Necesse
975 843 1146 887 antem
1177 839 1259 885 est
1302 839 1359 883 ut
1387 844 1481 883 cor
1506 829 1583 881 sic
1606 836 1991 894 comparatum,

458 944 486 981 a
520 926 753 994 nequitia
782 939 899 991 quae
932 930 1119 987 suapte
1165 918 1319 985 genio
1369 916 1614 968 deorsum
1646 912 1837 977 vergit,
1886 922 1995 963 tra-

457 1026 601 1069 ctum
628 1023 897 1082 gravetur.
940 1008 1050 1061 Non
1087 1018 1258 1060 tamen
1289 1005 1399 1057 haec
1428 1003 1613 1056 eadem
1651 1001 1853 1052 ratione
1879 1011 1997 1051 cor-

461 1106 511 1157 di
544 1103 816 1163 cveniunt,
852 1112 1155 1166 quanquam
1203 1094 1293 1148 uni
1338 1093 1616 1157 eidemque
1663 1086 1809 1143 cordi
1857 1085 1996 1139 malo

460 1191 654 1246 accidit
685 1198 743 1242 ut
778 1188 1064 1242 invalescat
1113 1192 1165 1237 et
1213 1190 1481 1251 gravetur.
1517 1178 1670 1240 Nam,
1717 1174 1997 1229 utalicubi

459 1282 659 1334 dictum
704 1287 805 1341 est,
851 1290 944 1330 cor
982 1274 1137 1327 modo
1166 1271 1425 1337 lapideum
1473 1271 1531 1320 [lt
1597 1275 1653 1320 et
1686 1262 1997 1324 indurescit,

460 1371 619 1423 modo
649 1369 844 1422 divinae
872 1374 1076 1420 natura:
1099 1378 1201 1416 non
1233 1360 1372 1415 cedit
1399 1368 1457 1411 ut
1487 1354 1876 1426 prastantiori;
1906 1351 1997 1404 sed

459 1468 645 1511 contra
690 1455 942 1509 obnitens
972 1452 1224 1506 adversus
1255 1448 1419 1501 Deum
1464 1458 1701 1515 pugnare
1757 1452 1813 1496 et
1844 1443 1996 1495 inva-

459 1547 668 1602 lesccre
700 1544 917 1597 dicitur.

536 1653 555 1686 ι
583 1636 723 1688 Dixit
753 1640 929 1686 autem
963 1628 1011 1683 ei
1045 1627 1291 1696 Moyses:
1324 1623 1455 1678 Cum
1487 1634 1733 1690 egressus
1766 1619 1912 1670 fuero
1937 1616 2000 1669 de

462 1724 701 1784 civitate,
753 1720 1051 1786 expandam
1093 1729 1280 1769 manus
1316 1726 1461 1766 meas
1507 1710 1574 1761 ad
1612 1708 1907 1770 Dominum,
1947 1713 2001 1756 et

464 1828 623 1868 vaces
659 1810 969 1871 cessabunt,
1022 1816 1076 1860 et
1121 1805 1342 1873 grando,
1393 1811 1448 1855 et
1491 1798 1663 1869 pluvia
1715 1796 1848 1848 ultra
1897 1810 1998 1848 non

463 1904 568 1957 erit
588 1901 654 1953 "’.
682 1918 701 1950 ι
738 1897 986 1953 Omnium
1016 1894 1157 1948 enim
1188 1889 1367 1961 opifex
1398 1886 1616 1958 imperio
1644 1892 1883 1938 naturam
1917 1893 2005 1933 ce-

465 1989 682 2043 dentem
718 1986 897 2040 habet.

574 2075 835 2142 Ejusdem.
915 2067 1318 2126 Observandum
1380 2070 1599 2117 estnon
1647 2057 1824 2112 omnia
1856 2056 2002 2126 Moy-

463 2170 573 2209 scm
604 2158 836 2224 prodigia
873 2156 1054 2209 facere
1077 2155 1246 2219 virga,
1275 2152 1367 2203 sed
1391 2157 1446 2201 et
1474 2148 1715 2200 manibus
1740 2155 1793 2199 et
1820 2145 2000 2209 verbo,

468 2258 534 2294 ne
582 2244 758 2310 virga!
787 2243 892 2296 vim
941 2240 1162 2310 magicis
1195 2235 1481 2305 praestigiis
1521 2234 1732 2302 plurimi
1768 2234 2002 2287 ascribe-

464 2339 601 2383 rent.

536 2435 554 2468 ι
581 2416 755 2471 Tollat
803 2414 1174 2483 unusquisque
1226 2424 1376 2465 ovem
1425 2422 1518 2477 per
1547 2408 1735 2460 domos
1774 2406 2005 2459 familia-

471 2521 586 2559 rum
609 2506 675 2569 ’⁸,
700 2524 718 2558 ι
767 2513 872 2558 etc.
913 2505 956 2556 A
990 2503 1197 2556 decimo
1219 2500 1370 2568 jubet
1400 2511 1550 2550 ovem
1582 2510 1815 2557 sumere,
1847 2505 2004 2562 atque

468 2595 534 2646 ad
566 2602 813 2660 quartum
850 2592 1111 2645 decimum
1160 2602 1329 2654 usque
1363 2586 1503 2637 diem
1533 2583 1694 2645 alere,
1728 2581 1880 2650 122
1911 2596 2008 2633 no-

463 2694 690 2747 menque
721 2681 1011 2746 imponere,
1048 2677 1271 2729 dicendo
1304 2692 1318 2727 :
1349 2673 1475 2727 Ovis
1513 2672 1600 2725 hic
1634 2672 1698 2722 ad
1731 2673 1832 2724 hoc
1861 2682 1914 2723 et
1939 2672 2003 2723 ad

465 2769 590 2823 illud
622 2767 953 2828 immolatur;
1001 2765 1075 2817 ita
1109 2772 1166 2816 ut
1195 2761 1270 2815 illi
1308 2762 1490 2815 decem
1527 2761 1737 2812 nomina
1768 2774 1870 2811 non
1909 2773 2002 2811 sn-

467 2867 676 2928 perent.
717 2856 1027 2909 lmmolatur
1057 2863 1235 2905 autem
1268 2849 1389 2902 luna
1417 2860 1606 2919 quarta
1639 2851 1842 2902 decima
1869 2849 2005 2901 inter

470 2947 671 3001 medias
698 2958 966 3013 vesperas,
994 2943 1276 2996 inchoante
1305 2945 1488 3008 quinta
1517 2941 1744 3000 decima.
1776 2947 1834 2991 ut
1860 2954 1889 2991 a
1919 2938 2003 2992 die

467 3051 574 3106 quo
601 3034 850 3097 sumitur,
877 3032 942 3084 ad
975 3045 1095 3084 eum
1121 3045 1226 3099 quo
1258 3029 1583 3092 immolatur,
1632 3028 1865 3095 quinque
1892 3027 2004 3080 dies
2029 3034 2071 3091 ς,

466 3127 853 3185 intercurrant,
889 3121 1099 3189 quando
1123 3121 1276 3188 pleno
1306 3119 1431 3172 luna
1460 3124 1591 3172 orbe
1625 3116 1789 3170 lucet.

541 3212 710 3267 «Ovis
759 3212 1047 3279 perfectus,
1098 3210 1389 3272 masculus,
1440 3208 1718 3262 anniculus
1763 3207 1866 3260 erit
1910 3222 2006 3259 vo-

470 3302 553 3355 bis
575 3302 640 3354 ".
670 3320 689 3352 ι
742 3300 1037 3354 Anniculus
1086 3301 1202 3353 ovis
1226 3298 1471 3352 Christus
1500 3305 1602 3351 est.
1643 3296 1818 3349 Nihilo
1863 3297 2004 3349 eltim

467 3403 588 3441 eum
627 3387 843 3441 destitui
893 3397 987 3441 aut
1031 3387 1081 3442 ei
1128 3386 1327 3455 aliquid
1362 3385 1545 3440 deesse
1573 3400 1666 3454 per
1705 3400 1900 3437 annum
1932 3386 2005 3438 si-

470 3476 774 3545 gniﬁcalur.

545 3581 565 3614 ι
591 3563 653 3616 Ει
682 3562 1030 3617 immolabnnt
1067 3578 1186 3617 eum
1232 3564 1405 3617 omnis
1442 3561 1720 3616 multitudo
1745 3571 1913 3615 ctetus
1944 3560 2007 3612 ii-

468 3650 661 3706 liorum
699 3652 861 3705 Israel
895 3654 959 3705 ad
995 3666 1271 3720 vesperam
1298 3653 1338 3706 ι.
1367 3671 1385 3704 ι
1429 3652 1509 3705 Ad
1558 3664 1833 3719 vesperam
1857 3649 2009 3715 jube-

469 3755 589 3795 mnr
615 3755 765 3794 ovem
802 3741 1102 3806 immolare,
1134 3742 1275 3809 quod
1301 3750 1537 3794 extrema
1566 3741 1695 3793 hora
1730 3754 1886 3792 verus
1915 3752 2008 3792 no-

467 3836 583 3881 ater
608 3828 741 3890 ovis,
779 3828 1022 3882 SaIVator
1053 3828 1107 3881 in
1137 3829 1390 3881 mundum
1424 3827 1649 3880 venerit.

542 3999 652 4054 «Et
695 4008 907 4053 snment
956 3999 1023 4053 de
1073 4000 1357 4066 sanguine,
1403 4007 1454 4051 et
1478 4004 1672 4064 ponent
1692 4008 1850 4062 super
1877 3995 2010 4047 duos

469 4100 648 4159 postes
672 4099 725 4144 et
749 4104 907 4155 super
935 4088 1117 4152 limen,
1147 4089 1198 4140 in
1231 4088 1480 4140 domibus
1501 4086 1545 4147 ’,
1564 4103 1584 4135 ι
1621 4093 1723 4138 etc.
1761 4082 2010 4136 lmmola-

471 4195 609 4240 mus,
644 4193 706 4230 ac
735 4177 919 4230 domos
955 4184 1183 4236 nostras,
1214 4176 1316 4227 hoc
1348 4184 1433 4226 est
1477 4188 1694 4240 corpus,
1753 4171 2009 4239 sanguine

473 4263 740 4331 iungimus,
789 4261 833 4313 si
880 4261 1091 4327 quidem
1129 4260 1307 4312 unctio
1334 4259 1467 4312 ﬁdes
1512 4268 1594 4311 est
1634 4259 1686 4310 in
1715 4258 2005 4321 Christum,

472 4364 575 4418 qua
597 4349 1027 4402 exterminatoris
1056 4347 1339 4414 potentiam
1380 4346 1545 4399 everti
1576 4346 1858 4399 credimus.
1891 4345 2005 4399 Jam
2040 4330 2082 4387 D

474 4449 649 4492 autem
696 4438 861 4501 uncti,
895 4440 945 4491 id
992 4446 1095 4498 est,
1143 4445 1418 4505 postquam
1466 4435 1663 4489 Christi
1711 4435 1867 4489 [idem
1903 4450 2012 4488 am-

472 4529 612 4597 plexi
643 4543 844 4590 sumus,
881 4536 986 4579 tum
1019 4527 1083 4579 ad
1113 4540 1260 4579 esum
1288 4526 1470 4579 venire
1509 4525 1779 4592 jnbcmur,
1818 4540 1920 4579 non
1955 4534 2012 4578 ut

475 4617 684 4677 crudae,
732 4624 825 4667 aut
859 4623 1037 4668 coctas
1084 4628 1243 4682 aqua,
1273 4616 1367 4667 sed
1415 4623 1470 4667 ut
1499 4614 1605 4682 igni
1632 4629 1781 4669 assas
1818 4628 2010 4667 carnes

476 4707 839 4762 comedamus.

551 4796 899 4863 «Quicunque
944 4805 1120 4851 autem
1168 4797 1459 4853 comederit
1506 4798 1843 4862 fermentum,
1898 4798 2005 4851 dis-

477 4883 731 4953 perdetnr
764 4884 936 4936 anima
967 4885 1053 4938 illa
1084 4884 1150 4937 de
1174 4884 1332 4938 Israel
1357 4885 1397 4938 ³.
1419 4903 1436 4936 ι
1473 4885 1672 4939 Peribit
1696 4886 1852 4939 homo
1882 4900 2005 4952 pro-

478 4980 596 5039 pter
646 4969 984 5034 fermentum,
1033 4981 1086 5027 ct
1125 4974 1487 5027 universorum
1544 4974 1679 5027 Deus
1719 4974 1808 5040 qui
1869 4973 2009 5041 leges

479 5061 670 5123 sancit,
706 5076 806 5128 qua
842 5062 1042 5115 ratione
1069 5063 1325 5131 disperdit
1365 5063 1647 5122 inmchnm,
1674 5077 1775 5130 qua
1806 5062 2008 5115 ratione

480 5149 739 5217 disperdit
772 5150 1090 5214 adulterum,
1136 5168 1238 5219 qua
1290 5151 1494 5204 ratione
1544 5150 1803 5219 disperdit
1843 5151 2005 5202 cina:-

480 5238 629 5301 dum,
658 5238 842 5292 eadem
875 5239 1126 5307 disperdit
1171 5240 1452 5295 habentem
1488 5243 1802 5294 fermentum
1833 5239 1884 5289 in
1913 5238 2007 5290 do-

480 5344 568 5383 mo
597 5344 691 5382 sua
719 5331 803 5383 die
828 5347 1153 5407 azymorum.
1194 5335 1272 5385 An
1310 5334 1409 5386 huc
1441 5332 1545 5385 Deo
1574 5327 1830 5398 dignum?
1878 5327 2011 5379 llnc-

482 5429 552 5471 ne
592 5417 690 5486 legi
724 5418 927 5474 cmlesti
954 5423 1409 5477 consentaneum?
1446 5421 1638 5476 Verum
1687 5415 1930 5479 dixerim,
1965 5413 2009 5467 si

553 5566 601 5601 "
625 5569 786 5626 Exod.
814 5586 889 5635 Ix,
910 5573 998 5628 ΞΟ.
1074 5575 1120 5608 ’⁸
1144 5574 1307 5630 Exod.
1331 5588 1426 5640 ιιι,
1452 5573 1506 5628 3.
1580 5571 1625 5605 "
1653 5570 1777 5625 ibid.
1805 5569 1857 5625 5.
1932 5572 1954 5603 "
1974 5570 2101 5630 ibid.

1947 335 2239 398 ORIGENE

3614 302 3705 358 281

2088 455 2208 508 σθαι
2235 450 2383 504 κάτω
2410 447 2489 508 είς
2531 444 2634 512 γῆν
2678 440 2772 494 καὶ
2800 439 2950 507 ὕλην
2970 451 2987 465 ·
3030 433 3070 502 ή
3106 430 3172 483 δὲ
3209 422 3601 481 ἀντιτείνουσα
3625 421 3710 512 καί

2089 538 2466 607 ὲναντιουμένη
2497 510 2728 601 causa?
2774 527 3135 598 βουλήματι,
3182 511 3604 607 σκληρύνεσθαι
3627 510 3712 565 καὶ

2088 600 2389 684 ἀντιτυπείν
2418 600 2568 692 δίκην
2594 619 2758 681 λίθου,
2789 616 2889 669 καὶ
2938 603 3395 679 ἀποκρούεσθαι
3421 601 3516 692 τον
3545 600 3711 692 λόγον,

2089 721 2182 773 καὶ
2231 718 2349 770 κατ’
2382 688 2628 767 ἀπόνοιαν
2660 703 3028 761 ἀνθίστασθαι
3071 697 3231 768 μετά
3268 707 3428 752 τινος
3457 688 3713 757 ψευδωνύ-

2093 824 2193 876 μου
2224 804 2419 873 ἰσχύος.
2457 798 2687 864 Ἀνάγκη
2715 794 2772 846 δὲ
2802 791 2903 861 τὴν
2934 786 3230 853 τοιαύτην
3263 778 3510 876 καρδίαν

2090 866 2321 965 κομένην
2364 891 2465 943 ὑπὸ
2494 888 2592 956 τῆς
2640 883 2838 944 κακίας
2868 878 3054 947 οὔσης
3119 867 3550 965 κατωφεροῧςὶ
3564 866 3716 965 βαρύῖ

2090 956 2290 1039 νεῖσθαι,
2345 981 2417 1032 Uti
2456 978 2559 1050 μὴν
2587 974 2726 1028 κατὰ
2774 971 2873 1040 τὴν
2903 967 3097 1037 αὐτὴν
3149 962 3422 1015 διάνοιαν
3449 956 3624 1011 ταῦτα
3654 958 3714 1026 τῇ

2092 1075 2285 1145 καρδίᾳ
2334 1045 2634 1139 συμϐαίνει,
2691 1066 2739 1117 εἰ
2789 1062 2885 1114 καὶ
2919 1045 3716 1145 μιᾷκαὶ-τῇ-αύτῇουμιϐέ-

2095 1131 2227 1232 ϐηκε
2261 1131 2450 1227 ’φαύλῃ
2480 1154 2614 1225 οὔσῃ
2646 1151 2707 1204 τὸ
2747 1144 3079 1216 κατισχύειν
3119 1140 3227 1193 καὶ
3273 1138 3343 1190 τὸ
3376 1131 3714 1232 βαρύνεσθαι.

2106 1223 2169 1303 Ἰέί
2203 1223 2452 1318 μὲνγὰρ,
2497 1243 2571 1304 ὼς
2587 1223 2815 1310 εἴρηταί
2842 1252 2973 1298 που,
3007 1231 3215 1298 λιθίνη
3264 1228 3495 1318 γίνεται
3534 1223 3569 1292 ἡ
3598 1238 3716 1318 καρ-

2095 1338 2181 1390 δία
2203 1310 2302 1388 ’καὶ
2333 1310 2685 1402 σκληρύνει-σαι
2705 1344 2718 1357 ’
2753 1328 2786 1395 ἡ
2818 1325 2875 1376 δὲ
2902 1322 2964 1374 οὑ
3019 1317 3393 1389 παραχωρεῖ
3442 1314 3523 1374 ὡς
3554 1310 3718 1402 κρείτέ

2095 1442 2206 1477 τονι
2236 1426 2302 1493 τῇ
2345 1400 2680 1490 θείανφύσει·
2716 1412 2853 1466 ἀλλά
2898 1408 3226 1478 θεομαχεῖν
3288 1403 3569 1472 ἱσταμένη
3610 1400 3717 1453 κατ’

2096 1513 2261 1581 αὐτῆς
2298 1511 2391 1563 καὶ
2421 1508 2621 1577 ἰσχύειν
2648 1504 2889 1570 λέγεται.

2170 1620 2189 1651 ι
2214 1575 2347 1653 Eine
2379 1598 2434 1651 δὲ
2461 1575 2608 1664 ἀξιτῷ
2639 1592 2904 1660 Μωῦσῆς,
2938 1586 3037 1647 Ὠς
3062 1582 3141 1637 ἂν
3171 1575 3401 1641 ἐξέλθω
3426 1578 3528 1649 τὴν
3556 1576 3716 1641 πόλιν,

2098 1689 2379 1744 ὲκπετάσω
2425 1685 2522 1748 τὰς
2556 1682 2743 1753 χεῖράς
2792 1697 2895 1750 μου
2928 1677 3083 1747 πρὸς
3120 1671 3379 1740 Κύριον,
3409 1668 3508 1721 καὶ
3542 1666 3597 1719 αι
3620 1682 3719 1733 φω-

2101 1779 2189 1833 ναί⁸
2235 1775 2547 1836 παύσονται,
2596 1771 2690 1824 καὶ
2718 1773 2752 1840 ἠ
2790 1766 3034 1839 χάλαζα,
3087 1763 3198 1816 καὶ
3258 1763 3291 1813 ὁ
3344 1758 3508 1820 ὑετὸς
3550 1756 3716 1809 οὐκέτι

2104 1868 2270 1920 ἔσται.
2299 1883 2316 1915 ι
2359 1865 2415 1915 '0
2451 1861 2559 1931 γὰρ
2588 1859 2805 1911 πάντων
2826 1850 3196 1925 δημιουργὸς
3234 1849 3389 1918 πρὸς
3418 1847 3521 1916 τὴν
3546 1844 3718 1898 κέλευ-

2105 1972 2187 2009 σιν
2210 1952 2306 2023 τὴν
2331 1951 2487 2020 φύσιν
2512 1950 2762 2000 εἴκουσαν
2792 1944 2931 2014 ἔχει.

2223 2022 2336 2090 Τοῦ
2395 2033 2601 2089 αὑτοῦ.
2649 2033 3000 2104 Σημειωτὲον
3049 2029 3157 2081 ὅτι
3198 2028 3266 2079 ού
3306 2025 3499 2078 πάντα
3542 2025 3606 2092 τῇ
3631 2022 3716 2091 ῥά-

2103 2122 2207 2191 ϐδῳ
2232 2121 2579 2192 τερατουργεῖ
2608 2117 2868 2184 Μωῦσῆς,
2913 2115 3065 2168 ἀλλά
3092 2113 3203 2167 καὶ
3243 2113 3415 2184 χερσὶ
3441 2111 3539 2164 καὶ
3564 2111 3710 2180 λόγῳ,

2102 2211 2188 2262 ἵνα
2236 2209 2308 2278 μὴ
2349 2208 2445 2277 τὴν
2488 2205 2676 2276 ῥάϐδον
2727 2204 2999 2273 μαγικαῖς
3054 2200 3326 2263 ἀπάταις
3374 2197 3646 2251 τελεῖσθαι
3669 2198 3713 2249 οἱ

2101 2291 2282 2349 πολλοὶ
2310 2295 2591 2365 νομίσωσι.

2176 2405 2193 2435 ι
2218 2386 2537 2437 Λαϐέτωσαν
2580 2382 2809 2441 ἕκαστος
2853 2377 3155 2448 πρόϐατον
3215 2378 3350 2431 κατ’
3399 2378 3585 2448 οἴκους
3625 2391 3713 2427 πα-

2101 2473 2264 2542 τριῶν
2283 2489 2298 2504 ο
2336 2491 2354 2520 ι
2393 2472 2487 2523 καὶ
2517 2469 2585 2523 τά
2608 2469 2753 2539 ἑξῆς.
2782 2446 2918 2520 Ἀπδ
2960 2468 3074 2537 τῆς
3133 2468 3399 2539 δεκάτης
3430 2446 3563 2536 φῆσι
3589 2465 3710 2535 λαμ-

2103 2560 2280 2612 ϐάνειν
2329 2559 2591 2629 πρόϐατον
2623 2559 2716 2610 καὶ
2745 2558 2971 2627 τρέφειν
3029 2558 3154 2620 ἕως
3193 2558 3281 2609 ιδ’-
3317 2558 3421 2610 καὶ
3467 2556 3711 2624 ἐπονομά-

2105 2663 2191 2699 σαι
2221 2645 2494 2713 λέγοντας,
2523 2643 2689 2696 Τοῦτο
2718 2647 2779 2698 τὸ
2824 2646 3126 2716 πρόϐατον
3165 2646 3372 2699 θύεται
3411 2646 3551 2716 ὑπὲρ
3575 2642 3711 2696 τοῦδε

2102 2734 2192 2786 καὶ
2236 2731 2417 2784 τοῦδε·
2466 2732 2562 2800 οὐχ
2612 2731 3074 2801 ὑπερϐαινόντων
3125 2733 3326 2787 αὐτῶν
3361 2740 3394 2785 ι’
3429 2731 3706 2800 ὀνομάτων·

2102 2822 2196 2874 καὶ¹
2226 2823 2290 2890 τῇ
2343 2819 2400 2871 ιδ’
2432 2818 2641 2878 θύεται,
2663 2820 2940 2887 ἀνάμεσον
2992 2823 3137 2876 τῶν
3172 2821 3520 2893 ὲσπερινῶν,
3566 2821 3709 2892 ἀρχο-

2106 2911 2268 2980 μένης
2308 2908 2406 2977 τῆς
2441 2914 2518 2959 ιε’·
2549 2908 2624 2971 ὡς
2670 2910 2919 2976 γίνεσθαι
2968 2912 3095 2964 ἀπὸ
3147 2913 3261 2980 τῆς
3308 2912 3529 2982 λήψεως
3567 2910 3714 2980 μέχρι

2103 3002 2199 3068 τῆς
2227 2999 2429 3060 θύσεως
2456 2998 2666 3069 ἡμέρας
2689 3006 2752 3062 ε’,
2806 3001 2899 3052 ὅτε
2931 3001 3172 3073 πλῆρές
3212 3005 3339 3056 ἐστι
3382 3002 3476 3072 τῆς
3506 3000 3711 3070 σελήνης

2102 3090 2161 3142 τὸ
2187 3089 2320 3157 φῶς.

2175 3197 2194 3228 ι
2222 3177 2493 3248 Πρόϐατον
2524 3178 2751 3242 τέλειον,
2785 3178 2980 3249 ἄρσεν,
3011 3181 3322 3235 ἐνιαύσιον
3342 3182 3498 3234 ἔσται
3528 3181 3665 3250 ὑμῖν.
3690 3194 3707 3227 ι

2115 3266 2408 3320 Ἐνιαύσιον
2437 3266 2701 3336 πρόϐατον
2742 3270 2771 3320 6
2800 3268 3048 3338 Χριστός
3089 3271 3241 3323 ἐστι.
3289 3272 3369 3324 To
3402 3272 3513 3340 γὰρ
3542 3274 3597 3323 ὲν
3623 3284 3714 3338 μη·

2102 3351 2210 3404 δενὶ
2240 3352 2576 3422 ὑστερεῖσθαι
2604 3353 2739 3423 μηδὲ
2771 3353 2996 3416 ἐλλιπές
3031 3372 3100 3409 τι
3133 3356 3296 3427 ἔχειν
3325 3358 3420 3412 διὰ
3442 3358 3537 3410 τοῦ
3561 3359 3715 3410 ὲνιαυο

2103 3439 2195 3493 τοῦ
2218 3441 2485 3510 δηλοῦται.

2178 3548 2196 3579 ι
2219 3531 2327 3582 Καὶ
2373 3530 2659 3598 σφάξουσιν
2705 3530 2837 3584 αὐτὸ
2882 3532 2997 3586 πᾶν
3027 3534 3105 3586 τὸ
3141 3534 3365 3605 πλῆθος
3411 3533 3716 3603 συναγωγῆς

2105 3616 2233 3670 υἱῶν
2277 3617 2487 3686 Ἰσραὴλ
2536 3617 2669 3687 πρὸς
2716 3619 2977 3687 ἑσπέραν.
3005 3638 3024 3669 ι
3083 3624 3247 3693 Πρὸς
3283 3624 3533 3696 ἑσπέραν
3562 3625 3617 3678 δὲ
3640 3639 3719 3675 κε·-

2104 3705 2369 3775 λευόμεθα
2417 3704 2611 3772 σφάξαι
2642 3705 2702 3760 τὸ
2745 3706 3053 3777 πρόϐατον,
3119 3714 3331 3784 ἐπειδὴ
3387 3714 3487 3769 καὶ
3532 3711 3720 3781 ἐσχάτῃ

2329 3793 2574 3863 ἀληθινὸν
2600 3794 2755 3864 ἡμῶν
2779 3796 3065 3866 πρόϐατον
3094 3803 3188 3866 είς
3220 3803 3319 3855 τὸν
3345 3803 3555 3874 κόσμον
3573 3799 3719 3873 ἦλθεν

2305 3900 2355 3953 ρ.

2305 3900 2355 3953 ρ.

2179 4014 2197 4045 ι
2219 3996 2328 4048 Καὶ
2358 3994 2611 4064 λήψονται
2636 3995 2741 4047 ἀπὸ
2763 3994 2857 4048 τοῦ
2889 3997 3175 4067 αἵματος,
3206 4007 3311 4060 καὶ
3343 4007 3611 4078 θήσουσιν
3640 4005 3724 4058 ἐπὶ

2105 4085 2210 4137 τῶν
2234 4085 2324 4138 δύο
2347 4083 2619 4154 σταθμῶν,
2654 4086 2746 4136 καὶ
2768 4085 2861 4136 ἐπὶ
2891 4087 2997 4152 τὴν
3021 4091 3237 4158 φλιάν,
3268 4098 3333 4149 ὲν
3358 4100 3479 4159 τοῖς
3498 4096 3719 4157 οἵκοιςί

2106 4174 2200 4225 καὶ
2229 4172 2297 4224 τὰ
2328 4172 2470 4241 ἑξῆς.
2505 4172 2713 4241 Θύομεν
2743 4171 2821 4235 δὲ,
2857 4174 2954 4224 καὶ
2988 4178 3253 4251 χρίομεν
3282 4184 3422 4247 τοὺς
3462 4184 3642 4247 οἴκους
3667 4183 3724 4251 ἡ-

2111 4259 2220 4329 μῶν
2250 4258 2327 4327 τῷ
2359 4259 2579 4329 αἵματι·
2614 4259 2755 4326 λέγω
2786 4260 2843 4312 δὲ
2871 4260 2934 4313 τὸ
2969 4265 3179 4336 σῶμα,
3220 4275 3396 4344 εἰπερ
3423 4274 3608 4345 χρίσις
3647 4272 3726 4323 πί.

2110 4365 2221 4411 στις
2246 4348 2388 4401 ἐστὶν
2431 4351 2465 4418 ὴ
2511 4349 2590 4411 είς
2623 4349 2804 4411 αὐτὸν,
2833 4350 2904 4404 δι’
2928 4348 2999 4423 ἦς
3048 4361 3331 4414 πιστεύω
3358 4364 3466 4434 τὴν
3494 4363 3587 4416 τοῦ
3618 4361 3726 4413 ὀλο-

2106 4436 2326 4506 θρευτοῦ
2347 4437 2570 4506 δύναμιν
2604 4440 3091 4511 καταργουμένην,
3137 4450 3311 4503 Μετὰ
3344 4452 3405 4505 δὲ
3427 4452 3494 4504 τδ
3514 4448 3727 4522 χρισθῆ-

2104 4542 2189 4578 ναι
2219 4527 2381 4595 ἡμᾶς,
2415 4524 2658 4577 τουτέστι
2695 4527 2982 4582 πιστεῦσαι
3032 4535 3130 4598 είς
3172 4539 3276 4592 τὸν
3309 4541 3577 4612 Χριστὸν,
3617 4538 3727 4591 τότε

2107 4615 2197 4666 καὶ
2223 4614 2312 4666 ἐπὶ
2354 4613 2449 4683 τὴν
2497 4613 2695 4684 βρῶσιν
2749 4616 3012 4686 ἔρχεσθαι
3047 4626 3433 4699 κελευόμεθα
3454 4649 3472 4664 ⁸
3510 4632 3645 4701 μήτε
3677 4627 3728 4679 δὲ

2105 4701 2266 4791 ὠμὰῙὶ
2279 4703 2414 4791 μήτε
2444 4701 2686 4791 εψημὲνα
2708 4707 2765 4791 ὲν
2800 4706 2978 4771 ὕδατι,
3011 4710 3145 4765 ἀλλ’
3183 4712 3341 4771 ὀπτὰ
3376 4717 3538 4791 πυρί.

2182 4807 2199 4838 ι
2223 4790 2336 4850 Πᾶς
2362 4789 2419 4851 ὃς
2444 4789 2511 4879 ἂν
2544 4792 2692 4862 φάγῃ
2729 4789 2931 4864 ζύμην,
2968 4789 3530 4879 ἒξολοθρευθήσεται
3559 4810 3592 4878 ἡ
3635 4808 3730 4874 ψυο

2201 4879 2378 4970 εκείνη
2406 4878 2465 4942 ἐξ
2500 4881 2731 4952 Ἰσραήλ.
2756 4901 2775 4934 ι
2825 4877 3411 4967 Ἐξολοθρευθήσεται
3445 4877 3727 4970 ἄνθρωπος

2107 4968 2288 5062 ἕνεκεν
2304 4967 2529 5062 Δζύμηςῖ
2580 4972 2675 5062 καὶ
2720 4976 2749 5026 ὁ
2774 4976 2882 5029 τῶν
2916 4978 3055 5035 ὅλων
3110 4985 3262 5051 Θεὸς
3296 4991 3328 5042 ὁ
3371 4967 3726 5062 χρηματίζων

2108 5059 2230 5121 τοὺς
2259 5059 2469 5129 νόμους,
2502 5060 2577 5123 ὡς
2600 5061 2876 5135 ὀλοθρεύει
2908 5070 3122 5140 μοιχὸν,
3161 5077 3247 5140 ὡς
3282 5059 3574 5148 ὀλοθίρεύει
3599 5078 3727 5148 πόρ-

2111 5166 2219 5240 νον,
2251 5148 2624 5240 ὼςόλοθρεύει
2657 5156 3043 5229 παιδοφθόρον,
3076 5163 3268 5230 οὕτως
3301 5169 3590 5240 ὀλοθρεύει
3636 5168 3723 5221 τὸν

2113 5238 2297 5329 ἔχοντα
2326 5238 2499 5329 ζύμην
2542 5241 2599 5292 ὲν
2624 5246 2692 5314 τῇ
2741 5249 2889 5321 οἰκίᾳ
2931 5252 3099 5305 αὐτοῦ
3135 5255 3199 5309 ὲν
3232 5261 3307 5329 τῇ
3340 5238 3459 5314 τῶν
3500 5259 3723 5329 ἀζύμων

2113 5327 2320 5420 ὴ
2351 5327 2520 5420 τοῦτο
2543 5332 2690 5420 κατὰ
2709 5337 2843 5392 Θεόν
2866 5343 2982 5396 ἐστι
3007 5359 3022 5407 ;
3056 5342 3222 5397 τοῦτο
3258 5327 3413 5403 κατά
3438 5327 3721 5420 νόμον-τδρ

2113 5414 2352 5485 οὐράνιόν
2382 5415 2527 5469 ἐστιν
2547 5433 2563 5474 ἶ
2583 5419 2746 5499 ,Ἀλλ’
2778 5430 2990 5505 εἴποιμι
3026 5432 3092 5489 ἂν
3120 5434 3207 5495 ὅτι
3237 5435 3344 5490 ἐὰν
3377 5414 3520 5512 ἔχῃς
3548 5441 3723 5511 ζύμην

2129 5571 2180 5626 6.
2253 5569 2506 5625 ’ibitL'I.
2584 5575 2772 5645 'ibid.
2803 5587 2887 5648 15.
