3922 6236
154 370 291 458 ..ά

1568 362 1870 418 SELECTA
1902 359 1968 413 IN
2008 358 2302 415 EXODUM.

3419 356 3524 410 286

183 451 531 555 ;;J4l"t€“:
558 457 667 510 καὶ
706 461 794 533 μὴ
830 466 1279 555 ἔξολοθρεύσῃς
1311 480 1488 531 πᾶσαν
1517 478 1688 549 ζύμην
1712 479 1890 539 κακίας

2002 477 2214 544 quidem
2252 475 2446 527 habeas
2495 470 2810 525 fermentum
2865 471 3099 536 malitiae,
3150 484 3246 525 nec
3296 469 3524 524 fermen-

378 545 476 595 τοῦ
507 545 877 618 ἡγεμονικοῦ
913 575 1059 612 amr
1099 545 1252 634 αὒτῆ
1300 566 1407 635 γάρ
1442 545 1656 634 ἐστινλῆ⁷
1679 564 1890 634 ἀληθινὴ

2002 573 2111 616 ιιιηι
2157 578 2312 615 omne
2361 560 2611 627 nequitiae
2638 558 2910 627 disperdas
2954 562 3018 612 de
3066 569 3153 611 tua
3186 566 3363 618 mente
3387 558 3524 626 (hazc

241 652 410 715 οἰκία
439 651 536 689 3°“
556 653 571 666 ’
610 640 641 690 δ
675 639 826 706 Θεὸς
855 646 981 700 τῶν
1017 651 1177 705 ὅλων
1215 654 1493 723 νομοθετεῖ
1533 652 1897 722 ἐξολοθρευθῆ-

1998 655 2139 707 enim
2165 668 2288 707 vera
2318 661 2404 704 tua
2435 652 2622 703 domus
2649 650 2771 718 est),
2794 648 3155 701 universorum
3188 648 3349 701 Deum
3372 648 3520 716 jube-

276 749 375 798 νύ,
403 746 460 783 σε
492 729 573 801 μὴ
599 731 975 791 ἀποϐαλόντα
1029 742 1143 811 τὴν
1180 742 1360 813 ζύμην
1386 742 1483 812 τὴν
1526 740 1750 794 παλαιὰν
1793 739 1890 791 ἀπὸ

1999 758 2076 803 re,
2103 752 2158 794 ut
2176 740 2519 807 disperdaris,
2550 738 2640 806 qui
2660 747 2810 790 vetus
2835 736 3147 790 fermentum
3169 750 3197 788 a
3222 744 3274 789 te
3298 750 3399 788 non
3423 738 3520 789 ab-

304 821 542 881 σεαντυῦ.
587 822 718 893 Χρὴ
766 825 884 895 γάρ
936 844 1001 879 σε
1061 830 1291 884 ὲλθόντα
1343 833 1421 893 εἰς
1460 831 1547 882 τὸν
1579 830 1760 900 καιρὸν
1789 828 1890 879 τῶν

1992 830 2205 898 jeceris.
2246 827 2469 880 Necesse
2512 825 2653 878 enim
2683 831 2765 877 est
2794 832 2870 884 ut,
2899 838 3018 876 cum
3048 823 3255 876 veneris
3286 823 3349 876 ad
3387 833 3516 876 tem-

306 915 467 976 νέων,
492 911 608 965 νὲον
635 911 939 983 γενόμενον
975 916 1155 986 μηδὲν
1202 917 1343 987 ἔχειν
1370 920 1607 987 ἀρχαῖον.
1645 935 1662 966 t
1687 915 1764 967 Τά
1797 916 1895 984 ἀρ-

304 1004 450 1072 χαῖα
476 1000 731 1072 παρῆλθε,
758 1020 777 1051 ι
810 1001 911 1054 καὶ
959 1003 1033 1055 τὰ
1063 1003 1218 1072 ἑξῆς.
1252 1006 1390 1074 Ὅρα
1422 1005 1535 1067 πῶς
1566 1004 1669 1056 ἔδει
1712 1004 1896 1072 ἑορτά-

304 1092 436 1153 ζειν
470 1094 524 1144 ἐν
557 1090 688 1160 μηνὶ¹
714 1088 825 1142 τῶν
850 1089 992 1143 νέων
1017 1090 1121 1160 τὴν
1150 1091 1339 1162 ἑορτὴν
1364 1091 1468 1144 τῶν
1496 1092 1730 1160 ἀζύμων.
1772 1166 1777 1171 ι

390 1282 413 1312 ι
438 1262 716 1326 Καθίξετε
734 1263 835 1331 τῆς
858 1262 1044 1331 φλιᾶς,
1069 1263 1166 1317 καὶ
1184 1262 1268 1313 ἐπ’
1289 1262 1606 1332 ἀμφοτέρων
1625 1262 1730 1312 τῶν
1748 1260 1908 1313 σταθ-Δ
1963 1282 1979 1296 ι

299 1351 460 1420 μῶν,
513 1351 631 1403 ἀπὸ
684 1350 780 1403 τοῦ
828 1351 1062 1420 αἵματος
1108 1352 1138 1403 ὃ
1186 1352 1300 1402 ἐστι
1344 1349 1491 1419 παρὰ
1522 1350 1616 1419 τὴν
1661 1348 1844 1418 θύραν.
1872 1370 1889 1400 ι

290 1438 479 1500 ama;
510 1439 639 1507 μὲν,
670 1439 748 1500 ὡς
774 1437 1082 1490 ἀποδέδωκέ
1113 1454 1197 1499 τις
1221 1437 1325 1490 τῶν
1354 1437 1459 1506 πρὸ
1486 1435 1656 1505 ἡμῶν,
1684 1434 1775 1487 τοῦ
1808 1436 1885 1487 λο-

288 1528 503 1593 γικοῦ·
547 1528 888 1597 ἀμφοτέρων
913 1527 969 1581 δὲ
1005 1526 1276 1596 σταθμῶν,
1307 1524 1531 1594 θυμικοῠ
1585 1525 1678 1577 καὶ
1715 1524 1895 1576 ἐπιθυ-

289 1617 581 1687 μητικοῦ.
1334 1607 1341 1611 ”

402 1705 531 1760 Τοῦ
572 1704 796 1758 αὐτοῦ.
849 1705 925 1756 Οὐ
975 1703 1086 1773 γὰρ
1139 1701 1285 1764 ἐντὸς
1328 1701 1608 1769 γενόμενον
1650 1699 1738 1751 τὸν
1780 1698 1893 1750 ὀλο-

1998 933 2097 987 pus
2126 930 2403 980 novorum,
2463 929 2630 966 novus
2658 914 2765 981 ipse
2793 911 3033 975 elfeetus,
3060 910 3188 961 nihil
3219 910 3405 963 vetusti
3439 924 3523 963 re-

1999 1008 2188 1060 tineas.
2230 1003 2460 1056 tVetera
2510 999 2947 1062 transieruntﬁa
2995 1008 3098 1052 etc.
3139 997 3266 1050 Vide
3310 1012 3414 1065 qua
3445 1012 3526 1049 ra-

1997 1099 2141 1151 tione
2197 1093 2420 1148 debebat
2465 1091 2705 1145 solemne
2753 1090 2835 1158 agi
2880 1091 3074 1143 festum
3120 1102 3420 1155 azymorum
3469 1087 3523 1141 ia

1996 1199 2177 1239 mense
2202 1199 2478 1236 novorum.

2070 1271 2351 1338 «Tingetis
2410 1269 2591 1329 limen,
2648 1276 2701 1319 et
2759 1279 2919 1332 super
2980 1264 3164 1318 ambos
3208 1272 3406 1332 postes,
3459 1263 3525 1317 de

1995 1361 2252 1429 sanguine
2296 1359 2384 1427 qui
2438 1365 2520 1411 est
2544 1357 2693 1424 juxta
2725 1354 2917 1406 ostium
2940 1353 2980 1406 ⁸.
3008 1371 3026 1403 ι
3069 1352 3522 1419 Limenqnidem,

1997 1461 2054 1505 ut
2084 1450 2341 1517 majorum
2370 1446 2583 1514 quidam
2612 1444 2875 1511 exposuit,
2914 1442 3133 1495 rationis
3163 1441 3301 1506 vim;
3345 1441 3527 1494 ambos

1995 1550 2168 1594 autem
2197 1546 2396 1606 postes,
2428 1535 2530 1588 vim
2560 1535 2651 1587 irm
2682 1549 2742 1587 ac
2767 1532 3090 1600 cupiditatis.

2100 1703 2373 1772 Ejusdem.
2448 1706 2562 1758 Non
2646 1706 2788 1758 enim
2854 1705 3349 1760 exterminalorem.
3406 1717 3523 1755 cum

289 1795 559 1864 θρευτὴν
584 1794 661 1846 δι’
691 1792 941 1854 ἐπινοίας
973 1790 1317 1859 ἐκϐάλλομεν,
1361 1789 1472 1841 ἀλλ’
1498 1790 1641 1850 ὅπως
1672 1788 1734 1840 ἂν
1768 1788 1890 1858 μηδὲ

1992 1797 2098 1866 jam
2150 1798 2293 1849 intus
2348 1804 2589 1862 receptus
2644 1780 2747 1859 est,
2784 1802 2898 1845 arte
2942 1792 3272 1859 expellimus,
3317 1792 3406 1845 sed
3458 1806 3526 1844 ne

286 1886 403 1954 τὴν
431 1883 621 1955 ἀρχὴν
656 1881 988 1953 παρεισδύῃ,
1023 1879 1264 1949 φυλακὴν
1293 1878 1377 1930 διὰ
1405 1878 1497 1930 τοῦ
1531 1879 1691 1947 νόμου
1720 1877 1896 1930 ποιού-

285 1973 473 2045 μεθα.
516 1972 750 2041 Φυλακὴ
776 1971 834 2022 δέ
865 1973 983 2021 ἐστι
1017 1969 1112 2021 καὶ
1145 1967 1425 2035 ἀσφάλεια,
1473 1967 1553 2028 τὺ,
1599 1965 1675 2035 τῷ
1711 1966 1895 2035 αἵματι

279 2060 398 2112 τοῦ
432 2057 625 2129 ἀμνοῦ
658 2059 763 2127 τήν
786 2073 846 2108 τε
878 2055 1037 2124 φλιὰν
1070 2056 1163 2107 καὶ
1191 2055 1315 2115 τοὺς
1343 2052 1609 2121 σταθμοὺς
1634 2052 1729 2121 τῆς
1760 2051 1896 2103 εἰσό-

279 2150 391 2201 δου
418 2145 978 2216 κατασημαίνεσθαι.

375 2259 393 2289 ί
444 2236 729 2307 Ἐγενήθη
764 2236 823 2287 δὲ
862 2232 1133 2303 μεσούσης
1176 2234 1270 2301 τῆς
1313 2232 1521 2293 νυκτὸς,
1572 2231 1662 2283 καὶ
1695 2229 1896 2301 Κύριος

282 2326 555 2391 ἐπάταξε
599 2327 717 2378 πᾶν
758 2324 1103 2393 πρωτότοκον
1146 2324 1202 2372 ὲν
1234 2323 1303 2390 γῇ
1339 2320 1608 2388 Αἰγύπτῳ.
1636 2339 1654 2370 ι
1693 2321 1768 2371 Δι’
1800 2322 1897 2387 ἀγ-

284 2417 479 2483 γέλων
514 2417 637 2485 γάρ
671 2417 701 2467 ό
734 2413 871 2475 Θεὸς
899 2411 998 2473 τὰς
1046 2409 1441 2479 θανατηφόρους
1469 2408 1666 2469 ταύτας
1705 2409 1893 2475 ὲπάγει

284 2507 553 2577 πληγὰς,
589 2507 674 2567 ὡς
705 2505 803 2557 καὶ
834 2506 892 2555 ὲν
924 2505 1044 2565 ταῖς
1080 2500 1382 2563 Βασιλείαις
1421 2501 1660 2570 ἔγνωμεν
1690 2500 1804 2562 πῶς
1837 2503 1894 2554 ἐν

290 2597 400 2664 μιᾷ
430 2594 608 2646 νυκτὶ
636 2595 668 2646 ό
695 2590 931 2659 ἄγγελος
956 2589 1129 2642 ἀνεῖλε
1156 2588 1262 2641 τῶν
1278 2588 1570 2658 Ἀσσυρίων
1600 2595 1711 2659 ρπε¹
1729 2588 1896 2658 χιλιά-

376 2790 397 2821 ι
430 2762 615 2832 Οὗτος
657 2770 687 2820 ὁ
734 2768 899 2837 νόμος
931 2765 1026 2820 τοῦ
1070 2766 1279 2834 Πάσχα·
1318 2767 1431 2828 Πᾶς
1466 2764 1753 2834 ἀλλογενὴς
1797 2765 1895 2817 οὐκ

286 2862 490 2917 εδεται
526 2846 630 2912 ἀπ’
663 2857 857 2910 αὐτοῦ.
897 2855 1010 2907 Καὶ
1048 2855 1221 2908 πάντα
1250 2853 1463 2923 οἰκέτην
1496 2853 1655 2915 τινὸς,
1681 2853 1773 2905 καὶ
1795 2855 1893 2922 ἀρ-

287 2948 644 3020 γυρώνητον
693 2947 1011 3014 περιτεμεῖς
1042 2944 1220 3020 αὐτὸν,
1264 2944 1356 2994 καὶ⁸
1390 2941 1510 2993 τότε
1549 2943 1773 3008 φάγεται
1801 2942 1893 2993 ἀπ’

288 3038 496 3092 αὐτοῦ’
538 3058 557 3089 ο
606 3038 708 3089 καί
738 3036 807 3087 τὰ
842 3035 990 3103 ἑξῆς.
1036 3019 1361 3093 Ἀκολούθως
1403 3033 1515 3092 τοῖς
1546 3029 1889 3100 παρατεθεῖσι
1918 3072 1960 3127 c

287 3129 489 3197 τρίτος
533 3125 695 3177 ἐστὶν
725 3115 881 3184 οὗτος
930 3121 1112 3191 νόμος,
1153 3121 1212 3173 δν
1254 3116 1372 3172 εἶπε
1421 3119 1579 3171 πάλιν
1622 3120 1650 3170 6
1693 3118 1893 3188 Κύριος

288 3216 459 3286 πιρέ.
504 3214 648 3274 τοὺς
688 3212 784 3266 δύο
807 3211 1028 3281 νόμους.
1054 3210 1291 3279 Πρόσχες
1319 3209 1375 3260 δὲ
1415 3210 1477 3277 τῇ
1523 3207 1768 3277 ἀκριϐείᾳ
1800 3209 1895 3276 τῆς

288 3301 561 3371 Γραφῆς,
589 3301 678 3352 ὅτι
704 3300 807 3352 οὐκ
840 3294 962 3350 εἶπε
999 3296 1183 3350 τοῦτον
1211 3295 1300 3348 τὸν
1336 3294 1494 3363 νόμον
1525 3295 1615 3346 τὸν
1647 3294 1771 3363 περὶ
1802 3293 1890 3346 τοῦ

290 3392 507 3456 Πάσχα
533 3392 566 3442 δ
598 3387 820 3459 Κύριος’
842 3390 898 3441 ὲν
936 3391 1002 3457 τῇ
1037 3388 1200 3459 ἀρχῇ.
1230 3387 1292 3437 Εἰ
1326 3384 1433 3454 γὰρ
1463 3385 1669 3454 εἰρήκει
1701 3383 1778 3435 ἔτι
1808 3383 1892 3436 δν-

286 3498 406 3533 των
430 3482 497 3531 ὲν
528 3475 805 3543 Αἰγύπτῳ
839 3475 967 3543 πρὶν
999 3474 1209 3541 ἀπᾷραι
1250 3473 1313 3522 ὲκ
1347 3470 1445 3537 τῆς
1488 3469 1756 3536 Αἰγύπτου
1800 3468 1891 3519 τὸν

302 3566 566 3638 Ἰσραὴλ,
599 3564 686 3627 τὸ,
729 3582 748 3613 ι
780 3564 896 3625 Πᾶς
930 3560 1221 3629 ἀλλογενὴς
1258 3559 1355 3610 οὐκ
1381 3558 1550 3610 ἔδεται
1583 3558 1674 3609 ἀπ’
1708 3556 1886 3608 αὐτοῦ.

287 3656 410 3708 Καὶ
444 3653 643 3706 πάντα
679 3650 900 3719 οἰκέτην
941 3648 1107 3710 τινος,
1141 3646 1231 3698 καὶ
1272 3644 1646 3716 ἀργυρώνητον
1675 3661 1888 3714 περιτε-

289 3743 445 3812 μετς,
482 3739 591 3793 καὶ
619 3737 744 3788 τότε
778 3736 1012 3803 φάγεται
1054 3735 1149 3786 ἀπ’
1182 3733 1363 3791 αὐτοῦ,
1400 3752 1418 3782 ι
1472 3733 1568 3785 οὐκ
1613 3731 1678 3784 ἂν
1710 3732 1892 3800 ἐξελη-

285 3830 556 3898 λὺθησαν
587 3828 621 3878 δ
654 3824 990 3893 πολύμικτος
1018 3822 1184 3884 πολὺς
1215 3821 1365 3890 ὄχλος
1395 3823 1423 3872 ὁ
1451 3820 1673 3883 ἐξελθὼν
1709 3820 1765 3885 ἐξ
1795 3822 1889 3871 Al-

287 3920 547 3987 γύπτου.
598 3916 897 3984 Ἐτήρησεν
932 3908 1027 3965 οὖν
1065 3912 1156 3963 τὸν
1199 3910 1356 3979 νόμον
1399 3910 1600 3972 τοῦτον,
1635 3910 1723 3961 ἴνα
1758 3908 1891 3977 μετά

281 4010 390 4063 τοῦ
417 4006 673 4072 ἐξελθεῖν
693 4007 819 4067 τοὺς
846 3992 1214 4074 βουλομένους
1241 4002 1364 4070 δοθῇ
1392 4001 1541 4064 ἄλλος
1570 4002 1747 4069 νόμος.
1781 4001 1888 4052 Καὶ

271 4093 425 4162 μετ’
467 4090 674 4156 ὀλίγα.
717 4091 842 4142 Ἐὰν
888 4088 1287 4158 ἀλληγορῶμεν
1327 4087 1495 4141 ταῦτα
1539 4090 1617 4150 εἰς
1658 4088 1754 4159 τὴν
1792 4087 1890 4156 ψυ-

278 4182 399 4252 χὴν
434 4177 627 4248 ἡμῶν,
659 4179 891 4248 ἐροῦμεν
935 4179 1021 4229 ὅτι
1061 4179 1353 4243 οἰκογενεῖς
1384 4178 1481 4245 μέν
1511 4179 1645 4229 εἰσιν
1678 4179 1723 4228 οἱ
1756 4194 1891 4245 συμ-

279 4269 617 4336 πεφυκότες
640 4269 772 4336 ὴμῖν
799 4268 899 4319 καὶ
928 4264 1340 4334 γεωργηθὲντες
1360 4265 1520 4334 λόγοι,
1550 4266 1643 4318 καὶ
1668 4266 1887 4334 ἐπιστῆ-

1991 1889 2208 1943 omnino
2236 1888 2522 1950 subintret,
2569 1887 2681 1943 lege
2728 1898 2997 1938 cavemus.
3036 1883 3091 1935 ln
3116 1897 3180 1934 eo
3216 1889 3387 1934 autem
3434 1896 3526 1949 po-

1991 1978 2090 2031 sita
2140 1976 2319 2029 cautio
2370 1990 2433 2028 ac
2479 1976 2807 2044 praesidium,
2857 1976 2901 2028 si
2951 1976 3217 2040 ingressus
3265 1972 3423 2026 limen
3464 1986 3527 2025 ac

1991 2075 2165 2134 postes
2195 2066 2314 2134 agni
2346 2066 2603 2132 sanguine
2631 2065 2926 2132 signemus.

2062 2238 2215 2307 123
2260 2238 2515 2290 «Factum
2562 2247 2643 2290 est
2690 2246 2864 2289 autem
2912 2237 3176 2288 mediante
3233 2246 3408 2299 nocte,
3462 2244 3518 2292 et

1995 2329 2244 2382 Dominus
2304 2326 2566 2394 percussit
2610 2339 2766 2379 omne
2836 2326 3243 2394 primogenitum
3287 2326 3339 2378 in
3388 2334 3525 2378 terra

1991 2416 2304 2485 Egypti‘.)
2346 2416 2484 2467 Deus
2537 2430 2763 2481 namque
2815 2428 2909 2481 per
2960 2415 3176 2482 angelos
3208 2416 3368 2466 hasce
3401 2414 3523 2466 leti-

1992 2502 2135 2554 feras
2172 2501 2350 2569 plagas
2382 2501 2640 2563 immittit,
2669 2500 2741 2551 uti
2768 2501 2929 2553 etiam
2959 2501 3009 2552 in
3041 2500 3341 2566 Regnorum
3377 2500 3524 2554 libris

1993 2589 2215 2657 legimus
2247 2587 2505 2654 quomodo
2544 2586 2765 2655 angelus
2814 2602 2918 2640 una
2956 2597 3108 2640 nocte
3136 2599 3344 2641 centum
3375 2596 3525 2642 octo-

1991 2680 2135 2747 ginta
2163 2678 2394 2746 quinque
2432 2677 2592 2730 millia
2629 2678 2966 2747 Assyriorum
2997 2678 3253 2733 occidit".

2065 2787 2083 2818 (
2111 2766 2233 2822 Haec.
2278 2777 2359 2821 est
2412 2767 2495 2819 lex
2551 2766 2769 2819 Pascha:
2805 2765 3023 2820 :Omnis
3066 2767 3362 2835 alienigena
3420 2782 3526 2821 non

1992 2858 2230 2911 comedet
2291 2856 2357 2908 de
2399 2870 2483 2908 eo.
2536 2854 2601 2907 Et
2644 2868 2855 2908 omnem
2908 2857 3203 2924 cuiuspiam
3252 2855 3524 2919 famulum,

1992 2960 2306 3014 servumque
2355 2945 2651 3012 emptitium
2700 2944 3051 2999 circumcides
3100 2960 3243 3008 eum,
3296 2953 3349 2996 et
3402 2954 3529 2997 tunc

1993 3035 2231 3089 comedet
2261 3034 2326 3086 de
2351 3047 2415 3087 eo
2430 3033 2471 3094 ⁸,
2496 3052 2514 3084 ι
2550 3043 2655 3087 etc.
2693 3032 2888 3087 Ordine
2920 3034 3148 3102 quodam
3179 3032 3244 3084 ad
3275 3047 3367 3085 cas
3410 3047 3527 3098 qua:

1994 3122 2275 3191 proposita:
2303 3129 2446 3183 sunt.
2478 3121 2592 3174 haec
2645 3120 2729 3174 lex
2778 3120 2933 3173 tertia
2966 3129 3049 3173 est
3082 3134 3238 3186 quam
3271 3119 3528 3173 Dominus

1995 3214 2183 3265 iterum
2235 3208 2589 3278 promulgavit
2646 3217 2839 3276 pratter
2899 3207 3042 3276 leges
3099 3209 3248 3260 duas.
3295 3206 3524 3261 Attende

1993 3309 2170 3354 autem
2218 3300 2504 3366 Scriptura:
2559 3297 2929 3364 diligentiam;
2998 3296 3165 3363 legem
3225 3296 3361 3348 hanc
3417 3310 3526 3363 qua

1991 3387 2192 3441 Pascha
2226 3387 2482 3448 sancitur,
2539 3401 2644 3438 non
2697 3400 2725 3437 a
2777 3384 3037 3452 principio
3087 3384 3207 3436 tulit
3246 3383 3524 3439 Dominus.

1991 3475 2198 3543 Alioqui
2233 3490 2351 3527 cum
2385 3473 2558 3526 adhuc
2607 3480 2789 3543 essent
2829 3472 2881 3524 in
2912 3471 3163 3541 Egypto,
3205 3487 3263 3526 ac
3293 3474 3521 3525 necdum

1991 3561 2227 3628 profecto
2278 3561 2491 3621 Israele,
2544 3560 2587 3613 si
2637 3559 2909 3612 dixisset:
2951 3550 3179 3613 somnis
3228 3560 3524 3629 alienigena

1994 3668 2096 3705 non
2132 3651 2372 3704 comedet
2399 3664 2463 3703 ex
2495 3665 2579 3704 eo.
2611 3648 2676 3700 Et
2705 3664 2915 3703 omnem
2965 3650 3264 3718 cuiuspiam
3313 3666 3525 3704 servum

1990 3756 2053 3792 ac
2072 3739 2366 3806 emptitittm
2395 3739 2767 3801 circumeides,
2799 3749 2854 3792 et
2884 3749 3008 3793 tunc
3033 3740 3276 3793 comedet
3305 3754 3367 3792 ex
3401 3756 3519 3804 eo,»

1991 3845 2093 3883 non
2127 3829 2344 3883 exiisset
2377 3829 2562 3899 ingens
2608 3829 2692 3883 illa
2744 3829 3048 3898 promiscua
3092 3829 3379 3882 multitudo
3407 3845 3526 3897 qua:

1989 3933 2054 3972 ex
2094 3918 2322 3988 Egypto
2368 3933 2583 3988 egressa
2631 3928 2731 3972 est.
2789 3918 3029 3971 Retinuit
3059 3918 3239 3986 itaque
3274 3917 3411 3970 hanc
3446 3918 3525 3970 le-
3583 3932 3589 3939 '

1991 4023 2129 4077 gem,
2165 4017 2222 4060 ut
2250 4008 2313 4060 iis
2350 4008 2439 4075 qui
2476 4006 2652 4076 egredi
2686 4007 3001 4071 voluissent,
3035 4009 3254 4059 daretur
3285 4006 3385 4059 alia
3420 4007 3524 4061 lex.

1992 4094 2057 4146 Et
2087 4103 2200 4164 post
2242 4110 2429 4161 pauca.
2458 4094 2512 4148 Si
2545 4097 2655 4148 haec
2686 4095 2750 4147 ad
2782 4105 3012 4149 mentem
3050 4100 3286 4147 n05tram
3322 4093 3526 4148 refera-

1992 4198 2130 4245 mus,
2174 4184 2415 4236 dicemus
2466 4183 2780 4237 vernaculos
2822 4198 2965 4246 esse,
3017 4183 3325 4251 eougenitas
3374 4182 3527 4236 nobis

1991 4285 2053 4323 ac
2089 4281 2268 4325 nostra
2296 4281 2473 4340 partas
2502 4274 2758 4326 imlustria
2799 4274 3072 4336 scientias,
3102 4272 3294 4341 quibus
3326 4288 3354 4325 a
3400 4287 3528 4326 cou-

273 4378 371 4414 ναι
410 4357 533 4410 ἀπὸ
568 4356 869 4425 συμφύτων
900 4353 1131 4408 ἐννοιῶν
1180 4355 1481 4424 ἀρξάμενοι’
1521 4354 1887 4427 ἀργυρώνητοι

1994 4360 2184 4428 genitis
2212 4361 2518 4414 notionihus
2546 4363 2685 4415 scire
2709 4362 3080 4429 auspicantur;
3111 4369 3320 4426 emptos
3347 4369 3524 4411 autem

276 4446 362 4510 δὲ,
394 4446 521 4497 ὅσοι
557 4444 624 4494 ἐκ
651 4442 1015 4503 διδασκαλίας
1046 4443 1187 4510 ἡμῖν
1213 4445 1529 4510 ἐπιγίνονται
1560 4444 1753 4513 ἔξωθεν
1785 4444 1890 4496 ἀπὸ

274 4536 391 4588 τῶν
425 4532 805 4603 μαθημάτων.
838 4531 1072 4591 Πάντας
1126 4526 1223 4582 οὖν
1255 4549 1380 4601 φησι
1416 4535 1753 4606 περιτέμνειν
1801 4537 1892 4586 καὶ

274 4621 599 4690 καθαίρειν,
633 4618 729 4669 καὶ
758 4618 892 4678 τοὺς
929 4619 1267 4682 οἰκογενεῖς,
1301 4621 1390 4671 καὶ
1417 4622 1535 4684 τοὺς
1578 4622 1882 4693 ἀργυρωνή-

268 4726 424 4771 τους.
476 4706 772 4774 ’Δλλογενῆ
820 4705 882 4756 δὲ
913 4704 1128 4756 οὐδένα
1177 4704 1258 4756 δεῖ
1294 4709 1735 4779 προσλαμϐάνειν,
1782 4703 1890 4761 οἷον

266 4798 562 4867 ἀλλότριον
588 4795 771 4863 δόγμα
809 4791 1264 4861 προσιεμένουςο
1289 4795 1534 4868 ἀλλογενῆ
1563 4798 1669 4867 γὰρ
1701 4799 1758 4850 οὐ
1790 4814 1891 4850 πα.

269 4884 576 4953 ραδέχετατ,
629 4879 693 4943 ὅς
744 4877 1026 4947 βούλεται
1083 4875 1391 4947 βεδηλῶσαι
1422 4884 1515 4952 τὴν
1563 4884 1747 4954 ἑορτὴν
1795 4882 1888 4936 τοῦ

263 4973 484 5040 Κυρίου.
513 4971 631 5025 Καὶ
659 4967 808 5037 μετ’
832 4965 1064 5032 ὀλίγα.
1100 4965 1174 5015 Εἰ
1191 4966 1297 5036 γὰρ
1311 4971 1366 5022 ὲν
1390 4971 1671 5044 Ἐκκλησίᾳ
1698 4973 1890 5037 ἐσθίεις

250 5058 433 5129 λόγους
460 5059 627 5121 Θεοῦ,
664 5054 898 5113 ἐσθίεις
930 5051 999 5106 δὲ
1036 5050 1148 5102 καὶ
1196 5054 1253 5105 ἐν
1293 5057 1555 5114 Ἰουδαίων
1587 5066 1885 5133 συναγωγῇ.

236 5152 600 5224 παραϐαίνεις
634 5146 746 5214 τὴν
774 5141 1097 5205 λέγουσαν
1134 5140 1371 5213 ἐντολὴν,
1414 5167 1431 5198 ι
1481 5151 1565 5202 Ἐν
1610 5152 1751 5220 οἰκίᾳ
1797 5154 1892 5222 μιᾷ

213 5244 594 5317 βρωθήσεται.
638 5255 660 5284 ι
701 5232 776 5283 Εἰ
809 5229 876 5279 δὲ
912 5226 1401 5317 -μεταίλαμϐάνεις
1432 5237 1605 5306 λόγων
1642 5240 1793 5304 Θεοῦ,
1835 5244 1891 5294 ἐν

199 5310 338 5404 alario}
356 5310 475 5404 μιᾷ
493 5329 571 5396 τῇ
609 5315 997 5404 Ἐκκληςξᾳο
1039 5310 1180 5404 εἶτ-’ξι
1213 5322 1527 5404 καταλιπὼν
1557 5326 1737 5396 αὐτὴν,
1764 5329 1893 5381 ὑπο-

188 5398 502 5490 λαμάάνενις
536 5399 1082 5483 μετίημόάνειν
1118 5398 1262 5456 Θεοῦ
1308 5410 1365 5462 ὲν
1401 5414 1641 5485 αἰρετικῇ
1672 5433 1896 5485 συναγω-

1994 4449 2184 4515 pretio,
2216 4463 2308 4501 eas
2355 4464 2470 4515 qua:
2515 4450 2648 4502 foris
2687 4465 2748 4502 ex
2799 4449 3041 4502 doctrina
3092 4465 3188 4518 per
3219 4449 3526 4517 disciplinas

1994 4538 2271 4591 accedunt.
2307 4536 2502 4590 Omnes
2541 4554 2668 4608 ergo
2692 4541 2842 4608 jubet
2892 4538 3202 4593 circumcidi
3239 4552 3303 4591 ac
3334 4551 3523 4589 eumn-

1995 4625 2110 4679 dari
2147 4632 2252 4678 tum
2288 4627 2621 4693 vernaculos,
2669 4637 2777 4681 tum
2810 4629 3102 4697 emptitios.
3133 4626 3298 4680 Nemo
3346 4637 3522 4678 autem

1995 4715 2289 4783 alienigena
2338 4717 2688 4771 assumendus
2729 4728 2846 4782 est,
2896 4718 3194 4786 cujusmodi
3251 4726 3375 4771 sunt
3431 4714 3520 4782 qui

1994 4805 2296 4857 doctrinam
2332 4806 2560 4858 alienam
2606 4808 2910 4860 admittunt.
2957 4806 3068 4858 Non
3099 4808 3241 4859 enim
3271 4806 3525 4873 recipitur

1995 4892 2316 4962 alienigena,
2346 4895 2434 4960 qui
2469 4895 2672 4947 Domini
2707 4894 3095 4948 solemnitatem
3128 4894 3238 4948 vult
3267 4893 3523 4960 polluere.

1995 4980 2061 5032 Et
2094 4991 2205 5047 post
2249 4996 2435 5048 pauca.
2479 4981 2550 5035 Si'
2582 4982 2721 5033 enim
2768 4980 2858 5034 Dei
2892 4981 3248 5034 sermones-in
3285 4979 3520 5032 Ecclesia

1992 5071 2248 5134 comedis,
2272 5081 2432 5139 atque
2459 5073 2617 5124 etiam
2646 5072 2697 5124 in
2724 5070 3021 5125 Iudaeorum
3052 5085 3317 5139 synagoga
3348 5082 3521 5122 come—

1988 5161 2090 5223 dis,
2124 5164 2518 5227 transgrederis
2566 5163 2872 5216 mandatum
2905 5164 3043 5230 quod
3088 5163 3216 5215 dicit
3243 5179 3256 5214 :
3287 5179 3305 5210 ι
3329 5160 3382 5211 ltt
3414 5171 3518 5210 una

1990 5250 2145 5304 domo
2173 5252 2504 5305 contedetur.
2533 5270 2550 5303 ι
2589 5253 2680 5305 Sin
2707 5251 2798 5306 Dei
2832 5266 3102 5307 sermones
3133 5252 3181 5302 in
3218 5263 3317 5301 una
3341 5247 3520 5308 domo,

1988 5349 2180 5403 ηθηιιιε
2203 5337 2437 5392 Ecclesia
2464 5340 2712 5407 percipis,
2736 5351 2953 5406 tumque
2975 5354 3034 5390 ea
3063 5336 3260 5395 relicta,
3284 5328 3517 5399 Opinaris

1993 5432 2045 5479 te
2080 5424 2174 5479 Dei
2207 5428 2517 5496 participem
2549 5427 2681 5480 ellici
2732 5429 2783 5481 in
2819 5427 3189 5480 haereticorum
3229 5426 3516 5493 synagoga,

245 5601 316 5654 ἰι
344 5597 490 5652 Cor.
527 5603 590 5652 ν,
629 5584 731 5637 17.
816 5577 845 5609 ⁸
871 5574 1090 5628 Ειυά·
1122 5592 1232 5648 xu,
1256 5586 1345 5643 ἓξ.
1432 5594 1451 5624 ⁸
1484 5596 1606 5649 ibid.
1630 5599 1714 5653 29.
1788 5602 1807 5633 ⁷
1834 5602 1890 5656 ιν

1992 5619 2053 5672 ιε.
2082 5618 2190 5668 xrx,
2216 5598 2303 5657 '55.
2382 5602 2402 5632 "
2424 5600 2587 5654 Exod.
2618 5613 2709 5665 xu,
2732 5597 2818 5661 45,
2846 5595 2930 5653 ll.
