3922 6122
567 254 670 307 387

1957 247 2045 300 EX
2078 240 2369 300 ORIGENE

3534 234 3537 239 ’
3609 235 3688 291 288

567 375 685 414 cum
711 358 794 412 lex
829 356 1008 412 dicat:
1039 375 1058 409 ι
1082 357 1137 411 ln
1171 374 1274 413 una
1303 361 1460 414 domo
1494 359 1824 422 comedetur,
1846 377 1864 409 ι
1897 360 1948 412 in
1984 374 2086 413 una

2186 360 2279 426 γῇ,
2308 356 2565 424 λεγουσης
2591 351 2688 421 τῆς
2716 349 2954 418 ἐντολῆς,
2997 364 3017 397 ι
3056 347 3147 399 Ἐν
3175 345 3321 416 οἰκίᾳ
3351 347 3444 415 μιᾷ
3468 345 3688 419 pm”.

563 449 718 501 domo
748 460 850 500 non
882 447 1133 501 comedis.
1168 446 1336 501 Unam
1383 449 1562 516 itaque
1601 449 1813 501 domum
1858 449 2090 517 intellige

563 533 849 588 Ecclesiam
897 542 952 587 et
994 549 1255 603 nusquam
1301 545 1452 590 extra
1486 534 1775 589 Ecclesiam
1809 551 1962 590 ovem
1992 552 2087 592 co-

560 623 729 678 mede.

635 727 655 762 ι
682 710 743 764 Et
774 723 878 765 non
908 708 1138 766 eﬂ‘eretis
1174 725 1205 764 e
1246 710 1407 765 domo
1439 711 1507 764 de
1550 709 1804 764 carnibus
1833 708 2030 764 foras'.
2064 727 2085 761 ι

563 799 993 854 Ecclesiasticum
1030 813 1329 854 sermonem
1379 807 1528 852 extra
1570 798 1864 852 Ecclesiam
1898 799 2090 852 docere

561 902 667 941 non
708 886 850 950 licet,
893 888 968 941 uti
1020 902 1120 941 nec
1166 896 1319 942 extra
1366 887 1580 939 domum
1628 901 1819 939 carnes
1859 884 2085 939 cll‘erre:

560 976 617 1030 in
666 972 990 1040 Iuda-orum,
1035 976 1271 1042 inquam,
1306 981 1396 1027 aut
1444 974 1814 1027 haereticorum
1865 987 2090 1043 synago-

561 1077 702 1130 gam.
729 1062 954 1116 Perinde
983 1062 1122 1117 enim
1147 1071 1232 1117 est
1259 1076 1321 1117 ac
1346 1061 1392 1116 si
1416 1062 1716 1130 margarita:
1743 1069 1870 1114 ante
1899 1075 2091 1130 porcos

528 1196 533 1199 Α
560 1150 928 1220 proiiciantur.

635 1238 859 1293 «Omnis
900 1236 1305 1292 incircumcisus
1358 1251 1461 1290 non
1512 1240 1752 1291 comedet.
1796 1250 1862 1289 ex
1891 1237 2036 1291 co“.
2063 1256 2089 1290 ι

559 1327 779 1382 Omnem
807 1326 968 1380 animi
993 1325 1158 1378 fetum
1190 1324 1480 1393 spiritalem
1515 1333 1850 1392 superantem
1880 1334 2089 1377 terrena

558 1416 702 1482 (sunt
725 1424 898 1468 autem
931 1423 1144 1468 terrena
1173 1413 1426 1476 feminea)
1457 1413 1846 1467 circumcidere
1877 1421 2091 1480 oportet

557 1516 620 1555 ac
645 1504 956 1567 emundare,
985 1511 1044 1556 ut
1072 1503 1151 1556 sic
1179 1502 1372 1570 aliquis
1397 1501 1674 1554 Paschalis
1698 1515 1891 1555 carnes
1915 1500 2091 1569 perci-

558 1592 688 1658 piat.
727 1590 877 1645 Sicnt
917 1600 1095 1646 autem
1138 1591 1404 1657 indigena.
1449 1591 1526 1643 sic
1566 1588 1727 1658 124
1769 1597 1823 1641 et
1862 1590 2084 1641 advena.

2184 462 2293 506 ται,
2334 463 2352 494 ι
2391 444 2452 493 σὺ
2481 442 2580 493 οὐκ
2611 439 2804 500 ἐσθίεις
2830 439 2885 488 ἐν
2911 435 3064 505 οίκίᾳ
3093 435 3208 504 μιᾷ.
3242 434 3382 486 Μίαν
3415 431 3499 487 οὖν
3542 439 3689 507 νοήσει

2185 534 2355 587 οἰκίαν
2369 533 2464 602 τὴν
2492 528 2827 597 Ἐκκλησίαν·
2865 523 3119 594 μηδαμοῦ
3146 519 3239 575 οὖν
3260 522 3400 575 ἔσθιε
3424 522 3511 574 τοῦ
3531 525 3690 595 προϐά-

2184 640 2276 675 του
2302 619 2404 684 ἕξω
2426 618 2711 687 γενόμενος
2727 616 2824 684 τῆς
2867 611 3223 681 Ἐκκλησίας.

2259 731 2277 761 ι
2305 711 2414 763 Καὶ
2442 710 2540 760 οὐκ
2567 706 2798 769 ἐξοίσετε
2832 707 2904 756 ἐκ
2927 703 3033 771 τῆς
3064 701 3241 763 οἰκίας
3264 698 3369 751 τῶν
3394 699 3550 767 κρεῶν
3571 699 3690 765 ἔξω.)

2197 795 2665 868 Ἐκκλησιαστικὸν
2710 793 2867 860 λόγον
2926 793 2989 844 οὐ
3043 792 3127 844 δεῖ
3172 790 3275 854 ἔξω
3304 791 3399 858 τῆς
3434 789 3694 859 Ἐκκλησίας

2186 884 2521 956 πρεσϐεύειν,
2582 883 2657 946 ὡς
2709 880 2814 946 ἔξω
2872 881 2979 948 τῆς
3021 879 3201 940 οἰκίας
3257 877 3329 945 μὴ
3387 877 3605 945 ἐκφέρειν
3639 878 3690 931 τὰ

2185 977 2337 1046 κρέα·
2367 974 2505 1044 φημὶ
2531 973 2587 1025 δέ
2620 974 2697 1033 είς
2729 967 3050 1039 συναγωγὴν
3089 966 3352 1019 Ἰουδαίων
3379 965 3411 1035 ἢ
3438 966 3684 1036 αίρετικῶν·

2185 1063 2364 1131 ὅμοιον
2390 1060 2496 1130 γάρ
2518 1057 2729 1127 ἐστιτῷ
2750 1056 2902 1129 ῥίψαι
2924 1056 3054 1117 τοὺς
3079 1053 3419 1125 μαργαρίτας
3443 1052 3686 1122 ἔμπροσθεν

2185 1151 2290 1204 τῶν
2325 1151 2539 1219 χοίρων.

2258 1240 2401 1300 «Πᾶς
2425 1236 2792 1306 ἀπερίτμητος
2819 1233 2920 1284 οὐκ
2938 1231 3119 1284 ἔδεται
3143 1230 3237 1283 ἀπ’
3264 1229 3470 1284 αὐτοῦ.»
3490 1231 3585 1283 Πᾶν
3598 1233 3687 1298 γέν-

2186 1343 2332 1397 νημα
2375 1326 2549 1395 ψυχῆς
2597 1323 2784 1393 νοητὸν
2812 1319 3145 1390 ὑπερϐαῖνον
3191 1318 3259 1371 τὰ
3299 1318 3450 1370 ὑλικά
3475 1317 3622 1386 (ὑλικὰ
3643 1319 3687 1371 δὲ

2185 1415 2253 1469 τά
2277 1415 2461 1485 θήλεα)
2501 1411 2842 1484 περιτέμνειν
2874 1410 2973 1461 καὶ
3016 1407 3301 1476 καθαίρειν
3329 1406 3422 1468 δεῖ,
3449 1407 3526 1459 ἴνα
3556 1406 3685 1469 οὕτως

2190 1502 2569 1572 μεταλαμϐάνῃ
2596 1517 2680 1561 τις
2708 1497 2815 1550 τῶν
2835 1496 3018 1567 κρεῶν
3037 1494 3133 1548 τοῦ
3157 1494 3364 1564 Πάσχα·
3379 1493 3448 1556 ὼς
3468 1493 3686 1562 αὐτόχθων

2186 1590 2241 1643 δὲ
2260 1592 2357 1660 τῆς
2381 1591 2500 1659 γῆς,
2517 1589 2610 1641 καὶ
2635 1589 2662 1639 6
2678 1585 3015 1656 προσήλυτος
3035 1583 3263 1651 γίνεται·
3285 1584 3345 1635 οὐ
3367 1583 3469 1651 γὰρ
3487 1583 3554 1635 τὸ.
3563 1583 3685 1651 σπέρε

555 1657 672 1732 Non
701 1679 841 1732 enim
865 1679 1067 1733 semina
1096 1678 1327 1743 ingenua
1351 1678 1519 1745 pluris
1549 1657 1782 1730 aestimat
1806 1675 1966 1739 Deus,
1992 1674 2085 1728 sed

2188 1657 2329 1749 ματα
2372 1657 2609 1748 προτιμᾷ
2652 1680 2681 1729 6
2717 1675 2850 1737 Θεδς
2893 1674 2966 1727 τὰ
3007 1672 3227 1743 εὐγενῆ,
3258 1671 3390 1727 ἀλλὰ
3432 1672 3685 1743 προαίρεσιν

557 1766 717 1820 ιιιιὶιηί
744 1766 1067 1835 pr0positum
1094 1769 1374 1834 approbat.

625 1853 895 1924 Ejusdem.
931 1853 1363 1909 incircumcisum
1396 1867 1557 1907 carne
1583 1850 1816 1921 appellat
1847 1850 1938 1918 qui
1964 1865 2086 1904 car-

557 1941 699 1995 nalia
726 1957 756 1996 a
781 1956 840 1995 se
867 1957 970 1997 non
1002 1944 1263 2009 resecuit;
1295 1944 1431 1997 sicut
1456 1943 1616 1994 etiam
1653 1941 2084 1995 incircumcisum

556 2029 746 2095 oculis,
779 2031 868 2097 qui
902 2045 963 2084 ea
1000 2032 1233 2085 intuetur
1261 2044 1380 2098 qua:
1410 2044 1513 2083 non
1548 2037 1777 2096 oportet.

626 2117 893 2187 Ejusdem.
923 2118 1109 2172 Videte
1141 2133 1207 2172 ne
1245 2119 1367 2186 quis
1401 2127 1632 2172 vestrum
1680 2114 2088 2170 incircumcisus

556 2203 629 2258 sit
658 2205 840 2269 corde,
883 2219 949 2259 ne
985 2206 1105 2274 quis
1136 2206 1542 2260 incircumcisus
1584 2204 1654 2258 sit
1695 2205 1762 2258 iis
1807 2202 2087 2258 circumci-

556 2292 763 2345 sionum
795 2294 1076 2359 generibus
1114 2294 1308 2361 quibus
1349 2295 1625 2361 Scriptura
1653 2292 1961 2347 circumcidi
1990 2293 2080 2343 do-

553 2392 661 2438 cet.
692 2380 1098 2448 Qutenam'wro
1136 2384 1257 2438 illa?
1302 2394 1429 2439 sunt
1465 2384 1655 2452 quibus
1683 2383 1879 2452 probro
1910 2383 2084 2444 datur,

553 2470 695 2538 quod
726 2471 1081 2526 incircumcisi
1116 2473 1223 2525 sint
1257 2474 1505 2537 auribus;
1537 2475 1625 2539 qui
1651 2486 1755 2524 non
1780 2470 2086 2524 circumcisi

554 2566 680 2611 sunt
720 2559 959 2623 auribus,
992 2561 1248 2613 immundi
1284 2571 1428 2614 sunt.
1479 2561 1887 2614 Incircumcisus
1930 2558 2086 2612 labiis

555 2651 658 2708 est,
684 2645 772 2711 qui
803 2659 906 2698 non
934 2657 1173 2714 amputat
1200 2648 1405 2701 alienos
1435 2657 1487 2700 et
1516 2648 1755 2714 impuros
1787 2660 2082 2700 sermones.

558 2731 649 2785 Sic
682 2732 1112 2787 incircumcisum
1140 2749 1301 2789 carne
1336 2737 1497 2790 liceat
1527 2736 1722 2798 dicere,
1739 2736 1825 2802 qui
1849 2735 2084 2789 carnalia

556 2832 663 2872 non
701 2828 935 2886 resecat;
989 2822 1425 2877 incircumcisum
1472 2823 1661 2885 oculis,
1704 2825 1794 2891 qui
1845 2823 1989 2876 videt
2020 2838 2082 2877 ea

556 2920 674 2973 qua:
698 2920 801 2959 non
833 2907 1006 2975 decet,
1038 2924 1138 2963 nec.
1173 2910 1419 2964 intuitum
1465 2920 1684 2979 purgat;
1715 2919 1767 2963 et
1801 2910 2084 2965 incircum-

555 2994 722 3048 cisum
759 3009 921 3050 carne
949 2998 1039 3064 qui
1068 2996 1195 3051 facit
1223 3013 1284 3052 ea
1311 3013 1429 3066 qua:
1455 3014 1562 3052 non
1587 3006 1816 3067 oportet.

628 3191 649 3225 ι
676 3171 908 3229 Profecti
939 3183 1112 3228 autem
1143 3175 1234 3228 lilii
1271 3175 1430 3230 Israel
1469 3177 1532 3230 de
1559 3176 1850 3242 Soccbotb,
1876 3184 2083 3231 casara-

554 3262 736 3317 metati
778 3271 902 3317 Sunt
948 3264 999 3317 in
1031 3263 1219 3319 Ollium
1261 3264 1414 3333 juxta
1458 3267 1804 3320 desertum“.
1829 3283 1848 3315 ι
1886 3266 1939 3319 ln
1977 3263 2084 3318 Nu-

556 3350 715 3406 meris
751 3352 1005 3420 scriptum
1051 3353 1211 3415 est“,
1277 3370 1352 3406 ιιι
1383 3352 1553 3406 Butha
1601 3354 1668 3407 ad
1719 3368 1868 3406 oram
1919 3353 2084 3417 lruth,

554 3438 694 3507 quod
721 3449 799 3493 est
826 3448 1007 3493 contra
1040 3440 1389 3512 Beelscplt‘ron
1418 3454 1582 3510 prope
1621 3440 1811 3506 Borra,
1831 3460 1851 3493 ι
1883 3449 2086 3495 castra-

554 3536 780 3583 tnctatos
801 3543 919 3583 esse
949 3529 1085 3583 ﬁlios
1107 3530 1289 3583 Israel.

627 3635 648 3669 ι
680 3619 746 3672 Et
788 3619 909 3673 tulit
955 3629 1234 3673 sexcentos
1276 3634 1467 3673 currus
1514 3618 1734 3683 electos,
1779 3628 1833 3673 et
1875 3633 2082 3672 omnem

552 3708 844 3777 equitatum
856 3707 1243 3777 Egyptiorum,
1271 3717 1323 3762 et
1342 3708 1573 3761 triStatas
1595 3723 1754 3777 super
1779 3708 2078 3761 omnes“.n

553 3796 653 3864 Qui
694 3807 877 3850 contra
922 3807 1029 3853 tres
1066 3814 1300 3869 pugnare
1344 3809 1621 3868 poterant,
1656 3798 1741 3851 vel
1767 3800 1856 3866 qui
1892 3799 1944 3851 in
1971 3800 2086 3852 acie

556 3895 673 3957 post
693 3889 1092 3956 antesignanum
1117 3905 1179 3943 ac
1200 3890 1489 3943 secundmn
1516 3889 1582 3943 ab
1605 3903 1686 3952 eo,
1721 3889 1875 3941 tertio
1897 3889 2085 3941 ordine
2104 3906 2109 3910 ·

556 3976 786 4030 stabant.
815 3976 916 4029 Alii
969 3977 1043 4028 ita
1094 3986 1389 4044 exponunt,
1428 3986 1614 4030 contra
1653 3978 1871 4029 hostiles
1898 3991 2086 4029 manus

557 4077 774 4131 magnos
807 4066 1092 4118 adornatos
1117 4080 1235 4118 esse
1261 4080 1455 4119 currus
1483 4066 1570 4132 qui
1605 4074 1712 4118 tres
1737 4065 1980 4118 homines
2003 4079 2088 4118 ca-

556 4160 761 4219 perent,
812 4167 1039 4220 quorum
1096 4168 1233 4205 unus
1287 4154 1486 4220 aurigae
1535 4151 1711 4206 ollicio
1761 4152 2083 4221 fungeretur,

2184 1768 2517 1835 ἀποδέχεται.

2259 1858 2364 1911 Τοῦ
2394 1853 2598 1908 αὑτοῦ.
2641 1850 3045 1923 ’Δπερίτμητον
3074 1853 3143 1921 τῇ
3192 1849 3352 1920 σαρκὶ
3377 1848 3460 1901 τὸν
3490 1848 3552 1918 μὴ
3571 1864 3687 1918 περι-

2183 1945 2505 2016 τεμνόμενον
2548 1940 2620 1995 τά
2667 1944 2910 2013 σαρκικά
2956 1957 3144 2010 φησιν,
3178 1939 3366 2009 ὥσπερ
3409 1933 3494 1991 καὶ
3541 1938 3685 2007 ἀπερί-

2180 2049 2380 2103 τμητον
2403 2030 2693 2099 ὀφθαλμοῖς
2715 2030 2807 2082 τὸν
2840 2030 3112 2099 βλέποντα
3139 2028 3275 2098 πρὸς
3299 2028 3335 2081 ἃ
3368 2026 3437 2096 μὴ
3459 2027 3546 2078 δεῖ.

2256 2118 2364 2173 Τοῦ
2390 2117 2595 2171 αὐτοῦ.
2632 2118 2827 2188 Ὁρᾶτε
2851 2120 2927 2186 μή
2947 2133 3034 2179 τις
3061 2115 3216 2185 ὑμῶν
3252 2113 3585 2186 ἀπερίτμητός
3601 2114 3684 2165 ἐστι

2181 2212 2245 2278 τῇ
2275 2207 2483 2277 καρδίᾳ·
2512 2206 2586 2273 μή
2599 2223 2683 2268 τις
2707 2206 2769 2257 οὐ
2796 2206 3200 2276 περιτέτμηται
3228 2206 3322 2267 τὰς
3352 2202 3611 2272 περιτομάς
3638 2201 3685 2263 ἃς

2179 2300 2208 2350 6
2239 2296 2391 2364 λόγος
2433 2294 2669 2347 διδάσκει
2710 2293 3165 2364 περιτέμνεσθαι.
3213 2292 3374 2356 Ποίας
3411 2292 3464 2345 δὲ
3499 2290 3682 2353 ταύταςς

2180 2384 2533 2455 ἀπερίτμητοι
2574 2383 2641 2435 τὰ
2692 2376 2812 2435 ὦτα
2848 2381 3201 2445 ὀνειδίζονταί
3246 2397 3387 2442 τινες
3429 2380 3578 2441 ὅντες·
3616 2379 3685 2430 καὶ

2180 2477 2292 2528 ὅσοι
2337 2475 2396 2524 οὐ
2434 2473 2860 2542 περιτέτμηνται
2905 2471 3005 2541 τὴν
3053 2473 3242 2544 ἀκοὴν,
3268 2470 3543 2542 ἀκάθαρτοί
3568 2471 3682 2521 είσιν.

2193 2559 2579 2630 ’Δπερίτμητος
2630 2559 2892 2627 χείλεσιν,
2943 2563 2973 2612 6
3021 2559 3096 2629 μὴ
3145 2559 3565 2630 περιτεμνόμενος
3594 2557 3687 2616 τοὺς

2180 2648 2366 2715 λόγους
2412 2648 2535 2709 τοὺς
2579 2648 2858 2710 ἐναντίους
2890 2649 2989 2700 καὶ
3017 2648 3375 2719 ἀκαθάρτους.
3408 2646 3568 2707 Οὕτως
3601 2642 3686 2695 ἐστι

2181 2735 2272 2788 καὶ
2300 2734 2667 2804 ἀπερίτμητον
2692 2737 2760 2804 τῇ
2794 2738 2962 2805 σαρκὶ
2990 2740 3186 2799 εἰπεῖν,
3214 2738 3303 2789 τὸν
3332 2737 3402 2806 μὴ
3431 2730 3685 2802 περιτεμνό-

2185 2838 2339 2891 μενον
2402 2820 2471 2873 τὰ
2540 2824 2779 2891 σαρκικὰ
2855 2824 3184 2895 πράγματα·
3244 2825 3338 2878 καὶ
3383 2822 3686 2891 ἀπερίτμητα)

2183 2909 2489 2978 ὀφθαλμοῖς,
2510 2910 2600 2961 τὸν
2626 2910 2899 2978 βλέποντα
2923 2913 2959 2967 ἃ
2986 2915 3060 2985 μὴ
3080 2915 3178 2978 δεῖ,
3212 2915 3304 2967 καὶ
3330 2912 3399 2984 μὴ
3422 2910 3688 2979 καθαίροντα

2181 2997 2240 3048 τὸ
2261 2997 2525 3065 ὁρατικόν·
2553 2999 2646 3050 καὶ
2684 2998 3068 3073 ἀπερίτμητον
3106 3004 3288 3074 σαρκὶ,
3330 3002 3416 3056 τδν
3441 2999 3687 3071 πράττοντι

2181 3084 2219 3138 ὃ.
2247 3086 2320 3157 μὴ
2343 3085 2440 3139 δεῖ.

2166 3201 2177 3217 ι
2255 3191 2275 3225 ι
2313 3170 2627 3243 Ἑξάραντες
2657 3176 2715 3228 δὲ
2736 3180 2793 3229 οῖ
2819 3180 2928 3231 υίοὶ
2964 3181 3183 3253 Ἰσραὴλ
3204 3183 3267 3234 ἐκ
3288 3178 3512 3250 Σοκχὼθ,
3539 3180 3689 3247 ἐστρα-

2180 3263 2500 3315 τοπέδευσαν
2548 3267 2605 3316 ἐν
2651 3265 2841 3336 Ὀθὼμ
2864 3269 3020 3339 παρὰ
3056 3269 3154 3340 τὴν
3195 3270 3409 3341 ἔρημον.
3432 3287 3449 3318 ι
3503 3266 3576 3318 Ἐν
3607 3265 3691 3323 τοῖς

2197 3349 2468 3421 Ἀριθμοῖς
2515 3354 2709 3415 κεῖται,
2764 3355 2922 3407 «άπὸ
2948 3356 3127 3409 Βουθὰ
3178 3358 3271 3409 ἐπὶ
3312 3357 3472 3426 στόμα
3514 3348 3693 3423 Ἰρὼθ’δ

2182 3436 2326 3489 ἐστιν
2367 3436 2621 3488 ἀπέναντι
2672 3438 3036 3512 Βεελσεπρὼν
3076 3444 3306 3514 ἐχόμενα
3352 3444 3439 3497 τοῦ
3485 3439 3684 3511 Βορῤᾶ,ι

2182 3524 2688 3594 παρεμϐεϐληκέναι
2711 3532 2849 3592 τοὺς
2873 3532 3025 3595 υἱοὺς
3066 3533 3299 3604 Ἰσραήλ.

2259 3633 2277 3665 ι
2302 3615 2407 3667 Καὶ
2442 3614 2598 3667 ἔλαὸε
2630 3617 2901 3679 ἑξακόσια
2925 3622 3149 3691 ἅρματα
3177 3623 3420 3685 ἐκλεκτὰ,
3446 3621 3528 3674 καὶ
3558 3619 3693 3670 πᾶσαν

2181 3702 2279 3773 τὴν
2301 3704 2460 3754 ἵππον
2480 3703 2585 3755 τῶν
2605 3706 2938 3774 Αἰγυπτίων,
2948 3713 3040 3765 καὶ
3059 3712 3346 3783 τριστάτας
3370 3710 3455 3764 ἐπὶ
3476 3708 3691 3760 πάντων.»

2183 3791 2320 3854 Τοὺς
2350 3791 2481 3861 πρὸς
2516 3795 2663 3862 τρεῖς
2699 3794 3041 3867 δυναμένους
3075 3800 3357 3871 μάχεσθαι,
3380 3800 3411 3869 ἦ
3435 3798 3546 3859 τοὺς
3568 3797 3615 3847 ἐν
3641 3792 3691 3858 τῇ

2184 3880 2474 3948 παρατάξει
2487 3881 2619 3940 μετὰ
2630 3882 2720 3934 τὸν
2735 3890 3126 3959 πρωτοστάτην
3138 3891 3228 3943 καὶ
3240 3891 3327 3942 τὸν
3340 3882 3695 3958 δευτεροστάτην

2186 3969 2495 4040 ἱσταμένους
2518 3970 2574 4021 ἐν
2594 3974 2658 4040 τῇ
2679 3974 2845 4046 τρίτῃ
2866 3977 3038 4042 τάξει.
3071 3979 3253 4032 Ἀλλοι
3281 3979 3336 4031 δέ
3371 3992 3537 4045 φασιν,
3556 3972 3619 4033 ὡς
3635 3970 3695 4029 εἰς

2184 4057 2281 4119 τὰς
2315 4061 2499 4128 χεῖρας
2541 4058 2647 4110 τῶν
2690 4062 2974 4132 πολεμίων
3011 4067 3234 4139 ἅρματα
3268 4067 3473 4119 ἐποίουν
3509 4057 3694 4132 μεγάλαν

2185 4145 2320 4197 ὥστε
2354 4147 2446 4198 καὶ
2466 4149 2612 4217 τρεῖς
2647 4155 2871 4219 χωρεῖν,
2918 4154 3005 4207 ἵνα
3040 4158 3069 4208 6
3112 4156 3209 4224 μὲν
3240 4150 3319 4219 εἷς
3362 4154 3566 4225 ¹ἡνιοχεῖ,
3587 4148 3628 4200 οί
3652 4143 3696 4197 δὲ

558 4242 661 4294 duo
702 4254 828 4293 vero
873 4240 963 4292 alii
1008 4249 1306 4305 certarent;
1360 4249 1450 4293 aut
1494 4255 1587 4295 eos
1628 4242 1717 4309 qui
1764 4256 1925 4309 super
1979 4253 2086 4294 tres

2190 4234 2281 4287 δύο
2308 4235 2645 4305 πολεμοῦσιν·
2683 4237 2718 4306 ἢ
2752 4241 2880 4303 τοὺς
2911 4243 3006 4295 ἐπὶ
3044 4246 3209 4313 τριῶν
3232 4245 3407 4296 ἵππων
3432 4237 3695 4312 βεϐηκότας.

555 4341 720 4399 equos
749 4328 1111 4382 ascenderent.
1139 4329 1354 4398 Antiqui
1387 4330 1529 4382 enim
1559 4329 1610 4382 in
1646 4330 1796 4383 bellis
1823 4329 1963 4383 binis
1992 4339 2084 4383 aut

559 4418 725 4473 ternis
772 4416 926 4483 equis
970 4417 1280 4482 utebantur,
1330 4434 1450 4472 cum
1497 4419 1803 4488 aurigantes
1850 4420 2080 4473 exirent.

561 4508 653 4563 Vel
677 4507 937 4562 tristatem
962 4518 1137 4576 vocat,
1165 4511 1253 4578 qui
1281 4512 1503 4565 sedente
1528 4527 1655 4581 rege
1683 4513 1872 4567 tertius
1895 4520 2080 4576 staret,

558 4606 652 4650 aut
681 4597 891 4650 tertiam
941 4596 1164 4651 haberet
1190 4599 1392 4664 sedem,
1440 4600 1737 4668 cuiusmodi
1775 4611 1891 4655 erat
1916 4601 2080 4656 David

479 4737 485 4743 ,
557 4688 697 4754 apud
723 4684 872 4754 Saul,
896 4695 956 4740 ut
980 4686 1031 4740 in
1062 4688 1234 4757 primo
1257 4688 1557 4759 Regnorum
1585 4689 1842 4745 invenies.

636 4880 655 4915 ι
676 4860 787 4917 lllic
815 4865 990 4932 posuit
1014 4865 1062 4918 ei
1090 4865 1226 4920 Deus
1246 4865 1678 4934 iustiﬁcationes,
1710 4874 1763 4919 et
1786 4863 2011 4930 iudicia,
2036 4874 2091 4918 et

559 4951 669 5007 illic
707 4966 829 5006 eum
872 4955 1175 5009 tentavit“.
1211 4953 1341 5008 Cum
1392 4962 1562 5007 tentat
1610 4954 1769 5014 Deus,
1824 4961 1995 5005 tentat
2031 4960 2089 5005 ut

558 5041 746 5109 prosit,
786 5056 888 5095 non
934 5052 993 5097 ut
1038 5051 1246 5097 noceat.
1278 5041 1612 5110 Quapropter
1661 5041 1859 5095 dictum
1904 5041 2087 5095 est“:

567 5147 588 5181 ι
611 5128 748 5184 Deus
781 5131 1071 5185 intentator
1119 5130 1377 5183 malorum
1417 5139 1520 5183 est.
1544 5146 1563 5178 ι
1599 5126 1666 5182 Ut
1695 5138 1747 5180 et
1771 5134 1889 5195 post
1919 5141 2088 5196 pauca

563 5217 879 5287 subiungit:
917 5237 935 5269 ι
968 5220 1024 5273 Si
1068 5221 1253 5273 auditu
1306 5217 1538 5273 audieris
1591 5216 1871 5269 Dominum
1924 5215 2087 5269 Deum

562 5313 737 5373 tuum,
769 5321 980 5363 omnem
1027 5309 1269 5363 morbum
1302 5322 1458 5377 quem
1492 5305 1646 5361 intuli
1670 5303 1957 5376 Egyptiis,
1985 5320 2089 5360 non

2187 4326 2247 4377 Οἱ
2268 4326 2372 4395 γὰρ
2393 4326 2609 4378 παλαιοὶ
2629 4326 2686 4377 ἐν
2707 4332 2822 4392 τοῖς
2844 4333 3102 4403 πολέμοις
3120 4337 3211 4387 ἐπὶ
3231 4335 3322 4388 δύο
3340 4336 3370 4405 ἢ
3389 4331 3537 4405 τριῶν
3555 4331 3697 4381 ἵππων

2185 4413 2487 4482 ἐπωχοῦντο
2521 4414 2752 4480 ἐξιόντες
2792 4420 3200 4493 ἁρματηλάται.
3245 4427 3315 4477 Ἦ
3350 4422 3610 4495 τριστάτην
3633 4412 3699 4464 λέ·

2185 4518 2270 4569 γει
2303 4504 2391 4554 τὸν
2417 4504 2473 4555 ἐν
2502 4503 2580 4573 τῷ
2612 4504 2941 4571 καθέζεσθαι
2982 4514 3072 4568 τὸν
3125 4515 3360 4583 βασιλέα,
3388 4513 3552 4584 τρίτον
3585 4503 3699 4559 ἱστά-

2189 4607 2365 4660 μενον,
2389 4592 2504 4662 ἤτοι
2533 4594 2720 4665 τρίτην
2751 4597 2945 4667 ἔχοντα
2971 4603 3263 4675 καθέδραν·
3298 4600 3402 4665 οἷος
3427 4599 3488 4671 ἦν
3516 4602 3542 4651 ὁ
3573 4589 3701 4648 Δαυῖδ

2186 4676 2333 4748 παρὰ
2375 4678 2562 4743 Σαοὺλ,
2602 4680 2677 4743 ὡς
2713 4685 2774 4737 ὲν
2819 4688 2887 4756 τῇ
2941 4689 3133 4760 πρώτῃ
3190 4690 3296 4743 τῶν
3333 4684 3598 4743 Βασιλειῶν
3631 4679 3699 4731 εὖ·

2192 4769 2394 4838 ρήσεις.

2261 4874 2279 4906 ι
2324 4857 2467 4909 Ἐκεῖ
2484 4857 2632 4911 ἔθετο
2670 4861 2818 4932 αὐτῷ
2839 4865 2867 4915 6
2888 4864 3024 4929 Θεὸς
3053 4866 3387 4938 δικαιώματα
3407 4864 3494 4919 acati.
3512 4860 3700 4930 κρίσεις,

2191 4946 2281 5000 καὶ
2321 4950 2436 5000 ἐκεῖ
2476 4948 2633 5001 αὑτὸν
2674 4954 2987 5022 ἐπείρασε.»
3023 4957 3153 5011 Ὅτε
3193 4958 3323 5021 Θεὸς
3361 4953 3604 5027 πειράζει,
3635 4944 3701 4999 ἐπ’

2188 5034 2419 5105 ὠφελείᾳ
2453 5037 2717 5107 πειράζει,
2757 5043 2859 5094 οὐκ
2899 5044 2991 5095 ἐπὶ
3018 5046 3096 5115 τῷ
3132 5048 3499 5115 κακοποιῆσαι·
3530 5039 3598 5094 διὸ
3630 5032 3703 5088 καὶ

2190 5124 2399 5193 ἐλέχθη,
2415 5127 2496 5178 ὅτι
2518 5148 2534 5176 ι
2567 5127 2626 5180 ’0
2638 5126 2769 5191 Θεὸς
2786 5130 3119 5201 ἀπείραστός
3141 5137 3255 5188 ἐστι
3281 5135 3477 5195 κακῶν,
3501 5151 3518 5183 ι
3543 5130 3608 5190 ὡς
3630 5121 3703 5177 καὶ

2192 5214 2306 5281 μετ’
2329 5212 2481 5279 ὀλίγα
2525 5214 2718 5281 ἐπάγει
2744 5217 2773 5265 6
2800 5217 2977 5286 λόγος·
3000 5245 3020 5277 ι
3059 5226 3186 5279 Ἐὰν
3201 5225 3333 5293 ἀκοῇ
3370 5219 3590 5291 ἀκούσῃς
3616 5214 3705 5267 Κυ-

2195 5300 2305 5371 ρίου
2340 5300 2433 5352 τοῢ
2461 5300 2595 5354 Θεοῦ
2638 5318 2752 5366 σου,
2791 5308 2972 5361 πᾶσαν
3010 5310 3184 5377 νόσον,
3228 5314 3293 5382 ἦν
3331 5314 3586 5383 ἐπήγαγον
3614 5302 3703 5360 τοῖς

632 5417 840 5495 ’_Exod.
868 5421 1074 5495 xn,_46.
1151 5423 1193 5455 ¹⁰
1216 5421 1342 5478 ibid.
1369 5420 1454 5475 48.
1531 5421 1571 5454 ⁸⁸
1599 5418 1764 5477 Exod.
1791 5432 1911 5487 xm,
1936 5418 2027 5474 20.

2185 5415 2338 5471 Num.
2369 5432 2558 5484 xxxnt,
2587 5418 2640 5474 7.
2717 5418 2760 5452 “
2787 5420 2962 5478 Exod.
2998 5442 3104 5495 xiv,
3132 5428 3188 5482 7.
3270 5429 3312 5460 “
3339 5426 3497 5484 Exod.
3528 5436 3606 5486 xv.
3629 5413 3702 5469 95·

554 5487 598 5520 "
643 5483 824 5539 Jac-ob.
858 5502 899 5552 ι,
939 5489 1024 5543 l3.
