3922 6258
350 563 376 584 υ
416 563 481 593 w
1393 563 1412 565 “
1463 563 1537 567 "'
1581 563 1740 585 “""'

382 563 420 641 Ῠ
484 563 520 607 ς
551 563 901 643 Ἰεψδαίῳῖν
952 597 1412 659 στεφανοῦται.
1461 601 1620 653 Ἀλλο
1657 603 1712 654 δέ
1753 604 1896 654 ἐστιν

165 670 239 707 τιν
331 647 424 688 Im“
466 634 772 708 B‘Q661mY
827 663 1087 720 ἐκεῖνος
1140 684 1273 720 συλλ
1313 690 1555 720 ...μην-ρ.
1640 692 1723 720 νη-
1774 691 1896 720 -..ια

238 684 244 707 ⁷
314 684 786 759 ᾼζῇιᾷἶῖπὛῖ
827 684 1087 759 ἷκεινος
1140 684 1273 757 γὰρ
1312 690 1591 759 πειράζει,
1640 692 1726 742 ενα
1774 691 1896 753 τοὺς

188 728 593 853 λὶροὶιὲζοωξ
636 744 803 850 ας,ξῷ
846 728 1591 845 θανατεσξῃῖνκέιῖῖῖξς
1608 728 1737 839 9;};
1782 728 1897 828 ζεῖ

253 827 412 941 ζέε*-
428 827 532 885 “in
812 843 1063 941 ﬁfth“
1074 827 1282 924 pacm),
1326 827 1480 932 *πλὴνΙ
1491 827 1661 926 διδοὺς

502 927 771 1020 Ϊτθὰττεω
812 933 844 986 δ
863 934 1025 992 θέλει
1047 942 1151 998 διὰ
1171 947 1241 1000 τὸ
1263 927 1618 1016 ἀυτεξούσιον.
1738 927 1750 932 -
1896 932 1912 943 ”’

368 1054 392 1083 κ
426 1017 595 1073 τοῦτο
613 1020 677 1074 "ab
703 1022 862 1094 ῥῆμα
894 1027 925 1079 ὃ
947 1028 1204 1103 ὲλὰλησε
1228 1037 1451 1107 Κύριοςο
1481 1039 1745 1102 Σάϐϐατα,
1776 1038 1898 1092 ἀνά-

327 1128 509 1176 παυσις
538 1111 667 1181 ἁγία
687 1112 768 1183 τῷ
796 1116 1001 1187 Κυρίῳ
1034 1121 1263 1191 αὓριον.
1297 1144 1317 1176 ι
1380 1127 1783 1197 Ἀπογράφομαι
1829 1129 1897 1181 τὰ

328 1205 451 1272 περὶ
473 1202 566 1255 τοῦ
594 1203 868 1258 σαϐϐάτου
897 1210 1200 1279 εἰρημένω
1238 1215 1450 1285 πρῶτον
1472 1217 1607 1269 κατὰ
1630 1217 1689 1268 τὸ
1716 1218 1894 1285 ῥητὸν,

317 1292 397 1343 Ῑν⁹
422 1293 575 1346 ίδωσι
602 1295 657 1346 τί
683 1297 937 1365 σημαίνει
973 1299 1036 1350 τὸ
1070 1301 1329 1371 γράμμα·
1368 1304 1611 1372 δεύτερον
1658 1306 1714 1357 δὲ
1758 1306 1896 1358 κατὰ

310 1381 425 1450 τὴν
452 1385 772 1454 ἀναγωγὴν,
804 1387 928 1439 καθ’
963 1389 1033 1457 ἦν
1077 1393 1289 1460 εἴποιμι
1346 1393 1410 1445 ἂν
1444 1393 1648 1464 ἡμέραν
1700 1396 1899 1448 σαϐϐά-

308 1488 419 1524 του
452 1473 816 1542 ἐνεστηκέναι
872 1476 953 1546 τῷ
1032 1478 1228 1548 δικαίῳ
1295 1482 1649 1535 καταλύσαντι
1701 1484 1764 1535 τὰ
1804 1485 1896 1537 τοῦ

292 1561 524 1630 κόσμου
554 1562 723 1633 ἔργα.
755 1566 852 1617 καὶ
870 1567 1149 1630 δοξάζοντι
1165 1569 1255 1621 τὸν
1277 1570 1425 1631 Θεὸν,
1448 1572 1540 1622 καὶ
1572 1571 1894 1640 σχολάζοντι,

291 1653 456 1720 μήτε
480 1653 584 1704 τοῦ
617 1653 794 1706 τόπου
823 1656 881 1706 έν
908 1649 954 1722 ᾧ
982 1657 1181 1726 ἔστηκε
1238 1659 1333 1710 τοῦ
1377 1659 1639 1727 Χριστοῦ,
1671 1663 1895 1728 ἀφιστα-

284 1740 484 1808 μὲνιρο
519 1742 670 1810 μήτε
696 1742 812 1812 πῦρ
834 1744 1065 1807 καίοντι,
1101 1746 1241 1797 κατὰ
1268 1747 1328 1798 τὸ
1367 1747 1528 1816 μηδὲν
1550 1749 1893 1818 ἁμαρτάνειν·

286 1828 453 1895 μήτε
478 1827 859 1896 βαστάγματα
884 1830 1114 1900 αῖροντι.
1168 1832 1461 1901 Βάσταγμα
1488 1834 1642 1903 ὅρους
1684 1836 1899 1905 βαρύτε-
1926 1818 1967 1873 Β

284 1931 415 1983 ρον
434 1918 592 1969 πᾶσα
624 1917 912 1988 ἁμαρτίαο
947 1919 1029 1970 διὸ
1061 1919 1247 1987 ἔλεγεν
1282 1926 1310 1975 6
1340 1921 1625 1991 ’Υμνῳδὸς·
1687 1942 1705 1973 ‹
1756 1925 1897 1977 Ὠσεὶ

280 2005 539 2074 φορτίον
573 2006 721 2076 βαρὺ
812 2007 1190 2077 ἐϐαρύνθησαν
1244 2012 1329 2062 ἐπ’
1380 2012 1495 2080 ἐμέ.
1535 2031 1553 2062 ι
1603 2014 1788 2082 Ἑτέρα
1839 2014 1896 2066 δὲ

280 2093 620 2165 ἀπογραφὴ
652 2095 724 2148 ἂν
754 2095 843 2165 εἴη
880 2098 1174 2158 σαϐϐάτου,
1204 2100 1325 2151 καθ’
1359 2101 1424 2168 ἣν
1483 2119 1501 2151 ι
1551 2102 1896 2156 ἀπολείπεται

286 2183 703 2252 σαϐϐατισμὸς
735 2184 819 2252 τῷ
865 2185 982 2254 λαῷ
1009 2186 1102 2238 τοῦ
1160 2186 1316 2249 Θεοῦ,
1372 2207 1389 2236 ι
1437 2189 1734 2252 ἀνάπαυσις
1777 2191 1898 2260 ίερά

283 2268 412 2321 καί
430 2270 594 2337 ἁγία.
652 2271 713 2323 '0
738 2272 798 2323 δὲ
824 2274 1061 2340 ποιήσας
1086 2274 1263 2326 πάντα
1289 2276 1355 2326 τὰ
1376 2274 1510 2343 ἔργα
1539 2277 1721 2337 αὑτοῦ,
1752 2278 1895 2342 ἄξιος

281 2357 566 2426 κρίνεται
608 2361 831 2413 ἐκείνου
866 2360 962 2412 τοῦ
1013 2362 1302 2414 σαϐϐάτου·
1354 2364 1619 2432 σχολάζων
1655 2366 1824 2417 οὐδενὶ
1862 2365 1894 2434 ἢ

280 2447 385 2513 τῇ
408 2446 622 2517 θεωρίᾳ.
650 2448 757 2516 τῆς
780 2447 1065 2515 ἀληθείας,
1092 2451 1186 2502 καὶ
1209 2451 1309 2518 τῆς
1360 2453 1565 2517 σοφίας.
1611 2453 1795 2505 Ταῦτα
1841 2453 1897 2505 δὲ

279 2528 403 2583 διὰ
450 2533 520 2584 τὺ
588 2534 908 2602 μεμνῆσθαι
969 2535 1197 2588 ἐνταῦθα
1226 2537 1317 2590 τὸν
1363 2538 1595 2590 Μωῦσέα
1638 2539 1764 2608 περὶ¹
1804 2537 1893 2590 τοῦ

281 2619 614 2684 σαθόατίζε
623 2639 695 2684 ιν,
730 2622 1107 2692 παρεθέμεθα.

388 2729 404 2759 ι
442 2711 567 2761 Καὶ
601 2710 875 2775 πατάξεις
898 2712 1001 2781 τὴν
1053 2713 1280 2783 πέτραν,
1316 2712 1408 2765 καὶ
1462 2712 1792 2778 ἐξελεύσεται
1840 2714 1895 2780 ἐξ

280 2796 479 2866 αὐτῆς
515 2800 695 2869 ὕδωρ.
738 2819 758 2850 ι
789 2801 976 2871 Πέτρᾳ
999 2800 1390 2871 παρεικάζεται
1416 2802 1446 2853 ὁ
1481 2804 1711 2872 Χριστὸς
1730 2803 1815 2854 διὰ
1837 2804 1896 2854 τὸ

286 2878 569 2936 ἄσειστον
594 2886 699 2936 καὶ
723 2886 1045 2955 άκλὸνητον.
1065 2889 1404 2957 Ἐρήρεισται
1425 2888 1531 2958 γάρ
1556 2892 1613 2941 ὲν
1639 2893 1748 2952 τοῖς
1772 2890 1898 2957 ἁγα-

285 2965 417 3033 θοῐς
442 2974 482 3041 ἡ
526 2972 658 3024 θεία
690 2990 752 3025 τε
776 2976 873 3026 xa‘t
904 2975 1186 3043 ὑπερτάτη
1214 2975 1393 3042 φύσις.

378 3078 396 3111 ι
420 3060 581 3129 Ἐγὼ
608 3063 725 3131 γάρ
750 3064 870 3131 εἰμι
896 3062 1103 3133 Κύριος
1130 3066 1158 3115 6
1182 3064 1312 3125 Θεός
1337 3080 1453 3125 σου,
1476 3062 1606 3127 Θεὸς
1633 3064 1892 3136 ζηλωτὴς,
1921 3105 1962 3158 C

287 3145 605 3211 ἀποδιδοὺς
640 3151 921 3219 ἁμαρτίας
947 3152 1202 3221 πατέρων
1226 3152 1316 3203 ἐπὶ
1344 3153 1528 3214 τέκνα,
1571 3155 1662 3205 ἐπὶ
1707 3153 1895 3223 τρίτην

286 3237 390 3290 καὶ
419 3240 713 3307 τετάρτην
738 3240 934 3305 γενεὰν
961 3242 1072 3300 τοῖς
1091 3239 1304 3307 μισοῦσί
1339 3257 1427 3308 με,
1454 3241 1547 3292 καὶ
1568 3242 1729 3294 ποιῶν
1754 3242 1896 3305 ἕλεος

288 3322 377 3386 είς
405 3326 675 3396 χιλιάδας
696 3330 811 3388 τοῖς
845 3327 1107 3394 ἀγαπῶσι
1140 3343 1206 3395 με
1231 3364 1245 3388 ,
1287 3328 1380 3378 καὶ
1412 3331 1523 3390 τοῖς
1572 3329 1898 3395 φυλάσσουσι

286 3409 365 3464 τὰ
388 3416 825 3486 προστάγματα
867 3432 992 3484 μου.
1027 3433 1049 3466 ι
1109 3417 1242 3469 Τίνα
1273 3417 1430 3469 τοῦτο
1473 3417 1535 3469 τὸ
1593 3418 1750 3487 ῥητὸν
1801 3419 1898 3471 οὐκ

287 3501 618 3575 ἐτάραξενς
650 3505 714 3557 Et
739 3505 963 3574 ἥμαρτε
994 3505 1093 3573 μὲν
1117 3506 1146 3555 6
1175 3505 1377 3575 πατὴρ,
1405 3507 1434 3557 ὁ
1455 3505 1513 3557 δὲ
1551 3504 1695 3569 υίὸς,
1724 3507 1816 3557 καὶ
1863 3508 1897 3574 ἡ

285 3594 486 3663 τρίτη,
523 3596 625 3645 καὶ
655 3594 688 3662 ἡ
718 3594 963 3663 τετάρτη
995 3595 1159 3660 γενεὰ
1193 3595 1561 3663 ἀπολαμόάνει
1597 3594 1691 3665 τὴν
1724 3596 1901 3665 ἁμαρ-

286 3679 443 3747 τίαν,
472 3684 560 3744 ὡς
582 3685 713 3744 τοὺς
753 3683 858 3751 μὲν
908 3684 1287 3752 κατηγορῆσαι
1333 3685 1429 3735 καὶ
1474 3683 1564 3737 τοῦ
1615 3684 1899 3747 δεδωκότος

286 3773 425 3836 τοὺς
452 3774 668 3840 νόμους
690 3772 854 3824 Θεοῦ·
884 3772 1016 3834 τοὺς
1039 3772 1098 3824 δὲ
1132 3772 1206 3841 μὴ
1233 3773 1600 3843 κατηγορῆσαι
1626 3774 1740 3842 μὲν,
1764 3774 1897 3842 άλη-

287 3854 408 3924 θῶς
433 3862 503 3913 δὲ
529 3860 774 3924 ἐλπίζειν
795 3860 1031 3913 τοιαῦτά
1052 3877 1194 3924 τινα,
1220 3863 1313 3913 καὶ
1344 3863 1660 3933 προσδοκᾷν,
1699 3865 1779 3918 ὅτι
1832 3865 1901 3917 τά

286 3947 690 4021 ἁμαρτήματα
716 3950 906 4002 αὐτῶν
929 3952 979 4001 οί
1013 3950 1121 4001 υἱοὶ
1145 3950 1633 4018 άπολαμὸάνουσιν.
1664 3954 1899 4006 Ἰουδαῖοι

285 4041 482 4101 ταῦτα.
515 4039 870 4108 νομίζουσιν,
929 4038 1034 4089 οὐκ
1083 4038 1512 4100 ἀπαλλάττοντες
1562 4039 1715 4093 ἄλλον
1759 4041 1896 4094 θεόν.

282 4123 595 4197 Σαμαρεῖς
618 4126 789 4178 ταῦτα
816 4124 1305 4193 ὑπολαμϐάνουσιν
1330 4164 1345 4187 ,
1395 4125 1469 4185 ὼς
1498 4128 1587 4178 καὶ
1618 4128 1769 4179 αὐτοὶ
1817 4127 1902 4179 δο-

281 4211 577 4281 ξάζοντες
605 4215 1006 4285 μετεσχηκέναι
1029 4214 1127 4265 τοῦ
1151 4214 1271 4276 ἑνὸς
1291 4213 1446 4266 Θεοῦ.
1479 4216 1539 4266 Oi
1577 4215 1681 4267 ἀπὸ
1695 4215 1800 4269 τῶν
1821 4216 1902 4266 ai-

279 4306 526 4367 ρέσεων
555 4303 657 4354 οὐκ
680 4303 1050 4374 ἀρεσκόμενοι
1077 4300 1158 4369 τῷ
1209 4301 1413 4369 ἀγαθὸν
1456 4302 1488 4371 ἢ
1534 4302 1733 4357 δίκαιον
1765 4302 1899 4356 εἶναι

3402 391 3512 449 290

1999 615 2111 666 nes,
2141 615 2390 656 coronam
2424 602 2630 670 recipit.
2684 603 2848 659 Secus
2875 615 3049 658 autem
3076 620 3134 659 se
3163 620 3248 661 res
3274 607 3430 662 habet
3452 608 3506 659 in

1996 688 2224 740 diabolo.
2258 689 2303 741 Is
2330 689 2467 741 enim
2500 698 2687 751 tcntat.
2711 701 2765 742 ut
2794 691 3275 760 sibiobsequentes
3316 693 3519 747 interﬁ-

1995 776 2124 831 ciat.
2153 777 2230 830 Ac
2258 778 2395 830 Deus
2420 778 2629 845 quidem
2656 785 2823 832 tentat
2847 793 2952 833 non
2993 779 3153 833 futuri
3198 783 3513 848 ignorantia.
3542 782 3549 789 ’

1995 865 2085 917 sed
2114 865 2311 918 homini
2358 866 2664 919 facultatem
2693 866 2890 921 faciens
2923 868 3065 934 quod
3093 868 3214 922 velit
3240 872 3514 937 operandi,

1994 963 2210 1021 propter
2234 955 2436 1006 arbitrii
2465 954 2781 1009 libertatem.

2073 1055 2089 1086 ι
2131 1038 2240 1092 lloc
2267 1049 2347 1092 est
2382 1042 2595 1092 verbum
2641 1042 2776 1107 quod
2813 1041 3016 1095 loculus
3079 1049 3160 1096 est
3210 1041 3461 1096 Dominus
3497 1057 3513 1094 :

1997 1125 2251 1190 Sabbata,
2306 1129 2514 1194 requies
2544 1138 2725 1182 sancta
2772 1128 2993 1182 Domino
3029 1143 3152 1183 cras
3184 1130 3249 1182 “.
3284 1147 3304 1182 ι
3363 1129 3517 1198 125

1996 1213 2212 1281 Expone
2237 1230 2353 1282 quae
2386 1218 2449 1269 de
2483 1216 2714 1271 Sabbato
2751 1218 2887 1272 dicta
2935 1230 3077 1283 sunt,
3130 1218 3299 1286 primo
3329 1233 3518 1273 secun-

1998 1303 2118 1354 dum
2156 1302 2295 1355 unda
2317 1304 2499 1365 verba,
2537 1314 2588 1356 ut
2618 1305 2829 1357 videant
2859 1306 2984 1373 quid
3017 1304 3280 1373 signiﬁcet
3304 1305 3514 1371 littera;

1997 1389 2193 1442 deinde
2256 1393 2549 1443 secundum
2598 1392 2889 1457 spiritalem
2946 1393 3310 1455 intellectum,
3365 1393 3515 1460 juxta

1994 1491 2152 1544 quem
2182 1479 2407 1532 dixerim
2442 1480 2581 1532 diem
2621 1479 2840 1532 Sahbati
2887 1480 3033 1546 justo
3076 1478 3382 1533 incumbere
3426 1479 3517 1547 qui

1992 1566 2321 1621 destruxerit
2350 1566 2529 1622 mundi
2561 1584 2740 1637 Opera,
2788 1570 2876 1635 qui
2925 1569 3084 1622 Deum
3129 1570 3424 1636 gloriﬁcat,
3455 1583 3519 1625 ac

1994 1656 2227 1722 quietem
2280 1657 2420 1725 agit;
2460 1657 2548 1725 qui
2604 1671 2777 1725 neque
2831 1672 2862 1709 a
2914 1657 3033 1711 loco
3083 1658 3136 1710 in
3187 1672 3294 1725 quo
3336 1657 3513 1724 stetit,

1994 1743 2211 1798 Christo
2241 1744 2515 1808 nimirum,
2540 1745 2761 1809 recedit,
2794 1760 2891 1798 nec
2922 1746 3092 1814 ignem
3135 1747 3374 1800 accendit
3396 1760 3515 1814 pec.

1995 1834 2188 1894 cando,
2217 1846 2385 1902 neque
2419 1833 2521 1887 fert
2557 1849 2738 1888 onera.
2761 1834 2907 1889 Onus
2928 1845 3105 1889 monte
3125 1837 3337 1905 gravius
3359 1849 3517 1890 omne

1994 1930 2304 1989 peccatum;
2330 1922 2671 1988 quamobrem
2694 1922 2900 1976 dicebat
2919 1920 3197 1976 Psalmista
3216 1923 3258 1954 "'
3285 1939 3299 1976 :
3335 1940 3355 1974 ι
3391 1922 3514 1977 Sie-

1994 2017 2053 2060 ut
2096 2020 2230 2060 onus
2283 2020 2445 2075 grave
2486 2015 2697 2073 gravata
2746 2017 2870 2059 sunt
2913 2021 3072 2074 super
3126 2022 3228 2061 me.
3264 2025 3283 2060 ι
3336 2009 3514 2062 Altera

1994 2106 2169 2149 autem
2198 2095 2459 2161 expositio
2488 2095 2704 2148 Sabbati
2757 2097 2846 2157 sit,
2874 2094 3028 2161 juxta
3076 2111 3234 2164 quam
3294 2113 3315 2148 ι
3350 2099 3508 2152 relin—

1993 2185 2181 2252 quitur
2210 2184 2575 2237 sabbatisntus
2610 2184 2804 2251 populo
2852 2185 2941 2236 Dei
2973 2184 3018 2216 ι’
3048 2202 3068 2236 ι
3106 2185 3317 2252 requies
3361 2202 3513 2242 sacra

1994 2280 2047 2323 et
2076 2280 2280 2324 sancta.
2325 2270 2424 2335 Qui
2487 2285 2613 2324 vero
2664 2270 2841 2324 omnia
2893 2270 3006 2336 ejus
3053 2271 3181 2325 fecit
3230 2286 3412 2339 opera,
3468 2275 3515 2329 is

1994 2359 2184 2426 tligtllts
2213 2359 2438 2411 habetur
2466 2359 2567 2411 hoc
2588 2360 2843 2421 Sabbato,
2868 2359 2995 2412 nulli
3018 2360 3168 2414 alteri
3196 2362 3269 2413 rei
3298 2375 3512 2425 vacans,

1994 2463 2151 2515 quam
2185 2448 2605 2514 contemplanda:
2628 2447 2838 2500 veritati
2868 2456 2918 2501 et
2945 2450 3232 2515 sapientiae.
3279 2449 3400 2503 Haec
3424 2466 3516 2503 au-

1996 2547 2099 2590 tem
2130 2536 2329 2590 idcirco
2379 2537 2720 2605 exposuimus
2743 2538 2883 2603 quod
2922 2536 3130 2606 Moyses
3150 2539 3249 2592 hoc
3278 2537 3393 2594 loco
3424 2554 3514 2594 re-

1994 2625 2209 2694 ligionis
2245 2624 2461 2679 Sabbati
2489 2623 2815 2678 meminerit.

2066 2732 2084 2764 ς
2116 2713 2180 2766 Et
2205 2714 2469 2782 percnties
2505 2724 2731 2782 petram.
2760 2724 2813 2768 et
2838 2714 3003 2768 exibit
3032 2728 3098 2769 ex
3125 2730 3187 2770 ea
3220 2730 3357 2783 aqua
3395 2716 3458 2770 ι’.
3489 2733 3511 2769 ι

1993 2799 2236 2854 Christus
2279 2810 2441 2868 petra;
2492 2809 2832 2870 comparatur
2880 2802 2950 2855 ob
3001 2802 3372 2857 inconcussam
3407 2805 3513 2859 vim

1995 2902 2057 2941 ac
2096 2888 2418 2943 ﬁrmitatem.
2455 2888 2688 2944 Firmata
2728 2888 2869 2943 enim
2903 2889 2957 2943 in
3011 2889 3166 2945 bonis
3213 2901 3297 2946 est
3337 2893 3515 2947 divina

1994 2976 2361 3044 excellensque
2398 2987 2611 3032 natura.

2065 3081 2085 3113 ι
2120 3063 2229 3131 Ego
2255 3064 2394 3116 enim
2424 3079 2541 3118 smn
2576 3053 2827 3120 Dominus
2855 3065 2992 3120 Deus
3016 3073 3157 3130 tuus,
3188 3064 3326 3121 Deus
3372 3066 3515 3121 zelo-

1999 3161 2095 3213 tes,
2131 3152 2359 3204 reddens
2391 3160 2601 3220 peccata
2626 3161 2832 3218 patrum
2889 3153 2940 3204 in
2971 3152 3107 3206 ﬁlios
3134 3153 3186 3206 in
3223 3155 3432 3207 tertiam
3461 3161 3519 3208 et

1995 3244 2236 3300 quartam
2272 3236 2600 3303 progeniem,
2633 3236 2715 3288 his
2743 3238 2829 3305 qui
2861 3239 3083 3291 oderunt
3105 3253 3208 3304 me,
3243 3248 3297 3293 et
3317 3239 3519 3296 faciem

1995 3324 2419 3379 miscricordiam
2453 3326 2504 3377 in
2535 3327 2696 3379 millia
2718 3365 2733 3387 ,
2781 3326 2863 3381 his
2896 3329 2985 3395 qui
3045 3328 3273 3398 diligunt
3310 3345 3417 3395 me,
3461 3337 3519 3386 et

1995 3421 2208 3464 servant
2238 3423 2503 3481 praecepta
2555 3416 2754 3467 mea".
2793 3433 2813 3467 ι
2872 3416 3038 3482 Quem
3096 3431 3200 3470 non
3243 3420 3520 3474 turbarunt

1996 3498 2111 3551 haec
2140 3498 2336 3551 verba?
2367 3498 2421 3552 Si
2451 3511 2603 3568 pater
2639 3503 2902 3567 peccavit,
2946 3502 3104 3565 ﬁlius,
3148 3506 3410 3574 tertiaque
3454 3520 3517 3560 ac

1994 3596 2181 3654 quarta
2202 3590 2480 3657 progenies
2517 3601 2811 3657 peccatum'
2837 3593 3043 3659 recipit.
3075 3591 3210 3647 Hinc
3241 3596 3326 3647 alii
3354 3596 3517 3649 Deum
3547 3577 3554 3584 ’

1996 3686 2246 3731 accusant
2274 3680 2362 3746 qui
2387 3679 2525 3746 leges
2558 3681 2722 3745 dedit,
2752 3681 2840 3735 alii
2866 3698 2969 3736 non
3002 3693 3256 3737 accusant
3281 3684 3517 3753 quidem,

1996 3780 2125 3820 vere
2173 3773 2351 3819 tamen
2402 3767 2659 3834 ejusmodi
2718 3770 2956 3835 quasdam
3011 3768 3127 3822 fore
3176 3781 3394 3838 sperant
3454 3788 3517 3827 ac

1997 3863 2307 3923 exspectant
2338 3862 2393 3907 ut
2420 3869 2606 3909 eorum
2638 3867 2857 3923 peccata
2886 3857 2978 3909 lilii
3001 3857 3276 3924 recipiant.
3304 3858 3378 3912 Ita
3393 3875 3516 3913 sen-

2000 3943 2136 3996 tiunt
2165 3942 2353 4005 Judaei,
2388 3952 2443 3995 ut
2470 3953 2645 3996 tamen
2680 3943 2839 3996 alium
2869 3959 2975 3997 non
3001 3944 3286 3999 admittant
3338 3947 3518 4003 deum.

2000 4032 2121 4085 llaec
2148 4033 2256 4099 ipsa
2295 4033 2517 4086 credunt
2546 4033 2843 4099 Samaritae,
2862 4034 2950 4100 qni
2986 4041 3039 4087 et
3094 4033 3193 4101 ipsi
3238 4034 3394 4088 unius
3457 4048 3518 4089 se

1999 4123 2090 4176 Dei
2121 4122 2407 4190 participes
2431 4137 2551 4176 esse
2579 4122 2885 4187 opinantur.
2909 4120 3381 4189 Haretici,quibus
3411 4137 3514 4175 non

1997 4211 2167 4277 placet
2188 4213 2382 4264 bonum
2422 4219 2514 4262 aut
2556 4209 2762 4276 justum
2815 4223 2935 4262 esse
2988 4209 3150 4262 Deum
3195 4224 3371 4277 posse,
3423 4211 3516 4278 qui

1999 4300 2173 4353 reddit
2196 4311 2407 4367 peccata
2440 4306 2649 4368 patrum
2673 4299 2724 4350 in
2757 4298 2929 4350 sinum
2953 4296 3209 4356 ﬁliorum.
3236 4299 3383 4351 aiunt
3413 4313 3516 4351 non

274 4390 431 4447 θεὸν
459 4391 753 4451 δύνασθαι,
777 4393 873 4444 τὸν
899 4391 1226 4444 ἀποδιδόντα
1251 4393 1525 4459 ἁμαρτίας
1549 4394 1791 4462 πατέρων
1820 4396 1897 4456 είς

1998 4405 2114 4443 esse
2140 4389 2341 4457 justum
2367 4405 2430 4444 ac
2450 4391 2642 4443 bonmn
2674 4390 2807 4459 legis
2837 4390 3021 4452 Deum,
3057 4388 3148 4455 qui
3187 4388 3368 4442 reddat
3392 4403 3516 4455 pec-

272 4483 507 4535 κόλπον
530 4481 745 4533 τέκνων
768 4480 977 4534 αὐτῶν.
1018 4479 1289 4545 λέγουσιν,
1318 4480 1399 4531 ὅτι
1425 4483 1453 4533 ὁ
1477 4482 1567 4533 τοῦ
1589 4483 1747 4550 νόμου
1770 4482 1897 4544 Θεὸς

272 4570 388 4625 οὐκ
422 4571 550 4622 ἔστι
586 4571 838 4630 δίκαιος,
885 4569 993 4620 οὐκ
1044 4567 1198 4618 ἔστιν
1249 4567 1469 4631 ἀγαθὸς,
1522 4569 1791 4632 ἀποδιδοὺς
1831 4574 1898 4623 τὰ

267 4653 683 4730 ἁμαρτήματα
709 4658 824 4709 τῶν
857 4656 1128 4724 πατέρων
1148 4655 1244 4706 ὲπὶ
1276 4657 1402 4716 τοὺς
1425 4656 1568 4718 υἱούς
1586 4673 1598 4687 '
1637 4657 1769 4710 ἀλλά
1814 4675 1898 4721 τις

264 4740 436 4803 ιπιν
482 4748 707 4801 ἐκείνου
777 4745 994 4815 μείζων
1042 4743 1189 4804 θεός.
1231 4743 1291 4794 '0
1347 4743 1404 4794 δὲ
1447 4744 1897 4814 ὲκχλησιαστικὸς,

259 4836 405 4892 οὕτε
430 4839 514 4901 ὼς
568 4837 841 4898 Ἰουδαῖος
871 4832 1221 4903 σωματικῶς
1246 4832 1434 4884 ἀκούει
1455 4831 1556 4884 τῶν
1580 4833 1895 4903 λεγομένων,

253 4926 402 4983 εὖτε
434 4931 518 4991 ὡς
551 4926 852 4997 αίρετικδς
896 4923 1262 4976 ἀναπλάσσει
1301 4922 1472 4986 ἄλλον,
1524 4923 1631 4975 ἀλλ’
1675 4924 1899 4995 ἕστηκεν

253 5009 618 5088 ἀμφοτέρων
652 5015 858 5085 μέσος,
894 5013 999 5065 καὶ
1054 5011 1216 5078 λέγει
1245 5011 1425 5074 καλῶς
1479 5013 1570 5080 μὲν
1594 5013 1759 5065 ταῦτα
1808 5030 1900 5081 γε-

252 5106 552 5177 γράφθαιο
584 5105 693 5156 οὐκ
725 5098 853 5154 οῖδα
906 5099 972 5151 δὲ
1006 5097 1125 5148 τῶν
1178 5099 1570 5167 γεγραμμένων
1623 5101 1710 5153 τὸν
1756 5103 1898 5158 νοῦν.

266 5185 640 5246 ’Δνατείνατε
692 5186 798 5242 οὖν
823 5187 933 5247 τὰς
967 5182 1233 5244 διανοίας
1285 5185 1476 5247 πάντες
1491 5223 1506 5247 ,
1547 5188 1637 5239 καὶ
1680 5190 1903 5257 atri)“-

259 5282 391 5343 σοε,
419 5283 510 5333 ἵνα
542 5282 684 5348 ὑμῖν
713 5272 1087 5340 ἀποκαλύψῃ
1120 5272 1202 5333 ὡς
1228 5272 1426 5338 ἀγαθός
1451 5277 1583 5328 ἐστιν
1608 5315 1622 5338 ,
1661 5279 1690 5328 ὁ
1714 5278 1902 5332 ἀποδι-

251 5363 389 5434 δοὺς
410 5370 714 5440 ἁμαρτίας
745 5363 1042 5431 πατέρων
1060 5359 1160 5410 ἐπὶ
1191 5359 1378 5412 τέκνα.
1407 5361 1549 5424 Τίνες
1574 5367 1620 5416 oi
1647 5367 1900 5437 πατέρες;

257 5460 395 5531 φέρε
419 5461 528 5521 τὰς
573 5453 834 5527 Γραφὰς
864 5449 1211 5520 μάρτυρας
1246 5445 1657 5517 ἐξετασθήτωσαν
1692 5455 1757 5505 τὰ
1800 5445 1901 5508 ’λό-

333 5574 378 5605 “
400 5571 584 5625 Exod.
619 5584 756 5628 xu.
799 5564 912 5617 25-

254 5644 371 5707 ηυ,
398 5640 497 5694 44.

2000 4486 2120 4533 cata
2151 4490 2363 4546 patrum
2391 4480 2442 4532 in
2474 4480 2630 4545 ﬁlios,
2660 4482 2753 4533 sed
2780 4478 2938 4531 alium
2967 4477 3251 4544 quemdam
3281 4490 3400 4531 esse
3427 4475 3519 4529 illo

1999 4566 2251 4634 majorem
2289 4568 2463 4620 deum.
2489 4566 2588 4630 Qui
2631 4581 2759 4621 vero
2809 4566 3063 4619 Ecclesia
3090 4565 3385 4619 doctrinam
3436 4580 3521 4619 se-

1997 4658 2199 4723 quitur,
2254 4670 2352 4709 nec
2398 4653 2564 4708 Judrei
2619 4669 2766 4708 more
2811 4666 3070 4719 corporeo
3115 4666 3276 4706 sensu
3327 4653 3521 4721 accipit

1999 4759 2118 4812 qua:
2141 4744 2408 4806 dicuntur,
2466 4755 2562 4796 nec
2612 4743 2753 4796 sicut
2804 4743 3086 4796 hatreticus
3129 4741 3290 4794 alium
3355 4742 3517 4794 Deum

2001 4833 2448 4896 comminiscitur,
2477 4832 2571 4885 sed
2590 4830 2726 4884 inter
2747 4840 3030 4895 utrumque
3060 4829 3265 4882 medius
3304 4828 3518 4891 incedit,

2001 4923 2201 4989 aitque,
2234 4921 2365 4974 bene
2399 4919 2610 4987 quidem
2648 4920 2759 4973 haec
2813 4919 3010 4985 scripta
3036 4929 3173 4980 esse,
3209 4916 3300 4970 sed
3333 4930 3519 4969 eorum

2001 5025 2117 5078 quae
2151 5008 2346 5076 scripta
2376 5018 2499 5060 sunt
2527 5022 2740 5061 sensum
2774 5005 2876 5060 sibi
2901 5020 3002 5060 non
3020 5019 3140 5059 esse
3162 5014 3512 5072 perspectum.

2003 5097 2248 5149 Animum
2271 5096 2434 5163 igitur
2458 5095 2636 5148 cuncti
2673 5094 2952 5153 advertite.
2986 5102 3041 5145 et
3076 5092 3236 5145 Deum
3267 5099 3419 5144 orate
3461 5100 3520 5142 ut

2004 5185 2157 5239 vobis
2187 5184 2381 5237 rcchet
2413 5196 2518 5250 quo
2554 5189 2706 5250 pacto
2735 5182 2905 5235 bonus
2934 5180 3006 5233 sit
3025 5179 3116 5245 qui
3142 5179 3314 5231 reddit
3333 5191 3522 5244 pecca-

2004 5281 2054 5326 ta
2082 5282 2288 5340 patrum
2321 5271 2374 5324 in
2405 5270 2560 5323 ﬁlios.
2620 5269 2848 5334 Quinam
2894 5266 3113 5334 patres?
3158 5274 3318 5317 testes
3370 5263 3523 5316 adhi-

2002 5363 2220 5416 beamus
2248 5360 2549 5428 Scripturas
2583 5375 2598 5423 ;
2649 5373 2800 5413 sacra
2834 5364 3132 5410 scrutemur
3161 5351 3389 5417 eloquia.
3430 5349 3525 5404 Ait

2004 5455 2247 5509 Salvator
2275 5466 2338 5505 ac
2371 5450 2623 5505 Dominus
2640 5447 2791 5504 Jesus
2804 5444 3049 5499 Christus
3071 5435 3520 5506 peccatoribus“:

1004 5560 1053 5591 "
1093 5555 1250 5612 Psal.
1287 5570 1481 5622 xxxvu,
1511 5560 1558 5614 5.
1643 5564 1682 5596 "
1714 5562 1881 5621 Hebr.
1915 5584 1995 5639 tv,
2017 5571 2069 5627 9.
2132 5639 2140 5647 .
2170 5567 2212 5599 η
2253 5563 2553 5627 Exod.xvtt,
2583 5559 2672 5624 6._
2709 5558 2754 5590 "
2784 5550 2951 5609 Exod.
2976 5561 3066 5610 xx,
3089 5543 3141 5606 5,
3169 5540 3223 5595 6.
3297 5539 3340 5571 “
3368 5537 3525 5594 Joan.
