3922 6256
161 254 279 462 βῖ

1565 385 1630 440 IN
1665 383 1944 438 EXODUM
1983 380 2260 438 HOMILIA
2300 381 2342 433 1.
3459 369 3562 423 298

161 410 198 462 ῃ
297 410 323 479 τὸ
361 431 427 492 ἡ.
542 449 570 489 χ
1565 410 1628 440 In
1665 410 1944 438 nnuuum

122 490 152 534 ν
203 443 300 534 ιθ
329 468 370 534 Ἀ
460 459 582 505 1°“
607 456 1075 534 δ’τῖδῆησόιιενη
1123 500 1204 534 Ῥῗι
1233 499 1352 534 κιρ.
1379 499 1469 534 m1
1503 499 1778 534 νφίηηυη-ηρ
1828 490 1926 534 ἆλ-

2039 410 2260 438 υιῐιιιιιη
2302 410 2342 433 Io

2039 503 2212 534 naM-nl
2289 493 2401 534 hmo.
2451 489 2706 534 mascula-
2753 505 2856 534 non
2909 489 3030 534 femi

147 488 292 629 μυ
317 488 447 592 ᾗδὲ
471 488 582 578 ΜΤ
609 488 1080 574 ψῗῃησδμενα
1123 500 1205 566 τῇ
1233 499 1355 567 ὄψει
1379 499 1469 551 τοῦ
1503 499 1797 559 κτίσαντος,
1827 490 1926 566 d'p-
1957 552 1958 557 η

228 547 333 629 1,).
450 557 785 629 mu‘on‘ll
826 569 1074 629 θήλεα-
1127 587 1216 629 Οὐ
1251 588 1362 629 γᾶη
1387 589 1451 629 τὰ
1485 587 1700 629 θηλυκὰ
1740 588 1831 629 καὶ
1857 585 1922 629 τὰ

2039 503 2236 562 parent,
2289 493 2402 546 hac
2450 489 2706 554 mascula,
2753 505 2856 544 non
2908 489 3134 544 feminea
3177 499 3320 544 sunt.
3377 488 3560 556 Neque

2039 585 2165 629 mim
2221 583 2445 629 feminea
2481 590 2572 629 aut
2626 594 2878 629 corporea
2929 580 3171 629 dienatur
3225 580 3361 629 Deus
3390 580 3560 629 respi-

219 564 805 658 X'.'.“f_.‘.‘_’f“".‘.°"i1‘__
826 569 1075 642 θήλεσι.
1127 564 1216 637 οξ»
1251 564 1362 658 γὰρ
1387 589 1452 640 τὰ
1485 587 1706 656 θηλυκὰ,
1740 588 1831 639 καὶ
1857 564 1922 638 ea;

2039 585 2166 638 enim
2219 583 2446 636 feminea
2481 590 2572 634 aut
2626 594 2878 648 corporea
2929 580 3171 648 dignatur
3225 580 3361 634 Deus
3390 580 3562 648 respi-

172 637 531 782 Vim-“~31
568 644 732 714 διξωῖ
761 637 1034 725 βλέἳὲειν
1076 674 1114 724 ὁ
1155 637 1344 737 Θετίςῖι
1495 637 1550 656 Γ.
1913 637 1918 638 7
2028 637 2171 725 cere.

249 797 3553 883 Mam

1176 988 1834 1103 ORIGENIS
1916 928 2060 1100 IN
2149 987 2767 1100 EXODUM.

853 1357 1147 1414 llOMlLlA
1212 1357 1442 1412 PRIMA.

423 1453 481 1509 Ι.
514 1452 747 1507 Videtur
773 1449 908 1503 mihi
936 1449 1309 1516 unusquisque
1337 1462 1512 1501 sermo
1561 1447 1751 1501 divina:
1780 1447 1928 1502 Scri-

355 1557 528 1613 ptura:
551 1541 755 1597 similis
782 1553 905 1593 esse
931 1539 1095 1592 alicui
1127 1538 1414 1600 seminum,
1433 1539 1585 1606 cujus
1610 1547 1796 1591 natura
1818 1538 1931 1592 lucc

355 1645 455 1698 est,
494 1643 560 1686 ut
589 1647 718 1686 cum
749 1629 960 1698 jactum
1003 1628 1167 1680 fuerit
1202 1629 1254 1680 in
1298 1636 1519 1692 terram,
1562 1635 1927 1696 regeneratum

2034 1357 2300 1410 triarcha‘.
2341 1375 2357 1405 ι
2404 1353 2595 1423 Joseph
2626 1364 2819 1415 autem,
2855 1354 3045 1421 inquit,
3081 1351 3193 1407 erat
3227 1354 3275 1405 in
3313 1353 3558 1424 Egypto.

2033 1444 2194 1496 Eram
2239 1451 2408 1496 autem
2457 1456 2640 1495 omnes
2671 1440 2859 1492 animae
2912 1443 2975 1493 de
3021 1439 3184 1494 Jacob
3229 1444 3562 1509 septuaginta

2033 1534 2284 1601 quinque.
2317 1551 2336 1583 ι
2368 1531 2550 1584 Simile
2575 1531 2696 1583 huic
2740 1531 2992 1598 mysterio
3023 1539 3074 1583 et
3109 1530 3232 1582 illud
3264 1545 3381 1584 esse
3411 1543 3563 1600 puto,

2033 1625 2171 1690 quod
2213 1637 2305 1690 per
2355 1621 2662 1688 prophetam
2695 1619 2907 1682 dicitur,
2951 1619 2992 1672 si
3020 1619 3140 1690 quis
3165 1621 3437 1673 advertere
3467 1635 3564 1687 po-

351 1723 403 1776 in
455 1723 699 1790 spicam,
750 1720 835 1773 vel
885 1719 940 1771 in
969 1732 1347 1785 quamcunque
1393 1717 1550 1768 aliam
1599 1718 1677 1770 sui
1723 1717 1932 1786 generis
1961 1717 2004 1769 B
2034 1723 2134 1768 test
2164 1733 2174 1766 :
2208 1732 2224 1763 ι
2249 1711 2603 1780 ΙιιιλΕεγνιηιη
2643 1711 2913 1764 descendit
2943 1711 3166 1777 populus
3199 1726 3367 1772 meus.
3394 1722 3450 1765 ut
3471 1715 3567 1767 ha-

353 1813 595 1877 speciem
633 1808 1013 1875 multipliciter
1045 1805 1392 1870 dilfundatur,
1436 1813 1489 1858 et
1519 1815 1665 1858 tanto
1693 1806 1932 1859 cumula-

353 1903 482 1964 tius,
520 1907 736 1967 quanto
769 1895 854 1949 vel
888 1895 1096 1962 peritus
1119 1895 1355 1964 agricola
1382 1894 1500 1962 plus
1541 1895 1833 1948 seminibus
1860 1893 1934 1947 la-

353 1991 503 2042 boris
552 1985 913 2054 impenderit,
948 1983 1030 2036 vel
1069 1984 1384 2037 beneﬁcium
1420 1993 1572 2037 terrae
1609 1983 1934 2038 fecundioris

355 2077 674 2132 indulserit.
725 2075 820 2128 Sic
872 2087 1006 2142 ergo
1053 2071 1284 2126 eﬂlcitur
1313 2082 1370 2124 ut
1398 2073 1620 2126 culturae
1660 2072 1930 2141 diligentia

357 2168 621 2233 exiguum
659 2178 873 2226 semen,
908 2162 1060 2215 verbi
1091 2175 1281 2222 causa,
1317 2160 1538 2228 sinapis,
1564 2161 1705 2228 quod
1728 2169 1809 2214 est
1839 2161 1935 2214 mi-

356 2256 567 2306 nimum
590 2251 865 2314 omnium,
919 2249 1182 2303 elﬁciatur
1217 2247 1384 2314 majus
1405 2248 1650 2301 omnibus
1677 2249 1931 2312 oleribus,

355 2343 524 2396 etﬁat
549 2343 721 2395 arbor
759 2356 772 2391 :
805 2363 822 2388 ι
868 2340 946 2393 Ita
981 2349 1038 2393 ut
1061 2341 1278 2393 veniant
1313 2335 1540 2390 volatilia
1574 2335 1716 2398 cmli,
1754 2344 1807 2388 et
1840 2337 1936 2388 ha-

353 2435 533 2487 bitent
555 2433 615 2485 in
660 2431 830 2484 ramis
871 2431 988 2496 ejus
1023 2430 1090 2485 ⁴⁵⁷.
1123 2448 1141 2480 ι
1175 2427 1254 2481 lta
1275 2438 1329 2482 et
1357 2428 1442 2481 hic
1479 2443 1658 2482 sermo
1688 2426 1937 2495 quinunc

354 2523 518 2576 nobis
555 2537 625 2574 ex
663 2520 869 2573 divinis
901 2519 1266 2572 voluminibus
1295 2517 1549 2570 recitalus
1585 2523 1683 2578 est,
1715 2516 1760 2569 si
1792 2516 1933 2582 peri-

355 2621 470 2664 tum
523 2609 776 2662 inveniat
819 2615 876 2660 et
935 2607 1246 2673 diligentem
1289 2605 1554 2670 colonum,
1593 2619 1712 2658 cum
1763 2604 1934 2671 primo

352 2709 569 2751 attactu
602 2697 860 2750 videatur
884 2695 1114 2763 exiguus
1129 2703 1182 2747 et
1201 2694 1401 2757 brevis,
1434 2702 1490 2746 ut
1522 2691 1934 2756 cmperitexcoli

352 2799 404 2842 et
443 2785 786 2856 spiritaliter
812 2783 1063 2845 tractari,
1095 2783 1290 2836 crescit
1342 2783 1395 2834 in
1445 2781 1707 2845 arborem,
1756 2781 1810 2834 in
1845 2795 1929 2834 ra-

351 2893 473 2932 mos
509 2881 571 2929 et
607 2875 663 2928 in
698 2875 936 2942 virgulta
976 2871 1323 2936 diﬂunditur;
1347 2871 1416 2924 ita
1441 2879 1498 2924 ut
1531 2858 1938 2938 possintvenire

349 2968 761 3034 disputatores,
809 2963 1081 3025 rhetores,
1117 2970 1356 3014 oratores
1405 2958 1558 3025 hujus
1599 2958 1775 3012 mundi
1803 2958 1935 3028 (7|),

347 3021 458 3124 qui-
476 3055 635 3108 velut
665 3067 798 3106 aves
826 3053 953 3105 ειεΙί
988 3051 1198 3103 levibus
1241 3051 1450 3117 pennis,
1484 3049 1769 3102 verborum
1802 3049 1935 3103 dun-
1963 3021 2006 3078 δ

343 3154 513 3199 taxat
544 3157 776 3211 pompa,
807 3140 1024 3194 excelsa
1051 3147 1329 3193 sectantur
1351 3147 1406 3191 et
1427 3138 1613 3198 ardua.
1637 3145 1690 3192 et
1718 3138 1938 3192 rationi-

344 3235 452 3288 bus
485 3232 645 3299 capti
677 3229 850 3283 velint
892 3228 1139 3282 habitare
1173 3228 1224 3280 in
1273 3227 1442 3279 ramis
1486 3225 1621 3288 istis,
1652 3226 1705 3278 in
1748 3229 1938 3294 quibus

341 3339 459 3379 non
497 3320 764 3390 loquendi
789 3319 959 3372 decor
982 3325 1087 3381 est,
1111 3316 1205 3370 sed
1233 3317 1370 3369 ratio
1395 3315 1624 3368 vivendi.
1646 3315 1782 3382 Quid
1811 3331 1939 3384 ergo

335 3414 636 3466 Iaciemus
657 3419 711 3462 et
733 3423 837 3462 nos
856 3407 925 3460 de
959 3407 1046 3460 bis
1062 3421 1183 3474 qua:
1205 3405 1334 3458 lecta
1357 3413 1481 3458 sunt
1501 3403 1690 3458 nobis?
1721 3404 1776 3458 Si
1809 3405 1938 3458 mihi

333 3501 631 3556 Dominus
661 3498 972 3552 concedere
999 3495 1312 3562 dignaretur
1334 3493 1590 3561 spiritalis
1619 3494 1731 3560 agri
1763 3494 1937 3546 cultu-

338 3605 422 3643 ne
449 3588 834 3654 disciplinam.
882 3585 932 3639 si
985 3584 1234 3651 peritiam
1271 3583 1480 3638 colendi
1529 3583 1666 3636 ruris
1695 3575 1936 3649 donaret,

339 3694 501 3732 unus
529 3692 718 3731 sermo
745 3689 814 3728 ex
845 3675 932 3726 his
957 3688 1079 3741 qua:
1112 3673 1335 3726 recitata
1363 3681 1486 3727 sunt
1513 3673 1782 3726 intantum
1813 3686 1938 3738 pos-

337 3781 434 3825 set
482 3769 648 3837 longe
685 3767 911 3834 lateque
962 3763 1214 3824 dill'undi,
1260 3763 1305 3816 si
1353 3773 1528 3816 tamen
1560 3771 1612 3816 et
1637 3763 1940 3815 auditorum

340 3859 640 3927 capacitas
671 3857 909 3917 sineret,
946 3862 1004 3905 ut
1025 3853 1117 3904 vix
1148 3850 1302 3905 nobis
1331 3852 1398 3904 ad
1427 3851 1796 3918 explicandum
1826 3851 1938 3904 sul-

343 3949 552 4006 liceret
577 3947 712 3999 dies.
753 3942 1128 3998 Tentabimus
1169 3951 1347 3994 tamen
1393 3955 1489 4007 pro
1518 3941 1719 3994 viribus
1745 3940 1942 3994 nostris

341 4037 542 4104 aliqua
563 4035 865 4094 disserere,
907 4033 1077 4084 etiam
1120 4032 1165 4084 si
1193 4045 1366 4098 neque
1397 4030 1546 4084 nobis
1574 4031 1814 4083 universa
1843 4045 1938 4082 ex-

341 4125 598 4192 plicare,
653 4137 826 4188 neque
864 4119 1030 4173 vobis
1078 4129 1275 4172 cuneta
1309 4119 1495 4172 audire
1537 4119 1786 4186 possibile
1838 4127 1939 4170 est.

340 4211 512 4276 Quia
537 4218 593 4260 ct
623 4220 724 4261 noe
749 4210 928 4278 ipsum
963 4220 1286 4274 agnoscere,
1318 4209 1462 4274 quod
1495 4221 1650 4274 supra
1679 4208 1820 4260 vires
1851 4223 1943 4260 no-

2033 1805 2225 1857 bitaret
2255 1802 2348 1866 ibi,
2379 1811 2432 1855 et
2466 1802 2515 1853 in
2553 1801 2797 1869 Assyrios
2834 1801 2881 1852 vi
2913 1800 3169 1853 abductus
3193 1811 3272 1853 est
3299 1799 3406 1870 (72)
3438 1801 3503 1854 “.
3542 1820 3561 1852 ι

2034 1891 2090 1944 Si
2118 1893 2236 1957 quis
2263 1905 2388 1958 ergo
2409 1898 2579 1957 potest
2613 1889 2838 1942 invicem
2869 1889 2966 1941 sibi
3001 1890 3097 1941 ista
3133 1889 3396 1952 conferre,
3427 1900 3480 1942 et
3500 1905 3566 1943 ex

2033 1983 2116 2052 bis
2145 1997 2261 2050 quas
2287 1981 2366 2034 vel
2393 1997 2420 2033 a
2439 1979 2703 2048 prioribus
2728 1981 2944 2041 nostris,
2981 1981 3059 2032 vel
3085 1981 3243 2032 etiam
3268 1998 3295 2033 a
3327 1996 3570 2048 coaequa-

2033 2072 2192 2135 libus,
2220 2075 2310 2124 sed
2341 2081 2390 2125 et
2420 2086 2448 2124 a
2501 2071 2650 2124 nobis
2682 2085 3059 2138 nonnunquam
3109 2071 3374 2137 disputata
3421 2081 3565 2135 sunt,

2034 2163 2326 2229 intelligere
2357 2164 2546 2228 poterit
2575 2177 2691 2228 qua:
2721 2163 2792 2214 sit
2833 2161 3096 2230 .Egyptus
3135 2163 3185 2214 in
3213 2178 3368 2230 quam
3400 2178 3565 2233 popu-

2034 2251 2114 2304 lus
2149 2251 2238 2304 Dei
2274 2268 2375 2304 non
2425 2262 2529 2304 tam
2557 2253 2622 2304 ad
2659 2251 2998 2304 habitandum
3037 2266 3194 2318 quam
3233 2254 3295 2304 ad
3331 2253 3567 2307 incolen-

2035 2342 2157 2394 dum
2189 2341 2477 2403 descendit,
2508 2343 2598 2410 qui
2625 2342 2783 2394 etiam
2814 2343 2919 2393 sint
2947 2343 3170 2409 Assyrii,
3212 2344 3300 2408 qui
3339 2358 3429 2396 eos
3463 2345 3566 2394 vim

2035 2429 2292 2483 facientes
2318 2431 2670 2492 abduxerunt,
2706 2441 3094 2497 consequenter
3127 2433 3362 2484 adverlet
3411 2431 3568 2500 130

2035 2521 2154 2587 quis
2205 2520 2273 2572 sit
2319 2519 2738 2584 patriarcharum
2795 2534 3048 2572 munerus
3095 2529 3148 2573 et
3193 2523 3343 2585 ordo,
3386 2536 3568 2588 quaeve

2034 2622 2214 2662 eorum
2237 2608 2425 2661 dooms
2463 2617 2514 2661 et
2537 2607 2749 2661 familiae
2774 2608 3136 2676 designentur,
3173 2625 3288 2677 quae
3316 2625 3416 2662 una
3447 2625 3566 2664 cum

2035 2695 2196 2750 Jacob
2241 2706 2389 2763 patre
2439 2713 2536 2750 suo
2584 2697 2838 2763 ingressa:
2885 2700 3138 2752 dicuntur
3171 2700 3222 2753 in
3256 2701 3563 2771 Egyptum.

2038 2785 2318 2839 Descendit
2346 2788 2485 2838 enim
2521 2785 2704 2838 Ruben
2731 2800 2848 2838 cum
2883 2796 2989 2840 tota
3029 2789 3186 2842 domo
3215 2806 3332 2856 sua,
3364 2802 3416 2845 et
3439 2789 3567 2846 Levi

2036 2887 2157 2926 cum
2194 2883 2301 2927 tota
2341 2875 2496 2928 domo
2537 2890 2652 2936 sua,
2688 2879 2778 2930 sed
2819 2888 2872 2930 et
2913 2880 3087 2931 caeteri
3131 2894 3338 2934 omnes.
3372 2879 3566 2950 Joseph

2039 2969 2236 3022 autem,
2269 2961 2459 3030 inquit,
2491 2976 2604 3016 erat
2640 2967 2689 3017 in
2718 2964 2966 3036 )Egypto,
2999 2977 3051 3021 et
3083 2983 3296 3021 uxorem
3323 2970 3387 3024 de
3405 2969 3570 3040 Egy-

2039 3060 2128 3119 ptu
2153 3053 2374 3118 accepit,
2401 3063 2452 3104 et
2477 3053 2596 3106 licet
2614 3055 2680 3107 ibi
2707 3058 2925 3121 positus,
2954 3065 3126 3110 tamen
3155 3057 3207 3110 in
3242 3058 3572 3124 patriarcha-

2039 3154 2153 3191 rum
2187 3155 2406 3193 numero
2440 3143 2678 3195 habetur.
2711 3145 2765 3196 Si
2819 3145 2937 3209 quis
2977 3159 3102 3211 ergo
3139 3155 3312 3210 potest
3351 3149 3562 3214 spirita-

2039 3224 2159 3278 liter
2196 3227 2292 3280 ista
2333 3229 2598 3282 discutere
2630 3231 2929 3297 etApostoli
2961 3245 3176 3285 sensum
3207 3235 3352 3302 sequi
3379 3233 3446 3298 '°,
3467 3250 3574 3303 quo

2039 3315 2292 3367 discernit
2322 3327 2376 3369 et
2408 3327 2652 3386 segregat
2680 3317 2858 3379 Israel,
2909 3329 2960 3372 et
2993 3321 3122 3373 dicit
3153 3335 3271 3376 esse
3289 3321 3568 3389 quemdam

2040 3405 2327 3456 secundum
2366 3419 2580 3457 carnem
2623 3407 2810 3468 Israel,
2839 3418 2892 3460 ut
2920 3409 3080 3461 alium
3104 3411 3217 3463 sine
3251 3411 3408 3466 dubio
3433 3413 3572 3465 indi-

2041 3501 2126 3545 cet
2150 3506 2266 3546 esse
2306 3494 2592 3546 secundum
2624 3496 2902 3562 Spiritum;
2945 3497 3036 3548 sed
3069 3505 3116 3548 et
3143 3497 3186 3550 si
3217 3497 3336 3564 quis
3369 3512 3574 3551 sermo-

2041 3598 2160 3636 nem
2200 3582 2406 3636 Domini
2429 3583 2730 3648 diligentius
2763 3583 3076 3644 consideret,
3109 3587 3248 3652 quod
3279 3587 3379 3640 hoc
3401 3587 3571 3654 ipsum

2041 3673 2280 3740 designat
2325 3687 2443 3724 cum
2486 3673 2612 3726 dicit
2658 3674 2722 3726 de
2754 3673 2982 3740 quodam
3016 3673 3106 3726 “:
3157 3691 3175 3723 ι
3218 3674 3354 3728 Ecce
3411 3689 3575 3730 verus

2041 3762 2308 3825 Israelita,
2363 3763 2415 3816 in
2461 3776 2564 3829 quo
2607 3763 2758 3816 dolus
2800 3778 2903 3815 non
2931 3771 3040 3826 est;
3083 3782 3099 3812 ι
3137 3772 3190 3816 et
3219 3764 3305 3816 dat
3355 3763 3574 3828 intelligi

2042 3867 2158 3905 esse
2195 3852 2400 3919 aliquos
2431 3867 2584 3905 veros
2609 3837 2906 3913 Israelitas,
2933 3853 3141 3918 aliquos
3159 3853 3272 3905 sine
3296 3853 3454 3905 dubio
3473 3867 3573 3904 non

2043 3954 2236 4003 veros;
2288 3941 2482 4008 poterit
2517 3939 2744 3994 fortasse
2781 3941 3114 4008 spiritalibus
3159 3942 3412 4009 spiritalia
3445 3957 3575 3994 cou-

2044 4031 2220 4084 ferens
2275 4039 2330 4082 et
2362 4030 2514 4082 novis
2547 4038 2727 4081 vetera
2763 4045 2825 4082 ac
2867 4030 3138 4082 veteribus
3190 4043 3324 4083 nova
3361 4043 3577 4096 compu-

2045 4134 2193 4181 nens,
2242 4119 2551 4186 mysterium
2580 4116 2794 4186 Egypti
2820 4125 2873 4169 et
2910 4120 3332 4186 patriarcharum
3365 4119 3416 4172 in
3461 4134 3576 4172 eam

2045 4209 2401 4263 descensionis
2434 4207 2546 4276 (75)
2581 4209 2880 4261 advertere.
2913 4206 3015 4259 Sed
3042 4217 3096 4258 et
3133 4206 3457 4260 dill‘erentias
3486 4208 3580 4260 tri-

334 4311 511 4356 atras
564 4299 635 4352 sit
664 4300 856 4350 horum
906 4297 1166 4358 scientia,
1195 4311 1301 4349 non
1339 4310 1516 4361 parva).
1541 4297 1772 4350 arbitror
1828 4311 1943 4349 esse
1975 4313 2018 4367 ο
2047 4298 2205 4350 buum
2248 4295 2712 4362 contemplabitur,
2749 4303 2809 4348 ut
2839 4294 3088 4362 conjiciat
3137 4295 3266 4362 quid
3324 4295 3576 4348 eximium

334 4389 589 4459 peritia}.
629 4386 926 4441 Videamus
953 4401 1090 4454 ergo
1115 4385 1244 4452 quid
1275 4385 1456 4437 statim
1486 4386 1536 4437 in
1567 4385 1730 4438 initiis
1771 4385 1943 4438 Exodi

336 4478 520 4532 lectio
546 4477 855 4538 contineat,
875 4483 934 4526 et
964 4487 1075 4538 qua
1101 4486 1391 4537 possumus
1418 4472 1672 4526 brevitate
1689 4483 1941 4542 quantum

335 4570 410 4620 ad
445 4565 882 4618 aediﬁcationem
913 4562 1238 4612 auditorum
1283 4559 1496 4623 sulIicit,
1527 4576 1942 4629 persequamur;

333 4657 382 4709 si
447 4665 636 4706 tamen
695 4651 964 4720 precibus
1016 4648 1221 4700 vestris
1271 4647 1490 4714 juvetis,
1531 4659 1585 4702 ut
1633 4652 1770 4704 adsit
1796 4653 1948 4706 nobis

330 4758 531 4798 sermo
583 4742 710 4794 Dei.
747 4751 808 4794 et
863 4739 985 4805 ipse
1019 4738 1133 4788 dux
1169 4737 1348 4788 nostri
1403 4737 1640 4803 dignetur
1676 4753 1793 4794 esse
1828 4755 1948 4794 ser-

328 4830 543 4883 monis.

403 4921 464 4972 2.
497 4938 518 4968 ι
561 4917 696 4970 Haec
737 4923 898 4976 sunt,
937 4911 1130 4979 inquit
1170 4909 1242 4973 ⁸⁸,
1281 4911 1494 4964 nomina
1518 4911 1741 4966 filiorum
1767 4914 1946 4980 Israel,

323 5011 422 5076 qui
450 5006 696 5075 ingrcssi
729 5011 872 5058 sunt
903 5002 960 5054 in
987 4999 1306 5066 .‘Egyptum
1335 5013 1440 5050 una
1471 5015 1586 5052 cum
1615 4999 1776 5056 Jacob
1800 5015 1950 5070 patre

321 5116 455 5161 suo,
489 5099 895 5163 unusquisque
921 5106 1060 5146 cum
1111 5090 1376 5142 universa
1413 5093 1562 5145 domo
1588 5108 1678 5144 sua
1714 5095 1949 5149 intrave-

317 5199 479 5250 runt,
517 5187 749 5246 Ruben,
779 5181 1057 5244 Simeon,
1095 5177 1260 5242 Levi,
1301 5176 1482 5243 Judas,
1522 5199 1539 5231 ι
1579 5192 1628 5235 et
1653 5185 1825 5237 caeteri
1854 5201 1951 5252 pa-

401 5322 450 5354 δ’
484 5319 698 5373 Matth.
740 5329 876 5373 xm,
912 5312 1019 5364 32.

387 5439 506 5503 (7|)
563 5436 664 5488 Sic
693 5445 870 5503 _mss.
915 5427 1108 5486 Alias,
1161 5440 1182 5473 ι
1223 5422 1576 5490 disputatores
1617 5439 1666 5484 et
1702 5433 1954 5492 rhetores

313 5501 728 5571 hujus—mundi.
784 5516 807 5547 ι
1183 5565 1194 5571 _
1252 5556 1264 5571 ,
1323 5556 1368 5571 ,,

376 5556 492 5640 ῖῚέ)
533 5573 786 5640 Aliquot
823 5573 1022 5640 Amas"
1065 5575 1101 5640 Δι
1139 5565 1199 5606 ιιι
1232 5556 1504 5640 [habitaret
1529 5565 1592 5615 ibi
1624 5578 1672 5617 et
1696 5567 1954 5640 Assyrioa

304 5619 579 5694 ,Ἠλὶ-’νζ-
604 5619 924 5686 υῖιιιιιοιιιε
990 5632 1104 5674 est.
1146 5641 1166 5669 ι
1229 5619 1391 5672 Paulo
1441 5640 1549 5692 post
1604 5648 1744 5698 tuss.,
1795 5619 1819 5684 ἶ
1862 5619 1956 5690 vel

637 5723 967 5780 Ρλτιιοι..
1019 5711 1147 5768 Gn.
1200 5707 1343 5765 ΧΗ.

2047 4387 2215 4440 visum
2243 4387 2312 4440 sit
2340 4387 2391 4439 in
2429 4387 2570 4440 tribu
2597 4385 2746 4450 Levi,
2771 4390 2909 4453 quod
2938 4401 3002 4439 ex
3045 4401 3110 4438 ea
3138 4387 3441 4440 sacerdotes
3477 4386 3578 4438 Do.

2048 4476 2175 4528 mini
2225 4476 2488 4544 eliguntur
2536 4490 2599 4528 ac
2643 4475 2906 4538 ministri;
2966 4474 3090 4541 quid
3143 4474 3304 4527 etiam
3345 4473 3398 4526 in
3439 4475 3577 4528 tribu

2043 4562 2173 4617 Juda
2203 4563 2524 4629 praecipuum
2552 4562 2804 4615 Dominus
2825 4562 3070 4624 senserit,
3097 4563 3234 4628 quod
3254 4575 3314 4614 ex
3339 4575 3400 4615 ea
3431 4576 3580 4628 reges

2046 4661 2387 4707 assumuntur
2434 4662 2486 4704 et
2523 4652 2830 4719 principes;
2871 4660 2924 4704 et
2973 4651 3112 4718 quod
3155 4660 3236 4704 est
3267 4652 3434 4718 majus
3465 4665 3562 4703 om.

2047 4743 2214 4804 nium,
2245 4742 2382 4808 quod
2411 4755 2476 4793 ex
2507 4740 2616 4808 ipsa
2649 4741 2810 4793 etiam
2864 4739 3115 4792 Dominus
3141 4749 3194 4792 et
3227 4740 3467 4792 Salvator
3496 4754 3581 4790 no-

2045 4841 2155 4885 ster
2204 4832 2491 4883 secundum
2538 4845 2755 4884 carnem
2802 4832 3054 4882 nascitur.
3099 4829 3290 4882 Nescio
3340 4830 3480 4881 enim
3536 4829 3580 4879 si

2045 4920 2408 4990 hujuscemodi
2444 4921 2717 4987 privilegia
2746 4921 2809 4971 ad
2841 4919 3050 4972 illorum
3083 4920 3272 4981 merita
3300 4917 3578 4972 referenda

2044 5011 2171 5074 sint,
2199 5024 2264 5062 ex
2288 5024 2509 5076 quorum
2546 5009 2712 5075 stirpe
2734 5022 2926 5061 nomen
2958 5007 3039 5060 vel
3066 5006 3322 5075 originem
3358 5007 3578 5065 ducunt,

2046 5101 2098 5154 id
2140 5109 2221 5154 est
2255 5099 2335 5152 vel
2382 5099 2447 5151 ad
2497 5099 2665 5164 ipsum
2708 5096 2919 5160 ludam,
2967 5097 3049 5149 vel
3085 5097 3150 5148 ad
3209 5095 3358 5160 Levi,
3395 5095 3476 5146 vel
3517 5094 3582 5144 ad

2047 5200 2475 5255 unumquemque
2502 5201 2709 5252 eorum,
2745 5188 2835 5257 qui.
2872 5187 3030 5239 tribui
3055 5199 3250 5238 nomen
3283 5183 3444 5236 dedit.
3476 5180 3583 5234 Mo-

1103 5307 1350 5360 δεΕιοό.
1376 5309 1566 5372 ι,1,2.
1641 5313 1684 5344 ἰ’
1764 5315 1864 5369 lsa.
1922 5335 1958 5373 L‘

2042 5321 2094 5374 4.
2167 5321 2211 5352 ⁸ο
2247 5320 2268 5372 ι
2315 5321 2440 5375 Cor.
2471 5336 2526 5385 ι,
2570 5319 2656 5374 18.
2730 5321 2774 5353 ⁸¹
2813 5318 2966 5374 Joan.
3010 5333 3048 5380 ι,
3080 5317 3164 5370 ιι.

2059 5439 2215 5560 filiam
2240 5453 2267 5491 a
2294 5439 2669 5506 comqualibus.
2708 5458 2726 5490 ι
2755 5438 2918 5498 Alias,
2957 5452 2974 5484 ι
3007 5432 3089 5487 vel
3118 5431 3276 5483 etiam
3303 5430 3368 5479 ab
3402 5436 3612 5496 aqua;

2080 5523 2212 5560 tius.
2259 5525 2276 5557 ι

2115 5523 2212 5560 ius.
2259 5525 2276 5557 ι

2080 5509 2235 5643 ΙΙ(75)
2268 5574 2432 5636 Alias,
2467 5591 2484 5623 ι
2524 5573 2943 5627 descensionem.
2978 5584 2994 5613 ι

3209 5708 3284 5766 10
