3922 6266
416 271 521 326 299
1825 274 2140 331 otttcENts
2581 238 2585 241 ’
3565 277 3665 332 300

415 408 502 446 vet
531 394 669 446 enim
708 408 791 446 me
823 393 873 446 in
895 394 999 446 hac
1037 394 1331 448 intentione
1358 403 1412 449 et
1441 395 1588 458 illud,
1634 396 1770 462 quod
1797 395 1957 449 Joan-
1987 401 2031 452 A
2059 385 2288 460 habere,
2339 407 2430 449 aut
2469 404 2756 464 nequeunt.
2805 395 3080 464 Denique
3143 394 3348 447 statim
3400 393 3454 446 in
3509 393 3666 450 initiis

413 495 508 533 nes
548 482 596 532 in
627 480 943 550 Apocalypsi
972 483 1034 535 de
1068 481 1260 548 populo
1288 482 1388 534 hoc
1417 481 1504 548 qui
1537 480 1744 534 Christo
1773 481 1944 533 credi-
2049 485 2160 550 ipse
2186 485 2357 537 Adam
2383 485 2510 552 quid
2558 485 2687 538 dicit
2713 485 2872 552 (76)?
2925 503 2947 534 α
2993 485 3116 538 lloc
3151 500 3310 537 nunc
3337 499 3403 538 os
3433 485 3504 537 de
3537 489 3666 540 ossi-

411 570 507 632 dit,
532 570 715 623 scribit
745 570 808 624 ".
840 571 972 624 Dicit
999 570 1138 622 enim
1160 569 1282 636 quia
1315 584 1378 623 ex
1413 571 1550 622 tribu
1584 569 1764 622 Ruben
1809 570 1944 622 duo-
2044 575 2143 627 bus
2189 575 2340 632 meis.
2381 584 2434 627 et
2490 589 2617 627 caro
2660 575 2726 628 de
2753 589 2931 628 carne
2985 589 3114 626 mea
3159 573 3234 634 ⁸³,
3275 593 3296 624 ι
3354 589 3459 625 nec
3491 584 3661 629 tamen

409 656 580 711 decim
618 657 887 724 tnillia,ex
925 658 1059 710 tribu
1107 659 1320 710 Simeon
1351 658 1626 710 duodecim
1658 658 1841 717 millia,
1873 658 1944 710 si-
2043 662 2244 714 addidit
2271 678 2285 714 :
2313 662 2374 714 Et
2417 663 2596 714 anima
2633 664 2699 715 de
2741 662 2930 714 anima
2980 678 3135 714 mea.
3174 662 3291 716 Sed
3322 664 3494 715 velim
3546 668 3665 720 mihi

407 747 606 801 militer
651 758 826 800 autem
874 757 926 798 et
975 762 1038 799 ex
1091 747 1312 814 singulis
1363 747 1659 813 quibusque
1703 749 1941 802 tribubus
2043 749 2269 809 diceres,
2297 763 2328 799 ο
2361 749 2553 810 Adam,
2583 749 2625 801 si
2662 765 2722 802 os
2751 751 2817 802 de
2851 749 2966 801 tuis
3002 751 3240 802 ossibus
3289 751 3594 817 agnovisti,
3619 763 3668 805 et

405 839 647 892 duodena
681 838 864 900 millia,
886 853 1016 904 quos
1043 838 1196 891 simul
1220 851 1403 890 omnes
1428 837 1558 889 dicit
1589 852 1706 890 esse
1731 847 1939 890 centum
2042 852 2256 890 carnem
2301 837 2366 890 de
2394 846 2482 890 tua
2516 853 2680 890 carne
2731 839 2983 900 sensisti,
3035 855 3143 891 cur
3192 854 3309 890 non
3354 840 3669 896 intellexisti

405 928 759 996 quadraginta
814 937 1043 995 quatuor
1084 929 1268 992 millia,
1291 928 1380 995 qui
1411 943 1607 980 secum
1635 928 1940 980 mulieribus
2039 928 2198 980 etiam
2227 927 2460 978 animam
2485 927 2550 979 de
2586 936 2675 978 tua
2712 929 2896 979 anima
2955 930 3373 994 processisse?
3412 930 3473 981 Si
3532 931 3668 983 enim

406 1033 509 1070 non
528 1014 1940 1084 coinquinaverint,sedvirginespermanserint.Quod
1987 1059 1990 1064 .
2040 1017 2218 1070 omnia
2261 1031 2379 1083 qua:
2411 1017 2463 1068 in
2505 1025 2554 1068 te
2601 1029 2758 1068 erant
2799 1018 3114 1080 tradidisti,
3172 1034 3282 1070 cur
3337 1035 3452 1073 non
3512 1023 3668 1075 etiam

405 1107 588 1173 utique
639 1121 760 1158 cum
810 1106 1024 1171 dicitur,
1077 1119 1172 1158 nec
1214 1105 1600 1173 qualiscunque
1649 1108 1727 1158 vel
1763 1107 1937 1174 inepta
2041 1107 2234 1156 animae
2265 1105 2396 1156 facis
2449 1120 2570 1157 cum
2623 1105 2839 1159 cmteris
2868 1108 3262 1170 mentionem,
3310 1121 3440 1175 qua:
3491 1110 3670 1162 melior

403 1204 581 1264 potest
605 1211 724 1250 esse
757 1197 988 1261 suspicio
1032 1197 1158 1262 quin
1193 1199 1255 1249 ad
1287 1199 1412 1250 istas
1440 1199 1606 1251 tribus
1639 1197 1937 1251 Jndmorum
2042 1194 2205 1245 totius
2245 1193 2475 1246 hominis
2522 1208 2648 1260 pars
2684 1196 2808 1248 est?
2865 1197 2978 1249 Sed
3016 1196 3261 1248 videtur
3299 1212 3406 1264 per
3448 1198 3567 1253 haec
3598 1201 3673 1253 iu-

404 1285 642 1346 Simeon,
667 1293 720 1336 et
749 1284 895 1348 Levi,
919 1294 973 1338 et
998 1295 1216 1338 crateras
1240 1302 1355 1354 quae
1377 1288 1439 1339 de
1467 1286 1628 1340 Jacob
1656 1302 1820 1356 genus
1841 1289 1938 1340 du-
2042 1281 2403 1350 telligentibus
2435 1282 2700 1336 indicium
2756 1283 2913 1347 dare,
2948 1286 3109 1351 quod
3148 1285 3276 1354 (7'7)
3317 1302 3450 1340 cum
3511 1289 3673 1343 dicit:

403 1383 551 1434 cunt,
604 1373 810 1440 possint
862 1374 1122 1426 revocari.
1153 1375 1229 1425 Ad
1275 1389 1410 1441 quos
1435 1377 1594 1443 igitur
1625 1387 1798 1444 patres
1840 1379 1941 1432 iste
2045 1389 2063 1420 ε
2101 1372 2171 1424 05
2204 1373 2270 1424 de
2304 1372 2517 1426 OSSibUS
2549 1373 2706 1438 ῐηείε,
2731 1383 2786 1426 εί
2819 1389 2958 1428 cal'0
3001 1378 3078 1428 de
3111 1391 3298 1429 came
3330 1392 3481 1444 mea,
3518 1396 3536 1429 ι
3563 1394 3676 1448 qua

402 1476 654 1514 numerus
684 1461 949 1527 virginum
979 1459 1285 1514 referendus
1307 1464 1394 1523 sit,
1421 1472 1526 1514 tam
1565 1465 1808 1530 aequalis,
1833 1476 1936 1517 tam
2039 1461 2102 1513 de
2131 1471 2268 1512 terra
2297 1471 2534 1514 suntsua
2560 1477 2682 1515 esse
2710 1463 2988 1530 profiteri.
3023 1480 3148 1517 ηοη
3186 1467 3414 1522 aude"?
3438 1484 3566 1521 vero
3584 1485 3674 1522 sua

401 1555 630 1622 integer,
668 1564 882 1619 tamque
930 1552 1279 1619 compositus,
1325 1553 1394 1604 ita
1453 1563 1508 1604 ut
1564 1554 1738 1605 nullus
1769 1554 1937 1607 altero
2039 1547 2214 1601 dicere
2257 1564 2375 1616 quae
2404 1551 2507 1602 scit
2545 1567 2650 1604 non
2699 1567 2825 1604 esse
2859 1553 2930 1605 de
2980 1564 3172 1607 terra.
3216 1556 3334 1608 Sed
3389 1567 3447 1611 et
3496 1557 3671 1611 Laban

401 1644 644 1710 superior
684 1650 773 1694 aut
803 1641 1022 1695 inferior
1073 1652 1400 1702 numeretur,
1443 1655 1540 1706 ego
1575 1643 1786 1708 quidem
1813 1658 1936 1709 pro-
2039 1637 2283 1691 similiter
2312 1655 2432 1692 ctnn
2465 1642 2596 1694 dicit
2639 1642 2703 1693 ad
2742 1642 2937 1706 Jacob,
2968 1646 3271 1710 quoniam
3314 1666 3334 1696 ι
3374 1662 3441 1699 os
3481 1664 3674 1711 meum,

400 1735 547 1802 grcdi
577 1733 715 1786 ultra
757 1733 1074 1798 inquirendo
1126 1747 1229 1785 non
1265 1735 1452 1796 audeo,
1485 1733 1574 1785 sed
1601 1743 1650 1784 et
1679 1733 1934 1786 hactenus
1968 1718 2006 1769 Β
2038 1737 2089 1779 et
2115 1743 2240 1782 caro
2271 1744 2384 1782 mea
2416 1744 2474 1782 es
2505 1741 2556 1782 tu
2581 1732 2651 1794 ⁸ο,
2691 1749 2707 1780 ι
2742 1746 2844 1785 nec
2888 1733 3018 1799 ipse
3050 1735 3319 1801 amplius
3357 1737 3572 1804 aliquid
3601 1740 3674 1790 vi-

379 1837 686 1891 -~peue-cnm
721 1822 898 1890 aliquo
944 1822 1249 1875 discrimine
1283 1822 1489 1875 incedo.
1524 1824 1811 1888 Apostolus
1859 1833 1932 1875 ta-
2036 1819 2189 1870 detur
2219 1820 2418 1872 audere
2469 1836 2621 1872 suum
2657 1821 2864 1887 dicere,
2902 1824 3016 1874 nisi
3049 1827 3220 1890 quod
3272 1835 3522 1881 terrente
3566 1844 3677 1882 esse

395 1927 520 1966 men
550 1913 806 1980 quasdam
833 1911 1159 1978 suspiciones
1191 1911 1272 1963 his
1297 1912 1383 1978 qui
1420 1912 1578 1964 altius
1599 1913 1788 1965 intueri
1815 1927 1936 1978 pos-
2035 1910 2513 1976 consanguinitatis
2542 1916 2806 1979 agnoscit.
2831 1914 2954 1966 Alia
2979 1916 3216 1982 quippe
3248 1927 3345 1970 est
3372 1918 3675 1971 animarmn

395 2012 541 2067 sunt,
571 2001 815 2067 subjecit,
841 2015 959 2054 cum
1001 2001 1130 2052 dicit
1156 2000 1242 2052 ”:
1278 2018 1294 2050 ε
1334 2000 1559 2068 Propter
1593 2001 1732 2067 quod
1775 2000 1931 2055 flecto
2034 2001 2307 2068 cognatio,
2353 2016 2471 2068 quae
2496 2003 2572 2054 vel
2621 2001 2793 2054 Jacoh
2825 2005 3222 2058 descendenti
3277 2008 3334 2060 in
3385 2007 3676 2078 Egyptum

398 2107 568 2157 genua
597 2107 712 2143 mea
759 2091 822 2143 ad
851 2090 1064 2144 Patrem
1098 2092 1301 2144 Domini
1337 2091 1504 2144 nostri
1534 2089 1658 2144 Jesu
1710 2091 1931 2155 Christi,
2034 2089 2288 2149 sociatur,
2313 2090 2392 2141 vel
2422 2090 2636 2144 caeteris
2670 2091 3025 2156 patriarchis
3063 2104 3129 2148 et
3158 2097 3393 2149 sanctis
3418 2100 3524 2152 sub
3555 2115 3679 2153 enu-

395 2200 460 2237 ex
488 2200 594 2251 quo
623 2183 797 2236 omnis
833 2183 1121 2250 paternitas
1154 2183 1204 2233 in
1241 2184 1390 2234 t-mlis
1416 2192 1468 2232 et
1493 2183 1542 2231 in
1580 2190 1719 2231 terra
1759 2182 1931 2232 nomi-
2036 2177 2332 2228 meratione
2394 2177 2544 2245 131
2605 2179 2854 2246 mystica:
2912 2185 3304 2246 posteritatis
3364 2188 3676 2242 ascribitur.

398 2283 570 2326 natur.
608 2293 626 2324 ι
667 2273 727 2326 Et
757 2276 966 2339 quidem
1010 2273 1074 2324 de
1119 2272 1349 2324 terrenis
1406 2272 1816 2336 paternitatibus
1854 2273 1934 2323 in-
2037 2267 2140 2318 Sed
2199 2267 2287 2333 qui
2325 2266 2560 2317 vicinum
2622 2276 2783 2320 terra:
2820 2271 3185 2338 navigantes
3225 2289 3472 2330 servare
3508 2280 3681 2345 dispo-

398 2363 637 2415 tellectus
665 2377 768 2414 non
801 2362 1006 2413 videtur
1037 2374 1156 2412 esse
1195 2357 1423 2411 diﬂieilis
1465 2374 1478 2408 :
1515 2369 1693 2426 patres
1735 2360 1931 2411 etenim
2034 2353 2236 2405 suimus
2294 2369 2533 2417 cursum,
2568 2363 2622 2408 et
2659 2356 2835 2424 ipsam
2893 2363 3358 2426 quodammodo
3415 2385 3568 2421 oram
3604 2370 3681 2422 lit~

397 2451 627 2505 tribuum
654 2451 733 2505 vel
757 2449 1139 2513 domorum,ad
1161 2463 1294 2515 quos
1319 2449 1588 2501 successio
1605 2449 1933 2514 posteritatis
2038 2444 2166 2496 toris
2191 2444 2475 2510 stringere,
2522 2445 2573 2497 in
2607 2445 2774 2498 altum
2819 2452 3022 2504 nescio
3071 2459 3387 2519 quomodo
3422 2461 3680 2510 undarum

397 2542 644 2602 refertur,
697 2540 855 2593 simul
883 2540 1058 2593 omnis
1090 2538 1382 2606 paternitas
1433 2537 1766 2604 appellantur
1797 2536 1930 2604 (74).
2033 2549 2130 2588 nos
2150 2533 2438 2585 violentior
2459 2543 2622 2586 {estus
2650 2536 2898 2588 abducit.
2951 2538 3314 2598 Redeamus
3341 2547 3518 2616 igitur
3535 2559 3599 2601 au
3627 2562 3682 2601 ea

392 2631 450 2684 In
480 2631 613 2685 C(elo
643 2645 768 2684 vero
794 2630 931 2696 quod
969 2629 1116 2691 dicit,
1149 2627 1414 2694 quomodo
1442 2634 1531 2677 aut
1561 2625 1793 2693 qualiter
1823 2627 1933 2680 sint
2033 2637 2150 2690 quae
2181 2630 2574 2689 consequenter
2600 2623 2909 2678 adduntur.

392 2729 593 2788 patres,
639 2729 730 2772 aut
765 2733 859 2786 pro
891 2717 1082 2784 quibus
1134 2713 1533 2780 posteritatibus
1574 2713 1806 2766 cmlestis
1838 2729 1929 2781 pa-
2100 2712 2153 2764 4.
2194 2729 2212 2760 t
2245 2711 2482 2763 Mortuus
2513 2721 2615 2773 est,
2643 2713 2906 2779 inquit“,
2945 2701 3194 2788 'Joseph
3231 2736 3295 2779 et
3331 2740 3536 2780 omnes
3566 2727 3674 2780 ira-

397 2809 615 2861 ternitas
669 2808 991 2866 nominetur,
1041 2805 1202 2869 ipsius
1245 2814 1325 2855 est
1362 2817 1517 2854 nosse
1568 2803 1755 2864 solius,
1783 2803 1932 2869 cujus
2035 2811 2142 2854 tres
2160 2801 2296 2866 ejus,
2329 2810 2384 2853 et
2408 2802 2586 2854 omnis
2618 2805 2914 2870 generatio
2945 2808 3077 2863 illa.
3120 2812 3263 2866 Filii
3291 2826 3490 2868 autem
3525 2816 3682 2869 lsrael

399 2915 418 2946 ‹
458 2897 789 2950 cmlumcmli
815 2905 916 2957 est,
951 2904 1142 2947 terram
1195 2902 1369 2944 autem
1401 2891 1546 2945 dedit
1587 2890 1711 2944 (iliis
1757 2893 1930 2945 homi-
2031 2897 2317 2944 creverunt
2354 2897 2407 2941 et
2447 2889 2790 2959 multiplicati
2832 2905 2997 2958 sunt,
3064 2913 3140 2954 et,
3197 2903 3261 2957 in
3317 2905 3677 2960 ῃιιιιιῃυιιιηθ

397 3003 518 3039 num
547 2988 611 3038 δ’.
653 3005 669 3035 ι
1959 3019 1999 3074 C
2035 2992 2223 3046 magna
2250 2976 2431 3029 diffusi
2458 2986 2603 3038 sunt,
2649 2987 2705 3030 et
2756 2979 3160 3041 invalueruut
3213 2993 3466 3046 multum
3501 2994 3687 3056 valde;

462 3080 518 3131 5.
549 3077 940 3130 Descendcrunt
962 3074 1153 3138 ergoin
1180 3071 1467 3142 Egyptum
1502 3070 1927 3138 patres,Rubea,
1965 3065 1999 3074 “
2035 3067 2404 3134 multiplicavit
2434 3066 2578 3117 enim
2609 3065 2730 3121 illos
2773 3079 2952 3125 terra.
3003 3092 3025 3125 ι
3071 3077 3294 3136 Donec
3353 3083 3576 3140 viveret
3602 3083 3690 3138 Jo-

395 3165 634 3225 Simeon,
692 3165 838 3228 Levi,
893 3183 910 3213 ι
975 3164 1338 3231 unusquisque
1396 3177 1516 3214 cum
1582 3163 1726 3215 omni
1775 3161 1931 3214 domo
2031 3156 2183 3224 seph,
2219 3171 2322 3209 non
2373 3155 2609 3209 refertur
2656 3161 2800 3224 quod
2853 3163 3256 3232 multiplicati
3318 3175 3542 3228 fuerint
3598 3174 3688 3228 ﬁlii

395 3273 490 3310 sua
511 3256 578 3309 ⁸⁸.
616 3275 633 3306 ›
664 3256 932 3320 Quomodo
967 3256 1088 3322 quis
1114 3266 1167 3307 et
1197 3256 1295 3307 hoc
1324 3253 1604 3316 edisserat,
1634 3253 1773 3318 quod
1808 3266 1929 3304 cum
2032 3245 2214 3309 Israel,
2245 3260 2341 3298 nec
2367 3245 2572 3314 aliquid
2618 3250 2846 3303 οιηηῖηο
2881 3251 2942 3304 in
2991 3254 3098 3312 his
3159 3263 3240 3315 de
3288 3267 3616 3336 allgmenlis
3643 3274 3697 3320 et

395 3347 540 3400 omni
598 3345 754 3399 domo
783 3361 877 3398 sua
910 3344 1226 3399 introierunt
1258 3343 1308 3394 in
1352 3339 1673 3411 ngyptum?
1729 3337 1931 3404 Quibus
2032 3333 2418 3386 numerosilale
2471 3347 2828 3391 ηιθῐηοτθῑυνι
2866 3339 2987 3408 Εὲο
3033 3352 3318 3405 credens
3371 3333 3565 3408 verbis
3594 3358 3696 3409 Do-

397 3436 606 3488 additur
632 3433 742 3502 (75)
777 3451 790 3486 :
837 3452 855 3483 ι
895 3433 959 3485 Et
1008 3446 1217 3496 omnes,
1250 3429 1445 3498 inquit,
1476 3427 1664 3479 anima:
1692 3440 1805 3492 quae
1848 3425 1929 3476 in-
2034 3422 2164 3513 mini
2191 3423 2290 3475 mei
2320 3420 2446 3474 Jesu
2477 3423 2703 3490 Christi,
2728 3427 2787 3480 in
2822 3428 2948 3496 lege
2979 3443 3044 3486 et
3071 3443 3413 3508 prophetis
3444 3455 3557 3500 tota
3581 3445 3699 3513 qui-

395 3525 658 3578 troierunt
694 3535 812 3574 cum
854 3521 1036 3582 Jacob,
1082 3532 1242 3572 Luv.
1288 3537 1306 3569 ι
1345 3516 1442 3570 Hic
1466 3515 1574 3585 jam
1607 3514 1932 3566 nominando
2032 3512 2151 3563 dem
2183 3527 2347 3564 unum
2384 3521 2475 3565 aut
2508 3529 2675 3566 unum
2703 3517 2920 3582 apicem
2958 3539 3084 3578 non
3141 3541 3298 3597 puto
3338 3549 3474 3589 esse
3498 3512 3698 3602 myste-

389 3614 601 3667 animas
635 3625 768 3678 pene
813 3610 1102 3663 nudaverat
1145 3607 1462 3677 mysterium
1492 3618 1672 3659 sermo
1702 3603 1933 3670 prephe-
2033 3600 2127 3654 riis
2187 3615 2450 3665 vacuum,
2505 3618 2600 3655 nec
2661 3616 2794 3671 puto
2860 3609 3095 3678 aliquid
3164 3622 3394 3677 horum
3462 3600 3700 3680 transire

393 3703 533 3756 ticus
575 3701 714 3768 quod
768 3699 962 3766 ubique
1006 3704 1337 3756 contexerat,
1385 3703 1442 3746 ut
1491 3693 1748 3783 proderet
1791 3689 1932 3783 quod
2031 3692 2400 3783 posse,donec
2433 3695 2612 3744 omnia
2654 3694 2812 3750 fiant.
2870 3699 3108 3758 Verum
3159 3716 3466 3779 quoniam
3498 3718 3704 3783 exigua

393 3805 496 3844 non
522 3789 587 3843 de
617 3787 947 3856 corporibus,
969 3787 1061 3838 sed
1094 3784 1158 3836 de
1185 3782 1468 3835 animabus
1491 3782 1601 3875 haec
1645 3778 1794 3831 dicit.
1828 3777 1930 3831 Ve—
2033 3782 2344 3846 capacitatis
2370 3797 2576 3847 sumus,
2607 3799 2667 3836 ea
2694 3803 2844 3840 nunc
2877 3800 3121 3849 tantum
3145 3777 3494 3870 piulsentus,
3513 3777 3707 3875 quibus

395 3890 692 3931 rumtamen
721 3877 876 3929 habet
898 3876 1068 3928 adhuc
1101 3873 1339 3924 velamen
1370 3885 1547 3924 suum.
1581 3869 1635 3921 In
1668 3884 1763 3921 usu
1781 3883 1933 3920 nam-
2034 3874 2200 3924 tutius
2227 3872 2557 3934 iucedamus.
2607 3874 2919 3943 Antequam
2953 3897 3337 3947 moreretur
3384 3869 3588 3952 ηοέιέτ
3613 3895 3706 3950 1ο.

391 3984 495 4036 que
525 3983 642 4022 esse
673 3966 927 4028 creditur,
957 3963 1167 4016 animas
1195 3976 1290 4029 pro
1319 3961 1624 4014 hominibus
1648 3958 1928 4025 appellari.
2034 3961 2188 4027 seph,
2223 3960 2309 4012 ille
2343 3961 2434 4026 qui
2487 3962 2794 4016 distractus
2846 3976 2936 4021 est
2981 3974 3257 4044 triginta
3300 3989 3603 4054 argenteis
3646 3988 3712 4040 ab

393 4057 603 4111 lnterim
655 4069 793 4109 uxv
841 4054 1028 4105 anima:
1067 4052 1460 4104 descenderunt
1509 4065 1626 4102 cum
1671 4047 1837 4100 Jacob
1879 4051 1930 4100 in
2033 4065 2140 4102 uno
2169 4065 2234 4102 ex
2267 4050 2525 4103 fratribus
2553 4054 2666 4105 suis
2697 4051 2864 4118 Juda,
2897 4060 3074 4116 valde
3149 4075 3342 4137 pauci
3378 4047 3570 4132 ‘emnt
3611 4079 3707 4132 ﬁlii

391 4147 696 4216 [Egyptutm
748 4143 866 4196 Ista:
914 4151 1037 4195 sunt
1091 4145 1302 4204 animae,
1350 4153 1483 4205 quas
1519 4137 1702 4205 genuit
1744 4135 1929 4189 Jacob.
2033 4138 2214 4192 lsrael.
2243 4139 2375 4191 Cum
2406 4154 2533 4194 vero
2557 4157 2654 4207 pro
2677 4145 2944 4200 omnibus
2971 4135 3272 4218 gustavit
3311 4178 3596 4235 mortem,
3621 4184 3716 4238 per

393 4237 500 4303 Ego
529 4242 786 4302 nonputo
807 4231 1181 4300 quodqnilibet
1205 4231 1475 4283 hominum
1505 4227 1668 4326 possit
1696 4227 1927 4326 animant
2031 4240 2189 4326 quam
2219 4227 2483 4326 destruxit
2517 4244 2638 4326 enm
2667 4229 2760 4296 qui
2799 4231 3054 4294 habebat
3101 4253 3351 4308 morus
3386 4227 3718 4326 imperim,

391 4328 626 4394 gignere,
664 4326 764 4378 nisi
798 4325 841 4377 si
877 4325 997 4392 quis
1042 4323 1176 4376 forte
1213 4323 1337 4374 talis
1378 4325 1472 4383 sit,
1499 4318 1671 4387 qualis
1706 4318 1797 4370 ille
1841 4318 1929 4383 qui
1961 4323 2007 4380 ι)
2035 4317 2086 4416 id
2120 4325 2204 4369 est
2229 4317 2501 4416 diaboltnn
2531 4319 2597 4384 ⁵³,
2628 4321 3041 4416 multiplicatus
3090 4348 3196 4390 es;
3231 4317 3512 4398 {meum},
3542 4317 3720 4416 pop“;

391 4417 602 4470 dicebat
643 4416 729 4467 ’τε
773 4434 790 4464 ‹
827 4414 957 4467 Nam
990 4415 1090 4468 etsi
1128 4414 1289 4466 multa
1325 4412 1486 4464 millia
1524 4411 1926 4478 pmdagogorum
2035 4407 2135 4470 lus,
2167 4416 2219 4461 et
2253 4406 2431 4460 diffusi
2483 4417 2609 4461 sunt
2639 4410 2731 4462 lilii
2780 4410 2979 4481 Israel,
3027 4433 3098 4475 ei,
3140 4406 3596 4504 ωυηίνηεπξι
3621 4406 3726 4492 'eos

392 4507 633 4560 habeatis
666 4507 718 4559 in
747 4505 983 4566 Christo,
1012 4506 1102 4558 sed
1130 4520 1231 4556 nou
1264 4502 1456 4555 multos
1487 4511 1686 4568 patres.
1719 4498 1847 4549 Nam
1874 4496 1926 4548 in
2037 4505 2294 4593 terratet
2343 4509 2630 4593 creverunt
2663 4503 2828 4558 nimis
2873 4508 3070 4566 valde.
3119 4515 3266 4574 Nisi
3309 4496 3482 4581 enim
3510 4568 3528 4593 ,
3579 4530 3727 4584 sicut

389 4597 601 4650 Christo
643 4596 765 4651 Jesu
813 4610 905 4663 per
937 4595 1277 4664 Evangelith
1305 4607 1402 4662 ego
1434 4606 1529 4645 vos
1562 4589 1740 4659 genui.
1783 4605 1800 4637 ι
1837 4586 1925 4639 lsti

2180 4583 2312 4634 dixit
2349 4584 2414 4647 ⁸³,
2439 4587 2728 4642 cecidisset
2759 4608 3001 4660 granum
3040 4602 3373 4668 frumenu
3417 4617 3482 4671 in
3512 4582 3729 4673 1,5,,“

390 4683 523 4736 tales
559 4691 702 4745 sunt,
732 4685 820 4750 qui
851 4692 1108 4752 generant
1150 4681 1377 4743 animas,
1403 4687 1457 4731 et
1487 4675 1788 4744 parturiunt
1810 4687 1925 4733 eas,
2035 4682 2090 4772 et
2121 4684 2387 4773 mortuum
2419 4676 2629 4743 fuisset,
2657 4696 2764 4734 non
2807 4686 3016 4754 utique
3047 4694 3354 4759 fructum
3410 4709 3579 4764 hunc
3607 4711 3731 4779 plu.

391 4774 528 4823 sicut
563 4784 612 4824 et
661 4772 781 4824 alibi
837 4773 1074 4826 dicit“:
1123 4790 1140 4821 ε
1182 4770 1355 4824 Filioli
1394 4768 1516 4830 mei.
1549 4780 1684 4863 (ιυοξ
1733 4765 1924 4870 “3":le
2036 4761 2228 4814 limum
2263 4763 2428 4816 ιοιῖυδ
2453 4765 2604 4870 0?ij
2635 4778 2800 4826 terra:
2840 4774 3119 4838 Ecciesia
3156 4761 3735 4870 attulisset.lgtitur

391 4863 626 4927 palrturio
654 4862 820 4914 donec
868 4862 1125 4916 formetur
1171 4859 1419 4914 Christus
1462 4858 1513 4908 in
1567 4854 1737 4906 vobis.
1775 4870 1792 4901 ι
1826 4849 1926 4902 Α¹ίὶ
2030 4859 2387 4918 ’ροειθθιιυθιη
2419 4855 2614 4909 eccm“
2647 4874 2884 4926 granum
2923 4867 2980 4920 in
3013 4879 3275 4936 terram
3321 4849 3733 4943 center—libb;

392 4950 530 5002 enim
579 4949 874 5016 huiusmodi
919 4950 1277 5020 generationis
1330 4959 1542 5006 curam,
1605 4950 1698 4992 aut
1741 4940 1928 4993 nolunt
2035 4947 2136 5002 est,
2173 4942 2348 4994 omnis
2382 4942 2500 4996 haec
2537 4961 2603 4998 ex
2635 4947 2754 5016 ipso
2796 4961 3050 5023 surrexit
3102 4940 3407 5033 ﬁdelium

456 5062 502 5137 is
525 5063 690 5137 Apoc.
716 5079 808 5137 vn:
885 5067 935 5137 at
959 5066 1154 5137 Ephes.
1189 5062 1399 5137 "lt—1”.
1427 5127 1468 5137 ﬂ
1496 5059 1542 5137 is
1575 5057 1716 5109 Psal.
1745 5050 2005 5137 cxtll,‘l.0.

1496 5059 1542 5137 ξς
1575 5057 1716 5109 Psal.
1745 5050 2007 5137 cxtn,‘l.6.
2058 5054 2168 5137 ﬂ":
2187 5055 2350 5137 Expd.
2381 5073 2420 5137 In,
2453 5059 2504 5137 l_.
2602 5064 2868 5137 ffiixod,
2903 5089 2943 5137 ι,
2979 5076 3034 5130 5,

387 5131 432 5160 ⁵³
453 5120 623 5185 (ἳιιιίὶι.
645 5149 694 5186 tv
739 5134 820 5188 l9.
897 5135 941 5166 ⁸⁸
964 5120 1157 5188 (ἶέιιρε.
1183 5150 1238 5194 ll,
1259 5120 1349 5182 93.
1426 5127 1470 5158 ⁶⁰
1491 5126 1684 5180 Cenes.
1720 5140 1869 5187 xxxx,
1895 5123 1936 5174 1ι

1522 5127 1684 5179 lenes.
1720 5140 1869 5187 xxix,
1895 5120 1979 5174 14.
2057 5122 2098 5152 ⁶¹
2133 5123 2297 5179 Exod.
2324 5141 2360 5190 ι,
2387 5128 2442 5193 6,
2467 5129 2520 5181 7.
2598 5132 2642 5162 θ’
2673 5120 2948 5208 “ebrii-1',

345 4990 375 5040 J

3330 5097 3484 5158 Cor.
3524 5117 3609 5167 tv,
3651 5102 3734 5155 l5.

3167 5158 3226 5189 ⁸³
3254 5162 3450 5220 Joan.
3481 5158 3607 5239 xu;
3641 5172 3740 5230 Ξι.

459 5284 565 5352 (74)
591 5285 677 5338 Sic
703 5303 827 5342 mss.
856 5288 998 5340 Alias
1023 5301 1170 5362 vero,
1205 5303 1221 5334 ι
1262 5284 1341 5335 vel
1365 5283 1651 5362 domorum
1680 5291 1822 5343 sunt,
1855 5282 1919 5333 ad
2031 5286 2198 5362 codex
2253 5287 2606 5362 ltemigiantts
2670 5300 2838 5360 habet
2875 5327 2889 5362 :

387 5369 530 5431 quos
552 5359 886 5431 successio...
918 5357 1206 5431 patet-nitas
1236 5356 1560 5431 nominabit
1604 5365 1621 5397 ι
2027 5356 2454 5431 etiamanimam
2487 5365 2553 5419 de
2586 5377 2676 5423 tua
2713 5356 2900 5431 “id”,

597 5422 806 5502 A‘quuot
837 5417 985 5486 mss,
1012 5444 1030 5475 ς
1067 5425 1130 5476 de
1160 5424 1351 5502 (lllll-llls
1379 5417 1614 5502 dicitur...
1635 5432 1654 5466 ι
1783 5486 1813 5502 η

1379 5417 1654 5502 ίίίςῆ-ιξηξκξ
1854 5501 1884 5502 η
2031 5492 2042 5502 _
2101 5425 2213 5502 (77)
2239 5426 2329 5477 vel
2357 5417 2926 5502 exPullvgetitlu‘niuill-u

597 5455 806 5540 "A'i‘ila‘ﬂﬂ
837 5455 985 5506 mea?
1012 5455 1134 5543 'ru}:
1160 5455 1654 5541 ‘l""b"l'5x“";}'{;"l;is'
1683 5486 1895 5538 vocibus
2031 5492 2076 5542 ,ρ
2171 5455 2329 5543 ”!va
2357 5455 2782 5530 expungendum
2809 5455 2968 5531 ‘tllud
3005 5471 3023 5504 ι
3064 5465 3266 5525 quod,
3332 5487 3354 5517 ι
3399 5474 3504 5526 vel
3586 5478 3738 5531 intra

461 5565 546 5600 nec
599 5507 777 5600 ιδιιιιεῗί
826 5508 1152 5600 ζθιῗῖιεῖωίιὶ
1186 5511 1357 5600 ἔηίιιιίι
1409 5501 1471 5600 ιιιρ
1504 5552 1676 5600 anima
1719 5527 1916 5600 meum;
2069 5508 2178 5560 ’μη
2227 5510 2310 5545 .m
2343 5513 2359 5545 ι
2393 5512 2490 5552 sua
2524 5519 2646 5561 esse
2687 5523 3008 5591 promam"!
3033 5543 3141 5580 “0"
3189 5539 3400 5592 audet
3435 5557 3613 5600 vero.
3645 5568 3665 5600 ι

389 5569 413 5602 ι
449 5565 546 5603 nec
599 5564 772 5611 tamen
829 5552 1048 5625 addidit,
1098 5572 1151 5614 et
1185 5559 1358 5614 anima
1409 5556 1471 5606 de
1504 5552 1676 5604 anima
1719 5567 1854 5618 mea,
1898 5572 1916 5604 ι
