3922 6240
301 295 408 350 δρι

1515 299 1580 353 IN
1620 300 1898 356 EXODUM
1930 300 2202 356 HOMILIA
2243 301 2281 356 I.

3421 309 3523 362 309.

316 402 632 497 multiplicati
670 401 781 451 sum
805 389 899 445 Im"
943 393 1174 497 Israel,
1211 419 1275 463 et
1331 414 1684 474 invaluerunt
1733 423 1888 476 nimis
1916 428 1959 484 Α
1988 423 2166 490 quitur
2195 429 2406 491 gentem
2451 427 2624 477 suam,
2663 433 2940 486 corporeas
2964 428 3163 481 scilicet
3185 429 3512 497 voluptates.

321 502 503 554 valde.
528 513 544 545 ι
576 494 624 546 III
647 501 836 544 omnem
871 488 1031 542 θῐὶὶῑαὶ
1077 503 1302 553 terram
1333 510 1509 563 exivit
1547 527 1708 565 sonus
1757 527 1885 578 apo-

328 588 601 644 stolorum,
623 590 671 635 et
696 580 745 632 in
780 577 907 630 ﬁnes
935 581 1106 638 orbis
1131 596 1314 645 terra:
1343 599 1514 649 verba
1547 615 1730 652 eorum
1755 577 1815 659 δέ,
1864 618 1882 649 ι

325 686 386 727 et
425 691 525 742 per
557 675 706 741 ipsos.
754 671 881 722 Sicul
923 672 1216 739 scriptum
1257 693 1345 736 est
1371 685 1441 748 “,
1482 704 1500 736 ι
1530 690 1746 741 verbum
1782 689 1887 740 Do-

331 767 468 816 mini
506 763 783 825 crescebat,
812 769 863 814 et
888 761 1403 832 multiplieahatur.
1447 797 1466 830 ›
1493 777 1611 830 Haec
1634 790 1886 844 quantum

326 853 396 903 ad
428 855 700 920 mysticum
731 853 958 920 pertinet
987 853 1372 915 intellectum.
1401 865 1505 918 Sed
1537 875 1590 919 et
1636 867 1887 918 moralem

325 941 382 991 in
416 943 508 994 his
539 959 638 995 non
686 943 988 996 omittamus
1045 945 1255 1002 locum.
1295 951 1552 1005 IEdiﬁcat
1587 955 1726 1006 enim
1778 956 1890 1006 ani-

323 1041 446 1081 mas
473 1029 792 1081 auditorum.
825 1028 987 1097 Igitur
1020 1042 1078 1084 et
1114 1036 1170 1087 in
1200 1047 1252 1089 te
1286 1039 1331 1090 si
1380 1041 1639 1093 moriatur
1658 1040 1848 1108 Joseph
1873 1084 1886 1105 ,

1987 524 2039 567 et
2067 515 2311 566 vitiorum
2348 507 2577 564 ducibus
2604 509 2666 561 ad
2699 514 2976 567 consilium
3002 521 3321 582 convocatis,
3348 520 3515 571 initur

1985 603 2296 655 deliberatio
2330 602 2589 652 adver5tts
2628 598 2760 653 ﬁlios
2791 599 2951 653 Israel
2982 607 3240 671 quomodo
3277 609 3508 660 circum-

1987 691 2282 746 veniantur.
2317 687 2584 756 quomodo
2615 690 2999 756 opprimantur,
3029 703 3083 742 ut
3111 692 3216 744 luto
3244 703 3297 745 et
3335 694 3510 746 lateri-

1987 781 2082 831 bus
2114 778 2436 846 aﬁligantnr,
2469 785 2527 827 ut
2554 791 2726 830 mares
2748 787 3034 844 exponant.
3070 780 3293 833 feminas
3339 783 3506 842 alant,

1987 877 2043 919 ut
2070 868 2331 920 a'diﬁcent
2354 868 2604 920 civitates
2651 867 2881 935 Egypti,
2915 879 2966 921 et
2989 869 3230 922 civitates
3262 874 3509 926 munitas.

1987 955 2098 1007 Non
2129 957 2278 1008 nobis
2305 958 2417 1008 lucc
2439 956 2502 1007 ad
2524 955 2798 1008 historiam
2822 957 3016 1023 scripta
3041 967 3164 1008 sunt
3181 958 3310 1024 (80),
3342 974 3510 1024 neque

1989 1047 2273 1112 putandum
2332 1055 2413 1099 est
2468 1046 2630 1098 libros
2677 1047 2888 1099 divinos
2940 1045 3304 1115 {Egyptioruin
3363 1059 3508 1115 gesta

1993 1149 2240 1197 narrare;
2267 1139 2357 1186 sed
2381 1148 2497 1199 quae
2521 1135 2715 1199 scripta
2749 1142 2893 1195 sunt,
2947 1136 3009 1185 ad
3044 1144 3280 1187 nostram
3313 1136 3512 1188 doctri-

1992 1238 2110 1274 nam
2143 1232 2196 1272 et
2218 1221 2676 1275 coinmonitinnem
2705 1224 2900 1288 St'l‘lpla
2932 1235 3051 1276 sunt
3080 1239 3094 1276 τ
3125 1237 3176 1277 ιιι
3203 1234 3253 1276 ιιι
3288 1226 3374 1291 qui
3399 1225 3513 1278 haec

1991 1310 2158 1370 audis,
2192 1310 2234 1361 si
2264 1309 2398 1362 forte
2426 1307 2532 1373 jam
2559 1310 2780 1375 gratiam
2813 1311 3055 1377 baptismi
3090 1322 3403 1364 consecutus
3431 1327 3510 1372 es,

1991 1409 2042 1449 et
2073 1407 2450 1450 aunumeratus
2485 1413 2540 1449 es
2575 1399 2711 1449 inter
2741 1397 2884 1450 ﬁlios
2918 1397 3097 1456 Israel.
3137 1415 3196 1452 ac
3236 1401 3511 1466 suscepisti

1995 1487 2044 1538 in
2087 1497 2133 1537 te
2165 1485 2328 1538 Deum
2363 1501 2558 1552 regem,
2608 1497 2660 1537 et
2692 1496 2804 1553 post
2841 1489 2950 1540 haec
2977 1489 3242 1541 declinare
3283 1489 3513 1542 volueris

321 1117 375 1167 id
399 1127 489 1168 est
505 1117 552 1168 si
576 1117 1035 1171 mortiﬁcationem
1058 1121 1270 1176 Christi
1289 1126 1342 1177 in
1363 1141 1582 1194 corpore
1600 1137 1686 1177 tuo
1718 1130 1888 1180 susci-

318 1204 475 1271 pias,
513 1219 577 1258 et
605 1208 886 1261 mortiﬁces
921 1211 1168 1262 membra
1209 1222 1294 1264 tua
1326 1225 1576 1280 peccato,
1605 1225 1729 1268 tunc
1755 1217 1804 1267 in
1842 1227 1891 1269 te

316 1294 841 1361 multiplicabuntur
873 1297 963 1348 ﬁlii
993 1297 1183 1351 Israel.
1215 1301 1334 1352 Filii
1368 1302 1526 1356 Israel
1555 1319 1744 1356 sensus
1771 1304 1889 1355 boni

311 1391 368 1435 et
391 1384 689 1451 spiritales
721 1386 1076 1453 accipiuntur.
1111 1387 1166 1440 Si
1188 1403 1317 1454 ergo
1347 1406 1531 1444 sensus
1555 1394 1729 1444 carnis
1756 1407 1894 1444 moro

312 1474 580 1526 titiccntu
596 1491 642 1533 r,
663 1489 853 1528 sensus
879 1477 1102 1541 spiritus
1124 1487 1400 1541 crescunt,
1419 1489 1470 1530 et
1486 1482 1718 1545 quotidie
1744 1495 1892 1532 emo.

311 1565 612 1617 rientibus
653 1566 709 1618 in
743 1574 796 1618 te
846 1567 1019 1630 vitiis,
1057 1568 1320 1619 virtutum
1368 1584 1617 1622 nmnerus
1645 1580 1892 1637 augetur,
1993 1575 2055 1625 ud
2083 1589 2239 1640 opera
2268 1576 2462 1631 saeculi.
2491 1590 2647 1642 agere
2677 1585 2824 1627 actus
2854 1585 3031 1637 terrai,
3057 1588 3108 1628 et
3136 1577 3272 1630 lutea
3299 1578 3514 1644 explere

306 1655 407 1706 sed
439 1664 498 1707 et
533 1664 696 1706 terra
748 1663 799 1708 te
839 1656 1158 1722 multiplicat
1209 1657 1536 1732 inept-ribus
1578 1658 1747 1724 bonis,
1781 1672 1894 1722 qna:
1932 1731 1935 1732 ν
1996 1663 2310 1722 ministeria.
2348 1665 2488 1716 scias
2534 1673 2588 1715 et
2641 1679 2899 1732 agnoscas
2929 1665 3056 1730 quia
3103 1667 3332 1719 surrexit
3377 1667 3428 1718 in
3466 1675 3514 1718 te

308 1757 409 1808 per
433 1742 697 1797 ofﬁcium
731 1745 977 1811 corporis
1005 1729 1395 1798 ministrantur.
1429 1745 1619 1798 Verum
1645 1747 1687 1798 si
1726 1745 1807 1798 vis
1839 1755 1893 1796 ut
1926 1731 1963 1785 Β
1996 1768 2081 1803 rex
2115 1755 2267 1815 alius,
2294 1753 2382 1818 qui
2419 1754 2585 1806 nescit
2611 1729 2825 1819 Joseph,
2859 1729 2956 1804 rex,
2979 1751 3210 1822 Egypti,
3243 1764 3294 1805 et
3324 1757 3433 1819 ipse
3463 1763 3514 1805 te

308 1834 616 1885 ostendam
676 1835 774 1886 tibi
819 1836 887 1885 de
937 1837 1259 1902 Scripturis,
1291 1838 1409 1903 quis
1437 1844 1518 1888 est
1549 1851 1704 1902 quem
1755 1844 1890 1888 terra
1989 1843 2130 1910 cogit
2168 1843 2230 1892 ad
2264 1856 2422 1908 opera
2455 1857 2568 1905 sua,
2605 1853 2658 1894 et
2710 1844 2823 1910 ipse
2875 1853 2925 1896 te
2974 1843 3102 1894 facit
3153 1844 3372 1896 laterem
3409 1843 3511 1896 sibi

310 1923 808 1988 multiplicaverit,
837 1925 1047 1977 intuere
1073 1927 1367 1992 apostolum
1395 1924 1610 1976 Paulum
1631 1925 1893 1990 quomodo
1989 1931 2195 1997 operari
2229 1940 2280 1983 et
2302 1931 2488 1983 lutum.
2523 1929 2636 1996 Ipse
2658 1940 2740 1984 est
2769 1932 2858 1998 qui
2897 1940 2946 1982 te
2975 1932 3320 1998 superpositis
3346 1933 3513 2001 magi-

311 2012 447 2064 dicit
479 2012 527 2041 ⁸⁶
560 2031 623 2064 ες
655 2011 717 2064 Si
752 2024 930 2066 autem
949 2013 1130 2066 vivere
1157 2015 1206 2065 in
1229 2029 1406 2075 carne,
1437 2017 1520 2066 hic
1544 2015 1668 2066 mihi
1693 2015 1892 2066 fructus
1990 2021 2116 2071 stris
2151 2029 2200 2071 ct
2229 2019 2652 2086 compulsoribus
2706 2021 2772 2070 ad
2799 2033 2958 2085 opera
3000 2031 3206 2072 terrena
3245 2018 3421 2087 ﬂagris
3450 2035 3513 2072 ac

309 2101 497 2165 operis
533 2111 654 2163 est,
693 2111 749 2152 et
771 2101 901 2167 quid
927 2102 1119 2170 eligam
1148 2102 1353 2170 ignoro.
1387 2102 1793 2154 Coarctorenim
1827 2116 1891 2152 ex
1991 2109 2300 2161 verberibus
2330 2110 2456 2174 agit,
2503 2118 2559 2160 ut
2589 2109 2820 2161 :ediﬁres
2861 2109 2932 2160 illi
2976 2110 3240 2163 civitates.
3273 2109 3390 2175 Ipse
3431 2117 3515 2160 est

310 2189 554 2254 duobus,
603 2190 958 2243 desiderium
1010 2191 1216 2243 habens
1262 2191 1474 2243 dissolvi
1505 2202 1557 2243 et
1609 2207 1727 2244 esse
1774 2205 1890 2242 cmn
1990 2198 2077 2261 qui
2106 2206 2154 2246 te
2182 2195 2307 2248 facit
2334 2195 2633 2248 discurrere
2664 2209 2755 2262 per
2789 2195 3059 2256 saeculum,
3085 2196 3246 2247 maris
3274 2209 3335 2247 ac
3360 2204 3514 2246 terra:

305 2278 560 2338 Christi).
611 2279 798 2332 multo
831 2279 975 2330 enim
1028 2279 1238 2342 melius,
1275 2293 1585 2345 permanere
1630 2287 1806 2332 autem
1840 2281 1889 2330 in
1991 2285 2251 2336 elementa
2279 2297 2372 2350 pro
2395 2284 2685 2349 cupiditate
2717 2283 2947 2336 turbare.
2992 2283 3106 2349 Ipse
3134 2283 3286 2350 132
3319 2291 3401 2335 est
3430 2283 3514 2335 hic

304 2369 1894 2435 earnemagisnecessariumproptervos.»Videsqnomodo
1991 2369 2199 2438 Egypti
2239 2385 2353 2430 rex,
2379 2372 2465 2436 qui
2521 2379 2569 2423 te
2612 2369 2782 2421 forum
2815 2369 3023 2437 pulsare
3066 2370 3249 2422 litibus
3285 2369 3428 2428 facit.
3459 2379 3517 2423 et

311 2459 463 2511 hunc
502 2467 666 2512 terra
709 2458 1036 2525 multiplicat
1089 2457 1244 2525 (78)?
1291 2459 1417 2510 Dum
1464 2459 1604 2508 enim
1636 2467 1809 2509 manet
1843 2457 1891 2509 in
1993 2473 2087 2522 pro
2116 2459 2303 2526 exiguo
2328 2469 2480 2510 terra:
2513 2460 2712 2525 cespite
2735 2461 3059 2526 propinquos
3098 2458 3287 2526 jurgiis
3323 2457 3517 2526 fatiga-

307 2557 483 2609 terra,
523 2547 582 2600 id
603 2555 711 2600 est
745 2547 800 2598 in
825 2560 992 2598 carne
1025 2561 1140 2608 sua,
1193 2545 1571 2611 multiplicatur
1616 2545 1890 2598 condendo
1994 2561 2072 2611 re,
2103 2557 2174 2611 et,
2214 2548 2360 2599 utita
2395 2547 2566 2600 dicam
2611 2546 2769 2616 (80'),
2819 2547 3046 2600 castitati
3087 2547 3345 2609 insidiari,
3381 2549 3521 2600 decio

308 2634 614 2698 Ecclesias,
651 2635 1066 2702 multiplicatur
1105 2635 1425 2702 acquirendo
1471 2635 1718 2700 populum
1767 2635 1892 2694 Deo.
1993 2650 2117 2703 pere
2148 2636 2528 2697 innocentiam,
2562 2637 2699 2688 domi
2729 2635 2888 2697 fmda,
2919 2635 3050 2688 foris
3093 2635 3350 2696 crudelia,
3381 2636 3520 2688 intra

304 2734 359 2776 et
397 2724 468 2777 ab
494 2723 868 2777 Hierusalem
900 2725 951 2775 in
978 2725 1206 2776 circuitu
1232 2737 1393 2790 usque
1410 2723 1474 2774 ad
1508 2721 1774 2790 Illyricum
1804 2723 1892 2776 Dei
1994 2723 2368 2775 conscientiam
2393 2722 2651 2790 flagitiosa
2687 2728 3037 2774 committere.
3071 2721 3200 2774 Cum
3229 2737 3355 2788 ergo
3389 2724 3519 2776 tales

308 2813 696 2880 Evangelium
736 2812 1105 2877 praedicando.
1137 2811 1241 2865 Sed
1274 2812 1550 2865 videamus
1579 2811 1702 2882 quid
1745 2811 1891 2864 addi-
1993 2810 2190 2863 videris
2217 2820 2366 2863 actus
2394 2819 2530 2872 tuos,
2571 2811 2706 2863 scito
2749 2821 2797 2862 te
2843 2812 2950 2877 regi
2987 2809 3235 2878 Egyptio
3265 2810 3517 2872 militare,

305 2907 395 2952 tur
423 2901 476 2953 in
506 2899 1024 2967 consequentibus.
1994 2900 2133 2968 quod
2161 2910 2243 2953 est
2271 2900 2446 2952 mundi
2500 2899 2656 2966 hujus
2705 2900 2890 2968 spiritu
2939 2901 3020 2967 agi
3055 2899 3184 2969 (81).
3229 2899 3285 2951 Si
3316 2914 3439 2952 vero
3468 2910 3523 2952 et

377 2988 432 3040 5.
478 3006 501 3038 α
549 2987 835 3041 Surrexit
895 2997 1107 3051 autem,
1160 2987 1332 3053 inquit
1364 2987 1404 3019 ⁸⁷
1429 3029 1443 3051 ,
1511 3002 1601 3040 rex
1661 2988 1795 3040 alius
1841 2989 1893 3041 in
1921 3029 1962 3084 ϐ
1995 2989 2195 3056 aliquid
2221 2991 2284 3042 de
2321 2989 2418 3040 hoc
2444 2989 2601 3042 etiam
2629 2989 2787 3040 altius
2827 2983 3161 3040 sentiendum
3194 2999 3294 3051 est,
3347 2997 3520 3055 potest

307 3074 577 3144 :Egypto,
611 3075 717 3142 qui
747 3075 1036 3128 nesciebat
1068 3075 1288 3142 .loseph,
1313 3085 1368 3128 et
1401 3075 1534 3128 dixit
1573 3076 1714 3144 genti
1743 3090 1851 3128 suae
1878 3093 1892 3130 :
1926 3074 1962 3084 “”
1995 3079 2157 3132 videri
2190 3093 2278 3131 rex
2326 3078 2428 3129 iste
2479 3079 2563 3144 qui
2596 3078 2768 3130 nescit
2801 3075 3018 3142 .loseph,
3050 3075 3312 3138 diabolus,
3341 3093 3362 3126 ι
3394 3077 3523 3128 insi-

306 3165 449 3220 Ecce
473 3181 620 3234 gens
655 3166 910 3218 ﬁliorum
945 3162 1115 3218 Israel
1144 3166 1362 3230 grandis
1408 3164 1688 3218 multitudo
1716 3172 1819 3226 est,
1843 3173 1896 3216 et
1994 3168 2141 3233 piens
2168 3166 2252 3218 ille
2276 3165 2364 3232 qui
2395 3165 2526 3217 dixit
2561 3164 2613 3216 in
2641 3164 2799 3216 corde
2827 3177 2922 3216 suo
2947 3179 2961 3212 :
2987 3162 3101 3214 Non
3125 3171 3208 3214 est
3234 3163 3374 3216 Deus
3397 3164 3464 3227 “,
3495 3181 3514 3213 ι

307 3254 453 3306 valet
490 3269 675 3322 super
727 3267 853 3305 nos.
888 3271 906 3302 ι
943 3252 1126 3304 Primo
1166 3254 1404 3305 omnium
1458 3255 1728 3320 requirere
1777 3253 1897 3306 volo
1996 3258 2138 3324 genti
2201 3271 2330 3317 suae,
2371 3255 2470 3306 hoc
2501 3263 2582 3307 est
2624 3254 2879 3320 apostatis
2927 3253 3142 3321 angelis.
3194 3253 3438 3320 colloqui,
3467 3262 3522 3306 et

303 3345 429 3408 quis
463 3355 554 3394 est
590 3358 694 3394 rex
731 3343 789 3392 in
815 3339 1057 3408 Egypto
1088 3341 1176 3407 qui
1211 3343 1313 3393 scit
1335 3339 1552 3406 Joseph,
1581 3349 1635 3393 et
1663 3341 1780 3408 quis
1805 3350 1896 3394 est
1997 3346 2172 3398 dicere
2195 3345 2237 3374 ⁷ο
2273 3359 2283 3391 :
2324 3362 2340 3393 ι
2375 3343 2514 3395 Ecce
2557 3357 2685 3408 gens
2723 3341 2948 3393 ﬁliorum
2978 3340 3137 3394 Israel
3171 3357 3356 3409 magna
3389 3343 3518 3395 mul-

307 3447 402 3485 rex
432 3433 532 3499 qui
567 3433 768 3484 nescit
801 3429 1028 3497 Joseph.
1065 3431 1193 3482 Dum
1222 3433 1368 3484 enim
1407 3431 1494 3482 ille
1528 3439 1774 3496 regnaret
1808 3431 1895 3495 qui
1999 3437 2163 3486 titudo
2193 3444 2291 3493 est,
2321 3451 2338 3482 ι
2360 3435 2422 3484 de
2445 3433 2524 3483 his
2547 3431 2746 3483 scilicet
2777 3432 2861 3496 qui
2891 3438 3110 3497 possunt
3142 3441 3312 3483 mente
3357 3432 3518 3483 Deum

305 3525 524 3576 sciebat
570 3523 816 3588 .loseph,
875 3536 986 3574 non
1047 3521 1358 3574 referuntur
1409 3519 1584 3573 aﬁlicti
1640 3535 1760 3573 esse
1806 3519 1896 3571 ﬁlii
1997 3522 2196 3581 videre,
2233 3536 2251 3568 ι
2287 3529 2336 3570 et
2367 3518 2630 3584 potentior
2660 3523 2742 3568 est
2767 3517 2935 3568 nobis.
2962 3517 3148 3569 Venite
3181 3516 3376 3582 itaque,
3418 3519 3523 3568 cir-

309 3612 503 3677 Israel,
557 3628 760 3680 neque
811 3613 865 3663 in
905 3612 1018 3662 luto
1051 3619 1104 3663 et
1148 3611 1320 3663 latere
1365 3610 1686 3676 consumpti,
1729 3622 1899 3676 neque
1987 3607 2416 3662 .cumscribamus
2471 3604 2586 3656 illos
2637 3619 2701 3655 ne
2758 3603 2892 3656 forte
2931 3603 3254 3665 increscant,
3315 3613 3520 3657 etcum

303 3704 534 3756 masculi
574 3717 788 3756 eorum
825 3702 1028 3764 necati,
1083 3710 1137 3753 et
1187 3701 1398 3753 femina:
1446 3699 1742 3752 viviﬁcatae.
1795 3699 1899 3752 Sed
2001 3695 2255 3750 acciderit
2287 3693 2437 3746 nobis
2478 3693 2694 3756 bellum,
2739 3692 3074 3744 consentient
3099 3699 3152 3742 et
3183 3691 3235 3742 bi
3285 3706 3403 3744 cum
3436 3693 3524 3743 ad-

302 3808 428 3846 cum
465 3795 735 3845 surrexit
768 3791 871 3842 iste
906 3790 1000 3855 qui
1031 3805 1136 3841 non
1169 3799 1392 3841 noverat
1418 3789 1719 3856 Joseph,et
1741 3787 1902 3855 cwpit
1999 3786 2271 3848 versariis,
2316 3793 2368 3836 et
2414 3787 2778 3850 expugnantes
2840 3794 2936 3832 nos
2986 3780 3205 3831 exiliunt
3259 3781 3322 3830 de
3381 3790 3521 3831 terra

300 3882 418 3949 ipse
455 3896 730 3948 regnare,
787 3889 921 3930 tunc
971 3879 1088 3930 haec
1137 3878 1315 3930 omnia
1371 3889 1520 3945 gesta
1573 3877 1897 3930 referuntur.
2002 3879 2204 3922 nostra.
2241 3887 2260 3918 ι
2297 3868 2402 3920 Sed
2447 3866 2587 3918 unde
2626 3865 2913 3928 liogsentit
2957 3863 3230 3917 diabolus?
3280 3865 3415 3917 unde
3447 3865 3529 3916 in-

300 3973 443 4035 Quis
467 3985 609 4036 ergo
636 3980 728 4021 es;
759 3969 865 4019 me
913 3981 1036 4029 rex,
1067 3967 1366 4019 videamus,
1401 3967 1456 4018 Si
1481 3966 1734 4019 Dominus
1765 3964 1902 4031 regit
2004 3957 2196 4025 telligit
2225 3954 2347 4021 quia
2373 3969 2560 4020 magna
2594 3965 2724 4019 gens
2750 3951 2818 4003 sit
2847 3949 3027 4014 Israel,
3057 3959 3109 4002 et
3151 3950 3264 4016 ipso
3303 3949 3525 4010 fortior,

297 4072 429 4121 nos,
469 4067 528 4109 et
559 4071 769 4109 sensus
812 4056 1015 4106 mentis
1045 4064 1250 4106 nostra:
1281 4055 1608 4110 illuminatus
1631 4070 1658 4105 a
1681 4053 1900 4106 Domino
2004 4048 2105 4100 nisi
2137 4045 2261 4113 quia
2288 4059 2426 4110 saape
2456 4055 2770 4108 congressus
2805 4047 2907 4098 est,
2941 4052 3080 4106 saepe
3129 4038 3311 4091 habuit
3355 4039 3528 4110 lueta—

297 4146 516 4199 Chr’isti
553 4160 785 4210 semper
813 4143 1138 4195 memoriam
1175 4153 1343 4204 tenet,
1379 4143 1582 4196 faciens
1611 4143 1736 4195 illud
1764 4143 1903 4208 quod
2007 4150 2157 4198 men,
2191 4141 2244 4186 et
2276 4147 2411 4198 saepe
2447 4140 2726 4197 superatus
2755 4127 2872 4181 est?
2927 4125 3040 4180 Scit
3086 4127 3229 4178 enim
3263 4134 3315 4180 et
3359 4127 3530 4192 ipsum

295 4235 508 4289 Paulus
537 4235 609 4286 ad
647 4233 1011 4286 Timotheum
1038 4232 1232 4283 scribit
1257 4231 1302 4261 ⁸⁸
1333 4248 1346 4282 :
1377 4249 1394 4281 ι
1436 4231 1633 4284 Memor
1668 4241 1780 4284 esto
1810 4228 1902 4282 ιε-
2007 4223 2165 4278 Iacob
2196 4221 2450 4274 luctatum
2484 4233 2624 4280 esse,
2677 4226 2729 4270 et
2754 4216 3016 4284 adjutorio
3040 4215 3210 4283 angeli
3237 4215 3534 4268 obtinuisse

291 4338 413 4377 sum
441 4325 748 4378 Christum
791 4320 1166 4374 resurrexisse
1224 4333 1254 4370 a
1292 4321 1550 4382 mortuis;
1583 4339 1600 4369 ι
1633 4320 1755 4372 dum
1791 4319 1902 4371 haec
1935 4318 1976 4370 D
2007 4311 2392 4369 adversarium,
2435 4317 2489 4361 et
2542 4306 2834 4359 invaluisse
2876 4320 2996 4358 cum
3049 4305 3173 4357 Deo.
3205 4303 3318 4356 Non
3351 4304 3534 4358 dubito

291 4412 694 4482 meminit(79)
718 4411 774 4462 in
796 4408 1061 4477 IEgypto,
1082 4407 1135 4458 id
1163 4417 1246 4459 est
1275 4407 1329 4458 in
1350 4421 1514 4460 carne
1529 4417 1726 4470 nostra,
1750 4407 1903 4473 ερίιί-
2006 4403 2130 4468 quin
2166 4409 2220 4452 et
2268 4399 2492 4450 aliorum
2542 4403 2843 4448 sanctorum
2892 4395 3137 4482 senserit
3163 4392 3533 4482 luctamen,_et

291 4510 377 4553 tus
410 4480 612 4553 noster
641 4513 885 4563 regnum
919 4511 1045 4549 cum
1066 4494 1288 4560 justitia
1310 4502 1546 4556 tenet,et
1566 4496 1700 4548 ﬁlios
1724 4494 1904 4556 Israel,
2006 4489 2262 4557 spiritalia
2288 4485 2715 4553 pertuleritsaape
2731 4481 3248 4545 certamina,etinde
3264 4480 3532 4549 dicat(82)

289 4607 425 4658 quos
454 4607 636 4659 supra
673 4589 926 4642 diximus
960 4583 1334 4638 rationabiles
1355 4599 1566 4647 sensus,
1598 4587 1676 4637 vel
1717 4587 1906 4637 anima:
2007 4582 2132 4648 quia
2160 4594 2288 4647 gens
2319 4577 2546 4628 ﬁliorum
2581 4573 2741 4626 Israel
2773 4586 2956 4641 magna
2995 4581 3074 4625 est
3105 4571 3277 4633 valde,
3309 4579 3362 4624 et
3393 4570 3533 4622 valet

287 4685 548 4744 virtutes,
583 4679 644 4732 In
687 4678 810 4730 luto
846 4685 902 4730 et
940 4675 1122 4727 latere
1153 4687 1265 4724 non
1315 4673 1595 4735 consumit,
1632 4687 1729 4725 nec
1765 4674 1908 4724 curis
2008 4682 2305 4737 supernos.
2333 4665 2438 4718 Sed
2461 4673 2513 4716 et
2541 4661 2666 4714 illud
2691 4662 2828 4728 quod
2861 4661 3029 4721 timet,
3080 4659 3362 4725 nequando
3403 4669 3531 4709 eve-

287 4788 378 4826 eos
417 4769 674 4825 terrenis
707 4779 770 4820 et
795 4761 1281 4819 sollicitudinibus
1309 4763 1511 4815 atterit.
1548 4761 1602 4813 Si
1641 4777 1766 4814 vero
1787 4775 1910 4829 per-
2009 4761 2120 4812 niat
2144 4758 2222 4810 eis
2254 4753 2472 4815 bellum,
2504 4761 2558 4804 et
2597 4750 2936 4804 consentiant
2967 4746 3291 4800 adversariis
3321 4745 3456 4809 ejus,
3480 4755 3534 4797 et

290 4861 484 4910 uiderit
511 4859 731 4911 horum
772 4851 1109 4904 memoriam
1145 4861 1350 4901 sensus
1385 4857 1575 4911 noster,
1610 4849 1911 4900 declinave-
2007 4846 2231 4902 devictis
2258 4845 2334 4896 eis
2355 4840 2629 4894 discedant
2652 4839 2715 4890 de
2749 4846 2888 4891 terra
2923 4851 3038 4899 sua,
3069 4837 3276 4888 videtur
3307 4835 3434 4886 mihi
3464 4847 3531 4885 ex

287 4947 354 4998 rit
382 4962 411 4998 a
446 4947 585 5008 Deo,
616 4942 896 4997 nescierit
925 4939 1266 4999 Christum,
1297 4949 1420 4988 tunc
1435 4937 1686 5002 sapientia
1711 4937 1906 4996 carnis,
2009 4934 2092 4986 his
2119 4946 2235 5000 qua:
2258 4927 2458 4983 sanctis
2480 4924 2796 4994 patriarchis
2817 4924 2898 4975 vel
2922 4922 3190 4988 prophetis
3221 4923 3284 4972 de
3306 4923 3529 4973 adventu

291 5051 404 5102 qua:
428 5036 662 5088 inimica
692 5039 787 5083 est
816 5033 948 5090 Deo,
1004 5027 1289 5077 succedit
1324 5025 1373 5075 in
1417 5038 1654 5086 regnum,
1693 5033 1747 5075 et
1780 5024 1910 5075 allo-
2009 5021 2204 5074 Christi
2237 5028 2610 5082 nonnunquam
2642 5012 2869 5064 indicata
2897 5009 3127 5102 fuerant,
3167 5008 3527 5102 pr:esens.i‘5se-.

354 5123 571 5177 “Psal.
602 5136 784 5182 xvln,
818 5119 871 5170 5.
979 5115 1043 5182 δεῖ
1071 5114 1216 5164 Act.
1251 5127 1324 5174 vi,
1364 5113 1412 5166 7.
1495 5111 1751 5179 “Philip.
1787 5128 1823 5175 t,
1853 5114 1890 5164 εὶ

1989 5112 2061 5176 ιδ,
2089 5110 2178 5162 24.
2254 5108 2294 5138 ⁸⁷
2320 5107 2486 5160 Exod.
2525 5121 2566 5165 ι,
2603 5101 2656 5164 8,
2683 5101 2735 5154 9.
2812 5100 2857 5131 ⁸⁸
2886 5097 2927 5152 II
2948 5099 3084 5152 Tim.
3120 5111 3181 5158 tt,
3214 5097 3266 5150 8.
3341 5090 3528 5144 "I’sal.

295 5205 407 5252 xm,
438 5194 488 5246 ί.
555 5191 605 5221 ⁷⁸
638 5181 826 5241 Exod.
856 5200 894 5248 ι,
927 5184 990 5246 9,
1026 5181 1132 5231 ID.

357 5286 465 5352 (78)
509 5283 640 5336 Mss.
662 5300 695 5352 4r
734 5279 893 5332 IIunc
923 5285 1103 5326 terra
1129 5265 1469 5330 multiplicat.
1495 5285 1510 5315 ι
1535 5265 1701 5330 Alias,
1733 5286 1751 5317 ι
1795 5271 1907 5321 tunc

295 5350 822 5417 ιετιπιίιιιιὶιίρὶὶωι.
865 5364 884 5392 ⁸
932 5409 945 5417 _
981 5406 992 5415 _
1083 5398 1236 5417 με’-ει
1303 5416 1310 5417 7
1364 5400 1439 5417 μ,
1663 5411 1673 5417 _
1709 5403 1720 5412 ,

361 5400 667 5486 (infelicis,
708 5433 728 5464 ι
768 5416 898 5465 dum
929 5406 1040 5458 hic
1080 5400 1262 5458 vivit,
1301 5416 1318 5447 ι
1360 5400 1441 5451 sed
1473 5415 1594 5454 mss.
1626 5411 1677 5452 ut
1708 5403 1760 5454 in
1803 5419 1904 5454 no-

293 5499 396 5539 SII‘O
424 5497 592 5537 textu.
813 5544 831 5546 _
888 5545 891 5546 ν
1230 5541 1299 5546 κν,
1340 5534 1390 5546 ..ν

656 5551 692 5602 l.
723 5564 762 5600 ιι
792 5544 1076 5608 0rigen.,
1110 5541 1305 5598 quast
1337 5534 1411 5583 I5.

2082 5267 2212 5334 (80‘)
2246 5265 2391 5326 Mss.,
2423 5280 2441 5312 ι
2479 5271 2534 5314 ιιι
2561 5277 2662 5313 non
2696 5261 2822 5313 illud
2848 5259 3053 5315 dicam;
3080 5250 3244 5303 ilibb.
3276 5247 3450 5308 editi,t
3474 5254 3530 5296 ιιι

2015 5336 2084 5388 ita
2112 5338 2298 5384 dicam.
2339 5351 2356 5381 ι
2484 5397 2487 5398 ν
2700 5395 2731 5398 __
2838 5395 2846 5398 _
2885 5392 2898 5398 _
3018 5387 3027 5398 _
3141 5397 3146 5398 γ
3192 5383 3201 5392 .

2085 5404 2190 5466 (81)
2225 5401 2386 5458 Alias,
2423 5415 2439 5446 ι
2481 5395 2734 5448 immundi
2769 5392 2990 5466 spiritus
3018 5392 3368 5466 imperiogagi'.
3397 5397 3424 5466 li

2692 5443 2756 5513 et
2772 5443 3122 5537 filling-used
3156 5459 3209 5498 et
3241 5443 3364 5498 illud
3393 5443 3532 5509 quod

2018 5525 2236 5600 timent;
2275 5553 2291 5585 ι
2324 5544 2376 5584 at
2405 5547 2534 5584 mss.
2563 5542 2616 5581 ut
2645 5533 2695 5580 in
2735 5537 2917 5579 nostro
2955 5525 3118 5570 textu.
