3922 6282
222 356 230 363 Ι
325 275 427 332 305

1731 268 2050 324 ORIGENiS

3556 257 3670 311 5οι

323 401 375 444 et
404 390 524 443 inde
570 388 709 441 scire
758 389 897 457 quod
949 388 1046 440 Sibi
1087 389 1359 441 immineat
1406 389 1622 442 bellum.
1679 389 1850 441 Sentit
1879 393 1921 444 Λ
1953 389 2297 454 perdita-nise
2319 387 2540 448 dictum,
2578 400 2842 452 quaene“
2890 380 3139 450 peperit
3197 390 3669 442 congfﬂgasse.

325 488 603 531 venturum
634 479 725 546 qui
773 489 936 532 exuat
987 479 1318 545 principatus
1349 478 1462 543 eius
1514 488 1566 530 et
1614 490 1849 546 potesta-

323 578 404 620 tes
441 567 509 630 ⁷⁸.
531 576 587 622 et
620 582 740 622 cum
773 567 964 621 ﬁducia
1004 566 1292 632 triumphet
1336 581 1448 630 eos,
1483 576 1537 620 et
1568 566 1745 636 aﬂigat
1800 570 1850 620 in

321 657 466 723 ligno
499 657 678 711 crucis
706 672 836 711 suae.
868 657 1030 726 Igitur
1070 668 1356 709 convocata
1399 659 1540 710 enini
1575 668 1730 727 gente
1759 674 1852 712 sua

319 746 711 799 circumvenire
761 756 816 800 et
863 745 1300 799 circumscribere
1343 748 1489 812 cupit
1517 748 1568 799 in
1621 747 1855 800 homini-

319 836 416 886 bus
441 836 812 890 rationabilem
844 851 1077 898 sensum,
1110 836 1200 903 qui
1234 843 1370 888 nunc
1401 836 1691 902 figuraliter
1725 837 1854 888 dici-

322 935 410 976 tur
434 922 633 986 Israel;
677 932 733 977 et
762 924 878 978 ideo
923 922 1164 992 praefecit
1197 922 1276 974 eis
1305 924 1583 988 magistros
1613 938 1851 990 operum,

319 1013 413 1080 qui
457 1027 550 1066 eos
594 1021 789 1079 cogant
833 1014 1041 1066 discere
1071 1027 1229 1080 opera
1271 1013 1467 1070 carnis,
1518 1011 1652 1064 sicut
1699 1019 1753 1064 et
1799 1011 1851 1063 in

319 1101 543 1155 Psalmis
570 1101 763 1156 dicit"
795 1120 808 1156 :
840 1121 860 1152 ‹
898 1104 958 1155 Ει
995 1104 1204 1157 admisti
1237 1113 1364 1158 sunt
1418 1101 1662 1169 gentibus
1692 1109 1747 1154 et
1774 1100 1853 1151 di-

319 1189 563 1242 dicerunt
602 1204 760 1264 opera
813 1204 1024 1244 eorum.
1069 1209 1086 1240 ι
1139 1190 1304 1244 Docet
1355 1205 1448 1244 eos
1500 1197 1553 1241 et
1611 1187 1852 1240 civitates

318 1281 581 1335 aedificare
609 1281 892 1340 Pharaoni.
930 1279 1135 1333 Phitom
1161 1279 1289 1348 (85),
1325 1293 1442 1346 qua:
1470 1279 1519 1330 in
1546 1287 1724 1330 nostra
1745 1276 1850 1328 lin—

323 1385 426 1436 gua
450 1369 722 1438 signiﬁcat
768 1385 823 1422 os
871 1369 1192 1435 deiectionis,
1227 1368 1307 1421 vel
1340 1385 1396 1420 os
1426 1366 1635 1434 abyssi;
1661 1376 1716 1419 et
1740 1365 1848 1417 Ra-

321 1473 520 1513 messes
573 1457 682 1526 (84)
710 1498 726 1522 ,
773 1471 892 1525 quze
923 1457 1300 1523 interpretatur
1349 1455 1619 1507 commotio
1659 1453 1848 1516 tinem;

320 1550 514 1614 Ethon,
553 1550 604 1603 id
637 1558 720 1602 est
748 1546 1030 1614 Heliopolis
1056 1561 1172 1614 quae
1220 1545 1412 1598 dicitur
1468 1544 1647 1596 civitas
1700 1543 1845 1595 solis.

329 1640 488 1692 Vides
518 1637 708 1705 quales
736 1636 836 1691 sibi
864 1636 1108 1689 civitates
1139 1633 1390 1688 mdiﬁcari
1439 1633 1680 1700 praecipit
1710 1631 1849 1684 Pha-

1957 489 2010 531 t-t
2057 480 2196 545 quod
2247 479 2295 530 hi
2328 493 2458 544 quos
2490 493 2593 529 non
2635 492 2761 530 cum
2807 474 3051 544 judicio
3091 467 3560 536 congregavit,
3611 467 3670 520 in

1957 569 2178 621 dimidio
2222 569 2425 620 dierum
2458 580 2680 619 suorum
2724 564 3174 628 derelinquent
3211 575 3404 619 cum,
3470 567 3533 610 et
3587 573 3674 610 se-

1955 665 2183 722 quentur
2234 655 2514 707 Dominum
2563 664 2618 708 et
2653 656 2998 707 Creatorem
3073 666 3282 704 suum
3345 647 3671 702 Christum

1954 745 2154 808 Jesum,
2182 746 2270 813 qui
2303 761 2396 798 eos
2435 746 2620 812 genuit
2666 745 2806 814 (85).
2841 744 2944 796 Ille
2974 749 3202 794 autem
3245 740 3670 806 congregavit

1953 851 2087 903 quos
2127 850 2230 888 non
2262 835 2463 902 genuit.
2499 834 2565 886 Et
2594 833 2714 886 ideo
2750 831 3093 885 remanebit
3157 828 3420 882 stultus
3459 829 3522 878 in
3567 844 3674 882 no-

1953 925 2188 978 vissimis
2218 924 2348 986 suis,
2369 939 2490 977 cum
2517 924 2582 976 ad
2610 923 2879 976 factorem
2905 931 2969 974 et
2999 920 3080 972 ad
3106 929 3472 987 parentem
3499 933 3672 973 suum

1955 1010 2224 1071 universa,
2266 1023 2384 1075 qua:
2416 1023 2561 1061 nunc
2592 1023 2690 1076 pro
2720 1010 2890 1078 hujus
2945 1007 3317 1076 tyrannide
3357 1010 3675 1076 congemi-

1954 1095 2072 1157 scit,
2113 1105 2363 1148 creatura
2415 1096 2749 1165 confugerit.
2804 1099 2876 1151 Et
2934 1100 3058 1153 hoc
3118 1097 3551 1166 indignatur,
3617 1108 3676 1152 et

1955 1185 2084 1237 dicit
2113 1184 2180 1249 ’⁷,
2201 1201 2219 1233 «
2247 1200 2314 1238 ne
2338 1195 2734 1251 expugnantcs,
2796 1186 2989 1254 inquit
3018 1226 3038 1252 ,
3108 1201 3271 1250 nos,
3338 1197 3579 1241 exeant
3606 1189 3676 1243 de

1954 1280 2094 1326 terra
2121 1281 2323 1326 nostra.
2363 1291 2382 1324 ι
2419 1272 2536 1326 Non
2580 1275 2697 1327 vult
2734 1289 2840 1328 nos
2885 1278 3063 1330 exire
3125 1277 3216 1329 de
3276 1287 3460 1330 terra
3527 1293 3674 1342 sua,

1953 1363 2046 1414 sed
2079 1361 2190 1414 Vult
2221 1371 2278 1413 ut
2305 1377 2517 1428 semper
2543 1373 2835 1430 portemus
2880 1363 3244 1434 imaginem
3303 1366 3580 1420 terreni.
3613 1367 3677 1420 Si

1953 1451 2095 1504 enim
2130 1453 2194 1504 ad
2229 1452 2608 1504 adversarium
2645 1455 2765 1521 ejus
2789 1453 3320 1522 confugerimus,
3378 1470 3529 1509 eum
3575 1457 3676 1525 qui

1954 1540 2105 1592 nobis
2129 1545 2452 1608 praeparavit
2492 1557 2660 1611 regna
2715 1543 3034 1606 cmlorum,
3104 1559 3407 1598 necesse
3458 1554 3557 1600 est
3616 1552 3681 1600 ut

1954 1629 2318 1696 relinquamus
2345 1632 2634 1699 imaginem
2661 1631 2895 1694 terreni,
2929 1643 2994 1684 et
3025 1633 3502 1700 suscipiamus
3532 1635 3681 1687 ima-

321 1727 447 1778 rao!
485 1724 578 1787 Os,
603 1724 796 1793 inquit,
825 1721 1078 1776 deﬁciens
1105 1737 1119 1783 ;
1155 1720 1334 1774 deﬁcit
1367 1733 1596 1786 namque
1619 1734 1698 1779 os,
1729 1731 1851 1770 cum
1882 1705 1925 1758 Β
1955 1718 2129 1784 ginem
2155 1720 2408 1774 caelestis.
2442 1721 2738 1789 Propterea
2781 1735 2926 1790 ergo
2960 1721 3236 1777 Pharao
3271 1725 3523 1780 statuit
3553 1741 3680 1778 nia-

321 1813 658 1868 mendacium
707 1810 962 1877 loquitur,
998 1818 1049 1861 et
1098 1822 1127 1860 a
1185 1807 1405 1860 veritate
1449 1805 1854 1872 probationibus

317 1905 521 1958 delicit.
567 1901 660 1956 Ille
701 1902 843 1955 enim
881 1902 945 1953 ah
976 1900 1131 1954 initio
1162 1899 1389 1951 mendax
1436 1895 1533 1948 fuit
1555 1896 1622 1957 τ’,
1653 1905 1708 1946 ct
1737 1894 1854 1946 ideo

321 1993 453 2047 tales
501 1992 601 2047 sibi
655 1990 902 2045 civitates
949 1987 1203 2041 aediﬁcari
1257 1985 1391 2039 vult.
1447 1983 1539 2037 Vel
1595 1984 1760 2036 etiam
1793 1995 1854 2034 os

319 2085 518 2154 abyssi,
567 2083 693 2150 quia
721 2082 942 2148 abyssus
993 2079 1330 2147 perditionis,
1384 2084 1438 2129 et
1473 2076 1724 2128 interitus
1773 2083 1855 2126 est

319 2172 482 2228 locus.
509 2171 573 2224 Et
603 2170 704 2224 alia
729 2168 842 2234 ejus
865 2167 1057 2222 civitas
1092 2166 1378 2219 commotio
1405 2164 1560 2216 tinea:
1591 2172 1696 2219 est.
1729 2162 1854 2217 0m-

317 2277 412 2315 nes
444 2259 589 2312 enim
615 2259 706 2327 qui
731 2271 850 2310 eum
881 2266 1198 2324 sequuntur,
1247 2254 1318 2307 ibi
1373 2262 1699 2321 congregant
1736 2254 1852 2308 the-

319 2364 505 2402 sauros
543 2361 690 2410 suos,
736 2346 826 2399 ubi
882 2347 1020 2399 tinea
1071 2342 1423 2404 exterminat,
1480 2351 1536 2396 et
1589 2343 1675 2396 ubi
1710 2343 1855 2396 fures

317 2437 575 2490 eﬁodiunt
598 2444 654 2489 et
695 2434 960 2488 furantur.
1002 2432 1104 2486 Sed
1136 2442 1190 2486 et
1219 2433 1488 2485 civitatem
1519 2432 1654 2484 solis
1684 2432 1853 2484 mdiﬁ-

316 2535 440 2580 cant
473 2524 609 2579 falso
640 2524 875 2586 nomine,
915 2537 1014 2589 pro
1044 2535 1108 2575 eo
1136 2521 1277 2588 quod
1311 2521 1579 2574 convertit
1612 2533 1670 2572 se
1711 2520 1855 2573 sicut

317 2614 538 2682 angelus
570 2613 722 2666 lucis.
749 2609 803 2662 In
839 2612 923 2663 his
960 2624 1086 2678 ergo
1131 2609 1411 2676 prmvcnit,
1439 2609 1491 2660 in
1520 2608 1602 2660 his
1629 2618 1855 2676 occupat

321 2711 549 2766 mentes,
579 2713 698 2767 qua:
720 2698 784 2750 ad
814 2698 912 2749 hoc
947 2697 1099 2748 facta
1142 2705 1284 2756 sunt,
1327 2704 1385 2748 nt
1417 2695 1636 2748 videant
1665 2697 1850 2750 Deum.

320 2787 581 2854 Prospicit
614 2796 787 2839 tamen
819 2785 1098 2837 imminere
1127 2784 1225 2835 sibi
1260 2783 1474 2845 bellum,
1507 2794 1561 2838 et
1586 2797 1852 2839 maturum

320 2880 465 2949 genti
493 2891 602 2930 suae
631 2875 934 2928 adfuturum
959 2875 1121 2926 sentit
1152 2873 1397 2926 exitium.
1422 2876 1541 2927 Ideo
1579 2877 1707 2928 dicit
1731 2877 1852 2943 quia

1948 2518 2200 2587 jicientes
2235 2532 2424 2572 onmes
2453 2533 2639 2570 eorum
2670 2517 3072 2586 principatus,

1952 1808 2148 1876 gistros
2178 1823 2424 1878 operum,
2449 1813 2539 1880 qui
2567 1827 2666 1865 nos
2699 1826 2836 1865 suas
2861 1821 3035 1866 artes
3067 1814 3400 1879 doceam,
3439 1817 3545 1883 qui
3577 1830 3682 1869 nos

1953 1896 2188 1950 artilices
2241 1898 2458 1952 malitia:
2520 1898 2747 1963 faciant,
2805 1902 2906 1966 qui
2975 1902 3170 1954 nobis
3223 1904 3680 1972 magisterium

1953 1986 2212 2038 malorum
2240 1988 2536 2052 praebeant.
2567 1988 2632 2040 Et
2662 1989 2793 2054 quia
2832 1987 3196 2043 multisunt
3234 1991 3352 2045 isti
3403 1996 3680 2062 magistri

1953 2085 2004 2128 et
2035 2076 2280 2128 doctores
2305 2076 2542 2140 malitiae,
2575 2092 2710 2143 quos
2743 2077 3014 2144 prmfecit
3049 2079 3361 2145 Pharao,
3414 2092 3482 2135 et
3508 2083 3682 2152 133

1953 2173 2034 2216 est
2058 2164 2243 2232 ingens
2279 2165 2564 2218 multitudo
2589 2165 2984 2233 hujuscemodi
3012 2169 3562 2236 compulsoruni,
3585 2174 3682 2239 qui

1953 2268 2140 2306 omnes
2164 2254 2407 2324 exigunt,
2429 2255 2718 2320 imperant,
2744 2263 2802 2308 et
2836 2265 3241 2323 extorquent
3261 2275 3475 2329 opera
3499 2274 3684 2316 terre-

1957 2359 2021 2396 na
2043 2359 2056 2392 :
2077 2343 2196 2396 ideo
2214 2335 2432 2397 veniens
2445 2342 2709 2397 Dominus
2730 2343 2903 2398 Jesus
2927 2345 3080 2399 fecit
3099 2347 3286 2402 alios
3315 2353 3685 2420 magistros,

1955 2440 2010 2483 et
2049 2432 2316 2494 doctores,
2346 2431 2436 2496 qui
2466 2439 2774 2498 pugnantes
2807 2434 3155 2486 adversum
3213 2436 3402 2501 illos,
3455 2448 3521 2491 et
3556 2443 3689 2492 sub-

3145 2533 3222 2576 et
3290 2536 3681 2593 potestates,

1954 2617 2010 2665 et
2055 2610 2319 2673 virtutes,
2375 2609 2670 2662 defendant
2719 2623 2752 2661 a
2812 2599 3137 2666 Violentiis
3216 2630 3466 2672 eorum
3534 2620 3691 2674 ﬁlios

1955 2700 2135 2763 Israel,
2163 2709 2219 2753 et
2248 2703 2476 2754 doceant
2507 2715 2605 2753 nos
2643 2713 2812 2768 opera
2846 2699 3216 2758 Israelitica
3259 2721 3280 2760 :
3328 2719 3400 2763 et
3435 2726 3686 2764 rursum

1955 2792 2186 2844 doceant
2215 2805 2312 2844 nos
2340 2799 2518 2844 mente
2544 2786 2710 2842 Deum
2747 2789 2988 2854 videre,
3038 2775 3447 2867 relinquere
3494 2818 3689 2869 opera

1955 2877 2273 2942 Pharaonis,
2329 2880 2480 2933 exire
2515 2881 2581 2932 de
2609 2890 2755 2933 terra
2792 2880 3076 2952 Egypti,
3145 2888 3463 2956 abjicere
3495 2890 3692 2962 Egy-

321 2983 454 3037 gens
480 2966 642 3020 Israel
670 2964 808 3017 valet
835 2977 992 3030 super
1030 2975 1146 3014 nos.
1177 2960 1385 3015 Utinam
1410 2973 1462 3015 et
1489 2963 1555 3016 de
1578 2964 1728 3017 nobis
1751 2965 1850 3019 hoc
1879 3000 1922 3056 ο
1956 2967 2098 3038 ptios
2126 2977 2182 3022 et.
2235 2969 2499 3022 barbaros
2529 2984 2740 3034 mores,
2775 2973 3088 3040 deponere
3131 2986 3362 3034 totum
3405 2960 3691 3037 veterem

320 3061 482 3121 dicat,
513 3056 708 3110 sentiat
735 3069 829 3107 nos
848 3051 1022 3105 valere
1051 3065 1214 3118 super
1232 3053 1324 3106 se!
1355 3050 1628 3116 Quomodo
1655 3057 1856 3111 sentire

322 3149 426 3202 hoc
453 3143 691 3215 poterit?
720 3141 776 3196 Si
807 3155 925 3194 cum
961 3139 1088 3191 mihi
1140 3142 1491 3206 cogitationes
1543 3142 1715 3210 injicit
1746 3158 1855 3196 ma-

321 3237 424 3302 las,
457 3243 513 3290 et
542 3231 1001 3301 concupiscentias
1036 3228 1294 3295 pessimas
1317 3267 1332 3292 ,
1384 3245 1480 3299 ego
1528 3245 1634 3283 non
1683 3231 1848 3285 susci-

321 3328 487 3395 piam,
519 3324 610 3379 sed
630 3324 806 3391 jacula
830 3324 946 3392 ejus
967 3323 1135 3393 ignita
1159 3331 1310 3374 scuto
1339 3319 1458 3373 ﬁdei
1496 3319 1770 3386 repellam,
1809 3321 1853 3374 si

323 3418 378 3468 in
408 3414 654 3468 omnibus
687 3426 1019 3481 quaecunque
1077 3409 1313 3480 suggerit
1357 3410 1520 3462 menti
1556 3421 1718 3471 meae,
1755 3423 1856 3477 ego

316 3518 527 3558 memor
551 3503 748 3558 Christi
776 3503 878 3556 mei
913 3502 1122 3556 Domini
1148 3540 1162 3565 ,
1192 3501 1366 3555 dicam
1398 3498 1443 3530 ⁷⁸
1475 3515 1488 3551 :
1531 3517 1550 3549 ι
1599 3497 1746 3552 Vade
1770 3514 1856 3553 re-

323 3603 431 3657 tro,
456 3593 682 3648 Satana.
717 3593 987 3660 Scriptum
1037 3603 1122 3647 est
1159 3591 1342 3646 enim:
1378 3589 1660 3644 Dominum
1691 3589 1856 3644 Deum

319 3694 470 3738 tuum
507 3684 778 3749 adorabis,
828 3693 882 3738 et
910 3685 1006 3752 ipsi
1030 3684 1127 3738 soli
1163 3682 1384 3738 servies.
1421 3701 1439 3734 ›
1481 3681 1536 3734 Si
1568 3695 1698 3749 ergo
1741 3681 1858 3736 haec

315 3775 466 3831 omni
497 3775 624 3840 ﬁde,
678 3775 822 3829 omni
878 3773 1180 3828 constantia
1225 3786 1465 3842 agamus,
1513 3772 1642 3824 dicit
1691 3779 1743 3825 et
1792 3772 1858 3824 de

321 3868 494 3931 nobis,
523 3868 644 3936 quia
664 3865 966 3937 genslsrael
988 3879 1173 3930 magna
1192 3873 1294 3927 est,
1319 3872 1374 3916 et
1400 3863 1538 3916 valet
1564 3877 1722 3930 super
1739 3877 1856 3918 nos.

323 3959 429 4013 Sed
466 3960 645 4012 ethoc
667 3956 807 4024 quod
847 3955 980 4008 dicit
1005 3956 1088 4007 7':
1130 3971 1148 4004 ι
1198 3953 1274 4006 Ne
1304 3952 1442 4006 forte
1470 3953 1677 4006 accidat
1704 3953 1858 4006 nobis

321 4048 538 4110 bellum,
585 4054 642 4101 et
685 4043 1022 4098 consentiant
1062 4053 1116 4096 et
1151 4042 1204 4096 hi
1239 4056 1359 4094 cum
1409 4041 1727 4094 adversariis
1760 4056 1857 4095 no-

323 4137 492 4200 stris;
531 4153 550 4186 ι
588 4147 658 4189 ex
681 4131 1011 4201 propheticis
1047 4131 1272 4185 vocibus
1300 4131 1548 4198 praevidit
1576 4140 1856 4184 venturum

1955 3062 2223 3115 hominem
2257 3075 2376 3114 cum
2407 3060 2620 3115 actibus
2646 3063 2784 3126 suis,
2811 3072 2872 3116 et
2909 3064 3196 3123 induere
3235 3087 3524 3140 novum,
3575 3076 3684 3144 qui

1955 3148 2249 3201 secundum
2300 3148 2465 3200 Deum
2515 3157 2737 3201 creatus
2786 3159 2880 3203 est
2939 3161 3262 3212 renovari
3308 3177 3582 3232 semper
3616 3167 3691 3218 de

1954 3238 2040 3291 die
2075 3237 2126 3289 in
2153 3237 2291 3290 diem
2345 3237 2409 3290 ad
2465 3237 2756 3304 imaginem
2808 3239 2943 3306 ejus
2987 3245 3098 3312 qui
3168 3247 3346 3305 fecit
3390 3269 3518 3309 nos
3561 3253 3692 3323 (86)

1955 3326 2155 3381 Christi
2187 3325 2311 3380 Jesu
2351 3326 2565 3381 Domini
2605 3331 2776 3383 nostri
2819 3331 2918 3385 cui
2961 3343 3064 3388 est
3105 3337 3343 3406 gloria
3391 3353 3466 3398 et
3499 3345 3694 3414 impe-

1957 3418 2094 3471 rium
2126 3417 2178 3470 in
2205 3416 2408 3471 sazcula-
2424 3417 2763 3474 saeculorum.
2798 3420 3026 3478 Amen.

2539 3503 2821 3560 HOMILIA
2887 3510 2962 3565 II.

2475 3593 2549 3648 De
2573 3596 2974 3656 obstetricibus.

2026 3688 2076 3740 I.
2116 3683 2278 3740 Multa
2319 3686 2532 3756 quidem
2575 3690 2872 3746 adversum
2923 3709 3192 3764 gentem
3253 3708 3383 3767 Dei
3435 3717 3704 3772 molitur

1958 3790 2050 3829 rex
2081 3777 2223 3839 iste,
2255 3776 2346 3843 qui
2392 3791 2500 3830 non
2546 3780 2696 3831 novit
2722 3779 2940 3852 Ioseph
2975 3827 2992 3851 ,
3037 3800 3106 3844 et
3172 3809 3377 3858 artes
3429 3810 3703 3864 nocendi

1961 3878 2125 3918 novas
2165 3877 2380 3930 semper
2410 3863 2652 3932 inquirit.
2687 3866 2898 3923 Verum
2937 3889 3112 3932 nunc
3155 3888 3522 3950 calliditas
3567 3897 3708 3966 ejus

1959 3957 2321 4022 supereminet
2360 3957 2575 4008 modum
2607 3993 2623 4018 ,
2654 3969 2782 4009 cum
2833 3962 3278 4030 obstetricum
3329 3957 3708 4042 minime-rio

1960 4044 2196 4136 sobolem
2243 4045 2420 4114 gentis
2449 4053 2682 4099 conatur
2715 4050 3110 4122 exstinguere
3144 4101 3165 4128 ,
3212 4082 3524 4136 quarum
3573 4090 3713 4135 arte

1959 4133 2225 4233 solet-vita
2255 4135 2484 4233 servari.
2511 4136 2660 4233 IQuid
2697 4141 2852 4233 enim
2891 4144 3048 4202 dicit
3072 4150 3101 4203 ?
3153 4173 3176 4205 ι
3210 4133 3307 4214 Et
3355 4133 3712 4233 (Ιίιὶι,ἰηζ

324 4224 425 4278 sibi
460 4222 654 4277 bellum
679 4231 736 4276 et
764 4221 1234 4290 derelinquendum
1273 4234 1332 4273 se
1358 4235 1389 4272 a
1435 4219 1556 4274 ﬁliis
1590 4219 1775 4285 Israel,
1805 4231 1858 4276 et
1960 4223 2075 4292 quit
2102 4224 2279 4285 ",rex
2308 4223 2680 4295 Egyptiorum
2717 4231 3157 4296 ObSlelriCibus
3196 4245 3308 4302 He

324 4309 450 4377 quia
479 4307 822 4362 consentient
849 4310 1157 4364 adversario
1188 4307 1326 4374 ejus,
1356 4316 1410 4360 et
1442 4307 1760 4374 adjicientur
1789 4311 1855 4365 ad
1888 4303 1933 4358 ι)
1961 4326 2184 4378 quarum
2217 4313 2306 4366 uni
2358 4327 2548 4366 nomen
2591 4325 2711 4368 erat
2739 4317 2931 4385 Sepho
2945 4337 3008 4376 ra

327 4398 628 4453 Dominum.
664 4396 775 4452 Hoc
796 4407 878 4452 est
909 4400 1048 4452 enim
1071 4400 1209 4468 quod
1238 4398 1303 4452 de
1346 4411 1412 4451 eo
1436 4396 1694 4452 Jeremias
1733 4413 1857 4467 pro-

329 4491 485 4557 pheta
508 4487 829 4555 praedixerat
847 4487 892 4518 "
923 4505 936 4540 :
967 4505 986 4538 ι
1021 4487 1279 4542 Clamavit
1309 4487 1491 4554 perdix
1515 4527 1530 4552 ,
1564 4501 1857 4557 congrega-

325 4585 402 4634 vit
430 4593 548 4648 quae
597 4593 702 4633 non
745 4579 971 4646 peperit,
1022 4579 1147 4633 fecit
1175 4579 1387 4633 divitias
1432 4594 1555 4632 suas
1586 4595 1688 4632 non
1739 4595 1858 4633 cum

321 4667 544 4738 judicio,
573 4666 624 4720 in
657 4666 875 4722 dimidio
913 4668 1116 4722 di‘erutn
1165 4666 1277 4734 ejus
1311 4667 1682 4735 derelinquent
1715 4683 1861 4733 eum,

327 4770 382 4817 et
413 4761 464 4814 in
491 4758 795 4813 novissimis
837 4761 952 4814 suis
979 4759 1083 4814 erit
1126 4758 1340 4813 stultus.
1383 4777 1402 4809 ι
1436 4756 1683 4827 Iutelligit
1731 4775 1861 4829 ergo

3315 4255 3666 4316 braorurn
3692 4304 3711 4329 ,

1997 4343 2184 4413 nan-1|."
2219 4343 2306 4366 ulu
2358 4343 2711 4413 "vltlmlncldl
2740 4343 3008 4385 OUPIIUra
3043 4365 3063 4388 ο
3113 4343 3188 4385 ει
3239 4355 3513 4402 nomen
3555 4351 3717 4404 alte-

1965 4401 2078 4456 rius
2104 4400 2250 4453 Phua
2281 4440 2295 4464 ,
2327 4411 2380 4454 et
2407 4401 2515 4454 ait:
2545 4402 2676 4504 Cum
2704 4404 3195 4504 obstet-ricabitis
3242 4400 3722 4504 Πειπξέδξῑὲι

1967 4507 2126 4585 prope
2151 4500 2361 4585 parturn
2393 4493 2652 4585 eruntisi
2685 4497 2976 4585 masculus
3007 4501 3251 4577 fuerit,
3290 4493 3720 4585 οεοίαίιέίίξ

1966 4581 2072 4634 Ιυιη
2099 4619 2114 4643 ,
2148 4580 2192 4634 si
2225 4579 2424 4684 femina
2448 4580 2788 4684 ἱ,ινίνὶίὶν-(ἓιιει.
2819 4603 2839 4635 ι
2885 4584 3003 4643 Sed
3039 4593 3148 4650 his
3188 4579 3609 4684 adiungitur
3638 4579 3721 4676 iu

1965 4671 2420 4768 consequentibus
2453 4672 2529 4768 "":
2570 4689 2589 4722 ι
2624 4671 2965 4734 Timuerunt
3021 4699 3261 4748 autem
3284 4671 3727 4768 vobéeiﬁc‘e;

1971 4765 2136 4818 Deum
2162 4802 2178 4829 ,
2227 4771 2281 4817 et
2324 4778 2431 4818 non
2464 4763 2713 4818 fecerunt
2757 4768 2908 4824 sicut
2949 4787 3392 4854 praeceperat
3431 4763 3730 4860 illis

316 4985 330 5010 4
403 4973 447 5009 ‘"
479 4971 592 5026 Col.
618 4985 656 5026 ι.
700 4969 766 5025 13
843 4971 889 5002 ⁷¹
918 4969 1056 5024 Psal.
1095 4969 1313 5032 cvt,'55.

325 5038 371 5076 "'
397 5041 560 5096 Exod.
588 5055 629 5105 ι,
658 5039 741 5093 10.
829 5039 874 5070 ⁷⁸
903 5040 1068 5092 Exod.
1116 5055 1152 5102 I,
1186 5037 1272 5100 l5,
1300 5035 1385 5089 I6.

1413 4965 1460 4997 ⁷³
1482 4965 1636 5020 Joan.
1671 4983 1785 5031 vm,
1811 4971 1899 5030 44.

1536 4982 1639 5046 ian.
1671 4983 1785 5046 viri,
1811 4971 1899 5030 44.
1975 4973 2022 5006 ’⁸
2045 4973 2227 5028 Matth.
2265 4987 2337 5036 Iv,
2371 4973 2455 5026 IO.
2530 4970 2755 5026 "Exod.
2785 4990 2829 5039 ι,
2882 4979 2973 5034 10.

1463 5036 1507 5066 ⁷⁸
1536 5035 1662 5088 ibid.
1698 5037 1786 5089 17.

3060 4985 3120 5017 ’⁸
3165 4988 3320 5052 Jer.
3361 5015 3548 5067 xv".
3612 5005 3732 5064 ιι.

403 5201 510 5267 (85)
541 5199 770 5263 Phitom,
807 5199 1065 5254 IIebraice
1089 5204 1224 5267 ana
1245 5195 1300 5267 Si
1337 5195 1562 5246 ducatur
1597 5208 1663 5247 ex
1691 5204 1761 5254 τε)
1783 5213 1862 5267 οι,

403 5201 510 5284 (85)
541 5199 770 5263 ΡΙιὶιοηι,
807 5199 1065 5280 IIebraice
1089 5204 1211 5280 arta
1245 5195 1300 5248 Si
1337 5195 1562 5246 ducatur
1597 5208 1663 5247 ex
1691 5204 1761 5254 τε)
1783 5213 1862 5276 os,
2030 5195 2142 5266 (84)
2170 5194 2462 5275 Ramessee,
2499 5193 2773 5254 IIebraice
2800 5214 3024 5291 nam
3051 5227 3083 5266 α
3124 5220 3351 5279 verba
3385 5233 3562 5296 ah
3625 5247 3733 5292 ιο-

330 5283 513 5329 omet
540 5280 672 5327 Dm
699 5270 918 5328 absolvi,
946 5267 1166 5331 abruma,
1191 5263 1442 5331 deﬁcere,
1466 5273 1733 5329 utcunque
1783 5281 1864 5318 ιιι·
1962 5282 2107 5327 nare,
2156 5280 2485 5328 commoveri,
2523 5273 2580 5318 et
2624 5281 2760 5324 voce
2808 5289 2899 5331 Dn
2939 5290 3124 5331 ιιηεα,
3183 5289 3408 5331 Μηηη
3441 5317 3461 5330 ,
3539 5319 3728 5331 ψη.-

1962 5282 2125 5350 99νῆ
2153 5267 2485 5350 ῩίῖΨῖΨυῩΤίν
2523 5273 2760 5350 ειηνοςε
2808 5289 2899 5339 DD
2939 5267 3126 5349 ἶίιὶεα,
3181 5267 3461 5350 ἱ)ὶᾶἦᾶ

333 5319 1297 5405 Impurata—bifurci:defectionis,'nant
1325 5319 1512 5380 melius
1551 5319 1862 5405 redderetur
1962 5319 2344 5405 interpretatur
2376 5319 2899 5405 commotiotine:
2939 5319 3126 5349 mm"
3183 5319 3461 5366 “una;
3537 5319 3732 5365 reue

331 5421 388 5456 οι
410 5399 754 5484 perfectionis,
781 5407 825 5460 si
859 5399 985 5456 vero
1015 5409 1136 5482 pm
1161 5406 1322 5457 exn}:
1358 5406 1412 5448 et
1440 5405 1585 5475 quin
1611 5399 1860 5479 abyssus,
2029 5399 2141 5538 (85.;
2174 5401 2265 5479 Sic
2293 5416 2423 5456 mss.
2453 5403 2624 5483 Alias,
2662 5427 2684 5487 ε
2723 5413 2822 5477 qui
2863 5433 2973 5475 nos
3008 5430 3244 5494 86mm.
3300 5452 3325 5487 ,

332 5473 1025 5538 abyssi,derivaretur,veru
1050 5477 1295 5535 possetos
1314 5465 1505 5532 abyssi,
1531 5465 1863 5524 utlchratce
2029 5470 2119 5537 (Sb
2172 5469 2316 5538 Alias
2341 5509 2356 5535 ,
2397 5471 2537 5538 «Qui
2583 5475 2715 5530 fecit
2750 5495 2861 5538 nos
2907 5491 2967 5538 in
3007 5497 3270 5538 alni-ian“
3308 5525 3323 5538 .

332 5465 875 5544 abyssiplerivaretur,
891 5473 1025 5524 verti
1050 5477 1295 5535 possetos
1314 5465 1505 5532 abyssi,
1531 5465 1863 5524 utlchraice
2029 5465 2141 5538 (86)
2172 5469 2322 5544 Alias
2341 5509 2356 5535 ,
2397 5489 2416 5521 ι
2438 5471 2537 5538 Qui
2583 5465 2715 5530 fecit
2743 5465 2968 5544 $1057.;

3007 5497 3273 5562 gloriam
3307 5515 3383 5562 cl.
3432 5512 3732 5576 laudem

334 5537 584 5592 εει-θυίων
602 5549 742 5608 m5,
775 5557 881 5599 ηοη
898 5545 1102 5604 οτι-πω,
1957 5537 2129 5592 suam.
2154 5555 2172 5588 ι
2217 5537 2325 5593 Sed
2354 5537 2486 5596 mss.
2517 5551 2574 5598 ut
2602 5545 2657 5600 in
2688 5537 3134 5624 nostro-[caui
