  <div class='ocr_page' id='page_1' title='image "/cluster/home/n/w/nwhite01/storage/ocr_20150623/12 (Origen; pt. 2)/nyp.33433081862272/161.png"; bbox 0 0 3922 6246; ppageno 0'>
   <div class='ocr_carea' id='block_1_1' title="bbox 349 306 452 356">
    <p class='ocr_par' dir='ltr' id='par_1_1' title="bbox 349 306 452 356">
     <span class='ocr_line' id='line_1_1' title="bbox 349 306 452 356; baseline -0.039 0"><span class='ocrx_word' id='word_1_1' title='bbox 349 306 452 356; x_wconf 66' lang='grc' dir='ltr'><strong>ὄιιῖ</strong></span> 
     </span>
    </p>
   </div>
   <div class='ocr_carea' id='block_1_2' title="bbox 1785 269 2096 343">
    <p class='ocr_par' dir='ltr' id='par_1_2' title="bbox 1785 269 2096 343">
     <span class='ocr_line' id='line_1_2' title="bbox 1785 269 2096 343; baseline -0.019 0"><span class='ocrx_word' id='word_1_2' title='bbox 1785 269 2096 343; x_wconf 63' lang='lat' dir='ltr'><strong>cuiusuis</strong></span> 
     </span>
    </p>
   </div>
   <div class='ocr_carea' id='block_1_3' title="bbox 3564 255 3672 310">
    <p class='ocr_par' dir='ltr' id='par_1_3' title="bbox 3564 255 3672 310">
     <span class='ocr_line' id='line_1_3' title="bbox 3564 255 3672 310; baseline -0.019 0"><span class='ocrx_word' id='word_1_3' title='bbox 3564 255 3672 310; x_wconf 72' lang='lat'><strong>508</strong></span> 
     </span>
    </p>
   </div>
   <div class='ocr_carea' id='block_1_4' title="bbox 358 371 3664 476">
    <p class='ocr_par' dir='ltr' id='par_1_4' title="bbox 358 371 3664 476">
     <span class='ocr_line' id='line_1_4' title="bbox 358 371 3664 476; baseline -0.012 -6"><span class='ocrx_word' id='word_1_4' title='bbox 358 418 614 470; x_wconf 79' lang='lat' dir='ltr'><strong>timebant</strong></span> <span class='ocrx_word' id='word_1_5' title='bbox 641 405 959 468; x_wconf 78' lang='lat' dir='ltr'><strong>obstetrices</strong></span> <span class='ocrx_word' id='word_1_6' title='bbox 987 413 1174 476; x_wconf 88' lang='lat' dir='ltr'><strong>Deum,</strong></span> <span class='ocrx_word' id='word_1_7' title='bbox 1209 414 1446 465; x_wconf 86' lang='lat' dir='ltr'><strong>fecerunt</strong></span> <span class='ocrx_word' id='word_1_8' title='bbox 1473 411 1572 466; x_wconf 88' lang='lat' dir='ltr'><strong>sibi</strong></span> <span class='ocrx_word' id='word_1_9' title='bbox 1604 408 1825 462; x_wconf 90' lang='lat' dir='ltr'><strong>domos?</strong></span> <span class='ocrx_word' id='word_1_10' title='bbox 1855 426 1872 457; x_wconf 73' lang='grc' dir='ltr'><strong>ι</strong></span> <span class='ocrx_word' id='word_1_11' title='bbox 1907 410 1950 465; x_wconf 75' lang='grc' dir='ltr'><strong>Α</strong></span> <span class='ocrx_word' id='word_1_12' title='bbox 1978 411 2029 454; x_wconf 90' lang='lat' dir='ltr'><strong>et</strong></span> <span class='ocrx_word' id='word_1_13' title='bbox 2077 395 2404 452; x_wconf 72' lang='lat' dir='ltr'><strong>orationibus</strong></span> <span class='ocrx_word' id='word_1_14' title='bbox 2457 387 2871 476; x_wconf 40' lang='lat' dir='ltr'><strong>superandum:</strong></span> <span class='ocrx_word' id='word_1_15' title='bbox 2929 377 3283 476; x_wconf 59' lang='grc' dir='ltr'><strong>ιξτοριει-θεξ</strong></span> <span class='ocrx_word' id='word_1_16' title='bbox 3345 382 3411 424; x_wconf 65' lang='grc' dir='ltr'>ει</span> <span class='ocrx_word' id='word_1_17' title='bbox 3468 371 3664 424; x_wconf 66' lang='lat' dir='ltr'><strong>oblata</strong></span> 
     </span>
    </p>
   </div>
   <div class='ocr_carea' id='block_1_5' title="bbox 355 500 1879 573">
    <p class='ocr_par' dir='ltr' id='par_1_5' title="bbox 355 500 1879 573">
     <span class='ocr_line' id='line_1_5' title="bbox 355 500 1879 573; baseline -0.006 -16"><span class='ocrx_word' id='word_1_18' title='bbox 355 507 504 573; x_wconf 85' lang='lat' dir='ltr'><strong>quasi</strong></span> <span class='ocrx_word' id='word_1_19' title='bbox 539 515 817 571; x_wconf 76' lang='lat' dir='ltr'><strong>propterea</strong></span> <span class='ocrx_word' id='word_1_20' title='bbox 859 507 1044 558; x_wconf 89' lang='lat' dir='ltr'><strong>domus</strong></span> <span class='ocrx_word' id='word_1_21' title='bbox 1097 503 1234 564; x_wconf 81' lang='lat' dir='ltr'><strong>fiat,</strong></span> <span class='ocrx_word' id='word_1_22' title='bbox 1285 504 1406 569; x_wconf 90' lang='lat' dir='ltr'><strong>quia</strong></span> <span class='ocrx_word' id='word_1_23' title='bbox 1460 504 1674 554; x_wconf 89' lang='lat' dir='ltr'><strong>timetur</strong></span> <span class='ocrx_word' id='word_1_24' title='bbox 1720 500 1879 551; x_wconf 90' lang='lat' dir='ltr'><strong>Deus.</strong></span> 
     </span>
    </p>
   </div>
   <div class='ocr_carea' id='block_1_6' title="bbox 357 588 1882 658">
    <p class='ocr_par' dir='ltr' id='par_1_6' title="bbox 357 588 1882 658">
     <span class='ocr_line' id='line_1_6' title="bbox 357 588 1882 658; baseline -0.007 -12"><span class='ocrx_word' id='word_1_25' title='bbox 357 594 465 646; x_wconf 79' lang='lat' dir='ltr'><strong>rloc</strong></span> <span class='ocrx_word' id='word_1_26' title='bbox 490 593 532 645; x_wconf 91' lang='lat' dir='ltr'><strong>si</strong></span> <span class='ocrx_word' id='word_1_27' title='bbox 569 601 640 644; x_wconf 89' lang='lat' dir='ltr'><strong>tta</strong></span> <span class='ocrx_word' id='word_1_28' title='bbox 674 593 965 658; x_wconf 90' lang='lat' dir='ltr'><strong>accipiatur</strong></span> <span class='ocrx_word' id='word_1_29' title='bbox 1026 601 1080 644; x_wconf 92' lang='lat' dir='ltr'><strong>ut</strong></span> <span class='ocrx_word' id='word_1_30' title='bbox 1118 593 1367 655; x_wconf 89' lang='lat' dir='ltr'><strong>scriptum</strong></span> <span class='ocrx_word' id='word_1_31' title='bbox 1404 600 1520 651; x_wconf 89' lang='lat' dir='ltr'><strong>est,</strong></span> <span class='ocrx_word' id='word_1_32' title='bbox 1567 604 1669 641; x_wconf 92' lang='lat' dir='ltr'><strong>non</strong></span> <span class='ocrx_word' id='word_1_33' title='bbox 1715 588 1882 638; x_wconf 87' lang='lat' dir='ltr'><strong>solum</strong></span> 
     </span>
    </p>
   </div>
   <div class='ocr_carea' id='block_1_7' title="bbox 357 677 1884 748">
    <p class='ocr_par' dir='ltr' id='par_1_7' title="bbox 357 677 1884 748">
     <span class='ocr_line' id='line_1_7' title="bbox 357 677 1884 748; baseline -0.005 -14"><span class='ocrx_word' id='word_1_34' title='bbox 357 681 488 736; x_wconf 83' lang='lat' dir='ltr'><strong>nihil</strong></span> <span class='ocrx_word' id='word_1_35' title='bbox 518 683 933 748; x_wconf 77' lang='lat' dir='ltr'><strong>consequentiae,</strong></span> <span class='ocrx_word' id='word_1_36' title='bbox 969 683 1058 734; x_wconf 88' lang='lat' dir='ltr'><strong>sed</strong></span> <span class='ocrx_word' id='word_1_37' title='bbox 1093 690 1146 734; x_wconf 91' lang='lat' dir='ltr'><strong>et</strong></span> <span class='ocrx_word' id='word_1_38' title='bbox 1176 679 1447 732; x_wconf 77' lang='lat' dir='ltr'><strong>inanitatis</strong></span> <span class='ocrx_word' id='word_1_39' title='bbox 1477 677 1757 745; x_wconf 89' lang='lat' dir='ltr'><strong>plurimum</strong></span> <span class='ocrx_word' id='word_1_40' title='bbox 1791 678 1884 728; x_wconf 84' lang='lat' dir='ltr'><strong>ha-</strong></span> 
     </span>
    </p>
   </div>
   <div class='ocr_carea' id='block_1_8' title="bbox 359 763 1884 833">
    <p class='ocr_par' dir='ltr' id='par_1_8' title="bbox 359 763 1884 833">
     <span class='ocr_line' id='line_1_8' title="bbox 359 763 1884 833; baseline -0.006 -12"><span class='ocrx_word' id='word_1_41' title='bbox 359 769 486 822; x_wconf 83' lang='lat' dir='ltr'><strong>bere</strong></span> <span class='ocrx_word' id='word_1_42' title='bbox 533 770 814 822; x_wconf 88' lang='lat' dir='ltr'><strong>videbitur.</strong></span> <span class='ocrx_word' id='word_1_43' title='bbox 866 768 959 821; x_wconf 92' lang='lat' dir='ltr'><strong>Sin</strong></span> <span class='ocrx_word' id='word_1_44' title='bbox 1009 778 1183 820; x_wconf 90' lang='lat' dir='ltr'><strong>autem</strong></span> <span class='ocrx_word' id='word_1_45' title='bbox 1233 769 1413 818; x_wconf 88' lang='lat' dir='ltr'><strong>videas</strong></span> <span class='ocrx_word' id='word_1_46' title='bbox 1443 765 1705 833; x_wconf 87' lang='lat' dir='ltr'><strong>quomodo</strong></span> <span class='ocrx_word' id='word_1_47' title='bbox 1735 763 1884 815; x_wconf 88' lang='lat' dir='ltr'><strong>Scri-</strong></span> 
     </span>
    </p>
   </div>
   <div class='ocr_carea' id='block_1_9' title="bbox 361 854 1878 925">
    <p class='ocr_par' dir='ltr' id='par_1_9' title="bbox 361 854 1878 925">
     <span class='ocr_line' id='line_1_9' title="bbox 361 854 1878 925; baseline -0.003 -17"><span class='ocrx_word' id='word_1_48' title='bbox 361 867 529 925; x_wconf 75' lang='lat' dir='ltr'><strong>ptura:</strong></span> <span class='ocrx_word' id='word_1_49' title='bbox 554 857 685 910; x_wconf 84' lang='lat' dir='ltr'><strong>Novi</strong></span> <span class='ocrx_word' id='word_1_50' title='bbox 722 872 784 909; x_wconf 92' lang='lat' dir='ltr'><strong>ac</strong></span> <span class='ocrx_word' id='word_1_51' title='bbox 814 855 1018 910; x_wconf 83' lang='lat' dir='ltr'><strong>Veteris</strong></span> <span class='ocrx_word' id='word_1_52' title='bbox 1050 857 1370 909; x_wconf 90' lang='lat' dir='ltr'><strong>Testamenti</strong></span> <span class='ocrx_word' id='word_1_53' title='bbox 1402 856 1642 906; x_wconf 88' lang='lat' dir='ltr'><strong>timorem</strong></span> <span class='ocrx_word' id='word_1_54' title='bbox 1680 854 1767 904; x_wconf 88' lang='lat' dir='ltr'><strong>Dei</strong></span> <span class='ocrx_word' id='word_1_55' title='bbox 1797 855 1878 904; x_wconf 83' lang='lat' dir='ltr'><strong>do-</strong></span> 
     </span>
    </p>
   </div>
   <div class='ocr_carea' id='block_1_10' title="bbox 361 944 1884 1007">
    <p class='ocr_par' dir='ltr' id='par_1_10' title="bbox 361 944 1884 1007">
     <span class='ocr_line' id='line_1_10' title="bbox 361 944 1884 1007; baseline -0.004 -10"><span class='ocrx_word' id='word_1_56' title='bbox 361 955 544 999; x_wconf 84' lang='lat' dir='ltr'><strong>centes</strong></span> <span class='ocrx_word' id='word_1_57' title='bbox 570 947 754 998; x_wconf 89' lang='lat' dir='ltr'><strong>domos</strong></span> <span class='ocrx_word' id='word_1_58' title='bbox 782 947 1030 999; x_wconf 73' lang='lat' dir='ltr'><strong>Ecclesia:</strong></span> <span class='ocrx_word' id='word_1_59' title='bbox 1055 946 1271 1007; x_wconf 92' lang='lat' dir='ltr'><strong>faciant,</strong></span> <span class='ocrx_word' id='word_1_60' title='bbox 1297 955 1352 996; x_wconf 93' lang='lat' dir='ltr'><strong>ut</strong></span> <span class='ocrx_word' id='word_1_61' title='bbox 1377 947 1678 996; x_wconf 87' lang='lat' dir='ltr'><strong>universum</strong></span> <span class='ocrx_word' id='word_1_62' title='bbox 1705 944 1884 993; x_wconf 90' lang='lat' dir='ltr'><strong>orbem</strong></span> 
     </span>
    </p>
   </div>
   <div class='ocr_carea' id='block_1_11' title="bbox 364 1029 1887 1100">
    <p class='ocr_par' dir='ltr' id='par_1_11' title="bbox 364 1029 1887 1100">
     <span class='ocr_line' id='line_1_11' title="bbox 364 1029 1887 1100; baseline -0.005 -13"><span class='ocrx_word' id='word_1_63' title='bbox 364 1044 521 1088; x_wconf 68' lang='lat' dir='ltr'><strong>terra:</strong></span> <span class='ocrx_word' id='word_1_64' title='bbox 563 1035 865 1087; x_wconf 84' lang='lat' dir='ltr'><strong>orationum</strong></span> <span class='ocrx_word' id='word_1_65' title='bbox 947 1030 1192 1085; x_wconf 81' lang='lat' dir='ltr'><strong>domibus</strong></span> <span class='ocrx_word' id='word_1_66' title='bbox 1263 1033 1528 1100; x_wconf 90' lang='lat' dir='ltr'><strong>repleant,</strong></span> <span class='ocrx_word' id='word_1_67' title='bbox 1581 1041 1705 1084; x_wconf 91' lang='lat' dir='ltr'><strong>tunc</strong></span> <span class='ocrx_word' id='word_1_68' title='bbox 1750 1029 1887 1097; x_wconf 90' lang='lat' dir='ltr'><strong>quod</strong></span> 
     </span>
    </p>
   </div>
   <div class='ocr_carea' id='block_1_12' title="bbox 363 1120 1890 1189">
    <p class='ocr_par' dir='ltr' id='par_1_12' title="bbox 363 1120 1890 1189">
     <span class='ocr_line' id='line_1_12' title="bbox 363 1120 1890 1189; baseline -0.003 -13"><span class='ocrx_word' id='word_1_69' title='bbox 363 1124 618 1188; x_wconf 84' lang='lat' dir='ltr'><strong>scriptum</strong></span> <span class='ocrx_word' id='word_1_70' title='bbox 649 1133 748 1184; x_wconf 88' lang='lat' dir='ltr'><strong>est,</strong></span> <span class='ocrx_word' id='word_1_71' title='bbox 783 1123 1168 1176; x_wconf 84' lang='lat' dir='ltr'><strong>rationabiliter</strong></span> <span class='ocrx_word' id='word_1_72' title='bbox 1196 1121 1449 1189; x_wconf 87' lang='lat' dir='ltr'><strong>scriptum</strong></span> <span class='ocrx_word' id='word_1_73' title='bbox 1481 1121 1765 1174; x_wconf 85' lang='lat' dir='ltr'><strong>videbitur.</strong></span> <span class='ocrx_word' id='word_1_74' title='bbox 1801 1120 1890 1172; x_wconf 89' lang='lat' dir='ltr'><strong>Sic</strong></span> 
     </span>
    </p>
   </div>
   <div class='ocr_carea' id='block_1_13' title="bbox 363 1209 1888 1278">
    <p class='ocr_par' dir='ltr' id='par_1_13' title="bbox 363 1209 1888 1278">
     <span class='ocr_line' id='line_1_13' title="bbox 363 1209 1888 1278; baseline -0.001 -17"><span class='ocrx_word' id='word_1_75' title='bbox 363 1226 492 1278; x_wconf 80' lang='lat' dir='ltr'><strong>ergo</strong></span> <span class='ocrx_word' id='word_1_76' title='bbox 520 1213 630 1263; x_wconf 76' lang='lat' dir='ltr'><strong>ista:</strong></span> <span class='ocrx_word' id='word_1_77' title='bbox 658 1213 988 1274; x_wconf 72' lang='lat' dir='ltr'><strong>obstetrices,</strong></span> <span class='ocrx_word' id='word_1_78' title='bbox 1019 1212 1140 1276; x_wconf 85' lang='lat' dir='ltr'><strong>quia</strong></span> <span class='ocrx_word' id='word_1_79' title='bbox 1164 1211 1349 1263; x_wconf 89' lang='lat' dir='ltr'><strong>timent</strong></span> <span class='ocrx_word' id='word_1_80' title='bbox 1378 1210 1542 1262; x_wconf 90' lang='lat' dir='ltr'><strong>Deum</strong></span> <span class='ocrx_word' id='word_1_81' title='bbox 1567 1217 1619 1262; x_wconf 90' lang='lat' dir='ltr'><strong>et</strong></span> <span class='ocrx_word' id='word_1_82' title='bbox 1648 1209 1888 1262; x_wconf 90' lang='lat' dir='ltr'><strong>timorem</strong></span> 
     </span>
    </p>
   </div>
   <div class='ocr_carea' id='block_1_14' title="bbox 369 1297 1890 1368">
    <p class='ocr_par' dir='ltr' id='par_1_14' title="bbox 369 1297 1890 1368">
     <span class='ocr_line' id='line_1_14' title="bbox 369 1297 1890 1368; baseline -0.003 -16"><span class='ocrx_word' id='word_1_83' title='bbox 369 1300 458 1352; x_wconf 83' lang='lat' dir='ltr'><strong>Dei</strong></span> <span class='ocrx_word' id='word_1_84' title='bbox 493 1302 717 1363; x_wconf 87' lang='lat' dir='ltr'><strong>docent,</strong></span> <span class='ocrx_word' id='word_1_85' title='bbox 753 1316 854 1352; x_wconf 90' lang='lat' dir='ltr'><strong>non</strong></span> <span class='ocrx_word' id='word_1_86' title='bbox 888 1301 1090 1353; x_wconf 84' lang='lat' dir='ltr'><strong>faciunt</strong></span> <span class='ocrx_word' id='word_1_87' title='bbox 1123 1307 1438 1368; x_wconf 61' lang='lat' dir='ltr'><strong>praeceptum</strong></span> <span class='ocrx_word' id='word_1_88' title='bbox 1470 1300 1606 1367; x_wconf 84' lang='lat' dir='ltr'><strong>regis</strong></span> <span class='ocrx_word' id='word_1_89' title='bbox 1637 1297 1848 1368; x_wconf 66' lang='lat' dir='ltr'><strong>Egypti</strong></span> <span class='ocrx_word' id='word_1_90' title='bbox 1875 1336 1890 1360; x_wconf 92' lang='lat'><strong>,</strong></span> 
     </span>
    </p>
   </div>
   <div class='ocr_carea' id='block_1_15' title="bbox 369 1387 1892 1454">
    <p class='ocr_par' dir='ltr' id='par_1_15' title="bbox 369 1387 1892 1454">
     <span class='ocr_line' id='line_1_15' title="bbox 369 1387 1892 1454; baseline -0.003 -11"><span class='ocrx_word' id='word_1_91' title='bbox 369 1391 461 1443; x_wconf 89' lang='lat' dir='ltr'><strong>sed</strong></span> <span class='ocrx_word' id='word_1_92' title='bbox 487 1391 754 1444; x_wconf 83' lang='lat' dir='ltr'><strong>vivificant</strong></span> <span class='ocrx_word' id='word_1_93' title='bbox 780 1391 1040 1443; x_wconf 88' lang='lat' dir='ltr'><strong>masculos</strong></span> <span class='ocrx_word' id='word_1_94' title='bbox 1067 1405 1209 1454; x_wconf 86' lang='lat' dir='ltr'><strong>suos,</strong></span> <span class='ocrx_word' id='word_1_95' title='bbox 1241 1405 1337 1443; x_wconf 92' lang='lat' dir='ltr'><strong>nec</strong></span> <span class='ocrx_word' id='word_1_96' title='bbox 1363 1402 1534 1442; x_wconf 81' lang='lat' dir='ltr'><strong>tamen</strong></span> <span class='ocrx_word' id='word_1_97' title='bbox 1561 1390 1749 1442; x_wconf 88' lang='lat' dir='ltr'><strong>dicitur</strong></span> <span class='ocrx_word' id='word_1_98' title='bbox 1772 1387 1892 1454; x_wconf 87' lang='lat' dir='ltr'><strong>quia</strong></span> 
     </span>
    </p>
   </div>
   <div class='ocr_carea' id='block_1_16' title="bbox 369 1475 1896 1547">
    <p class='ocr_par' dir='ltr' id='par_1_16' title="bbox 369 1475 1896 1547">
     <span class='ocr_line' id='line_1_16' title="bbox 369 1475 1896 1547; baseline -0.001 -18"><span class='ocrx_word' id='word_1_99' title='bbox 369 1479 643 1547; x_wconf 86' lang='lat' dir='ltr'><strong>paruerint</strong></span> <span class='ocrx_word' id='word_1_100' title='bbox 671 1488 930 1547; x_wconf 63' lang='lat' dir='ltr'><strong>praecepto</strong></span> <span class='ocrx_word' id='word_1_101' title='bbox 962 1479 1098 1546; x_wconf 76' lang='lat' dir='ltr'><strong>regis</strong></span> <span class='ocrx_word' id='word_1_102' title='bbox 1134 1478 1365 1546; x_wconf 61' lang='lat' dir='ltr'><strong>Egypti,</strong></span> <span class='ocrx_word' id='word_1_103' title='bbox 1393 1487 1449 1529; x_wconf 92' lang='lat' dir='ltr'><strong>ut</strong></span> <span class='ocrx_word' id='word_1_104' title='bbox 1475 1477 1797 1529; x_wconf 77' lang='lat' dir='ltr'><strong>viviﬁcarent</strong></span> <span class='ocrx_word' id='word_1_105' title='bbox 1821 1475 1896 1527; x_wconf 87' lang='lat' dir='ltr'><strong>fe-</strong></span> 
     </span>
    </p>
   </div>
   <div class='ocr_carea' id='block_1_17' title="bbox 369 1567 1892 1634">
    <p class='ocr_par' dir='ltr' id='par_1_17' title="bbox 369 1567 1892 1634">
     <span class='ocr_line' id='line_1_17' title="bbox 369 1567 1892 1634; baseline -0.003 -16"><span class='ocrx_word' id='word_1_106' title='bbox 369 1568 562 1620; x_wconf 89' lang='lat' dir='ltr'><strong>minas.</strong></span> <span class='ocrx_word' id='word_1_107' title='bbox 621 1569 730 1634; x_wconf 78' lang='lat' dir='ltr'><strong>Ego</strong></span> <span class='ocrx_word' id='word_1_108' title='bbox 785 1568 1112 1622; x_wconf 81' lang='lat' dir='ltr'><strong>conﬁdenter</strong></span> <span class='ocrx_word' id='word_1_109' title='bbox 1160 1567 1329 1619; x_wconf 91' lang='lat' dir='ltr'><strong>audeo</strong></span> <span class='ocrx_word' id='word_1_110' title='bbox 1387 1567 1561 1620; x_wconf 87' lang='lat' dir='ltr'><strong>dicere</strong></span> <span class='ocrx_word' id='word_1_111' title='bbox 1605 1569 1892 1617; x_wconf 87' lang='lat' dir='ltr'><strong>secundum</strong></span> 
     </span>
    </p>
   </div>
   <div class='ocr_carea' id='block_1_18' title="bbox 373 1647 1896 1723">
    <p class='ocr_par' dir='ltr' id='par_1_18' title="bbox 373 1647 1896 1723">
     <span class='ocr_line' id='line_1_18' title="bbox 373 1647 1896 1723; baseline -0.007 -16"><span class='ocrx_word' id='word_1_112' title='bbox 373 1654 662 1719; x_wconf 70' lang='lat' dir='ltr'><strong>Scripturze</strong></span> <span class='ocrx_word' id='word_1_113' title='bbox 692 1667 907 1706; x_wconf 88' lang='lat' dir='ltr'><strong>sensum</strong></span> <span class='ocrx_word' id='word_1_114' title='bbox 939 1652 1044 1723; x_wconf 74' lang='lat'><strong>(94)</strong></span> <span class='ocrx_word' id='word_1_115' title='bbox 1067 1652 1418 1706; x_wconf 87' lang='lat' dir='ltr'><strong>:Obsletrices</strong></span> <span class='ocrx_word' id='word_1_116' title='bbox 1449 1650 1562 1702; x_wconf 73' lang='lat' dir='ltr'><strong>ista:</strong></span> <span class='ocrx_word' id='word_1_117' title='bbox 1593 1663 1692 1701; x_wconf 91' lang='lat' dir='ltr'><strong>non</strong></span> <span class='ocrx_word' id='word_1_118' title='bbox 1725 1647 1896 1699; x_wconf 83' lang='lat' dir='ltr'><strong>viviti-</strong></span> 
     </span>
    </p>
   </div>
   <div class='ocr_carea' id='block_1_19' title="bbox 1982 468 3659 552">
    <p class='ocr_par' dir='ltr' id='par_1_19' title="bbox 1982 468 3659 552">
     <span class='ocr_line' id='line_1_19' title="bbox 1982 468 3659 552; baseline -0.026 -10"><span class='ocrx_word' id='word_1_119' title='bbox 1982 490 2079 542; x_wconf 91' lang='lat' dir='ltr'><strong>sibi</strong></span> <span class='ocrx_word' id='word_1_120' title='bbox 2109 487 2281 540; x_wconf 85' lang='lat' dir='ltr'><strong>omnia</strong></span> <span class='ocrx_word' id='word_1_121' title='bbox 2313 497 2470 552; x_wconf 78' lang='lat' dir='ltr'><strong>regna</strong></span> <span class='ocrx_word' id='word_1_122' title='bbox 2495 478 2702 539; x_wconf 92' lang='lat' dir='ltr'><strong>mundi,</strong></span> <span class='ocrx_word' id='word_1_123' title='bbox 2735 481 2792 526; x_wconf 91' lang='lat' dir='ltr'><strong>et</strong></span> <span class='ocrx_word' id='word_1_124' title='bbox 2818 468 3080 540; x_wconf 82' lang='lat' dir='ltr'><strong>gloriam</strong></span> <span class='ocrx_word' id='word_1_125' title='bbox 3124 469 3350 512; x_wconf 88' lang='lat' dir='ltr'><strong>eorum</strong></span> <span class='ocrx_word' id='word_1_126' title='bbox 3383 469 3659 513; x_wconf 84' lang='lat' dir='ltr'><strong>contem.</strong></span> 
     </span>
    </p>
   </div>
   <div class='ocr_carea' id='block_1_20' title="bbox 1984 551 3658 640">
    <p class='ocr_par' dir='ltr' id='par_1_20' title="bbox 1984 551 3658 640">
     <span class='ocr_line' id='line_1_20' title="bbox 1984 551 3658 640; baseline -0.019 -9"><span class='ocrx_word' id='word_1_127' title='bbox 1984 580 2100 640; x_wconf 90' lang='lat' dir='ltr'><strong>nit,</strong></span> <span class='ocrx_word' id='word_1_128' title='bbox 2137 586 2192 628; x_wconf 85' lang='grc' dir='ltr'><strong>ιιι</strong></span> <span class='ocrx_word' id='word_1_129' title='bbox 2225 585 2279 628; x_wconf 92' lang='lat' dir='ltr'><strong>et</strong></span> <span class='ocrx_word' id='word_1_130' title='bbox 2334 551 2393 627; x_wconf 87' lang='lat' dir='ltr'><strong>tu</strong></span> <span class='ocrx_word' id='word_1_131' title='bbox 2433 577 2791 624; x_wconf 87' lang='lat' dir='ltr'><strong>contemnens</strong></span> <span class='ocrx_word' id='word_1_132' title='bbox 2857 555 3125 626; x_wconf 70' lang='lat' dir='ltr'><strong>gloriam</strong></span> <span class='ocrx_word' id='word_1_133' title='bbox 3189 552 3403 640; x_wconf 64' lang='lat' dir='ltr'><strong>mundi</strong></span> <span class='ocrx_word' id='word_1_134' title='bbox 3465 551 3658 615; x_wconf 85' lang='lat' dir='ltr'><strong>possis</strong></span> 
     </span>
    </p>
   </div>
   <div class='ocr_carea' id='block_1_21' title="bbox 1984 637 3660 732">
    <p class='ocr_par' dir='ltr' id='par_1_21' title="bbox 1984 637 3660 732">
     <span class='ocr_line' id='line_1_21' title="bbox 1984 637 3660 732; baseline -0.018 -12"><span class='ocrx_word' id='word_1_135' title='bbox 1984 637 2236 732; x_wconf 85' lang='lat' dir='ltr'><strong>superare</strong></span> <span class='ocrx_word' id='word_1_136' title='bbox 2277 670 2590 717; x_wconf 89' lang='lat' dir='ltr'><strong>tentantem.</strong></span> <span class='ocrx_word' id='word_1_137' title='bbox 2625 650 2874 722; x_wconf 63' lang='lat' dir='ltr'><strong>[Egyptii</strong></span> <span class='ocrx_word' id='word_1_138' title='bbox 2913 658 3102 704; x_wconf 87' lang='lat' dir='ltr'><strong>vero,</strong></span> <span class='ocrx_word' id='word_1_139' title='bbox 3145 637 3371 732; x_wconf 81' lang='lat' dir='ltr'><strong>quibus</strong></span> <span class='ocrx_word' id='word_1_140' title='bbox 3421 639 3660 690; x_wconf 83' lang='lat' dir='ltr'><strong>Pharao</strong></span> 
     </span>
    </p>
   </div>
   <div class='ocr_carea' id='block_1_22' title="bbox 1983 727 3657 820">
    <p class='ocr_par' dir='ltr' id='par_1_22' title="bbox 1983 727 3657 820">
     <span class='ocr_line' id='line_1_22' title="bbox 1983 727 3657 820; baseline -0.02 -11"><span class='ocrx_word' id='word_1_141' title='bbox 1983 727 2132 809; x_wconf 80' lang='lat' dir='ltr'><strong>dedit</strong></span> <span class='ocrx_word' id='word_1_142' title='bbox 2161 761 2444 820; x_wconf 69' lang='lat' dir='ltr'><strong>praecepta,</strong></span> <span class='ocrx_word' id='word_1_143' title='bbox 2474 748 2706 801; x_wconf 84' lang='lat' dir='ltr'><strong>feminas</strong></span> <span class='ocrx_word' id='word_1_144' title='bbox 2737 749 2966 792; x_wconf 89' lang='lat' dir='ltr'><strong>tantum</strong></span> <span class='ocrx_word' id='word_1_145' title='bbox 3015 728 3360 789; x_wconf 81' lang='lat' dir='ltr'><strong>vivificant,</strong></span> <span class='ocrx_word' id='word_1_146' title='bbox 3397 727 3657 778; x_wconf 83' lang='lat' dir='ltr'><strong>oderunt</strong></span> 
     </span>
    </p>
   </div>
   <div class='ocr_carea' id='block_1_23' title="bbox 1987 816 3660 904">
    <p class='ocr_par' dir='ltr' id='par_1_23' title="bbox 1987 816 3660 904">
     <span class='ocr_line' id='line_1_23' title="bbox 1987 816 3660 904; baseline -0.019 -6"><span class='ocrx_word' id='word_1_147' title='bbox 1987 844 2286 904; x_wconf 84' lang='lat' dir='ltr'><strong>masculos;</strong></span> <span class='ocrx_word' id='word_1_148' title='bbox 2317 845 2549 894; x_wconf 89' lang='lat' dir='ltr'><strong>oderunt</strong></span> <span class='ocrx_word' id='word_1_149' title='bbox 2596 847 2836 900; x_wconf 88' lang='lat' dir='ltr'><strong>namque</strong></span> <span class='ocrx_word' id='word_1_150' title='bbox 2880 828 3192 884; x_wconf 87' lang='lat' dir='ltr'><strong>virtutes,</strong></span> <span class='ocrx_word' id='word_1_151' title='bbox 3241 816 3383 868; x_wconf 82' lang='lat' dir='ltr'><strong>vitia</strong></span> <span class='ocrx_word' id='word_1_152' title='bbox 3423 825 3660 868; x_wconf 83' lang='lat' dir='ltr'><strong>tantum</strong></span> 
     </span>
    </p>
   </div>
   <div class='ocr_carea' id='block_1_24' title="bbox 1986 907 3663 997">
    <p class='ocr_par' dir='ltr' id='par_1_24' title="bbox 1986 907 3663 997">
     <span class='ocr_line' id='line_1_24' title="bbox 1986 907 3663 997; baseline -0.019 -7"><span class='ocrx_word' id='word_1_153' title='bbox 1986 944 2037 990; x_wconf 85' lang='lat' dir='ltr'><strong>et</strong></span> <span class='ocrx_word' id='word_1_154' title='bbox 2064 935 2359 997; x_wconf 85' lang='lat' dir='ltr'><strong>voluptates</strong></span> <span class='ocrx_word' id='word_1_155' title='bbox 2397 927 2665 980; x_wconf 89' lang='lat' dir='ltr'><strong>nutriunt.</strong></span> <span class='ocrx_word' id='word_1_156' title='bbox 2713 923 2782 975; x_wconf 88' lang='lat' dir='ltr'><strong>Et</strong></span> <span class='ocrx_word' id='word_1_157' title='bbox 2835 931 2998 972; x_wconf 90' lang='lat' dir='ltr'><strong>nunc</strong></span> <span class='ocrx_word' id='word_1_158' title='bbox 3059 911 3255 980; x_wconf 75' lang='lat' dir='ltr'><strong>igitur</strong></span> <span class='ocrx_word' id='word_1_159' title='bbox 3289 907 3663 960; x_wconf 75' lang='lat' dir='ltr'><strong>insidiantur</strong></span> 
     </span>
    </p>
   </div>
   <div class='ocr_carea' id='block_1_25' title="bbox 1985 994 3664 1091">
    <p class='ocr_par' dir='ltr' id='par_1_25' title="bbox 1985 994 3664 1091">
     <span class='ocr_line' id='line_1_25' title="bbox 1985 994 3664 1091; baseline -0.018 -14"><span class='ocrx_word' id='word_1_160' title='bbox 1985 994 2242 1091; x_wconf 67' lang='lat' dir='ltr'><strong>Egyplii,</strong></span> <span class='ocrx_word' id='word_1_161' title='bbox 2267 1020 2310 1072; x_wconf 88' lang='lat' dir='ltr'><strong>si</strong></span> <span class='ocrx_word' id='word_1_162' title='bbox 2337 1018 2472 1071; x_wconf 86' lang='lat' dir='ltr'><strong>forte</strong></span> <span class='ocrx_word' id='word_1_163' title='bbox 2503 1013 2743 1067; x_wconf 60' lang='lat' dir='ltr'><strong>Hebraeis</strong></span> <span class='ocrx_word' id='word_1_164' title='bbox 2763 1015 3054 1063; x_wconf 88' lang='lat' dir='ltr'><strong>nascatur</strong></span> <span class='ocrx_word' id='word_1_165' title='bbox 3081 997 3304 1066; x_wconf 85' lang='lat' dir='ltr'><strong>aliquis</strong></span> <span class='ocrx_word' id='word_1_166' title='bbox 3321 994 3664 1059; x_wconf 81' lang='lat' dir='ltr'><strong>masculus,</strong></span> 
     </span>
    </p>
   </div>
   <div class='ocr_carea' id='block_1_26' title="bbox 1989 1085 3666 1175">
    <p class='ocr_par' dir='ltr' id='par_1_26' title="bbox 1989 1085 3666 1175">
     <span class='ocr_line' id='line_1_26' title="bbox 1989 1085 3666 1175; baseline -0.017 -10"><span class='ocrx_word' id='word_1_167' title='bbox 1989 1085 2253 1165; x_wconf 41' lang='lat' dir='ltr'><strong>ut&#39;s&#39;tatim</strong></span> <span class='ocrx_word' id='word_1_168' title='bbox 2281 1114 2672 1175; x_wconf 86' lang='lat' dir='ltr'><strong>persequantur</strong></span> <span class='ocrx_word' id='word_1_169' title='bbox 2701 1109 2758 1153; x_wconf 91' lang='lat' dir='ltr'><strong>et</strong></span> <span class='ocrx_word' id='word_1_170' title='bbox 2787 1093 3190 1152; x_wconf 84' lang='lat' dir='ltr'><strong>interficiant,</strong></span> <span class='ocrx_word' id='word_1_171' title='bbox 3227 1085 3336 1139; x_wconf 90' lang='lat' dir='ltr'><strong>nisi</strong></span> <span class='ocrx_word' id='word_1_172' title='bbox 3371 1095 3666 1151; x_wconf 80' lang='lat' dir='ltr'><strong>caveant,</strong></span> 
     </span>
    </p>
   </div>
   <div class='ocr_carea' id='block_1_27' title="bbox 1989 1177 3670 1258">
    <p class='ocr_par' dir='ltr' id='par_1_27' title="bbox 1989 1177 3670 1258">
     <span class='ocr_line' id='line_1_27' title="bbox 1989 1177 3670 1258; baseline -0.014 -4"><span class='ocrx_word' id='word_1_173' title='bbox 1989 1202 2090 1254; x_wconf 86' lang='lat' dir='ltr'><strong>nisi</strong></span> <span class='ocrx_word' id='word_1_174' title='bbox 2122 1200 2449 1258; x_wconf 91' lang='lat' dir='ltr'><strong>observent,</strong></span> <span class='ocrx_word' id='word_1_175' title='bbox 2497 1204 2551 1246; x_wconf 91' lang='lat' dir='ltr'><strong>et</strong></span> <span class='ocrx_word' id='word_1_176' title='bbox 2581 1191 2860 1244; x_wconf 87' lang='lat' dir='ltr'><strong>occultent</strong></span> <span class='ocrx_word' id='word_1_177' title='bbox 2909 1196 3168 1254; x_wconf 82' lang='lat' dir='ltr'><strong>germen</strong></span> <span class='ocrx_word' id='word_1_178' title='bbox 3225 1177 3670 1231; x_wconf 82' lang='lat' dir='ltr'><strong>masculinum.</strong></span> 
     </span>
    </p>
   </div>
   <div class='ocr_carea' id='block_1_28' title="bbox 1993 1267 3676 1356">
    <p class='ocr_par' dir='ltr' id='par_1_28' title="bbox 1993 1267 3676 1356">
     <span class='ocr_line' id='line_1_28' title="bbox 1993 1267 3676 1356; baseline -0.017 -13"><span class='ocrx_word' id='word_1_179' title='bbox 1993 1291 2230 1356; x_wconf 87' lang='lat' dir='ltr'><strong>Denique</strong></span> <span class='ocrx_word' id='word_1_180' title='bbox 2260 1288 2423 1341; x_wconf 85' lang='lat' dir='ltr'><strong>refert</strong></span> <span class='ocrx_word' id='word_1_181' title='bbox 2451 1283 2730 1350; x_wconf 90' lang='lat' dir='ltr'><strong>Scriptura</strong></span> <span class='ocrx_word' id='word_1_182' title='bbox 2759 1278 2806 1310; x_wconf 79' lang='grc'><strong>⁸⁸</strong></span> <span class='ocrx_word' id='word_1_183' title='bbox 2834 1275 2994 1345; x_wconf 89' lang='lat' dir='ltr'><strong>quod</strong></span> <span class='ocrx_word' id='word_1_184' title='bbox 3025 1273 3105 1326; x_wconf 89' lang='lat' dir='ltr'><strong>de</strong></span> <span class='ocrx_word' id='word_1_185' title='bbox 3135 1269 3295 1322; x_wconf 89' lang='lat' dir='ltr'><strong>tribu</strong></span> <span class='ocrx_word' id='word_1_186' title='bbox 3326 1267 3483 1319; x_wconf 84' lang='lat' dir='ltr'><strong>Levi</strong></span> <span class='ocrx_word' id='word_1_187' title='bbox 3517 1282 3676 1334; x_wconf 64' lang='lat' dir='ltr'><strong>quas.</strong></span> 
     </span>
    </p>
   </div>
   <div class='ocr_carea' id='block_1_29' title="bbox 1993 1359 3677 1447">
    <p class='ocr_par' dir='ltr' id='par_1_29' title="bbox 1993 1359 3677 1447">
     <span class='ocr_line' id='line_1_29' title="bbox 1993 1359 3677 1447; baseline -0.012 -15"><span class='ocrx_word' id='word_1_188' title='bbox 1993 1382 2109 1432; x_wconf 90' lang='lat' dir='ltr'><strong>dam</strong></span> <span class='ocrx_word' id='word_1_189' title='bbox 2136 1380 2314 1447; x_wconf 82' lang='lat' dir='ltr'><strong>genuit</strong></span> <span class='ocrx_word' id='word_1_190' title='bbox 2336 1375 2632 1428; x_wconf 89' lang='lat' dir='ltr'><strong>masculum</strong></span> <span class='ocrx_word' id='word_1_191' title='bbox 2661 1371 2796 1440; x_wconf 84' lang='lat'><strong>(95),</strong></span> <span class='ocrx_word' id='word_1_192' title='bbox 2846 1377 2906 1422; x_wconf 89' lang='lat' dir='ltr'><strong>et</strong></span> <span class='ocrx_word' id='word_1_193' title='bbox 2963 1365 3184 1417; x_wconf 90' lang='lat' dir='ltr'><strong>videns</strong></span> <span class='ocrx_word' id='word_1_194' title='bbox 3216 1359 3518 1412; x_wconf 84' lang='lat' dir='ltr'><strong>infantem</strong></span> <span class='ocrx_word' id='word_1_195' title='bbox 3540 1371 3677 1412; x_wconf 86' lang='lat' dir='ltr'><strong>esse</strong></span> 
     </span>
    </p>
   </div>
   <div class='ocr_carea' id='block_1_30' title="bbox 1993 1448 3676 1538">
    <p class='ocr_par' dir='ltr' id='par_1_30' title="bbox 1993 1448 3676 1538">
     <span class='ocr_line' id='line_1_30' title="bbox 1993 1448 3676 1538; baseline -0.014 -14"><span class='ocrx_word' id='word_1_196' title='bbox 1993 1470 2309 1538; x_wconf 74' lang='lat' dir='ltr'><strong>elegantem,</strong></span> <span class='ocrx_word' id='word_1_197' title='bbox 2334 1464 2627 1518; x_wconf 84' lang='lat' dir='ltr'><strong>occultavit</strong></span> <span class='ocrx_word' id='word_1_198' title='bbox 2662 1474 2784 1513; x_wconf 87' lang='lat' dir='ltr'><strong>eum</strong></span> <span class='ocrx_word' id='word_1_199' title='bbox 2814 1454 3137 1509; x_wconf 86' lang='lat' dir='ltr'><strong>mensibus</strong></span> <span class='ocrx_word' id='word_1_200' title='bbox 3181 1450 3400 1502; x_wconf 86' lang='lat' dir='ltr'><strong>tribus.</strong></span> <span class='ocrx_word' id='word_1_201' title='bbox 3441 1448 3602 1501; x_wconf 78' lang='lat' dir='ltr'><strong>Vide</strong></span> <span class='ocrx_word' id='word_1_202' title='bbox 3626 1449 3676 1502; x_wconf 88' lang='lat' dir='ltr'><strong>si</strong></span> 
     </span>
    </p>
   </div>
   <div class='ocr_carea' id='block_1_31' title="bbox 1992 1537 3678 1626">
    <p class='ocr_par' dir='ltr' id='par_1_31' title="bbox 1992 1537 3678 1626">
     <span class='ocr_line' id='line_1_31' title="bbox 1992 1537 3678 1626; baseline -0.012 -13"><span class='ocrx_word' id='word_1_203' title='bbox 1992 1577 2097 1614; x_wconf 90' lang='lat' dir='ltr'><strong>non</strong></span> <span class='ocrx_word' id='word_1_204' title='bbox 2129 1567 2403 1626; x_wconf 88' lang='lat' dir='ltr'><strong>propterea</strong></span> <span class='ocrx_word' id='word_1_205' title='bbox 2446 1553 2601 1607; x_wconf 92' lang='lat' dir='ltr'><strong>nobis</strong></span> <span class='ocrx_word' id='word_1_206' title='bbox 2631 1550 2968 1618; x_wconf 79' lang='lat' dir='ltr'><strong>praecipitur</strong></span> <span class='ocrx_word' id='word_1_207' title='bbox 2992 1583 3010 1607; x_wconf 95' lang='lat'><strong>,</strong></span> <span class='ocrx_word' id='word_1_208' title='bbox 3047 1558 3124 1596; x_wconf 90' lang='lat' dir='ltr'><strong>ne</strong></span> <span class='ocrx_word' id='word_1_209' title='bbox 3159 1543 3350 1592; x_wconf 89' lang='lat' dir='ltr'><strong>honos</strong></span> <span class='ocrx_word' id='word_1_210' title='bbox 3393 1549 3586 1592; x_wconf 86' lang='lat' dir='ltr'><strong>actus</strong></span> <span class='ocrx_word' id='word_1_211' title='bbox 3616 1537 3678 1592; x_wconf 90' lang='lat' dir='ltr'><strong>in</strong></span> 
     </span>
    </p>
   </div>
   <div class='ocr_carea' id='block_1_32' title="bbox 1996 1629 3682 1716">
    <p class='ocr_par' dir='ltr' id='par_1_32' title="bbox 1996 1629 3682 1716">
     <span class='ocr_line' id='line_1_32' title="bbox 1996 1629 3682 1716; baseline -0.012 -16"><span class='ocrx_word' id='word_1_212' title='bbox 1996 1648 2203 1716; x_wconf 86' lang='lat' dir='ltr'><strong>publico</strong></span> <span class='ocrx_word' id='word_1_213' title='bbox 2227 1659 2495 1713; x_wconf 87' lang='lat' dir='ltr'><strong>geramus,</strong></span> <span class='ocrx_word' id='word_1_214' title='bbox 2525 1657 2589 1693; x_wconf 92' lang='lat' dir='ltr'><strong>ne</strong></span> <span class='ocrx_word' id='word_1_215' title='bbox 2613 1639 2886 1706; x_wconf 84' lang='lat' dir='ltr'><strong>justitiam</strong></span> <span class='ocrx_word' id='word_1_216' title='bbox 2922 1641 3205 1686; x_wconf 88' lang='lat' dir='ltr'><strong>nostram</strong></span> <span class='ocrx_word' id='word_1_217' title='bbox 3241 1644 3458 1680; x_wconf 83' lang='lat' dir='ltr'><strong>coram</strong></span> <span class='ocrx_word' id='word_1_218' title='bbox 3492 1629 3682 1680; x_wconf 77' lang='lat' dir='ltr'><strong>horni-</strong></span> 
     </span>
    </p>
   </div>
   <div class='ocr_carea' id='block_1_33' title="bbox 372 1706 3677 1810">
    <p class='ocr_par' dir='ltr' id='par_1_33' title="bbox 372 1706 3677 1810">
     <span class='ocr_line' id='line_1_33' title="bbox 372 1706 3677 1810; baseline -0.009 -12"><span class='ocrx_word' id='word_1_219' title='bbox 372 1754 494 1798; x_wconf 90' lang='lat' dir='ltr'><strong>cant</strong></span> <span class='ocrx_word' id='word_1_220' title='bbox 528 1743 770 1797; x_wconf 81' lang='lat' dir='ltr'><strong>feminas.</strong></span> <span class='ocrx_word' id='word_1_221' title='bbox 814 1744 991 1810; x_wconf 68' lang='lat' dir='ltr'><strong>Neque</strong></span> <span class='ocrx_word' id='word_1_222' title='bbox 1019 1744 1159 1796; x_wconf 89' lang='lat' dir='ltr'><strong>enim</strong></span> <span class='ocrx_word' id='word_1_223' title='bbox 1196 1743 1322 1794; x_wconf 88' lang='lat' dir='ltr'><strong>vitia</strong></span> <span class='ocrx_word' id='word_1_224' title='bbox 1351 1742 1602 1794; x_wconf 89' lang='lat' dir='ltr'><strong>docentur</strong></span> <span class='ocrx_word' id='word_1_225' title='bbox 1637 1741 1684 1790; x_wconf 92' lang='lat' dir='ltr'><strong>iu</strong></span> <span class='ocrx_word' id='word_1_226' title='bbox 1718 1738 1897 1789; x_wconf 87' lang='lat' dir='ltr'><strong>Eccle-</strong></span> <span class='ocrx_word' id='word_1_227' title='bbox 1931 1706 1969 1758; x_wconf 73' lang='grc' dir='ltr'><strong>Β</strong></span> <span class='ocrx_word' id='word_1_228' title='bbox 1999 1740 2150 1790; x_wconf 86' lang='lat' dir='ltr'><strong>nibus</strong></span> <span class='ocrx_word' id='word_1_229' title='bbox 2173 1733 2453 1796; x_wconf 79' lang='lat' dir='ltr'><strong>faciamus,</strong></span> <span class='ocrx_word' id='word_1_230' title='bbox 2473 1731 2564 1784; x_wconf 84' lang='lat' dir='ltr'><strong>sed</strong></span> <span class='ocrx_word' id='word_1_231' title='bbox 2585 1729 2846 1781; x_wconf 90' lang='lat' dir='ltr'><strong>utclanso</strong></span> <span class='ocrx_word' id='word_1_232' title='bbox 2868 1724 3034 1777; x_wconf 89' lang='lat' dir='ltr'><strong>ostio</strong></span> <span class='ocrx_word' id='word_1_233' title='bbox 3053 1734 3304 1773; x_wconf 86' lang='lat' dir='ltr'><strong>oremus</strong></span> <span class='ocrx_word' id='word_1_234' title='bbox 3328 1716 3592 1770; x_wconf 79' lang='lat' dir='ltr'><strong>Patrem</strong></span> <span class='ocrx_word' id='word_1_235' title='bbox 3621 1719 3677 1772; x_wconf 90' lang='lat' dir='ltr'><strong>in</strong></span> 
     </span>
    </p>
   </div>
   <div class='ocr_carea' id='block_1_34' title="bbox 373 1826 1899 1897">
    <p class='ocr_par' dir='ltr' id='par_1_34' title="bbox 373 1826 1899 1897">
     <span class='ocr_line' id='line_1_34' title="bbox 373 1826 1899 1897; baseline -0.007 -11"><span class='ocrx_word' id='word_1_236' title='bbox 373 1834 470 1886; x_wconf 82' lang='lat' dir='ltr'><strong>siis</strong></span> <span class='ocrx_word' id='word_1_237' title='bbox 502 1843 594 1884; x_wconf 93' lang='lat' dir='ltr'><strong>aut</strong></span> <span class='ocrx_word' id='word_1_238' title='bbox 626 1832 832 1884; x_wconf 80' lang='lat' dir='ltr'><strong>luxuria</strong></span> <span class='ocrx_word' id='word_1_239' title='bbox 863 1831 1201 1897; x_wconf 82' lang='lat' dir='ltr'><strong>praedicatur,</strong></span> <span class='ocrx_word' id='word_1_240' title='bbox 1233 1839 1320 1882; x_wconf 91' lang='lat' dir='ltr'><strong>aut</strong></span> <span class='ocrx_word' id='word_1_241' title='bbox 1353 1839 1563 1890; x_wconf 84' lang='lat' dir='ltr'><strong>peccata</strong></span> <span class='ocrx_word' id='word_1_242' title='bbox 1597 1826 1899 1876; x_wconf 84' lang='lat' dir='ltr'><strong>mttriuntur</strong></span> 
     </span>
    </p>
   </div>
   <div class='ocr_carea' id='block_1_35' title="bbox 376 1908 1906 1992">
    <p class='ocr_par' dir='ltr' id='par_1_35' title="bbox 376 1908 1906 1992">
     <span class='ocr_line' id='line_1_35' title="bbox 376 1908 1906 1992; baseline -0.012 -14"><span class='ocrx_word' id='word_1_243' title='bbox 376 1926 498 1992; x_wconf 89' lang='lat' dir='ltr'><strong>(hoc</strong></span> <span class='ocrx_word' id='word_1_244' title='bbox 524 1926 662 1977; x_wconf 90' lang='lat' dir='ltr'><strong>enim</strong></span> <span class='ocrx_word' id='word_1_245' title='bbox 689 1924 798 1974; x_wconf 81' lang='lat' dir='ltr'><strong>Vult</strong></span> <span class='ocrx_word' id='word_1_246' title='bbox 819 1923 1043 1977; x_wconf 82' lang='lat' dir='ltr'><strong>Pharao.</strong></span> <span class='ocrx_word' id='word_1_247' title='bbox 1073 1935 1189 1974; x_wconf 92' lang='lat' dir='ltr'><strong>cum</strong></span> <span class='ocrx_word' id='word_1_248' title='bbox 1208 1918 1464 1974; x_wconf 81' lang='lat' dir='ltr'><strong>viviticari</strong></span> <span class='ocrx_word' id='word_1_249' title='bbox 1483 1908 1906 1981; x_wconf 74' lang='lat' dir='ltr'><strong>feminasjubet),</strong></span> 
     </span>
    </p>
   </div>
   <div class='ocr_carea' id='block_1_36' title="bbox 376 1995 1900 2076">
    <p class='ocr_par' dir='ltr' id='par_1_36' title="bbox 376 1995 1900 2076">
     <span class='ocr_line' id='line_1_36' title="bbox 376 1995 1900 2076; baseline -0.01 -8"><span class='ocrx_word' id='word_1_250' title='bbox 376 2015 467 2068; x_wconf 86' lang='lat' dir='ltr'><strong>sed</strong></span> <span class='ocrx_word' id='word_1_251' title='bbox 499 2013 610 2066; x_wconf 92' lang='lat' dir='ltr'><strong>sola</strong></span> <span class='ocrx_word' id='word_1_252' title='bbox 648 2015 813 2066; x_wconf 89' lang='lat' dir='ltr'><strong>virtus</strong></span> <span class='ocrx_word' id='word_1_253' title='bbox 846 2013 1127 2073; x_wconf 80' lang='lat' dir='ltr'><strong>excolitur,</strong></span> <span class='ocrx_word' id='word_1_254' title='bbox 1156 2017 1209 2064; x_wconf 88' lang='lat' dir='ltr'><strong>et</strong></span> <span class='ocrx_word' id='word_1_255' title='bbox 1236 2010 1346 2076; x_wconf 88' lang='lat' dir='ltr'><strong>ipsa</strong></span> <span class='ocrx_word' id='word_1_256' title='bbox 1380 2019 1486 2058; x_wconf 87' lang='lat' dir='ltr'><strong>sota</strong></span> <span class='ocrx_word' id='word_1_257' title='bbox 1515 2006 1765 2056; x_wconf 86' lang='lat' dir='ltr'><strong>nutritur.</strong></span> <span class='ocrx_word' id='word_1_258' title='bbox 1798 1995 1900 2052; x_wconf 69' lang='lat' dir='ltr'><strong>Ve-</strong></span> 
     </span>
    </p>
   </div>
   <div class='ocr_carea' id='block_1_37' title="bbox 380 2089 1906 2166">
    <p class='ocr_par' dir='ltr' id='par_1_37' title="bbox 380 2089 1906 2166">
     <span class='ocr_line' id='line_1_37' title="bbox 380 2089 1906 2166; baseline -0.009 -12"><span class='ocrx_word' id='word_1_259' title='bbox 380 2117 496 2154; x_wconf 91' lang='lat' dir='ltr'><strong>rum</strong></span> <span class='ocrx_word' id='word_1_260' title='bbox 534 2102 643 2154; x_wconf 62' lang='lat' dir='ltr'><strong>hate</strong></span> <span class='ocrx_word' id='word_1_261' title='bbox 673 2102 736 2152; x_wconf 90' lang='lat' dir='ltr'><strong>ad</strong></span> <span class='ocrx_word' id='word_1_262' title='bbox 772 2111 1196 2166; x_wconf 88' lang='lat' dir='ltr'><strong>unumquemque</strong></span> <span class='ocrx_word' id='word_1_263' title='bbox 1235 2104 1467 2150; x_wconf 88' lang='lat' dir='ltr'><strong>nostrum</strong></span> <span class='ocrx_word' id='word_1_264' title='bbox 1501 2092 1807 2144; x_wconf 85' lang='lat' dir='ltr'><strong>referamus.</strong></span> <span class='ocrx_word' id='word_1_265' title='bbox 1843 2089 1906 2141; x_wconf 83' lang='lat' dir='ltr'><strong>Et</strong></span> 
     </span>
    </p>
   </div>
   <div class='ocr_carea' id='block_1_38' title="bbox 382 2176 1907 2249">
    <p class='ocr_par' dir='ltr' id='par_1_38' title="bbox 382 2176 1907 2249">
     <span class='ocr_line' id='line_1_38' title="bbox 382 2176 1907 2249; baseline -0.007 -8"><span class='ocrx_word' id='word_1_266' title='bbox 382 2199 434 2241; x_wconf 92' lang='lat' dir='ltr'><strong>tu</strong></span> <span class='ocrx_word' id='word_1_267' title='bbox 468 2188 510 2241; x_wconf 82' lang='lat' dir='ltr'><strong>si</strong></span> <span class='ocrx_word' id='word_1_268' title='bbox 546 2189 697 2240; x_wconf 89' lang='lat' dir='ltr'><strong>times</strong></span> <span class='ocrx_word' id='word_1_269' title='bbox 723 2188 916 2246; x_wconf 88' lang='lat' dir='ltr'><strong>Deum,</strong></span> <span class='ocrx_word' id='word_1_270' title='bbox 947 2200 1046 2237; x_wconf 91' lang='lat' dir='ltr'><strong>non</strong></span> <span class='ocrx_word' id='word_1_271' title='bbox 1077 2184 1210 2237; x_wconf 87' lang='lat' dir='ltr'><strong>facis</strong></span> <span class='ocrx_word' id='word_1_272' title='bbox 1239 2193 1558 2249; x_wconf 69' lang='lat' dir='ltr'><strong>praeceptum</strong></span> <span class='ocrx_word' id='word_1_273' title='bbox 1585 2179 1721 2245; x_wconf 81' lang='lat' dir='ltr'><strong>regis</strong></span> <span class='ocrx_word' id='word_1_274' title='bbox 1747 2176 1907 2244; x_wconf 64' lang='lat' dir='ltr'><strong>Egy-</strong></span> 
     </span>
    </p>
   </div>
   <div class='ocr_carea' id='block_1_39' title="bbox 380 2270 1909 2346">
    <p class='ocr_par' dir='ltr' id='par_1_39' title="bbox 380 2270 1909 2346">
     <span class='ocr_line' id='line_1_39' title="bbox 380 2270 1909 2346; baseline -0.008 -17"><span class='ocrx_word' id='word_1_275' title='bbox 380 2280 474 2346; x_wconf 88' lang='lat' dir='ltr'><strong>pti.</strong></span> <span class='ocrx_word' id='word_1_276' title='bbox 503 2277 590 2328; x_wconf 88' lang='lat' dir='ltr'><strong>Ille</strong></span> <span class='ocrx_word' id='word_1_277' title='bbox 614 2278 750 2328; x_wconf 89' lang='lat' dir='ltr'><strong>enim</strong></span> <span class='ocrx_word' id='word_1_278' title='bbox 784 2276 874 2328; x_wconf 90' lang='lat' dir='ltr'><strong>tibi</strong></span> <span class='ocrx_word' id='word_1_279' title='bbox 909 2275 1142 2341; x_wconf 57' lang='lat' dir='ltr'><strong>praecipit</strong></span> <span class='ocrx_word' id='word_1_280' title='bbox 1197 2282 1256 2326; x_wconf 92' lang='lat' dir='ltr'><strong>ut</strong></span> <span class='ocrx_word' id='word_1_281' title='bbox 1301 2272 1352 2324; x_wconf 90' lang='lat' dir='ltr'><strong>in</strong></span> <span class='ocrx_word' id='word_1_282' title='bbox 1405 2270 1605 2323; x_wconf 87' lang='lat' dir='ltr'><strong>deliciis</strong></span> <span class='ocrx_word' id='word_1_283' title='bbox 1630 2271 1779 2320; x_wconf 83' lang='lat' dir='ltr'><strong>vivas</strong></span> <span class='ocrx_word' id='word_1_284' title='bbox 1804 2306 1817 2328; x_wconf 91' lang='lat'><strong>,</strong></span> <span class='ocrx_word' id='word_1_285' title='bbox 1851 2275 1909 2318; x_wconf 86' lang='grc' dir='ltr'><strong>ιιι</strong></span> 
     </span>
    </p>
   </div>
   <div class='ocr_carea' id='block_1_40' title="bbox 384 2357 1907 2433">
    <p class='ocr_par' dir='ltr' id='par_1_40' title="bbox 384 2357 1907 2433">
     <span class='ocr_line' id='line_1_40' title="bbox 384 2357 1907 2433; baseline -0.008 -15"><span class='ocrx_word' id='word_1_286' title='bbox 384 2366 571 2433; x_wconf 74' lang='lat' dir='ltr'><strong>diligas</strong></span> <span class='ocrx_word' id='word_1_287' title='bbox 601 2379 830 2432; x_wconf 73' lang='lat' dir='ltr'><strong>praesens</strong></span> <span class='ocrx_word' id='word_1_288' title='bbox 853 2363 1124 2424; x_wconf 67' lang='lat' dir='ltr'><strong>smculum,</strong></span> <span class='ocrx_word' id='word_1_289' title='bbox 1152 2369 1211 2414; x_wconf 89' lang='lat' dir='ltr'><strong>ut</strong></span> <span class='ocrx_word' id='word_1_290' title='bbox 1231 2359 1509 2428; x_wconf 65' lang='lat' dir='ltr'><strong>prmscntia</strong></span> <span class='ocrx_word' id='word_1_291' title='bbox 1538 2357 1907 2424; x_wconf 86' lang='lat' dir='ltr'><strong>concupiscas.</strong></span> 
     </span>
    </p>
   </div>
   <div class='ocr_carea' id='block_1_41' title="bbox 381 2446 1908 2514">
    <p class='ocr_par' dir='ltr' id='par_1_41' title="bbox 381 2446 1908 2514">
     <span class='ocr_line' id='line_1_41' title="bbox 381 2446 1908 2514; baseline -0.01 -5"><span class='ocrx_word' id='word_1_292' title='bbox 381 2455 460 2509; x_wconf 84' lang='lat' dir='ltr'><strong>Tu</strong></span> <span class='ocrx_word' id='word_1_293' title='bbox 490 2456 534 2508; x_wconf 90' lang='lat' dir='ltr'><strong>si</strong></span> <span class='ocrx_word' id='word_1_294' title='bbox 587 2455 749 2507; x_wconf 83' lang='lat' dir='ltr'><strong>Deum</strong></span> <span class='ocrx_word' id='word_1_295' title='bbox 795 2455 950 2506; x_wconf 90' lang='lat' dir='ltr'><strong>times</strong></span> <span class='ocrx_word' id='word_1_296' title='bbox 976 2489 992 2514; x_wconf 98' lang='lat'><strong>,</strong></span> <span class='ocrx_word' id='word_1_297' title='bbox 1023 2461 1075 2504; x_wconf 88' lang='lat' dir='ltr'><strong>et</strong></span> <span class='ocrx_word' id='word_1_298' title='bbox 1105 2451 1325 2504; x_wconf 84' lang='lat' dir='ltr'><strong>exhibes</strong></span> <span class='ocrx_word' id='word_1_299' title='bbox 1351 2449 1653 2503; x_wconf 77' lang='lat' dir='ltr'><strong>obstetricis</strong></span> <span class='ocrx_word' id='word_1_300' title='bbox 1683 2446 1908 2498; x_wconf 78' lang='lat' dir='ltr'><strong>ofﬁcium</strong></span> 
     </span>
    </p>
   </div>
   <div class='ocr_carea' id='block_1_42' title="bbox 384 2533 1912 2605">
    <p class='ocr_par' dir='ltr' id='par_1_42' title="bbox 384 2533 1912 2605">
     <span class='ocr_line' id='line_1_42' title="bbox 384 2533 1912 2605; baseline -0.008 -9"><span class='ocrx_word' id='word_1_301' title='bbox 384 2544 575 2596; x_wconf 48' lang='lat' dir='ltr'><strong>anima.</strong></span> <span class='ocrx_word' id='word_1_302' title='bbox 604 2552 725 2605; x_wconf 65' lang='lat' dir='ltr'><strong>tuae,</strong></span> <span class='ocrx_word' id='word_1_303' title='bbox 755 2541 799 2596; x_wconf 94' lang='lat' dir='ltr'><strong>si</strong></span> <span class='ocrx_word' id='word_1_304' title='bbox 828 2542 872 2594; x_wconf 89' lang='lat' dir='ltr'><strong>ei</strong></span> <span class='ocrx_word' id='word_1_305' title='bbox 905 2539 1127 2594; x_wconf 86' lang='lat' dir='ltr'><strong>salutem</strong></span> <span class='ocrx_word' id='word_1_306' title='bbox 1150 2537 1393 2592; x_wconf 88' lang='lat' dir='ltr'><strong>conferre</strong></span> <span class='ocrx_word' id='word_1_307' title='bbox 1428 2535 1576 2602; x_wconf 83' lang='lat' dir='ltr'><strong>cupis</strong></span> <span class='ocrx_word' id='word_1_308' title='bbox 1597 2574 1612 2596; x_wconf 92' lang='lat'><strong>,</strong></span> <span class='ocrx_word' id='word_1_309' title='bbox 1653 2548 1754 2585; x_wconf 90' lang='lat' dir='ltr'><strong>non</strong></span> <span class='ocrx_word' id='word_1_310' title='bbox 1785 2533 1912 2584; x_wconf 84' lang='lat' dir='ltr'><strong>facis</strong></span> 
     </span>
    </p>
   </div>
   <div class='ocr_carea' id='block_1_43' title="bbox 386 2621 1913 2696">
    <p class='ocr_par' dir='ltr' id='par_1_43' title="bbox 386 2621 1913 2696">
     <span class='ocr_line' id='line_1_43' title="bbox 386 2621 1913 2696; baseline -0.01 -8"><span class='ocrx_word' id='word_1_311' title='bbox 386 2635 500 2690; x_wconf 67' lang='lat' dir='ltr'><strong>haec</strong></span> <span class='ocrx_word' id='word_1_312' title='bbox 523 2673 537 2696; x_wconf 94' lang='lat'><strong>,</strong></span> <span class='ocrx_word' id='word_1_313' title='bbox 567 2635 656 2686; x_wconf 91' lang='lat' dir='ltr'><strong>sed</strong></span> <span class='ocrx_word' id='word_1_314' title='bbox 686 2630 920 2684; x_wconf 81' lang='lat' dir='ltr'><strong>vivificas</strong></span> <span class='ocrx_word' id='word_1_315' title='bbox 958 2629 1247 2683; x_wconf 87' lang='lat' dir='ltr'><strong>masculum</strong></span> <span class='ocrx_word' id='word_1_316' title='bbox 1279 2627 1366 2695; x_wconf 90' lang='lat' dir='ltr'><strong>qui</strong></span> <span class='ocrx_word' id='word_1_317' title='bbox 1399 2626 1450 2676; x_wconf 91' lang='lat' dir='ltr'><strong>in</strong></span> <span class='ocrx_word' id='word_1_318' title='bbox 1484 2635 1532 2676; x_wconf 89' lang='lat' dir='ltr'><strong>te</strong></span> <span class='ocrx_word' id='word_1_319' title='bbox 1561 2631 1661 2688; x_wconf 87' lang='lat' dir='ltr'><strong>est,</strong></span> <span class='ocrx_word' id='word_1_320' title='bbox 1693 2621 1913 2672; x_wconf 78' lang='lat' dir='ltr'><strong>interio-</strong></span> 
     </span>
    </p>
   </div>
   <div class='ocr_carea' id='block_1_44' title="bbox 390 2709 1916 2776">
    <p class='ocr_par' dir='ltr' id='par_1_44' title="bbox 390 2709 1916 2776">
     <span class='ocr_line' id='line_1_44' title="bbox 390 2709 1916 2776; baseline -0.012 0"><span class='ocrx_word' id='word_1_321' title='bbox 390 2738 500 2776; x_wconf 81' lang='lat' dir='ltr'><strong>rem</strong></span> <span class='ocrx_word' id='word_1_322' title='bbox 534 2733 680 2774; x_wconf 90' lang='lat' dir='ltr'><strong>tuum</strong></span> <span class='ocrx_word' id='word_1_323' title='bbox 709 2721 972 2774; x_wconf 87' lang='lat' dir='ltr'><strong>hominem</strong></span> <span class='ocrx_word' id='word_1_324' title='bbox 1005 2719 1285 2771; x_wconf 89' lang='lat' dir='ltr'><strong>medicaris</strong></span> <span class='ocrx_word' id='word_1_325' title='bbox 1313 2724 1364 2767; x_wconf 92' lang='lat' dir='ltr'><strong>et</strong></span> <span class='ocrx_word' id='word_1_326' title='bbox 1406 2712 1571 2773; x_wconf 84' lang='lat' dir='ltr'><strong>foves,</strong></span> <span class='ocrx_word' id='word_1_327' title='bbox 1601 2721 1654 2763; x_wconf 92' lang='lat' dir='ltr'><strong>et</strong></span> <span class='ocrx_word' id='word_1_328' title='bbox 1686 2709 1781 2776; x_wconf 78' lang='lat' dir='ltr'><strong>ipsi</strong></span> <span class='ocrx_word' id='word_1_329' title='bbox 1823 2722 1916 2776; x_wconf 88' lang='lat' dir='ltr'><strong>per</strong></span> 
     </span>
    </p>
   </div>
   <div class='ocr_carea' id='block_1_45' title="bbox 391 2800 1918 2868">
    <p class='ocr_par' dir='ltr' id='par_1_45' title="bbox 391 2800 1918 2868">
     <span class='ocr_line' id='line_1_45' title="bbox 391 2800 1918 2868; baseline -0.01 -4"><span class='ocrx_word' id='word_1_330' title='bbox 391 2822 542 2864; x_wconf 87' lang='lat' dir='ltr'><strong>actus</strong></span> <span class='ocrx_word' id='word_1_331' title='bbox 589 2819 681 2862; x_wconf 91' lang='lat' dir='ltr'><strong>aut</strong></span> <span class='ocrx_word' id='word_1_332' title='bbox 727 2808 1027 2862; x_wconf 89' lang='lat' dir='ltr'><strong>intellectus</strong></span> <span class='ocrx_word' id='word_1_333' title='bbox 1057 2808 1225 2860; x_wconf 88' lang='lat' dir='ltr'><strong>bonos</strong></span> <span class='ocrx_word' id='word_1_334' title='bbox 1270 2804 1432 2857; x_wconf 89' lang='lat' dir='ltr'><strong>vitam</strong></span> <span class='ocrx_word' id='word_1_335' title='bbox 1464 2800 1736 2868; x_wconf 91' lang='lat' dir='ltr'><strong>conquiris</strong></span> <span class='ocrx_word' id='word_1_336' title='bbox 1763 2807 1918 2850; x_wconf 75' lang='lat' dir='ltr'><strong>teter-</strong></span> 
     </span>
    </p>
   </div>
   <div class='ocr_carea' id='block_1_46' title="bbox 391 2916 530 2958">
    <p class='ocr_par' dir='ltr' id='par_1_46' title="bbox 391 2916 530 2958">
     <span class='ocr_line' id='line_1_46' title="bbox 391 2916 530 2958; baseline -0.007 0"><span class='ocrx_word' id='word_1_337' title='bbox 391 2916 530 2958; x_wconf 83' lang='lat' dir='ltr'><strong>nam.</strong></span> 
     </span>
    </p>
   </div>
   <div class='ocr_carea' id='block_1_47' title="bbox 2002 1808 3684 1893">
    <p class='ocr_par' dir='ltr' id='par_1_47' title="bbox 2002 1808 3684 1893">
     <span class='ocr_line' id='line_1_47' title="bbox 2002 1808 3684 1893; baseline -0.011 -15"><span class='ocrx_word' id='word_1_338' title='bbox 2002 1825 2153 1893; x_wconf 81' lang='lat'><strong>135</strong></span> <span class='ocrx_word' id='word_1_339' title='bbox 2168 1823 2394 1884; x_wconf 91' lang='lat' dir='ltr'><strong>occulto,</strong></span> <span class='ocrx_word' id='word_1_340' title='bbox 2415 1819 2622 1886; x_wconf 88' lang='lat' dir='ltr'><strong>etquod</strong></span> <span class='ocrx_word' id='word_1_341' title='bbox 2652 1817 3050 1869; x_wconf 78' lang='lat' dir='ltr'><strong>facitdextera</strong></span> <span class='ocrx_word' id='word_1_342' title='bbox 3082 1817 3313 1870; x_wconf 87' lang='lat' dir='ltr'><strong>nostra,</strong></span> <span class='ocrx_word' id='word_1_343' title='bbox 3345 1808 3410 1858; x_wconf 86' lang='lat' dir='ltr'><strong>id</strong></span> <span class='ocrx_word' id='word_1_344' title='bbox 3442 1809 3684 1860; x_wconf 85' lang='lat' dir='ltr'><strong>nesciat</strong></span> 
     </span>
    </p>
   </div>
   <div class='ocr_carea' id='block_1_48' title="bbox 2001 1896 3681 1968">
    <p class='ocr_par' dir='ltr' id='par_1_48' title="bbox 2001 1896 3681 1968">
     <span class='ocr_line' id='line_1_48' title="bbox 2001 1896 3681 1968; baseline -0.012 0"><span class='ocrx_word' id='word_1_345' title='bbox 2001 1917 2231 1968; x_wconf 87' lang='lat' dir='ltr'><strong>sinistra.</strong></span> <span class='ocrx_word' id='word_1_346' title='bbox 2275 1910 2383 1963; x_wconf 79' lang='lat' dir='ltr'><strong>Nisi</strong></span> <span class='ocrx_word' id='word_1_347' title='bbox 2407 1911 2547 1962; x_wconf 90' lang='lat' dir='ltr'><strong>enim</strong></span> <span class='ocrx_word' id='word_1_348' title='bbox 2589 1907 2640 1959; x_wconf 92' lang='lat' dir='ltr'><strong>in</strong></span> <span class='ocrx_word' id='word_1_349' title='bbox 2695 1904 2921 1958; x_wconf 83' lang='lat' dir='ltr'><strong>occulto</strong></span> <span class='ocrx_word' id='word_1_350' title='bbox 2968 1899 3186 1958; x_wconf 90' lang='lat' dir='ltr'><strong>fuerit,</strong></span> <span class='ocrx_word' id='word_1_351' title='bbox 3229 1896 3571 1961; x_wconf 76' lang='lat' dir='ltr'><strong>diripietur</strong></span> <span class='ocrx_word' id='word_1_352' title='bbox 3606 1896 3681 1948; x_wconf 89' lang='lat' dir='ltr'><strong>ab</strong></span> 
     </span>
    </p>
   </div>
   <div class='ocr_carea' id='block_1_49' title="bbox 1999 1985 3684 2072">
    <p class='ocr_par' dir='ltr' id='par_1_49' title="bbox 1999 1985 3684 2072">
     <span class='ocr_line' id='line_1_49' title="bbox 1999 1985 3684 2072; baseline -0.012 -14"><span class='ocrx_word' id='word_1_353' title='bbox 1999 2003 2285 2072; x_wconf 65' lang='lat' dir='ltr'><strong>Egyptiis,</strong></span> <span class='ocrx_word' id='word_1_354' title='bbox 2319 1999 2632 2060; x_wconf 89' lang='lat' dir='ltr'><strong>invadetur,</strong></span> <span class='ocrx_word' id='word_1_355' title='bbox 2671 1995 2722 2046; x_wconf 92' lang='lat' dir='ltr'><strong>in</strong></span> <span class='ocrx_word' id='word_1_356' title='bbox 2754 1992 2972 2044; x_wconf 82' lang='lat' dir='ltr'><strong>ﬂumen</strong></span> <span class='ocrx_word' id='word_1_357' title='bbox 3005 1986 3370 2056; x_wconf 75' lang='lat' dir='ltr'><strong>iactabitur,</strong></span> <span class='ocrx_word' id='word_1_358' title='bbox 3409 1985 3602 2039; x_wconf 82' lang='lat' dir='ltr'><strong>undis</strong></span> <span class='ocrx_word' id='word_1_359' title='bbox 3623 1992 3684 2038; x_wconf 86' lang='lat' dir='ltr'><strong>et</strong></span> 
     </span>
    </p>
   </div>
   <div class='ocr_carea' id='block_1_50' title="bbox 2004 2076 3684 2155">
    <p class='ocr_par' dir='ltr' id='par_1_50' title="bbox 2004 2076 3684 2155">
     <span class='ocr_line' id='line_1_50' title="bbox 2004 2076 3684 2155; baseline -0.011 -9"><span class='ocrx_word' id='word_1_360' title='bbox 2004 2093 2256 2146; x_wconf 84' lang='lat' dir='ltr'><strong>ﬂuctibus</strong></span> <span class='ocrx_word' id='word_1_361' title='bbox 2274 2091 2669 2155; x_wconf 79' lang='lat' dir='ltr'><strong>submergetur.</strong></span> <span class='ocrx_word' id='word_1_362' title='bbox 2706 2083 2856 2150; x_wconf 81' lang='lat' dir='ltr'><strong>Ergo</strong></span> <span class='ocrx_word' id='word_1_363' title='bbox 2891 2081 2944 2134; x_wconf 90' lang='lat' dir='ltr'><strong>si</strong></span> <span class='ocrx_word' id='word_1_364' title='bbox 2989 2078 3152 2132; x_wconf 80' lang='lat' dir='ltr'><strong>facio</strong></span> <span class='ocrx_word' id='word_1_365' title='bbox 3189 2076 3684 2144; x_wconf 84' lang='lat' dir='ltr'><strong>eleemosynatn,</strong></span> 
     </span>
    </p>
   </div>
   <div class='ocr_carea' id='block_1_51' title="bbox 2005 2166 3683 2248">
    <p class='ocr_par' dir='ltr' id='par_1_51' title="bbox 2005 2166 3683 2248">
     <span class='ocr_line' id='line_1_51' title="bbox 2005 2166 3683 2248; baseline -0.01 -15"><span class='ocrx_word' id='word_1_366' title='bbox 2005 2183 2129 2248; x_wconf 91' lang='lat' dir='ltr'><strong>quia</strong></span> <span class='ocrx_word' id='word_1_367' title='bbox 2183 2195 2317 2248; x_wconf 91' lang='lat' dir='ltr'><strong>opus</strong></span> <span class='ocrx_word' id='word_1_368' title='bbox 2367 2179 2458 2231; x_wconf 87' lang='lat' dir='ltr'><strong>Dei</strong></span> <span class='ocrx_word' id='word_1_369' title='bbox 2515 2187 2618 2240; x_wconf 91' lang='lat' dir='ltr'><strong>est,</strong></span> <span class='ocrx_word' id='word_1_370' title='bbox 2669 2170 2996 2226; x_wconf 89' lang='lat' dir='ltr'><strong>masculum</strong></span> <span class='ocrx_word' id='word_1_371' title='bbox 3049 2184 3305 2238; x_wconf 81' lang='lat' dir='ltr'><strong>genero.</strong></span> <span class='ocrx_word' id='word_1_372' title='bbox 3355 2166 3490 2220; x_wconf 87' lang='lat' dir='ltr'><strong>Sed</strong></span> <span class='ocrx_word' id='word_1_373' title='bbox 3518 2166 3570 2219; x_wconf 90' lang='lat' dir='ltr'><strong>si</strong></span> <span class='ocrx_word' id='word_1_374' title='bbox 3601 2167 3683 2218; x_wconf 82' lang='lat' dir='ltr'><strong>ita</strong></span> 
     </span>
    </p>
   </div>
   <div class='ocr_carea' id='block_1_52' title="bbox 2007 2258 3685 2336">
    <p class='ocr_par' dir='ltr' id='par_1_52' title="bbox 2007 2258 3685 2336">
     <span class='ocr_line' id='line_1_52' title="bbox 2007 2258 3685 2336; baseline -0.008 -10"><span class='ocrx_word' id='word_1_375' title='bbox 2007 2274 2221 2336; x_wconf 86' lang='lat' dir='ltr'><strong>faciam,</strong></span> <span class='ocrx_word' id='word_1_376' title='bbox 2266 2278 2324 2322; x_wconf 93' lang='lat' dir='ltr'><strong>ut</strong></span> <span class='ocrx_word' id='word_1_377' title='bbox 2370 2267 2680 2322; x_wconf 87' lang='lat' dir='ltr'><strong>hominibus</strong></span> <span class='ocrx_word' id='word_1_378' title='bbox 2707 2266 3062 2325; x_wconf 89' lang='lat' dir='ltr'><strong>innotescat,</strong></span> <span class='ocrx_word' id='word_1_379' title='bbox 3101 2272 3167 2315; x_wconf 92' lang='lat' dir='ltr'><strong>et</strong></span> <span class='ocrx_word' id='word_1_380' title='bbox 3215 2260 3288 2312; x_wconf 88' lang='lat' dir='ltr'><strong>ab</strong></span> <span class='ocrx_word' id='word_1_381' title='bbox 3312 2258 3685 2312; x_wconf 79' lang='lat' dir='ltr'><strong>hominibus</strong></span> 
     </span>
    </p>
   </div>
   <div class='ocr_carea' id='block_1_53' title="bbox 2011 2352 3687 2428">
    <p class='ocr_par' dir='ltr' id='par_1_53' title="bbox 2011 2352 3687 2428">
     <span class='ocr_line' id='line_1_53' title="bbox 2011 2352 3687 2428; baseline -0.009 -11"><span class='ocrx_word' id='word_1_382' title='bbox 2011 2365 2219 2417; x_wconf 89' lang='lat' dir='ltr'><strong>laudem</strong></span> <span class='ocrx_word' id='word_1_383' title='bbox 2247 2374 2504 2428; x_wconf 67' lang='lat' dir='ltr'><strong>quaeram,</strong></span> <span class='ocrx_word' id='word_1_384' title='bbox 2533 2366 2587 2410; x_wconf 91' lang='lat' dir='ltr'><strong>et</strong></span> <span class='ocrx_word' id='word_1_385' title='bbox 2618 2370 2724 2409; x_wconf 91' lang='lat' dir='ltr'><strong>non</strong></span> <span class='ocrx_word' id='word_1_386' title='bbox 2757 2369 2881 2408; x_wconf 92' lang='lat' dir='ltr'><strong>eam</strong></span> <span class='ocrx_word' id='word_1_387' title='bbox 2920 2352 3348 2411; x_wconf 87' lang='lat' dir='ltr'><strong>occultavero.</strong></span> <span class='ocrx_word' id='word_1_388' title='bbox 3386 2360 3574 2418; x_wconf 86' lang='lat' dir='ltr'><strong>rapta</strong></span> <span class='ocrx_word' id='word_1_389' title='bbox 3593 2359 3687 2403; x_wconf 77' lang='lat' dir='ltr'><strong>est</strong></span> 
     </span>
    </p>
   </div>
   <div class='ocr_carea' id='block_1_54' title="bbox 2011 2440 3689 2520">
    <p class='ocr_par' dir='ltr' id='par_1_54' title="bbox 2011 2440 3689 2520">
     <span class='ocr_line' id='line_1_54' title="bbox 2011 2440 3689 2520; baseline -0.009 -15"><span class='ocrx_word' id='word_1_390' title='bbox 2011 2456 2074 2506; x_wconf 89' lang='lat' dir='ltr'><strong>ab</strong></span> <span class='ocrx_word' id='word_1_391' title='bbox 2097 2450 2359 2520; x_wconf 65' lang='lat' dir='ltr'><strong>Aﬁgyptiis</strong></span> <span class='ocrx_word' id='word_1_392' title='bbox 2387 2448 2724 2515; x_wconf 85' lang='lat' dir='ltr'><strong>eleemosyua</strong></span> <span class='ocrx_word' id='word_1_393' title='bbox 2751 2459 2901 2506; x_wconf 92' lang='lat' dir='ltr'><strong>mea,</strong></span> <span class='ocrx_word' id='word_1_394' title='bbox 2931 2453 2992 2496; x_wconf 87' lang='lat' dir='ltr'><strong>et</strong></span> <span class='ocrx_word' id='word_1_395' title='bbox 3033 2444 3093 2495; x_wconf 90' lang='lat' dir='ltr'><strong>in</strong></span> <span class='ocrx_word' id='word_1_396' title='bbox 3130 2442 3360 2494; x_wconf 85' lang='lat' dir='ltr'><strong>ﬂumen</strong></span> <span class='ocrx_word' id='word_1_397' title='bbox 3400 2440 3689 2493; x_wconf 82' lang='lat' dir='ltr'><strong>demersa</strong></span> 
     </span>
    </p>
   </div>
   <div class='ocr_carea' id='block_1_55' title="bbox 2009 2528 3683 2601">
    <p class='ocr_par' dir='ltr' id='par_1_55' title="bbox 2009 2528 3683 2601">
     <span class='ocr_line' id='line_1_55' title="bbox 2009 2528 3683 2601; baseline -0.01 -7"><span class='ocrx_word' id='word_1_398' title='bbox 2009 2551 2109 2601; x_wconf 92' lang='lat' dir='ltr'><strong>est,</strong></span> <span class='ocrx_word' id='word_1_399' title='bbox 2139 2550 2190 2593; x_wconf 91' lang='lat' dir='ltr'><strong>et</strong></span> <span class='ocrx_word' id='word_1_400' title='bbox 2221 2545 2365 2590; x_wconf 89' lang='lat' dir='ltr'><strong>tanto</strong></span> <span class='ocrx_word' id='word_1_401' title='bbox 2394 2535 2598 2595; x_wconf 90' lang='lat' dir='ltr'><strong>labore,</strong></span> <span class='ocrx_word' id='word_1_402' title='bbox 2634 2541 2900 2600; x_wconf 89' lang='lat' dir='ltr'><strong>tantoque</strong></span> <span class='ocrx_word' id='word_1_403' title='bbox 2918 2531 3132 2584; x_wconf 86' lang='lat' dir='ltr'><strong>studio</strong></span> <span class='ocrx_word' id='word_1_404' title='bbox 3158 2528 3478 2598; x_wconf 61' lang='lat' dir='ltr'><strong>Egyptiis</strong></span> <span class='ocrx_word' id='word_1_405' title='bbox 3515 2542 3683 2580; x_wconf 72' lang='lat' dir='ltr'><strong>mas-</strong></span> 
     </span>
    </p>
   </div>
   <div class='ocr_carea' id='block_1_56' title="bbox 2013 2615 3691 2693">
    <p class='ocr_par' dir='ltr' id='par_1_56' title="bbox 2013 2615 3691 2693">
     <span class='ocr_line' id='line_1_56' title="bbox 2013 2615 3691 2693; baseline -0.009 -11"><span class='ocrx_word' id='word_1_406' title='bbox 2013 2629 2186 2682; x_wconf 92' lang='lat' dir='ltr'><strong>culum</strong></span> <span class='ocrx_word' id='word_1_407' title='bbox 2235 2624 2418 2693; x_wconf 84' lang='lat' dir='ltr'><strong>genui.</strong></span> <span class='ocrx_word' id='word_1_408' title='bbox 2469 2623 2853 2689; x_wconf 85' lang='lat' dir='ltr'><strong>Pr0pterea,o</strong></span> <span class='ocrx_word' id='word_1_409' title='bbox 2911 2635 3047 2682; x_wconf 86' lang='lat' dir='ltr'><strong>vos,</strong></span> <span class='ocrx_word' id='word_1_410' title='bbox 3088 2619 3357 2688; x_wconf 84' lang='lat' dir='ltr'><strong>populus</strong></span> <span class='ocrx_word' id='word_1_411' title='bbox 3420 2618 3535 2670; x_wconf 89' lang='lat' dir='ltr'><strong>Dei</strong></span> <span class='ocrx_word' id='word_1_412' title='bbox 3591 2615 3691 2684; x_wconf 89' lang='lat' dir='ltr'><strong>qui</strong></span> 
     </span>
    </p>
   </div>
   <div class='ocr_carea' id='block_1_57' title="bbox 2015 2703 3689 2776">
    <p class='ocr_par' dir='ltr' id='par_1_57' title="bbox 2015 2703 3689 2776">
     <span class='ocr_line' id='line_1_57' title="bbox 2015 2703 3689 2776; baseline -0.008 -6"><span class='ocrx_word' id='word_1_413' title='bbox 2015 2717 2124 2770; x_wconf 69' lang='lat' dir='ltr'><strong>haec</strong></span> <span class='ocrx_word' id='word_1_414' title='bbox 2149 2713 2364 2774; x_wconf 79' lang='lat' dir='ltr'><strong>auditis,</strong></span> <span class='ocrx_word' id='word_1_415' title='bbox 2382 2710 2542 2763; x_wconf 86' lang='lat' dir='ltr'><strong>nolite</strong></span> <span class='ocrx_word' id='word_1_416' title='bbox 2564 2718 2772 2776; x_wconf 90' lang='lat' dir='ltr'><strong>putare,</strong></span> <span class='ocrx_word' id='word_1_417' title='bbox 2797 2718 2857 2760; x_wconf 91' lang='lat' dir='ltr'><strong>ut</strong></span> <span class='ocrx_word' id='word_1_418' title='bbox 2881 2722 3041 2775; x_wconf 57' lang='lat' dir='ltr'><strong>sape</strong></span> <span class='ocrx_word' id='word_1_419' title='bbox 3065 2707 3200 2775; x_wconf 87' lang='lat' dir='ltr'><strong>jam</strong></span> <span class='ocrx_word' id='word_1_420' title='bbox 3235 2707 3518 2760; x_wconf 79' lang='lat' dir='ltr'><strong>diximus</strong></span> <span class='ocrx_word' id='word_1_421' title='bbox 3541 2703 3689 2774; x_wconf 80' lang='lat'><strong>(96),</strong></span> 
     </span>
    </p>
   </div>
   <div class='ocr_carea' id='block_1_58' title="bbox 2014 2798 3695 2864">
    <p class='ocr_par' dir='ltr' id='par_1_58' title="bbox 2014 2798 3695 2864">
     <span class='ocr_line' id='line_1_58' title="bbox 2014 2798 3695 2864; baseline -0.006 -9"><span class='ocrx_word' id='word_1_422' title='bbox 2014 2815 2252 2858; x_wconf 85' lang='lat' dir='ltr'><strong>veterum</strong></span> <span class='ocrx_word' id='word_1_423' title='bbox 2287 2801 2439 2853; x_wconf 89' lang='lat' dir='ltr'><strong>vobis</strong></span> <span class='ocrx_word' id='word_1_424' title='bbox 2489 2798 2700 2852; x_wconf 89' lang='lat' dir='ltr'><strong>fabulas</strong></span> <span class='ocrx_word' id='word_1_425' title='bbox 2733 2799 2995 2862; x_wconf 89' lang='lat' dir='ltr'><strong>recitari,</strong></span> <span class='ocrx_word' id='word_1_426' title='bbox 3035 2799 3146 2852; x_wconf 86' lang='lat' dir='ltr'><strong>sed</strong></span> <span class='ocrx_word' id='word_1_427' title='bbox 3184 2799 3400 2852; x_wconf 86' lang='lat' dir='ltr'><strong>doceri</strong></span> <span class='ocrx_word' id='word_1_428' title='bbox 3441 2811 3558 2850; x_wconf 82' lang='lat' dir='ltr'><strong>vos</strong></span> <span class='ocrx_word' id='word_1_429' title='bbox 3589 2809 3695 2864; x_wconf 84' lang='lat' dir='ltr'><strong>per</strong></span> 
     </span>
    </p>
   </div>
   <div class='ocr_carea' id='block_1_59' title="bbox 2017 2885 3690 2957">
    <p class='ocr_par' dir='ltr' id='par_1_59' title="bbox 2017 2885 3690 2957">
     <span class='ocr_line' id='line_1_59' title="bbox 2017 2885 3690 2957; baseline -0.009 -9"><span class='ocrx_word' id='word_1_430' title='bbox 2017 2895 2154 2956; x_wconf 78' lang='lat' dir='ltr'><strong>hzec,</strong></span> <span class='ocrx_word' id='word_1_431' title='bbox 2179 2899 2237 2942; x_wconf 90' lang='lat' dir='ltr'><strong>ut</strong></span> <span class='ocrx_word' id='word_1_432' title='bbox 2274 2887 2580 2957; x_wconf 77' lang='lat' dir='ltr'><strong>agnoscatis</strong></span> <span class='ocrx_word' id='word_1_433' title='bbox 2603 2885 2856 2939; x_wconf 89' lang='lat' dir='ltr'><strong>ordinem</strong></span> <span class='ocrx_word' id='word_1_434' title='bbox 2889 2887 3054 2952; x_wconf 66' lang='lat' dir='ltr'><strong>vitae,</strong></span> <span class='ocrx_word' id='word_1_435' title='bbox 3089 2886 3390 2940; x_wconf 85' lang='lat' dir='ltr'><strong>instituta</strong></span> <span class='ocrx_word' id='word_1_436' title='bbox 3423 2896 3690 2946; x_wconf 86' lang='lat' dir='ltr'><strong>morum,</strong></span> 
     </span>
    </p>
   </div>
   <div class='ocr_carea' id='block_1_60' title="bbox 463 2973 2876 3058">
    <p class='ocr_par' dir='ltr' id='par_1_60' title="bbox 463 2973 2876 3058">
     <span class='ocr_line' id='line_1_60' title="bbox 463 2973 2876 3058; baseline -0.01 -12"><span class='ocrx_word' id='word_1_437' title='bbox 463 2990 518 3046; x_wconf 82' lang='lat'><strong>&#39;5.</strong></span> <span class='ocrx_word' id='word_1_438' title='bbox 547 2990 651 3044; x_wconf 81' lang='lat' dir='ltr'><strong>Sed</strong></span> <span class='ocrx_word' id='word_1_439' title='bbox 683 2997 798 3057; x_wconf 89' lang='lat' dir='ltr'><strong>post</strong></span> <span class='ocrx_word' id='word_1_440' title='bbox 826 2988 938 3041; x_wconf 83' lang='lat' dir='ltr'><strong>haec</strong></span> <span class='ocrx_word' id='word_1_441' title='bbox 963 2987 1049 3041; x_wconf 90' lang='lat' dir='ltr'><strong>ubi</strong></span> <span class='ocrx_word' id='word_1_442' title='bbox 1077 2985 1208 3039; x_wconf 90' lang='lat' dir='ltr'><strong>vidit</strong></span> <span class='ocrx_word' id='word_1_443' title='bbox 1234 2984 1438 3038; x_wconf 86' lang='lat' dir='ltr'><strong>Pharao</strong></span> <span class='ocrx_word' id='word_1_444' title='bbox 1466 2980 1604 3048; x_wconf 90' lang='lat' dir='ltr'><strong>quod</strong></span> <span class='ocrx_word' id='word_1_445' title='bbox 1634 2993 1729 3048; x_wconf 90' lang='lat' dir='ltr'><strong>per</strong></span> <span class='ocrx_word' id='word_1_446' title='bbox 1752 2979 1922 3031; x_wconf 86' lang='lat' dir='ltr'><strong>obste-</strong></span> <span class='ocrx_word' id='word_1_447' title='bbox 1945 3000 1990 3058; x_wconf 71' lang='grc' dir='ltr'>ο</span> <span class='ocrx_word' id='word_1_448' title='bbox 2023 2981 2164 3045; x_wconf 78' lang='lat' dir='ltr'><strong>ﬁdei,</strong></span> <span class='ocrx_word' id='word_1_449' title='bbox 2191 2977 2509 3044; x_wconf 80' lang='lat' dir='ltr'><strong>virtutisque</strong></span> <span class='ocrx_word' id='word_1_450' title='bbox 2542 2973 2876 3029; x_wconf 83' lang='lat' dir='ltr'><strong>certamina.</strong></span> 
     </span>
    </p>
   </div>
   <div class='ocr_carea' id='block_1_61' title="bbox 398 3067 1919 3140">
    <p class='ocr_par' dir='ltr' id='par_1_61' title="bbox 398 3067 1919 3140">
     <span class='ocr_line' id='line_1_61' title="bbox 398 3067 1919 3140; baseline -0.008 -11"><span class='ocrx_word' id='word_1_451' title='bbox 398 3077 560 3129; x_wconf 88' lang='lat' dir='ltr'><strong>trices</strong></span> <span class='ocrx_word' id='word_1_452' title='bbox 592 3090 694 3127; x_wconf 91' lang='lat' dir='ltr'><strong>non</strong></span> <span class='ocrx_word' id='word_1_453' title='bbox 725 3085 900 3140; x_wconf 87' lang='lat' dir='ltr'><strong>posset</strong></span> <span class='ocrx_word' id='word_1_454' title='bbox 925 3085 1119 3126; x_wconf 82' lang='lat' dir='ltr'><strong>necare</strong></span> <span class='ocrx_word' id='word_1_455' title='bbox 1150 3071 1410 3123; x_wconf 88' lang='lat' dir='ltr'><strong>masculos</strong></span> <span class='ocrx_word' id='word_1_456' title='bbox 1443 3067 1599 3120; x_wconf 88' lang='lat' dir='ltr'><strong>lsrael</strong></span> <span class='ocrx_word' id='word_1_457' title='bbox 1623 3104 1639 3129; x_wconf 97' lang='lat'><strong>,</strong></span> <span class='ocrx_word' id='word_1_458' title='bbox 1680 3082 1698 3114; x_wconf 78' lang='grc' dir='ltr'><strong>ι</strong></span> <span class='ocrx_word' id='word_1_459' title='bbox 1722 3079 1919 3132; x_wconf 68' lang='grc' dir='ltr'><strong>ρναεοθ-</strong></span> 
     </span>
    </p>
   </div>
   <div class='ocr_carea' id='block_1_62' title="bbox 399 3152 1922 3230">
    <p class='ocr_par' dir='ltr' id='par_1_62' title="bbox 399 3152 1922 3230">
     <span class='ocr_line' id='line_1_62' title="bbox 399 3152 1922 3230; baseline -0.006 -18"><span class='ocrx_word' id='word_1_460' title='bbox 399 3161 512 3230; x_wconf 88' lang='lat' dir='ltr'><strong>pit,</strong></span> <span class='ocrx_word' id='word_1_461' title='bbox 544 3160 715 3227; x_wconf 87' lang='lat' dir='ltr'><strong>inquit</strong></span> <span class='ocrx_word' id='word_1_462' title='bbox 743 3158 817 3221; x_wconf 49' lang='lat'><strong>“,‘</strong></span> <span class='ocrx_word' id='word_1_463' title='bbox 841 3159 985 3210; x_wconf 84' lang='lat' dir='ltr'><strong>omni</strong></span> <span class='ocrx_word' id='word_1_464' title='bbox 1019 3157 1209 3225; x_wconf 83' lang='lat' dir='ltr'><strong>populo</strong></span> <span class='ocrx_word' id='word_1_465' title='bbox 1233 3157 1453 3210; x_wconf 86' lang='lat' dir='ltr'><strong>dicens:</strong></span> <span class='ocrx_word' id='word_1_466' title='bbox 1484 3153 1650 3209; x_wconf 90' lang='lat' dir='ltr'><strong>Omne</strong></span> <span class='ocrx_word' id='word_1_467' title='bbox 1677 3152 1922 3205; x_wconf 88' lang='lat' dir='ltr'><strong>masculi-</strong></span> 
     </span>
    </p>
   </div>
   <div class='ocr_carea' id='block_1_63' title="bbox 400 3240 1923 3316">
    <p class='ocr_par' dir='ltr' id='par_1_63' title="bbox 400 3240 1923 3316">
     <span class='ocr_line' id='line_1_63' title="bbox 400 3240 1923 3316; baseline -0.007 -14"><span class='ocrx_word' id='word_1_468' title='bbox 400 3264 525 3302; x_wconf 93' lang='lat' dir='ltr'><strong>num</strong></span> <span class='ocrx_word' id='word_1_469' title='bbox 558 3249 908 3316; x_wconf 90' lang='lat' dir='ltr'><strong>quodcunque</strong></span> <span class='ocrx_word' id='word_1_470' title='bbox 955 3256 1135 3298; x_wconf 88' lang='lat' dir='ltr'><strong>natum</strong></span> <span class='ocrx_word' id='word_1_471' title='bbox 1165 3247 1321 3299; x_wconf 90' lang='lat' dir='ltr'><strong>fuerit</strong></span> <span class='ocrx_word' id='word_1_472' title='bbox 1350 3244 1608 3304; x_wconf 69' lang='lat' dir='ltr'><strong>Hebrazis,</strong></span> <span class='ocrx_word' id='word_1_473' title='bbox 1640 3244 1691 3294; x_wconf 92' lang='lat' dir='ltr'><strong>in</strong></span> <span class='ocrx_word' id='word_1_474' title='bbox 1733 3240 1923 3293; x_wconf 83' lang='lat' dir='ltr'><strong>ﬂumen</strong></span> 
     </span>
    </p>
   </div>
   <div class='ocr_carea' id='block_1_64' title="bbox 404 3330 1926 3406">
    <p class='ocr_par' dir='ltr' id='par_1_64' title="bbox 404 3330 1926 3406">
     <span class='ocr_line' id='line_1_64' title="bbox 404 3330 1926 3406; baseline -0.004 -18"><span class='ocrx_word' id='word_1_475' title='bbox 404 3336 668 3406; x_wconf 85' lang='lat' dir='ltr'><strong>projicile,</strong></span> <span class='ocrx_word' id='word_1_476' title='bbox 689 3345 742 3390; x_wconf 93' lang='lat' dir='ltr'><strong>et</strong></span> <span class='ocrx_word' id='word_1_477' title='bbox 764 3351 918 3390; x_wconf 90' lang='lat' dir='ltr'><strong>omne</strong></span> <span class='ocrx_word' id='word_1_478' title='bbox 946 3335 1258 3390; x_wconf 84' lang='lat' dir='ltr'><strong>fetnininum</strong></span> <span class='ocrx_word' id='word_1_479' title='bbox 1276 3333 1554 3387; x_wconf 87' lang='lat' dir='ltr'><strong>vivilicate.</strong></span> <span class='ocrx_word' id='word_1_480' title='bbox 1570 3330 1778 3384; x_wconf 64' lang='lat' dir='ltr'><strong>iVidete</strong></span> <span class='ocrx_word' id='word_1_481' title='bbox 1800 3331 1926 3397; x_wconf 88' lang='lat' dir='ltr'><strong>quid</strong></span> 
     </span>
    </p>
   </div>
   <div class='ocr_carea' id='block_1_65' title="bbox 402 3420 1928 3493">
    <p class='ocr_par' dir='ltr' id='par_1_65' title="bbox 402 3420 1928 3493">
     <span class='ocr_line' id='line_1_65' title="bbox 402 3420 1928 3493; baseline -0.005 -16"><span class='ocrx_word' id='word_1_482' title='bbox 402 3427 649 3492; x_wconf 75' lang='lat' dir='ltr'><strong>princeps</strong></span> <span class='ocrx_word' id='word_1_483' title='bbox 670 3425 824 3492; x_wconf 85' lang='lat' dir='ltr'><strong>hujus</strong></span> <span class='ocrx_word' id='word_1_484' title='bbox 850 3426 1026 3477; x_wconf 87' lang='lat' dir='ltr'><strong>mundi</strong></span> <span class='ocrx_word' id='word_1_485' title='bbox 1058 3422 1303 3493; x_wconf 67' lang='lat' dir='ltr'><strong>praecipit</strong></span> <span class='ocrx_word' id='word_1_486' title='bbox 1341 3422 1450 3475; x_wconf 91' lang='lat' dir='ltr'><strong>suis</strong></span> <span class='ocrx_word' id='word_1_487' title='bbox 1475 3430 1532 3474; x_wconf 93' lang='lat' dir='ltr'><strong>ut</strong></span> <span class='ocrx_word' id='word_1_488' title='bbox 1562 3420 1792 3473; x_wconf 88' lang='lat' dir='ltr'><strong>infantes</strong></span> <span class='ocrx_word' id='word_1_489' title='bbox 1831 3433 1928 3470; x_wconf 85' lang='lat' dir='ltr'><strong>no—</strong></span> 
     </span>
    </p>
   </div>
   <div class='ocr_carea' id='block_1_66' title="bbox 405 3508 1926 3582">
    <p class='ocr_par' dir='ltr' id='par_1_66' title="bbox 405 3508 1926 3582">
     <span class='ocr_line' id='line_1_66' title="bbox 405 3508 1926 3582; baseline -0.007 -13"><span class='ocrx_word' id='word_1_490' title='bbox 405 3525 546 3570; x_wconf 85' lang='lat' dir='ltr'><strong>stros</strong></span> <span class='ocrx_word' id='word_1_491' title='bbox 575 3516 800 3582; x_wconf 88' lang='lat' dir='ltr'><strong>rapiant,</strong></span> <span class='ocrx_word' id='word_1_492' title='bbox 833 3524 887 3568; x_wconf 92' lang='lat' dir='ltr'><strong>et</strong></span> <span class='ocrx_word' id='word_1_493' title='bbox 915 3516 966 3568; x_wconf 90' lang='lat' dir='ltr'><strong>in</strong></span> <span class='ocrx_word' id='word_1_494' title='bbox 995 3515 1188 3568; x_wconf 80' lang='lat' dir='ltr'><strong>flumen</strong></span> <span class='ocrx_word' id='word_1_495' title='bbox 1215 3512 1511 3580; x_wconf 89' lang='lat' dir='ltr'><strong>projiciant,</strong></span> <span class='ocrx_word' id='word_1_496' title='bbox 1542 3511 1725 3579; x_wconf 68' lang='lat' dir='ltr'><strong>prima:</strong></span> <span class='ocrx_word' id='word_1_497' title='bbox 1751 3508 1926 3561; x_wconf 92' lang='lat' dir='ltr'><strong>statim</strong></span> 
     </span>
    </p>
   </div>
   <div class='ocr_carea' id='block_1_67' title="bbox 330 3600 1930 3670">
    <p class='ocr_par' dir='ltr' id='par_1_67' title="bbox 330 3600 1930 3670">
     <span class='ocr_line' id='line_1_67' title="bbox 330 3600 1930 3670; baseline -0.008 -9"><span class='ocrx_word' id='word_1_498' title='bbox 330 3655 334 3661; x_wconf 97' lang='lat'><strong>.</strong></span> <span class='ocrx_word' id='word_1_499' title='bbox 408 3606 670 3660; x_wconf 85' lang='lat' dir='ltr'><strong>nativitati</strong></span> <span class='ocrx_word' id='word_1_500' title='bbox 703 3616 1001 3660; x_wconf 91' lang='lat' dir='ltr'><strong>nostrorum</strong></span> <span class='ocrx_word' id='word_1_501' title='bbox 1036 3605 1344 3659; x_wconf 90' lang='lat' dir='ltr'><strong>insidiantes</strong></span> <span class='ocrx_word' id='word_1_502' title='bbox 1377 3603 1622 3656; x_wconf 92' lang='lat' dir='ltr'><strong>continuo</strong></span> <span class='ocrx_word' id='word_1_503' title='bbox 1645 3638 1665 3670; x_wconf 89' lang='lat'><strong>,_</strong></span> <span class='ocrx_word' id='word_1_504' title='bbox 1691 3609 1747 3651; x_wconf 92' lang='lat' dir='ltr'><strong>ut</strong></span> <span class='ocrx_word' id='word_1_505' title='bbox 1770 3600 1930 3651; x_wconf 82' lang='lat' dir='ltr'><strong>ubera</strong></span> 
     </span>
    </p>
   </div>
   <div class='ocr_carea' id='block_1_68' title="bbox 410 3688 1938 3760">
    <p class='ocr_par' dir='ltr' id='par_1_68' title="bbox 410 3688 1938 3760">
     <span class='ocr_line' id='line_1_68' title="bbox 410 3688 1938 3760; baseline -0.01 -10"><span class='ocrx_word' id='word_1_506' title='bbox 410 3693 661 3750; x_wconf 70' lang='lat' dir='ltr'><strong>Ecclesiae</strong></span> <span class='ocrx_word' id='word_1_507' title='bbox 689 3694 857 3760; x_wconf 89' lang='lat' dir='ltr'><strong>prima</strong></span> <span class='ocrx_word' id='word_1_508' title='bbox 889 3692 1232 3758; x_wconf 73' lang='lat' dir='ltr'><strong>contigerint,</strong></span> <span class='ocrx_word' id='word_1_509' title='bbox 1269 3692 1492 3754; x_wconf 83' lang='lat' dir='ltr'><strong>irruant,</strong></span> <span class='ocrx_word' id='word_1_510' title='bbox 1518 3688 1786 3752; x_wconf 82' lang='lat' dir='ltr'><strong>diripiant,</strong></span> <span class='ocrx_word' id='word_1_511' title='bbox 1818 3701 1938 3752; x_wconf 88' lang='lat' dir='ltr'><strong>per-</strong></span> 
     </span>
    </p>
   </div>
   <div class='ocr_carea' id='block_1_69' title="bbox 410 3777 1938 3851">
    <p class='ocr_par' dir='ltr' id='par_1_69' title="bbox 410 3777 1938 3851">
     <span class='ocr_line' id='line_1_69' title="bbox 410 3777 1938 3851; baseline -0.008 -13"><span class='ocrx_word' id='word_1_512' title='bbox 410 3793 736 3851; x_wconf 82' lang='lat' dir='ltr'><strong>sequantur,</strong></span> <span class='ocrx_word' id='word_1_513' title='bbox 785 3783 938 3834; x_wconf 87' lang='lat' dir='ltr'><strong>undis</strong></span> <span class='ocrx_word' id='word_1_514' title='bbox 974 3790 1027 3834; x_wconf 85' lang='lat' dir='ltr'><strong>et</strong></span> <span class='ocrx_word' id='word_1_515' title='bbox 1066 3779 1316 3834; x_wconf 81' lang='lat' dir='ltr'><strong>fluctibus</strong></span> <span class='ocrx_word' id='word_1_516' title='bbox 1357 3779 1510 3844; x_wconf 85' lang='lat' dir='ltr'><strong>hujus</strong></span> <span class='ocrx_word' id='word_1_517' title='bbox 1533 3777 1712 3830; x_wconf 67' lang='lat' dir='ltr'><strong>smculi</strong></span> <span class='ocrx_word' id='word_1_518' title='bbox 1751 3778 1938 3828; x_wconf 91' lang='lat' dir='ltr'><strong>absor-</strong></span> 
     </span>
    </p>
   </div>
   <div class='ocr_carea' id='block_1_70' title="bbox 410 3865 1940 3936">
    <p class='ocr_par' dir='ltr' id='par_1_70' title="bbox 410 3865 1940 3936">
     <span class='ocr_line' id='line_1_70' title="bbox 410 3865 1940 3936; baseline -0.006 -11"><span class='ocrx_word' id='word_1_519' title='bbox 410 3873 590 3926; x_wconf 88' lang='lat' dir='ltr'><strong>beant.</strong></span> <span class='ocrx_word' id='word_1_520' title='bbox 622 3871 806 3925; x_wconf 77' lang='lat' dir='ltr'><strong>Videte</strong></span> <span class='ocrx_word' id='word_1_521' title='bbox 833 3871 958 3936; x_wconf 87' lang='lat' dir='ltr'><strong>quid</strong></span> <span class='ocrx_word' id='word_1_522' title='bbox 987 3869 1234 3932; x_wconf 89' lang='lat' dir='ltr'><strong>audiatis,</strong></span> <span class='ocrx_word' id='word_1_523' title='bbox 1266 3867 1524 3934; x_wconf 84' lang='lat' dir='ltr'><strong>sapientia</strong></span> <span class='ocrx_word' id='word_1_524' title='bbox 1558 3866 1648 3918; x_wconf 91' lang='lat' dir='ltr'><strong>Dei</strong></span> <span class='ocrx_word' id='word_1_525' title='bbox 1675 3879 1768 3932; x_wconf 91' lang='lat' dir='ltr'><strong>per</strong></span> <span class='ocrx_word' id='word_1_526' title='bbox 1790 3865 1940 3916; x_wconf 83' lang='lat' dir='ltr'><strong>Salo-</strong></span> 
     </span>
    </p>
   </div>
   <div class='ocr_carea' id='block_1_71' title="bbox 412 3955 1938 4024">
    <p class='ocr_par' dir='ltr' id='par_1_71' title="bbox 412 3955 1938 4024">
     <span class='ocr_line' id='line_1_71' title="bbox 412 3955 1938 4024; baseline -0.008 -8"><span class='ocrx_word' id='word_1_527' title='bbox 412 3977 621 4017; x_wconf 81' lang='lat' dir='ltr'><strong>nionem</strong></span> <span class='ocrx_word' id='word_1_528' title='bbox 660 3961 788 4013; x_wconf 91' lang='lat' dir='ltr'><strong>dicit</strong></span> <span class='ocrx_word' id='word_1_529' title='bbox 815 3961 892 4010; x_wconf 76' lang='grc' dir='ltr'><strong>⁸⁸ε</strong></span> <span class='ocrx_word' id='word_1_530' title='bbox 945 3977 960 4008; x_wconf 82' lang='grc' dir='ltr'><strong>ι</strong></span> <span class='ocrx_word' id='word_1_531' title='bbox 989 3957 1389 4024; x_wconf 84' lang='lat' dir='ltr'><strong>lntelligibiliter</strong></span> <span class='ocrx_word' id='word_1_532' title='bbox 1434 3955 1662 4020; x_wconf 81' lang='lat' dir='ltr'><strong>intellige</strong></span> <span class='ocrx_word' id='word_1_533' title='bbox 1692 3969 1806 4018; x_wconf 69' lang='lat' dir='ltr'><strong>qure</strong></span> <span class='ocrx_word' id='word_1_534' title='bbox 1845 3967 1938 4018; x_wconf 82' lang='lat' dir='ltr'><strong>ap-</strong></span> 
     </span>
    </p>
   </div>
   <div class='ocr_carea' id='block_1_72' title="bbox 414 4045 1942 4118">
    <p class='ocr_par' dir='ltr' id='par_1_72' title="bbox 414 4045 1942 4118">
     <span class='ocr_line' id='line_1_72' title="bbox 414 4045 1942 4118; baseline -0.006 -13"><span class='ocrx_word' id='word_1_535' title='bbox 414 4062 681 4118; x_wconf 83' lang='lat' dir='ltr'><strong>ponuntur</strong></span> <span class='ocrx_word' id='word_1_536' title='bbox 703 4052 816 4104; x_wconf 89' lang='lat' dir='ltr'><strong>tibi.</strong></span> <span class='ocrx_word' id='word_1_537' title='bbox 839 4069 855 4100; x_wconf 76' lang='grc' dir='ltr'><strong>ι</strong></span> <span class='ocrx_word' id='word_1_538' title='bbox 888 4050 1018 4103; x_wconf 81' lang='lat' dir='ltr'><strong>Vide</strong></span> <span class='ocrx_word' id='word_1_539' title='bbox 1038 4050 1210 4102; x_wconf 87' lang='lat' dir='ltr'><strong>statim</strong></span> <span class='ocrx_word' id='word_1_540' title='bbox 1241 4059 1298 4099; x_wconf 85' lang='grc' dir='ltr'><strong>ιιι</strong></span> <span class='ocrx_word' id='word_1_541' title='bbox 1323 4055 1494 4107; x_wconf 90' lang='lat' dir='ltr'><strong>natus,</strong></span> <span class='ocrx_word' id='word_1_542' title='bbox 1522 4045 1626 4095; x_wconf 91' lang='lat' dir='ltr'><strong>imo</strong></span> <span class='ocrx_word' id='word_1_543' title='bbox 1647 4053 1703 4096; x_wconf 90' lang='lat' dir='ltr'><strong>ut</strong></span> <span class='ocrx_word' id='word_1_544' title='bbox 1730 4046 1942 4096; x_wconf 80' lang='lat' dir='ltr'><strong>renatth</strong></span> 
     </span>
    </p>
   </div>
   <div class='ocr_carea' id='block_1_73' title="bbox 418 4132 1942 4205">
    <p class='ocr_par' dir='ltr' id='par_1_73' title="bbox 418 4132 1942 4205">
     <span class='ocr_line' id='line_1_73' title="bbox 418 4132 1942 4205; baseline -0.005 -13"><span class='ocrx_word' id='word_1_545' title='bbox 418 4142 580 4194; x_wconf 87' lang='lat' dir='ltr'><strong>fueris</strong></span> <span class='ocrx_word' id='word_1_546' title='bbox 604 4177 620 4202; x_wconf 94' lang='lat'><strong>,</strong></span> <span class='ocrx_word' id='word_1_547' title='bbox 664 4139 788 4205; x_wconf 86' lang='lat' dir='ltr'><strong>quid</strong></span> <span class='ocrx_word' id='word_1_548' title='bbox 838 4138 929 4188; x_wconf 90' lang='lat' dir='ltr'><strong>tibi</strong></span> <span class='ocrx_word' id='word_1_549' title='bbox 962 4137 1222 4188; x_wconf 89' lang='lat' dir='ltr'><strong>imminet.</strong></span> <span class='ocrx_word' id='word_1_550' title='bbox 1275 4132 1385 4186; x_wconf 82' lang='lat' dir='ltr'><strong>Hoc</strong></span> <span class='ocrx_word' id='word_1_551' title='bbox 1425 4133 1551 4186; x_wconf 91' lang='lat' dir='ltr'><strong>illud</strong></span> <span class='ocrx_word' id='word_1_552' title='bbox 1584 4141 1683 4196; x_wconf 92' lang='lat' dir='ltr'><strong>est,</strong></span> <span class='ocrx_word' id='word_1_553' title='bbox 1717 4132 1854 4200; x_wconf 88' lang='lat' dir='ltr'><strong>quod</strong></span> <span class='ocrx_word' id='word_1_554' title='bbox 1889 4132 1942 4184; x_wconf 89' lang='lat' dir='ltr'><strong>in</strong></span> 
     </span>
    </p>
   </div>
   <div class='ocr_carea' id='block_1_74' title="bbox 419 4222 1945 4294">
    <p class='ocr_par' dir='ltr' id='par_1_74' title="bbox 419 4222 1945 4294">
     <span class='ocr_line' id='line_1_74' title="bbox 419 4222 1945 4294; baseline -0.007 -9"><span class='ocrx_word' id='word_1_555' title='bbox 419 4227 702 4294; x_wconf 79' lang='lat' dir='ltr'><strong>Evangelio</strong></span> <span class='ocrx_word' id='word_1_556' title='bbox 729 4226 857 4292; x_wconf 81' lang='lat' dir='ltr'><strong>legis</strong></span> <span class='ocrx_word' id='word_1_557' title='bbox 881 4225 950 4287; x_wconf 79' lang='grc'><strong>⁸⁸,</strong></span> <span class='ocrx_word' id='word_1_558' title='bbox 984 4225 1104 4291; x_wconf 90' lang='lat' dir='ltr'><strong>quia</strong></span> <span class='ocrx_word' id='word_1_559' title='bbox 1131 4224 1284 4278; x_wconf 78' lang='lat' dir='ltr'><strong>Jesus</strong></span> <span class='ocrx_word' id='word_1_560' title='bbox 1318 4223 1496 4276; x_wconf 84' lang='lat' dir='ltr'><strong>statim</strong></span> <span class='ocrx_word' id='word_1_561' title='bbox 1528 4231 1583 4274; x_wconf 93' lang='grc' dir='ltr'><strong>ιιι</strong></span> <span class='ocrx_word' id='word_1_562' title='bbox 1609 4222 1849 4274; x_wconf 86' lang='lat' dir='ltr'><strong>ascendit</strong></span> <span class='ocrx_word' id='word_1_563' title='bbox 1881 4223 1945 4274; x_wconf 91' lang='lat' dir='ltr'><strong>de</strong></span> 
     </span>
    </p>
   </div>
   <div class='ocr_carea' id='block_1_75' title="bbox 2088 3057 3697 3129">
    <p class='ocr_par' dir='ltr' id='par_1_75' title="bbox 2088 3057 3697 3129">
     <span class='ocr_line' id='line_1_75' title="bbox 2088 3057 3697 3129; baseline -0.01 -7"><span class='ocrx_word' id='word_1_564' title='bbox 2088 3069 2143 3122; x_wconf 67' lang='grc' dir='ltr'><strong>Δ.</strong></span> <span class='ocrx_word' id='word_1_565' title='bbox 2179 3084 2199 3117; x_wconf 69' lang='grc' dir='ltr'><strong>ι</strong></span> <span class='ocrx_word' id='word_1_566' title='bbox 2228 3065 2476 3118; x_wconf 81' lang='lat' dir='ltr'><strong>Videntes</strong></span> <span class='ocrx_word' id='word_1_567' title='bbox 2497 3079 2515 3112; x_wconf 86' lang='grc'><strong>›</strong></span> <span class='ocrx_word' id='word_1_568' title='bbox 2543 3076 2672 3129; x_wconf 83' lang='lat' dir='ltr'><strong>ergo</strong></span> <span class='ocrx_word' id='word_1_569' title='bbox 2704 3059 2794 3112; x_wconf 89' lang='lat' dir='ltr'><strong>isti</strong></span> <span class='ocrx_word' id='word_1_570' title='bbox 2823 3058 2895 3112; x_wconf 90' lang='lat' dir='ltr'><strong>de</strong></span> <span class='ocrx_word' id='word_1_571' title='bbox 2925 3057 3090 3111; x_wconf 87' lang='lat' dir='ltr'><strong>tribu</strong></span> <span class='ocrx_word' id='word_1_572' title='bbox 3112 3059 3273 3113; x_wconf 86' lang='lat' dir='ltr'><strong>Levi</strong></span> <span class='ocrx_word' id='word_1_573' title='bbox 3299 3077 3323 3111; x_wconf 74' lang='grc' dir='ltr'><strong>ι</strong></span> <span class='ocrx_word' id='word_1_574' title='bbox 3352 3057 3697 3127; x_wconf 75' lang='lat' dir='ltr'><strong>elegantem</strong></span> 
     </span>
    </p>
   </div>
   <div class='ocr_carea' id='block_1_76' title="bbox 2023 3148 3698 3217">
    <p class='ocr_par' dir='ltr' id='par_1_76' title="bbox 2023 3148 3698 3217">
     <span class='ocr_line' id='line_1_76' title="bbox 2023 3148 3698 3217; baseline -0.011 -3"><span class='ocrx_word' id='word_1_575' title='bbox 2023 3173 2141 3214; x_wconf 87' lang='lat' dir='ltr'><strong>esse</strong></span> <span class='ocrx_word' id='word_1_576' title='bbox 2187 3155 2441 3210; x_wconf 75' lang='lat' dir='ltr'><strong>infantem</strong></span> <span class='ocrx_word' id='word_1_577' title='bbox 2477 3191 2494 3217; x_wconf 91' lang='lat'><strong>,</strong></span> <span class='ocrx_word' id='word_1_578' title='bbox 2528 3151 2850 3203; x_wconf 88' lang='lat' dir='ltr'><strong>celaverunt</strong></span> <span class='ocrx_word' id='word_1_579' title='bbox 2903 3164 3042 3202; x_wconf 90' lang='lat' dir='ltr'><strong>eum</strong></span> <span class='ocrx_word' id='word_1_580' title='bbox 3093 3152 3442 3205; x_wconf 88' lang='lat' dir='ltr'><strong>mensibus</strong></span> <span class='ocrx_word' id='word_1_581' title='bbox 3481 3148 3698 3203; x_wconf 85' lang='lat' dir='ltr'><strong>tribus.</strong></span> 
     </span>
    </p>
   </div>
   <div class='ocr_carea' id='block_1_77' title="bbox 2023 3231 3698 3315">
    <p class='ocr_par' dir='ltr' id='par_1_77' title="bbox 2023 3231 3698 3315">
     <span class='ocr_line' id='line_1_77' title="bbox 2023 3231 3698 3315; baseline -0.006 -15"><span class='ocrx_word' id='word_1_582' title='bbox 2023 3248 2263 3312; x_wconf 91' lang='lat' dir='ltr'><strong>Cumque</strong></span> <span class='ocrx_word' id='word_1_583' title='bbox 2293 3256 2395 3296; x_wconf 90' lang='lat' dir='ltr'><strong>non</strong></span> <span class='ocrx_word' id='word_1_584' title='bbox 2437 3245 2656 3315; x_wconf 84' lang='lat' dir='ltr'><strong>possent</strong></span> <span class='ocrx_word' id='word_1_585' title='bbox 2689 3235 2930 3302; x_wconf 90' lang='lat' dir='ltr'><strong>amplius</strong></span> <span class='ocrx_word' id='word_1_586' title='bbox 2964 3237 3178 3291; x_wconf 90' lang='lat' dir='ltr'><strong>celare</strong></span> <span class='ocrx_word' id='word_1_587' title='bbox 3208 3254 3385 3304; x_wconf 89' lang='lat' dir='ltr'><strong>eum,</strong></span> <span class='ocrx_word' id='word_1_588' title='bbox 3419 3231 3698 3302; x_wconf 66' lang='lat' dir='ltr'><strong>sumpsit.</strong></span> 
     </span>
    </p>
   </div>
   <div class='ocr_carea' id='block_1_78' title="bbox 2028 3324 3698 3405">
    <p class='ocr_par' dir='ltr' id='par_1_78' title="bbox 2028 3324 3698 3405">
     <span class='ocr_line' id='line_1_78' title="bbox 2028 3324 3698 3405; baseline -0.008 -15"><span class='ocrx_word' id='word_1_589' title='bbox 2028 3333 2211 3405; x_wconf 72' lang='lat' dir='ltr'><strong>inquit</strong></span> <span class='ocrx_word' id='word_1_590' title='bbox 2233 3333 2301 3396; x_wconf 76' lang='lat'><strong>&quot;,</strong></span> <span class='ocrx_word' id='word_1_591' title='bbox 2335 3340 2504 3383; x_wconf 86' lang='lat' dir='ltr'><strong>mater</strong></span> <span class='ocrx_word' id='word_1_592' title='bbox 2531 3328 2648 3395; x_wconf 89' lang='lat' dir='ltr'><strong>ejus</strong></span> <span class='ocrx_word' id='word_1_593' title='bbox 2679 3324 2815 3376; x_wconf 90' lang='lat' dir='ltr'><strong>tibin</strong></span> <span class='ocrx_word' id='word_1_594' title='bbox 2844 3324 2993 3393; x_wconf 85' lang='lat'><strong>(97),</strong></span> <span class='ocrx_word' id='word_1_595' title='bbox 3022 3336 3086 3378; x_wconf 90' lang='lat' dir='ltr'><strong>et</strong></span> <span class='ocrx_word' id='word_1_596' title='bbox 3113 3326 3337 3381; x_wconf 90' lang='lat' dir='ltr'><strong>linivit</strong></span> <span class='ocrx_word' id='word_1_597' title='bbox 3377 3325 3698 3389; x_wconf 82' lang='lat' dir='ltr'><strong>bitumine,</strong></span> 
     </span>
    </p>
   </div>
   <div class='ocr_carea' id='block_1_79' title="bbox 2027 3416 3692 3490">
    <p class='ocr_par' dir='ltr' id='par_1_79' title="bbox 2027 3416 3692 3490">
     <span class='ocr_line' id='line_1_79' title="bbox 2027 3416 3692 3490; baseline -0.014 -8"><span class='ocrx_word' id='word_1_598' title='bbox 2027 3437 2081 3482; x_wconf 91' lang='lat' dir='ltr'><strong>et</strong></span> <span class='ocrx_word' id='word_1_599' title='bbox 2112 3423 2292 3490; x_wconf 90' lang='lat' dir='ltr'><strong>injecit</strong></span> <span class='ocrx_word' id='word_1_600' title='bbox 2328 3419 2584 3473; x_wconf 84' lang='lat' dir='ltr'><strong>infantem</strong></span> <span class='ocrx_word' id='word_1_601' title='bbox 2613 3416 2666 3468; x_wconf 91' lang='lat' dir='ltr'><strong>in</strong></span> <span class='ocrx_word' id='word_1_602' title='bbox 2701 3428 2849 3475; x_wconf 89' lang='lat' dir='ltr'><strong>eam,</strong></span> <span class='ocrx_word' id='word_1_603' title='bbox 2900 3425 2962 3466; x_wconf 91' lang='lat' dir='ltr'><strong>et</strong></span> <span class='ocrx_word' id='word_1_604' title='bbox 2993 3419 3220 3482; x_wconf 85' lang='lat' dir='ltr'><strong>posuit</strong></span> <span class='ocrx_word' id='word_1_605' title='bbox 3249 3418 3316 3470; x_wconf 88' lang='lat' dir='ltr'><strong>in</strong></span> <span class='ocrx_word' id='word_1_606' title='bbox 3353 3417 3692 3486; x_wconf 58' lang='lat' dir='ltr'><strong>paludosa-</strong></span> 
     </span>
    </p>
   </div>
   <div class='ocr_carea' id='block_1_80' title="bbox 2029 3505 3704 3576">
    <p class='ocr_par' dir='ltr' id='par_1_80' title="bbox 2029 3505 3704 3576">
     <span class='ocr_line' id='line_1_80' title="bbox 2029 3505 3704 3576; baseline -0.008 -6"><span class='ocrx_word' id='word_1_607' title='bbox 2029 3530 2125 3571; x_wconf 88' lang='lat' dir='ltr'><strong>cus</strong></span> <span class='ocrx_word' id='word_1_608' title='bbox 2153 3515 2368 3572; x_wconf 88' lang='lat' dir='ltr'><strong>flumen,</strong></span> <span class='ocrx_word' id='word_1_609' title='bbox 2418 3518 2472 3561; x_wconf 90' lang='lat' dir='ltr'><strong>et</strong></span> <span class='ocrx_word' id='word_1_610' title='bbox 2511 3505 2839 3560; x_wconf 88' lang='lat' dir='ltr'><strong>observabat</strong></span> <span class='ocrx_word' id='word_1_611' title='bbox 2889 3520 3068 3558; x_wconf 90' lang='lat' dir='ltr'><strong>soror</strong></span> <span class='ocrx_word' id='word_1_612' title='bbox 3118 3508 3270 3576; x_wconf 87' lang='lat' dir='ltr'><strong>ejus</strong></span> <span class='ocrx_word' id='word_1_613' title='bbox 3299 3510 3384 3562; x_wconf 90' lang='lat' dir='ltr'><strong>de</strong></span> <span class='ocrx_word' id='word_1_614' title='bbox 3415 3509 3615 3576; x_wconf 76' lang='lat' dir='ltr'><strong>longe,</strong></span> <span class='ocrx_word' id='word_1_615' title='bbox 3643 3511 3704 3556; x_wconf 91' lang='lat' dir='ltr'><strong>ut</strong></span> 
     </span>
    </p>
   </div>
   <div class='ocr_carea' id='block_1_81' title="bbox 2033 3595 3706 3667">
    <p class='ocr_par' dir='ltr' id='par_1_81' title="bbox 2033 3595 3706 3667">
     <span class='ocr_line' id='line_1_81' title="bbox 2033 3595 3706 3667; baseline -0.008 -8"><span class='ocrx_word' id='word_1_616' title='bbox 2033 3606 2241 3658; x_wconf 88' lang='lat' dir='ltr'><strong>videret</strong></span> <span class='ocrx_word' id='word_1_617' title='bbox 2262 3599 2389 3667; x_wconf 92' lang='lat' dir='ltr'><strong>quid</strong></span> <span class='ocrx_word' id='word_1_618' title='bbox 2416 3597 2686 3649; x_wconf 87' lang='lat' dir='ltr'><strong>accideret</strong></span> <span class='ocrx_word' id='word_1_619' title='bbox 2705 3595 2775 3647; x_wconf 92' lang='lat' dir='ltr'><strong>ei.</strong></span> <span class='ocrx_word' id='word_1_620' title='bbox 2803 3595 3137 3648; x_wconf 87' lang='lat' dir='ltr'><strong>Descendit</strong></span> <span class='ocrx_word' id='word_1_621' title='bbox 3160 3607 3396 3652; x_wconf 86' lang='lat' dir='ltr'><strong>autem</strong></span> <span class='ocrx_word' id='word_1_622' title='bbox 3418 3598 3542 3651; x_wconf 82' lang='lat' dir='ltr'><strong>filia</strong></span> <span class='ocrx_word' id='word_1_623' title='bbox 3568 3595 3706 3648; x_wconf 78' lang='lat' dir='ltr'><strong>Pha-</strong></span> 
     </span>
    </p>
   </div>
   <div class='ocr_carea' id='block_1_82' title="bbox 2033 3684 3677 3757">
    <p class='ocr_par' dir='ltr' id='par_1_82' title="bbox 2033 3684 3677 3757">
     <span class='ocr_line' id='line_1_82' title="bbox 2033 3684 3677 3757; baseline -0.007 -8"><span class='ocrx_word' id='word_1_624' title='bbox 2033 3694 2260 3754; x_wconf 87' lang='lat' dir='ltr'><strong>raonis,.</strong></span> <span class='ocrx_word' id='word_1_625' title='bbox 2287 3699 2346 3742; x_wconf 94' lang='lat' dir='ltr'><strong>ut</strong></span> <span class='ocrx_word' id='word_1_626' title='bbox 2399 3688 2671 3738; x_wconf 85' lang='lat' dir='ltr'><strong>lavaretur</strong></span> <span class='ocrx_word' id='word_1_627' title='bbox 2700 3684 2756 3737; x_wconf 91' lang='lat' dir='ltr'><strong>in</strong></span> <span class='ocrx_word' id='word_1_628' title='bbox 2783 3684 3051 3749; x_wconf 89' lang='lat' dir='ltr'><strong>ﬂumine,</strong></span> <span class='ocrx_word' id='word_1_629' title='bbox 3080 3696 3149 3739; x_wconf 89' lang='lat' dir='ltr'><strong>et</strong></span> <span class='ocrx_word' id='word_1_630' title='bbox 3174 3690 3438 3742; x_wconf 84' lang='lat' dir='ltr'><strong>audivit</strong></span> <span class='ocrx_word' id='word_1_631' title='bbox 3476 3687 3677 3757; x_wconf 83' lang='lat' dir='ltr'><strong>ploran</strong></span> 
     </span>
    </p>
   </div>
   <div class='ocr_carea' id='block_1_83' title="bbox 2037 3772 3710 3846">
    <p class='ocr_par' dir='ltr' id='par_1_83' title="bbox 2037 3772 3710 3846">
     <span class='ocr_line' id='line_1_83' title="bbox 2037 3772 3710 3846; baseline -0.007 -9"><span class='ocrx_word' id='word_1_632' title='bbox 2037 3798 2140 3837; x_wconf 89' lang='lat' dir='ltr'><strong>tem</strong></span> <span class='ocrx_word' id='word_1_633' title='bbox 2169 3779 2447 3839; x_wconf 82' lang='lat' dir='ltr'><strong>infantem,</strong></span> <span class='ocrx_word' id='word_1_634' title='bbox 2475 3784 2528 3828; x_wconf 90' lang='lat' dir='ltr'><strong>et</strong></span> <span class='ocrx_word' id='word_1_635' title='bbox 2580 3773 2748 3838; x_wconf 88' lang='lat' dir='ltr'><strong>misit,</strong></span> <span class='ocrx_word' id='word_1_636' title='bbox 2793 3772 3008 3840; x_wconf 89' lang='lat' dir='ltr'><strong>inquit,</strong></span> <span class='ocrx_word' id='word_1_637' title='bbox 3057 3784 3124 3828; x_wconf 92' lang='lat' dir='ltr'><strong>et</strong></span> <span class='ocrx_word' id='word_1_638' title='bbox 3169 3778 3710 3846; x_wconf 82' lang='lat' dir='ltr'><strong>assumpsiteum,</strong></span> 
     </span>
    </p>
   </div>
   <div class='ocr_carea' id='block_1_84' title="bbox 2037 3862 3708 3927">
    <p class='ocr_par' dir='ltr' id='par_1_84' title="bbox 2037 3862 3708 3927">
     <span class='ocr_line' id='line_1_84' title="bbox 2037 3862 3708 3927; baseline -0.005 -2"><span class='ocrx_word' id='word_1_639' title='bbox 2037 3883 2090 3925; x_wconf 91' lang='lat' dir='ltr'><strong>et</strong></span> <span class='ocrx_word' id='word_1_640' title='bbox 2115 3872 2250 3924; x_wconf 77' lang='lat' dir='ltr'><strong>dixit</strong></span> <span class='ocrx_word' id='word_1_641' title='bbox 2275 3868 2378 3920; x_wconf 89' lang='lat' dir='ltr'><strong>lilia</strong></span> <span class='ocrx_word' id='word_1_642' title='bbox 2403 3863 2719 3924; x_wconf 83' lang='lat' dir='ltr'><strong>Pharaonis,</strong></span> <span class='ocrx_word' id='word_1_643' title='bbox 2751 3862 2882 3927; x_wconf 88' lang='lat' dir='ltr'><strong>quia</strong></span> <span class='ocrx_word' id='word_1_644' title='bbox 2921 3863 2995 3916; x_wconf 89' lang='lat' dir='ltr'><strong>de</strong></span> <span class='ocrx_word' id='word_1_645' title='bbox 3024 3863 3409 3923; x_wconf 84' lang='lat' dir='ltr'><strong>infantibus</strong></span> <span class='ocrx_word' id='word_1_646' title='bbox 3441 3869 3708 3923; x_wconf 64' lang='lat' dir='ltr'><strong>Hebraeo-</strong></span> 
     </span>
    </p>
   </div>
   <div class='ocr_carea' id='block_1_85' title="bbox 2041 3947 3711 4026">
    <p class='ocr_par' dir='ltr' id='par_1_85' title="bbox 2041 3947 3711 4026">
     <span class='ocr_line' id='line_1_85' title="bbox 2041 3947 3711 4026; baseline -0.008 -14"><span class='ocrx_word' id='word_1_647' title='bbox 2041 3974 2154 4013; x_wconf 90' lang='lat' dir='ltr'><strong>rutn</strong></span> <span class='ocrx_word' id='word_1_648' title='bbox 2182 3965 2261 4010; x_wconf 87' lang='lat' dir='ltr'><strong>est</strong></span> <span class='ocrx_word' id='word_1_649' title='bbox 2293 3955 2403 4007; x_wconf 91' lang='lat' dir='ltr'><strong>hic.</strong></span> <span class='ocrx_word' id='word_1_650' title='bbox 2436 3970 2454 4002; x_wconf 73' lang='grc' dir='ltr'><strong>ι</strong></span> <span class='ocrx_word' id='word_1_651' title='bbox 2489 3951 2616 4004; x_wconf 88' lang='lat' dir='ltr'><strong>Post</strong></span> <span class='ocrx_word' id='word_1_652' title='bbox 2656 3950 2770 4002; x_wconf 62' lang='lat' dir='ltr'><strong>haec</strong></span> <span class='ocrx_word' id='word_1_653' title='bbox 2791 3947 2908 4014; x_wconf 88' lang='lat' dir='ltr'><strong>jattt</strong></span> <span class='ocrx_word' id='word_1_654' title='bbox 2946 3951 3226 4006; x_wconf 88' lang='lat' dir='ltr'><strong>refertur</strong></span> <span class='ocrx_word' id='word_1_655' title='bbox 3258 3957 3590 4026; x_wconf 77' lang='lat' dir='ltr'><strong>quomodo</strong></span> <span class='ocrx_word' id='word_1_656' title='bbox 3619 3967 3711 4009; x_wconf 72' lang='grc' dir='ltr'><strong>εο-</strong></span> 
     </span>
    </p>
   </div>
   <div class='ocr_carea' id='block_1_86' title="bbox 2043 4040 3709 4115">
    <p class='ocr_par' dir='ltr' id='par_1_86' title="bbox 2043 4040 3709 4115">
     <span class='ocr_line' id='line_1_86' title="bbox 2043 4040 3709 4115; baseline -0.007 -16"><span class='ocrx_word' id='word_1_657' title='bbox 2043 4062 2132 4100; x_wconf 87' lang='lat' dir='ltr'><strong>ror</strong></span> <span class='ocrx_word' id='word_1_658' title='bbox 2179 4045 2293 4112; x_wconf 91' lang='lat' dir='ltr'><strong>ejus</strong></span> <span class='ocrx_word' id='word_1_659' title='bbox 2319 4040 2474 4101; x_wconf 79' lang='lat' dir='ltr'><strong>dixit,</strong></span> <span class='ocrx_word' id='word_1_660' title='bbox 2528 4046 2585 4090; x_wconf 94' lang='lat' dir='ltr'><strong>ut</strong></span> <span class='ocrx_word' id='word_1_661' title='bbox 2610 4046 2841 4089; x_wconf 91' lang='lat' dir='ltr'><strong>matrem</strong></span> <span class='ocrx_word' id='word_1_662' title='bbox 2878 4041 3047 4105; x_wconf 89' lang='lat' dir='ltr'><strong>pueri</strong></span> <span class='ocrx_word' id='word_1_663' title='bbox 3083 4055 3237 4094; x_wconf 82' lang='lat' dir='ltr'><strong>voca</strong></span> <span class='ocrx_word' id='word_1_664' title='bbox 3255 4058 3398 4112; x_wconf 57' lang='lat' dir='ltr'><strong>rei,</strong></span> <span class='ocrx_word' id='word_1_665' title='bbox 3431 4060 3563 4115; x_wconf 59' lang='lat' dir='ltr'><strong>qua;</strong></span> <span class='ocrx_word' id='word_1_666' title='bbox 3589 4055 3709 4096; x_wconf 81' lang='lat' dir='ltr'><strong>eum</strong></span> 
     </span>
    </p>
   </div>
   <div class='ocr_carea' id='block_1_87' title="bbox 2043 4126 3714 4194">
    <p class='ocr_par' dir='ltr' id='par_1_87' title="bbox 2043 4126 3714 4194">
     <span class='ocr_line' id='line_1_87' title="bbox 2043 4126 3714 4194; baseline -0.004 -6"><span class='ocrx_word' id='word_1_667' title='bbox 2043 4129 2392 4188; x_wconf 72' lang='lat' dir='ltr'><strong>nutriret.¢Et</strong></span> <span class='ocrx_word' id='word_1_668' title='bbox 2415 4129 2571 4191; x_wconf 81' lang='lat' dir='ltr'><strong>dixit,</strong></span> <span class='ocrx_word' id='word_1_669' title='bbox 2591 4126 2941 4194; x_wconf 72' lang='lat' dir='ltr'><strong>inquit“,ad</strong></span> <span class='ocrx_word' id='word_1_670' title='bbox 2973 4127 3140 4182; x_wconf 91' lang='lat' dir='ltr'><strong>illam</strong></span> <span class='ocrx_word' id='word_1_671' title='bbox 3170 4132 3335 4189; x_wconf 76' lang='lat' dir='ltr'><strong>filia</strong></span> <span class='ocrx_word' id='word_1_672' title='bbox 3365 4133 3714 4191; x_wconf 81' lang='lat' dir='ltr'><strong>Pharaonis:</strong></span> 
     </span>
    </p>
   </div>
   <div class='ocr_carea' id='block_1_88' title="bbox 2044 4214 3712 4282">
    <p class='ocr_par' dir='ltr' id='par_1_88' title="bbox 2044 4214 3712 4282">
     <span class='ocr_line' id='line_1_88' title="bbox 2044 4214 3712 4282; baseline -0.011 -3"><span class='ocrx_word' id='word_1_673' title='bbox 2044 4223 2262 4279; x_wconf 87' lang='lat' dir='ltr'><strong>Custodi</strong></span> <span class='ocrx_word' id='word_1_674' title='bbox 2310 4219 2437 4272; x_wconf 90' lang='lat' dir='ltr'><strong>mihi</strong></span> <span class='ocrx_word' id='word_1_675' title='bbox 2481 4219 2625 4270; x_wconf 91' lang='lat' dir='ltr'><strong>hunc</strong></span> <span class='ocrx_word' id='word_1_676' title='bbox 2677 4214 2978 4278; x_wconf 85' lang='lat' dir='ltr'><strong>infantem,</strong></span> <span class='ocrx_word' id='word_1_677' title='bbox 3019 4228 3084 4272; x_wconf 88' lang='lat' dir='ltr'><strong>et</strong></span> <span class='ocrx_word' id='word_1_678' title='bbox 3136 4229 3354 4279; x_wconf 75' lang='lat' dir='ltr'><strong>nutri</strong></span> <span class='ocrx_word' id='word_1_679' title='bbox 3391 4242 3525 4280; x_wconf 78' lang='lat' dir='ltr'><strong>eum</strong></span> <span class='ocrx_word' id='word_1_680' title='bbox 3558 4223 3712 4282; x_wconf 60' lang='lat' dir='ltr'><strong>mihi,</strong></span> 
     </span>
    </p>
   </div>
   <div class='ocr_carea' id='block_1_89' title="bbox 421 4306 3723 4386">
    <p class='ocr_par' dir='ltr' id='par_1_89' title="bbox 421 4306 3723 4386">
     <span class='ocr_line' id='line_1_89' title="bbox 421 4306 3723 4386; baseline -0.008 -16"><span class='ocrx_word' id='word_1_681' title='bbox 421 4318 686 4385; x_wconf 86' lang='lat' dir='ltr'><strong>baptismo</strong></span> <span class='ocrx_word' id='word_1_682' title='bbox 715 4353 730 4378; x_wconf 95' lang='lat'><strong>,</strong></span> <span class='ocrx_word' id='word_1_683' title='bbox 765 4333 782 4365; x_wconf 82' lang='grc' dir='ltr'><strong>ι</strong></span> <span class='ocrx_word' id='word_1_684' title='bbox 811 4315 1002 4368; x_wconf 88' lang='lat' dir='ltr'><strong>ductus</strong></span> <span class='ocrx_word' id='word_1_685' title='bbox 1045 4322 1127 4367; x_wconf 80' lang='lat' dir='ltr'><strong>cst</strong></span> <span class='ocrx_word' id='word_1_686' title='bbox 1172 4329 1200 4364; x_wconf 92' lang='lat' dir='ltr'><strong>a</strong></span> <span class='ocrx_word' id='word_1_687' title='bbox 1266 4313 1451 4380; x_wconf 91' lang='lat' dir='ltr'><strong>spiritu</strong></span> <span class='ocrx_word' id='word_1_688' title='bbox 1493 4312 1542 4363; x_wconf 93' lang='lat' dir='ltr'><strong>in</strong></span> <span class='ocrx_word' id='word_1_689' title='bbox 1582 4311 1845 4363; x_wconf 89' lang='lat' dir='ltr'><strong>desertum</strong></span> <span class='ocrx_word' id='word_1_690' title='bbox 1888 4320 1944 4361; x_wconf 91' lang='lat' dir='ltr'><strong>ut</strong></span> <span class='ocrx_word' id='word_1_691' title='bbox 1973 4308 2015 4360; x_wconf 91' lang='lat' dir='ltr'><strong>D</strong></span> <span class='ocrx_word' id='word_1_692' title='bbox 2045 4331 2144 4384; x_wconf 73' lang='lat' dir='ltr'><strong>ego</strong></span> <span class='ocrx_word' id='word_1_693' title='bbox 2173 4321 2348 4366; x_wconf 75' lang='lat' dir='ltr'><strong>autem</strong></span> <span class='ocrx_word' id='word_1_694' title='bbox 2384 4308 2522 4362; x_wconf 84' lang='lat' dir='ltr'><strong>dabo</strong></span> <span class='ocrx_word' id='word_1_695' title='bbox 2558 4306 2652 4359; x_wconf 86' lang='lat' dir='ltr'><strong>tibi</strong></span> <span class='ocrx_word' id='word_1_696' title='bbox 2701 4307 3048 4361; x_wconf 77' lang='lat' dir='ltr'><strong>mercedem,</strong></span> <span class='ocrx_word' id='word_1_697' title='bbox 3092 4309 3424 4386; x_wconf 65' lang='lat' dir='ltr'><strong>cumque</strong></span> <span class='ocrx_word' id='word_1_698' title='bbox 3456 4314 3723 4371; x_wconf 51' lang='lat' dir='ltr'><strong>inmissa</strong></span> 
     </span>
    </p>
   </div>
   <div class='ocr_carea' id='block_1_90' title="bbox 426 4401 1948 4470">
    <p class='ocr_par' dir='ltr' id='par_1_90' title="bbox 426 4401 1948 4470">
     <span class='ocr_line' id='line_1_90' title="bbox 426 4401 1948 4470; baseline -0.005 -10"><span class='ocrx_word' id='word_1_699' title='bbox 426 4417 719 4461; x_wconf 89' lang='lat' dir='ltr'><strong>tentaretur</strong></span> <span class='ocrx_word' id='word_1_700' title='bbox 741 4419 770 4457; x_wconf 92' lang='lat' dir='ltr'><strong>a</strong></span> <span class='ocrx_word' id='word_1_701' title='bbox 794 4404 1023 4458; x_wconf 92' lang='lat' dir='ltr'><strong>diabolo.</strong></span> <span class='ocrx_word' id='word_1_702' title='bbox 1047 4421 1065 4453; x_wconf 73' lang='grc' dir='ltr'><strong>ι</strong></span> <span class='ocrx_word' id='word_1_703' title='bbox 1095 4402 1204 4456; x_wconf 90' lang='lat' dir='ltr'><strong>lloc</strong></span> <span class='ocrx_word' id='word_1_704' title='bbox 1222 4416 1346 4470; x_wconf 80' lang='lat' dir='ltr'><strong>ergo</strong></span> <span class='ocrx_word' id='word_1_705' title='bbox 1366 4411 1444 4456; x_wconf 88' lang='lat' dir='ltr'><strong>est</strong></span> <span class='ocrx_word' id='word_1_706' title='bbox 1467 4404 1606 4469; x_wconf 88' lang='lat' dir='ltr'><strong>quod</strong></span> <span class='ocrx_word' id='word_1_707' title='bbox 1629 4411 1680 4453; x_wconf 91' lang='lat' dir='ltr'><strong>et</strong></span> <span class='ocrx_word' id='word_1_708' title='bbox 1704 4402 1804 4454; x_wconf 92' lang='lat' dir='ltr'><strong>boc</strong></span> <span class='ocrx_word' id='word_1_709' title='bbox 1831 4401 1948 4452; x_wconf 77' lang='lat' dir='ltr'><strong>loco</strong></span> 
     </span>
    </p>
   </div>
   <div class='ocr_carea' id='block_1_91' title="bbox 424 4488 1946 4562">
    <p class='ocr_par' dir='ltr' id='par_1_91' title="bbox 424 4488 1946 4562">
     <span class='ocr_line' id='line_1_91' title="bbox 424 4488 1946 4562; baseline -0.006 -11"><span class='ocrx_word' id='word_1_710' title='bbox 424 4499 630 4551; x_wconf 88' lang='lat' dir='ltr'><strong>Pharao</strong></span> <span class='ocrx_word' id='word_1_711' title='bbox 657 4494 904 4562; x_wconf 72' lang='lat' dir='ltr'><strong>praicepit</strong></span> <span class='ocrx_word' id='word_1_712' title='bbox 934 4493 1123 4559; x_wconf 82' lang='lat' dir='ltr'><strong>ponulo</strong></span> <span class='ocrx_word' id='word_1_713' title='bbox 1151 4507 1267 4554; x_wconf 94' lang='lat' dir='ltr'><strong>suo,</strong></span> <span class='ocrx_word' id='word_1_714' title='bbox 1297 4491 1547 4546; x_wconf 68' lang='lat' dir='ltr'><strong>Hebraeos</strong></span> <span class='ocrx_word' id='word_1_715' title='bbox 1576 4488 1807 4543; x_wconf 81' lang='lat' dir='ltr'><strong>infantes</strong></span> <span class='ocrx_word' id='word_1_716' title='bbox 1837 4498 1946 4542; x_wconf 88' lang='lat' dir='ltr'><strong>sta-</strong></span> 
     </span>
    </p>
   </div>
   <div class='ocr_carea' id='block_1_92' title="bbox 425 4579 1948 4648">
    <p class='ocr_par' dir='ltr' id='par_1_92' title="bbox 425 4579 1948 4648">
     <span class='ocr_line' id='line_1_92' title="bbox 425 4579 1948 4648; baseline -0.007 -9"><span class='ocrx_word' id='word_1_717' title='bbox 425 4590 520 4640; x_wconf 87' lang='lat' dir='ltr'><strong>tim</strong></span> <span class='ocrx_word' id='word_1_718' title='bbox 549 4595 606 4638; x_wconf 94' lang='lat' dir='ltr'><strong>ut</strong></span> <span class='ocrx_word' id='word_1_719' title='bbox 629 4587 734 4638; x_wconf 90' lang='lat' dir='ltr'><strong>nati</strong></span> <span class='ocrx_word' id='word_1_720' title='bbox 761 4583 1235 4642; x_wconf 78' lang='lat' dir='ltr'><strong>fuerintinvadant,</strong></span> <span class='ocrx_word' id='word_1_721' title='bbox 1253 4581 1682 4648; x_wconf 71' lang='lat' dir='ltr'><strong>diripiattt,aquis</strong></span> <span class='ocrx_word' id='word_1_722' title='bbox 1707 4579 1948 4632; x_wconf 85' lang='lat' dir='ltr'><strong>submer-</strong></span> 
     </span>
    </p>
   </div>
   <div class='ocr_carea' id='block_1_93' title="bbox 425 4667 1946 4746">
    <p class='ocr_par' dir='ltr' id='par_1_93' title="bbox 425 4667 1946 4746">
     <span class='ocr_line' id='line_1_93' title="bbox 425 4667 1946 4746; baseline -0.007 -16"><span class='ocrx_word' id='word_1_723' title='bbox 425 4687 572 4746; x_wconf 72' lang='lat' dir='ltr'><strong>gant.</strong></span> <span class='ocrx_word' id='word_1_724' title='bbox 592 4675 700 4729; x_wconf 83' lang='lat' dir='ltr'><strong>lloc</strong></span> <span class='ocrx_word' id='word_1_725' title='bbox 723 4674 964 4728; x_wconf 82' lang='lat' dir='ltr'><strong>fortassis</strong></span> <span class='ocrx_word' id='word_1_726' title='bbox 975 4682 1056 4724; x_wconf 90' lang='lat' dir='ltr'><strong>est</strong></span> <span class='ocrx_word' id='word_1_727' title='bbox 1075 4672 1210 4738; x_wconf 90' lang='lat' dir='ltr'><strong>quod</strong></span> <span class='ocrx_word' id='word_1_728' title='bbox 1233 4685 1322 4736; x_wconf 87' lang='lat' dir='ltr'><strong>per</strong></span> <span class='ocrx_word' id='word_1_729' title='bbox 1343 4668 1654 4736; x_wconf 87' lang='lat' dir='ltr'><strong>Prophetam</strong></span> <span class='ocrx_word' id='word_1_730' title='bbox 1673 4669 1866 4721; x_wconf 89' lang='lat' dir='ltr'><strong>dicitur</strong></span> <span class='ocrx_word' id='word_1_731' title='bbox 1881 4667 1946 4719; x_wconf 71' lang='grc' dir='ltr'><strong>’τε</strong></span> 
     </span>
    </p>
   </div>
   <div class='ocr_carea' id='block_1_94' title="bbox 434 4759 1947 4832">
    <p class='ocr_par' dir='ltr' id='par_1_94' title="bbox 434 4759 1947 4832">
     <span class='ocr_line' id='line_1_94' title="bbox 434 4759 1947 4832; baseline -0.005 -15"><span class='ocrx_word' id='word_1_732' title='bbox 434 4789 450 4817; x_wconf 82' lang='grc' dir='ltr'><strong>ι</strong></span> <span class='ocrx_word' id='word_1_733' title='bbox 479 4768 610 4832; x_wconf 88' lang='lat' dir='ltr'><strong>Quia</strong></span> <span class='ocrx_word' id='word_1_734' title='bbox 654 4767 983 4818; x_wconf 85' lang='lat' dir='ltr'><strong>intraverunt</strong></span> <span class='ocrx_word' id='word_1_735' title='bbox 1009 4778 1156 4831; x_wconf 69' lang='lat' dir='ltr'><strong>aqua:</strong></span> <span class='ocrx_word' id='word_1_736' title='bbox 1198 4775 1365 4829; x_wconf 90' lang='lat' dir='ltr'><strong>usque</strong></span> <span class='ocrx_word' id='word_1_737' title='bbox 1393 4761 1457 4812; x_wconf 92' lang='lat' dir='ltr'><strong>ad</strong></span> <span class='ocrx_word' id='word_1_738' title='bbox 1489 4759 1720 4811; x_wconf 89' lang='lat' dir='ltr'><strong>animam</strong></span> <span class='ocrx_word' id='word_1_739' title='bbox 1751 4772 1947 4811; x_wconf 88' lang='lat' dir='ltr'><strong>meam.</strong></span> 
     </span>
    </p>
   </div>
   <div class='ocr_carea' id='block_1_95' title="bbox 431 4847 1950 4919">
    <p class='ocr_par' dir='ltr' id='par_1_95' title="bbox 431 4847 1950 4919">
     <span class='ocr_line' id='line_1_95' title="bbox 431 4847 1950 4919; baseline -0.009 -7"><span class='ocrx_word' id='word_1_740' title='bbox 431 4858 642 4912; x_wconf 75' lang='lat' dir='ltr'><strong>Detixus</strong></span> <span class='ocrx_word' id='word_1_741' title='bbox 669 4870 784 4908; x_wconf 89' lang='lat' dir='ltr'><strong>sum</strong></span> <span class='ocrx_word' id='word_1_742' title='bbox 815 4855 866 4908; x_wconf 88' lang='lat' dir='ltr'><strong>itt</strong></span> <span class='ocrx_word' id='word_1_743' title='bbox 896 4853 1021 4906; x_wconf 81' lang='lat' dir='ltr'><strong>limo</strong></span> <span class='ocrx_word' id='word_1_744' title='bbox 1064 4853 1337 4919; x_wconf 89' lang='lat' dir='ltr'><strong>profundi,</strong></span> <span class='ocrx_word' id='word_1_745' title='bbox 1365 4859 1418 4904; x_wconf 85' lang='lat' dir='ltr'><strong>et</strong></span> <span class='ocrx_word' id='word_1_746' title='bbox 1449 4864 1551 4902; x_wconf 92' lang='lat' dir='ltr'><strong>non</strong></span> <span class='ocrx_word' id='word_1_747' title='bbox 1583 4858 1666 4900; x_wconf 85' lang='lat' dir='ltr'><strong>est</strong></span> <span class='ocrx_word' id='word_1_748' title='bbox 1699 4847 1950 4899; x_wconf 87' lang='lat' dir='ltr'><strong>substan-</strong></span> 
     </span>
    </p>
   </div>
   <div class='ocr_carea' id='block_1_96' title="bbox 435 4936 1955 5010">
    <p class='ocr_par' dir='ltr' id='par_1_96' title="bbox 435 4936 1955 5010">
     <span class='ocr_line' id='line_1_96' title="bbox 435 4936 1955 5010; baseline -0.01 -9"><span class='ocrx_word' id='word_1_749' title='bbox 435 4951 527 5001; x_wconf 86' lang='lat' dir='ltr'><strong>tia.</strong></span> <span class='ocrx_word' id='word_1_750' title='bbox 554 4965 572 4997; x_wconf 82' lang='grc'><strong>›</strong></span> <span class='ocrx_word' id='word_1_751' title='bbox 609 4945 714 4998; x_wconf 91' lang='lat' dir='ltr'><strong>Sed</strong></span> <span class='ocrx_word' id='word_1_752' title='bbox 744 4953 1022 5010; x_wconf 85' lang='lat' dir='ltr'><strong>propterea</strong></span> <span class='ocrx_word' id='word_1_753' title='bbox 1055 4943 1294 4995; x_wconf 83' lang='lat' dir='ltr'><strong>Christus</strong></span> <span class='ocrx_word' id='word_1_754' title='bbox 1323 4938 1590 5004; x_wconf 86' lang='lat' dir='ltr'><strong>superavit</strong></span> <span class='ocrx_word' id='word_1_755' title='bbox 1618 4947 1670 4988; x_wconf 93' lang='lat' dir='ltr'><strong>et</strong></span> <span class='ocrx_word' id='word_1_756' title='bbox 1701 4936 1865 4997; x_wconf 91' lang='lat' dir='ltr'><strong>vicit,</strong></span> <span class='ocrx_word' id='word_1_757' title='bbox 1898 4945 1955 4986; x_wconf 94' lang='lat' dir='ltr'><strong>ut</strong></span> 
     </span>
    </p>
   </div>
   <div class='ocr_carea' id='block_1_97' title="bbox 432 5022 1950 5097">
    <p class='ocr_par' dir='ltr' id='par_1_97' title="bbox 432 5022 1950 5097">
     <span class='ocr_line' id='line_1_97' title="bbox 432 5022 1950 5097; baseline -0.014 -3"><span class='ocrx_word' id='word_1_758' title='bbox 432 5038 524 5094; x_wconf 85' lang='lat' dir='ltr'><strong>tibi</strong></span> <span class='ocrx_word' id='word_1_759' title='bbox 561 5033 796 5089; x_wconf 87' lang='lat' dir='ltr'><strong>vincendi</strong></span> <span class='ocrx_word' id='word_1_760' title='bbox 825 5035 924 5085; x_wconf 91' lang='lat' dir='ltr'><strong>iter</strong></span> <span class='ocrx_word' id='word_1_761' title='bbox 951 5031 1199 5097; x_wconf 86' lang='lat' dir='ltr'><strong>aperiret.</strong></span> <span class='ocrx_word' id='word_1_762' title='bbox 1229 5027 1507 5093; x_wconf 87' lang='lat' dir='ltr'><strong>Propterea</strong></span> <span class='ocrx_word' id='word_1_763' title='bbox 1535 5022 1779 5092; x_wconf 83' lang='lat' dir='ltr'><strong>jejunans</strong></span> <span class='ocrx_word' id='word_1_764' title='bbox 1809 5022 1950 5085; x_wconf 90' lang='lat' dir='ltr'><strong>vicit,</strong></span> 
     </span>
    </p>
   </div>
   <div class='ocr_carea' id='block_1_98' title="bbox 435 5110 1957 5191">
    <p class='ocr_par' dir='ltr' id='par_1_98' title="bbox 435 5110 1957 5191">
     <span class='ocr_line' id='line_1_98' title="bbox 435 5110 1957 5191; baseline -0.012 -9"><span class='ocrx_word' id='word_1_765' title='bbox 435 5140 491 5182; x_wconf 91' lang='lat' dir='ltr'><strong>ut</strong></span> <span class='ocrx_word' id='word_1_766' title='bbox 519 5139 572 5182; x_wconf 92' lang='lat' dir='ltr'><strong>et</strong></span> <span class='ocrx_word' id='word_1_767' title='bbox 595 5136 645 5178; x_wconf 92' lang='grc' dir='ltr'><strong>ιιι</strong></span> <span class='ocrx_word' id='word_1_768' title='bbox 671 5125 809 5178; x_wconf 85' lang='lat' dir='ltr'><strong>scias</strong></span> <span class='ocrx_word' id='word_1_769' title='bbox 835 5120 1130 5191; x_wconf 90' lang='lat' dir='ltr'><strong>hujusmodi</strong></span> <span class='ocrx_word' id='word_1_770' title='bbox 1158 5133 1321 5187; x_wconf 83' lang='lat' dir='ltr'><strong>genus</strong></span> <span class='ocrx_word' id='word_1_771' title='bbox 1344 5116 1714 5166; x_wconf 71' lang='lat' dir='ltr'><strong>dmmoniorum</strong></span> <span class='ocrx_word' id='word_1_772' title='bbox 1742 5110 1957 5176; x_wconf 88' lang='lat' dir='ltr'><strong>jejuniis</strong></span> 
     </span>
    </p>
   </div>
   <div class='ocr_carea' id='block_1_99' title="bbox 503 5207 1482 5279">
    <p class='ocr_par' dir='ltr' id='par_1_99' title="bbox 503 5207 1482 5279">
     <span class='ocr_line' id='line_1_99' title="bbox 503 5207 1482 5279; baseline -0.015 -4"><span class='ocrx_word' id='word_1_773' title='bbox 503 5224 550 5255; x_wconf 75' lang='lat'><strong>“</strong></span> <span class='ocrx_word' id='word_1_774' title='bbox 575 5221 740 5274; x_wconf 79' lang='lat' dir='ltr'><strong>Exod.</strong></span> <span class='ocrx_word' id='word_1_775' title='bbox 768 5237 804 5279; x_wconf 88' lang='lat' dir='ltr'><strong>t,</strong></span> <span class='ocrx_word' id='word_1_776' title='bbox 833 5218 923 5270; x_wconf 71' lang='lat'><strong>92.</strong></span> <span class='ocrx_word' id='word_1_777' title='bbox 995 5216 1038 5246; x_wconf 82' lang='grc'><strong>⁸³</strong></span> <span class='ocrx_word' id='word_1_778' title='bbox 1065 5213 1221 5266; x_wconf 85' lang='lat' dir='ltr'><strong>Prov.</strong></span> <span class='ocrx_word' id='word_1_779' title='bbox 1253 5225 1402 5272; x_wconf 80' lang='lat' dir='ltr'><strong>xxut,</strong></span> <span class='ocrx_word' id='word_1_780' title='bbox 1433 5207 1482 5260; x_wconf 88' lang='grc'><strong>1.</strong></span> 
     </span>
    </p>
   </div>
   <div class='ocr_carea' id='block_1_100' title="bbox 433 5279 1199 5356">
    <p class='ocr_par' dir='ltr' id='par_1_100' title="bbox 433 5279 1199 5356">
     <span class='ocr_line' id='line_1_100' title="bbox 433 5279 1199 5356; baseline -0.02 -10"><span class='ocrx_word' id='word_1_781' title='bbox 433 5295 469 5346; x_wconf 77' lang='lat'><strong>2</strong></span> <span class='ocrx_word' id='word_1_782' title='bbox 489 5302 540 5346; x_wconf 91' lang='lat' dir='ltr'><strong>et</strong></span> <span class='ocrx_word' id='word_1_783' title='bbox 559 5305 711 5356; x_wconf 79' lang='lat' dir='ltr'><strong>seqq.</strong></span> <span class='ocrx_word' id='word_1_784' title='bbox 785 5289 828 5320; x_wconf 68' lang='lat'><strong>9°</strong></span> <span class='ocrx_word' id='word_1_785' title='bbox 859 5285 1025 5340; x_wconf 82' lang='lat' dir='ltr'><strong>Exod.</strong></span> <span class='ocrx_word' id='word_1_786' title='bbox 1054 5298 1112 5342; x_wconf 86' lang='lat' dir='ltr'><strong>tl,</strong></span> <span class='ocrx_word' id='word_1_787' title='bbox 1145 5279 1199 5332; x_wconf 92' lang='lat'><strong>9.</strong></span> 
     </span>
    </p>
   </div>
   <div class='ocr_carea' id='block_1_101' title="bbox 511 5377 1464 5449">
    <p class='ocr_par' dir='ltr' id='par_1_101' title="bbox 511 5377 1464 5449">
     <span class='ocr_line' id='line_1_101' title="bbox 511 5377 1464 5449; baseline -0.02 -12"><span class='ocrx_word' id='word_1_788' title='bbox 511 5383 620 5449; x_wconf 71' lang='grc' dir='ltr'><strong>(Μ)</strong></span> <span class='ocrx_word' id='word_1_789' title='bbox 655 5383 814 5440; x_wconf 83' lang='lat' dir='ltr'><strong>Alias,</strong></span> <span class='ocrx_word' id='word_1_790' title='bbox 854 5397 872 5428; x_wconf 84' lang='grc' dir='ltr'><strong>ι</strong></span> <span class='ocrx_word' id='word_1_791' title='bbox 897 5377 1184 5449; x_wconf 69' lang='lat' dir='ltr'><strong>Scriptum</strong></span> <span class='ocrx_word' id='word_1_792' title='bbox 1213 5383 1417 5423; x_wconf 88' lang='lat' dir='ltr'><strong>sensus.</strong></span> <span class='ocrx_word' id='word_1_793' title='bbox 1447 5385 1464 5418; x_wconf 77' lang='grc' dir='ltr'><strong>ι</strong></span> 
     </span>
    </p>
   </div>
   <div class='ocr_carea' id='block_1_102' title="bbox 512 5443 1308 5516">
    <p class='ocr_par' dir='ltr' id='par_1_102' title="bbox 512 5443 1308 5516">
     <span class='ocr_line' id='line_1_102' title="bbox 512 5443 1308 5516; baseline -0.015 -17"><span class='ocrx_word' id='word_1_794' title='bbox 512 5443 620 5516; x_wconf 77' lang='lat'><strong>(95)</strong></span> <span class='ocrx_word' id='word_1_795' title='bbox 653 5451 814 5516; x_wconf 65' lang='lat' dir='ltr'><strong>Alias,</strong></span> <span class='ocrx_word' id='word_1_796' title='bbox 852 5466 868 5516; x_wconf 78' lang='grc' dir='ltr'><strong>ι</strong></span> <span class='ocrx_word' id='word_1_797' title='bbox 897 5443 1264 5516; x_wconf 64' lang='lat' dir='ltr'><strong>masculinum.</strong></span> <span class='ocrx_word' id='word_1_798' title='bbox 1291 5456 1308 5487; x_wconf 73' lang='grc' dir='ltr'><strong>ι</strong></span> 
     </span>
    </p>
   </div>
   <div class='ocr_carea' id='block_1_103' title="bbox 515 5502 1576 5582">
    <p class='ocr_par' dir='ltr' id='par_1_103' title="bbox 515 5502 1576 5582">
     <span class='ocr_line' id='line_1_103' title="bbox 515 5502 1576 5582; baseline -0.021 -8"><span class='ocrx_word' id='word_1_799' title='bbox 515 5502 624 5582; x_wconf 67' lang='lat' dir='ltr'><strong>i963</strong></span> <span class='ocrx_word' id='word_1_800' title='bbox 659 5502 900 5567; x_wconf 80' lang='lat' dir='ltr'><strong>Videlib.</strong></span> <span class='ocrx_word' id='word_1_801' title='bbox 925 5527 965 5565; x_wconf 85' lang='grc' dir='ltr'><strong>ιι</strong></span> <span class='ocrx_word' id='word_1_802' title='bbox 1013 5510 1243 5578; x_wconf 84' lang='lat' dir='ltr'><strong>0rigen.,</strong></span> <span class='ocrx_word' id='word_1_803' title='bbox 1275 5512 1460 5574; x_wconf 60' lang='lat' dir='ltr'><strong>quaest.</strong></span> <span class='ocrx_word' id='word_1_804' title='bbox 1495 5502 1576 5554; x_wconf 68' lang='grc' dir='ltr'><strong>ιδ.</strong></span> 
     </span>
    </p>
   </div>
   <div class='ocr_carea' id='block_1_104' title="bbox 1556 5204 2005 5268">
    <p class='ocr_par' dir='ltr' id='par_1_104' title="bbox 1556 5204 2005 5268">
     <span class='ocr_line' id='line_1_104' title="bbox 1556 5204 2005 5268; baseline -0.002 -11"><span class='ocrx_word' id='word_1_805' title='bbox 1556 5206 1600 5236; x_wconf 79' lang='grc'><strong>⁸⁸</strong></span> <span class='ocrx_word' id='word_1_806' title='bbox 1639 5204 1822 5257; x_wconf 80' lang='lat' dir='ltr'><strong>Matth.</strong></span> <span class='ocrx_word' id='word_1_807' title='bbox 1853 5218 1924 5268; x_wconf 89' lang='lat' dir='ltr'><strong>tv,</strong></span> <span class='ocrx_word' id='word_1_808' title='bbox 1955 5204 2005 5256; x_wconf 87' lang='grc'><strong>1.</strong></span> 
     </span>
    </p>
   </div>
   <div class='ocr_carea' id='block_1_105' title="bbox 2047 4401 3716 4468">
    <p class='ocr_par' dir='ltr' id='par_1_105' title="bbox 2047 4401 3716 4468">
     <span class='ocr_line' id='line_1_105' title="bbox 2047 4401 3716 4468; baseline 0 -9"><span class='ocrx_word' id='word_1_809' title='bbox 2047 4421 2190 4468; x_wconf 90' lang='lat' dir='ltr'><strong>eum,</strong></span> <span class='ocrx_word' id='word_1_810' title='bbox 2223 4413 2275 4456; x_wconf 93' lang='lat' dir='ltr'><strong>et</strong></span> <span class='ocrx_word' id='word_1_811' title='bbox 2301 4402 2490 4455; x_wconf 89' lang='lat' dir='ltr'><strong>fortior</strong></span> <span class='ocrx_word' id='word_1_812' title='bbox 2517 4402 2689 4453; x_wconf 86' lang='lat' dir='ltr'><strong>factus</strong></span> <span class='ocrx_word' id='word_1_813' title='bbox 2717 4409 2882 4464; x_wconf 88' lang='lat' dir='ltr'><strong>esset,</strong></span> <span class='ocrx_word' id='word_1_814' title='bbox 2917 4401 3163 4458; x_wconf 80' lang='lat' dir='ltr'><strong>induxit</strong></span> <span class='ocrx_word' id='word_1_815' title='bbox 3204 4408 3423 4467; x_wconf 75' lang='lat' dir='ltr'><strong>illum</strong></span> <span class='ocrx_word' id='word_1_816' title='bbox 3453 4413 3524 4466; x_wconf 77' lang='lat' dir='ltr'><strong>ad</strong></span> <span class='ocrx_word' id='word_1_817' title='bbox 3557 4411 3716 4466; x_wconf 81' lang='lat' dir='ltr'><strong>ﬁliam</strong></span> 
     </span>
    </p>
   </div>
   <div class='ocr_carea' id='block_1_106' title="bbox 2049 4490 3720 4562">
    <p class='ocr_par' dir='ltr' id='par_1_106' title="bbox 2049 4490 3720 4562">
     <span class='ocr_line' id='line_1_106' title="bbox 2049 4490 3720 4562; baseline -0.004 -12"><span class='ocrx_word' id='word_1_818' title='bbox 2049 4493 2366 4553; x_wconf 89' lang='lat' dir='ltr'><strong>Pharaonis,</strong></span> <span class='ocrx_word' id='word_1_819' title='bbox 2408 4500 2462 4542; x_wconf 90' lang='lat' dir='ltr'><strong>et</strong></span> <span class='ocrx_word' id='word_1_820' title='bbox 2513 4490 2683 4543; x_wconf 86' lang='lat' dir='ltr'><strong>factus</strong></span> <span class='ocrx_word' id='word_1_821' title='bbox 2708 4498 2793 4542; x_wconf 90' lang='lat' dir='ltr'><strong>est</strong></span> <span class='ocrx_word' id='word_1_822' title='bbox 2820 4491 2870 4544; x_wconf 93' lang='lat' dir='ltr'><strong>ei</strong></span> <span class='ocrx_word' id='word_1_823' title='bbox 2899 4491 2955 4544; x_wconf 92' lang='lat' dir='ltr'><strong>in</strong></span> <span class='ocrx_word' id='word_1_824' title='bbox 2998 4492 3224 4562; x_wconf 81' lang='lat' dir='ltr'><strong>ﬁlium,</strong></span> <span class='ocrx_word' id='word_1_825' title='bbox 3275 4514 3372 4558; x_wconf 69' lang='grc' dir='ltr'>ει</span> <span class='ocrx_word' id='word_1_826' title='bbox 3408 4498 3720 4556; x_wconf 71' lang='lat' dir='ltr'><strong>nominavit</strong></span> 
     </span>
    </p>
   </div>
   <div class='ocr_carea' id='block_1_107' title="bbox 2053 4577 3725 4662">
    <p class='ocr_par' dir='ltr' id='par_1_107' title="bbox 2053 4577 3725 4662">
     <span class='ocr_line' id='line_1_107' title="bbox 2053 4577 3725 4662; baseline -0.008 -24"><span class='ocrx_word' id='word_1_827' title='bbox 2053 4598 2243 4638; x_wconf 89' lang='lat' dir='ltr'><strong>nomen</strong></span> <span class='ocrx_word' id='word_1_828' title='bbox 2273 4579 2386 4646; x_wconf 88' lang='lat' dir='ltr'><strong>ejus</strong></span> <span class='ocrx_word' id='word_1_829' title='bbox 2415 4577 2657 4647; x_wconf 82' lang='lat' dir='ltr'><strong>Moysen,</strong></span> <span class='ocrx_word' id='word_1_830' title='bbox 2713 4578 2900 4632; x_wconf 91' lang='lat' dir='ltr'><strong>dicens</strong></span> <span class='ocrx_word' id='word_1_831' title='bbox 2944 4583 3086 4647; x_wconf 86' lang='lat' dir='ltr'><strong>quia</strong></span> <span class='ocrx_word' id='word_1_832' title='bbox 3133 4585 3214 4639; x_wconf 84' lang='lat' dir='ltr'><strong>de</strong></span> <span class='ocrx_word' id='word_1_833' title='bbox 3255 4606 3458 4662; x_wconf 61' lang='lat' dir='ltr'><strong>aqua</strong></span> <span class='ocrx_word' id='word_1_834' title='bbox 3489 4607 3613 4645; x_wconf 68' lang='lat' dir='ltr'><strong>eum</strong></span> <span class='ocrx_word' id='word_1_835' title='bbox 3642 4602 3725 4640; x_wconf 64' lang='lat' dir='ltr'><strong>as-</strong></span> 
     </span>
    </p>
   </div>
   <div class='ocr_carea' id='block_1_108' title="bbox 2054 4669 3726 4752">
    <p class='ocr_par' dir='ltr' id='par_1_108' title="bbox 2054 4669 3726 4752">
     <span class='ocr_line' id='line_1_108' title="bbox 2054 4669 3726 4752; baseline -0.011 -26"><span class='ocrx_word' id='word_1_836' title='bbox 2054 4672 2276 4740; x_wconf 89' lang='lat' dir='ltr'><strong>sumpsi.</strong></span> <span class='ocrx_word' id='word_1_837' title='bbox 2311 4689 2329 4720; x_wconf 74' lang='grc' dir='ltr'><strong>ι</strong></span> <span class='ocrx_word' id='word_1_838' title='bbox 2360 4670 2580 4737; x_wconf 76' lang='lat' dir='ltr'><strong>Singula</strong></span> <span class='ocrx_word' id='word_1_839' title='bbox 2611 4671 2724 4722; x_wconf 64' lang='lat' dir='ltr'><strong>hate</strong></span> <span class='ocrx_word' id='word_1_840' title='bbox 2758 4669 3059 4723; x_wconf 88' lang='lat' dir='ltr'><strong>immensis</strong></span> <span class='ocrx_word' id='word_1_841' title='bbox 3089 4675 3289 4741; x_wconf 70' lang='lat' dir='ltr'><strong>reple</strong></span> <span class='ocrx_word' id='word_1_842' title='bbox 3315 4693 3386 4736; x_wconf 64' lang='grc' dir='ltr'><strong>ιε,</strong></span> <span class='ocrx_word' id='word_1_843' title='bbox 3430 4678 3726 4752; x_wconf 37' lang='lat' dir='ltr'><strong>“ﬁgam”</strong></span> 
     </span>
    </p>
   </div>
   <div class='ocr_carea' id='block_1_109' title="bbox 2058 4759 3720 4843">
    <p class='ocr_par' dir='ltr' id='par_1_109' title="bbox 2058 4759 3720 4843">
     <span class='ocr_line' id='line_1_109' title="bbox 2058 4759 3720 4843; baseline -0.002 -25"><span class='ocrx_word' id='word_1_844' title='bbox 2058 4775 2261 4828; x_wconf 91' lang='lat' dir='ltr'><strong>tempus</strong></span> <span class='ocrx_word' id='word_1_845' title='bbox 2280 4759 2497 4826; x_wconf 81' lang='lat' dir='ltr'><strong>exigunt</strong></span> <span class='ocrx_word' id='word_1_846' title='bbox 2522 4759 2745 4827; x_wconf 78' lang='lat' dir='ltr'><strong>grande,</strong></span> <span class='ocrx_word' id='word_1_847' title='bbox 2776 4767 2832 4811; x_wconf 91' lang='lat' dir='ltr'><strong>et</strong></span> <span class='ocrx_word' id='word_1_848' title='bbox 2859 4760 3028 4813; x_wconf 85' lang='lat' dir='ltr'><strong>totius</strong></span> <span class='ocrx_word' id='word_1_849' title='bbox 3059 4763 3178 4816; x_wconf 90' lang='lat' dir='ltr'><strong>diei</strong></span> <span class='ocrx_word' id='word_1_850' title='bbox 3235 4781 3306 4822; x_wconf 61' lang='grc' dir='ltr'>Β</span> <span class='ocrx_word' id='word_1_851' title='bbox 3325 4773 3557 4843; x_wconf 55' lang='lat' dir='ltr'><strong>panum</strong></span> <span class='ocrx_word' id='word_1_852' title='bbox 3601 4771 3644 4824; x_wconf 77' lang='lat' dir='ltr'><strong>si</strong></span> <span class='ocrx_word' id='word_1_853' title='bbox 3671 4771 3720 4823; x_wconf 88' lang='lat' dir='ltr'><strong>in</strong></span> 
     </span>
    </p>
   </div>
   <div class='ocr_carea' id='block_1_110' title="bbox 2059 4848 3728 4918">
    <p class='ocr_par' dir='ltr' id='par_1_110' title="bbox 2059 4848 3728 4918">
     <span class='ocr_line' id='line_1_110' title="bbox 2059 4848 3728 4918; baseline -0.013 -13"><span class='ocrx_word' id='word_1_854' title='bbox 2059 4853 2140 4906; x_wconf 87' lang='lat' dir='ltr'><strong>his</strong></span> <span class='ocrx_word' id='word_1_855' title='bbox 2193 4862 2609 4907; x_wconf 86' lang='lat' dir='ltr'><strong>consumamus,</strong></span> <span class='ocrx_word' id='word_1_856' title='bbox 2639 4851 2723 4902; x_wconf 82' lang='lat' dir='ltr'><strong>vix</strong></span> <span class='ocrx_word' id='word_1_857' title='bbox 2790 4848 3026 4901; x_wconf 80' lang='lat' dir='ltr'><strong>fortasse.</strong></span> <span class='ocrx_word' id='word_1_858' title='bbox 3079 4852 3284 4908; x_wconf 62' lang='lat' dir='ltr'><strong>suun:</strong></span> <span class='ocrx_word' id='word_1_859' title='bbox 3319 4866 3440 4918; x_wconf 52' lang='grc' dir='ltr'>ἴθι,</span> <span class='ocrx_word' id='word_1_860' title='bbox 3485 4861 3728 4916; x_wconf 51' lang='lat' dir='ltr'><strong>Breviter</strong></span> 
     </span>
    </p>
   </div>
   <div class='ocr_carea' id='block_1_111' title="bbox 2061 4938 3732 5019">
    <p class='ocr_par' dir='ltr' id='par_1_111' title="bbox 2061 4938 3732 5019">
     <span class='ocr_line' id='line_1_111' title="bbox 2061 4938 3732 5019; baseline 0.002 -26"><span class='ocrx_word' id='word_1_861' title='bbox 2061 4952 2235 4994; x_wconf 89' lang='lat' dir='ltr'><strong>tamen</strong></span> <span class='ocrx_word' id='word_1_862' title='bbox 2284 4938 2460 5003; x_wconf 87' lang='lat' dir='ltr'><strong>aliqua</strong></span> <span class='ocrx_word' id='word_1_863' title='bbox 2502 4940 2662 4994; x_wconf 88' lang='lat' dir='ltr'><strong>nobis</strong></span> <span class='ocrx_word' id='word_1_864' title='bbox 2693 4955 2794 5008; x_wconf 88' lang='lat' dir='ltr'><strong>pro</strong></span> <span class='ocrx_word' id='word_1_865' title='bbox 2838 4940 3106 4993; x_wconf 66' lang='lat' dir='ltr'><strong>Ecclesia:</strong></span> <span class='ocrx_word' id='word_1_866' title='bbox 3137 4945 3274 4998; x_wconf 64' lang='lat' dir='ltr'><strong>aedi</strong></span> <span class='ocrx_word' id='word_1_867' title='bbox 3317 4957 3601 5009; x_wconf 61' lang='grc' dir='ltr'><strong>ηοειῑοιιε</strong></span> <span class='ocrx_word' id='word_1_868' title='bbox 3622 4948 3732 5019; x_wconf 80' lang='lat' dir='ltr'><strong>pul-</strong></span> 
     </span>
    </p>
   </div>
   <div class='ocr_carea' id='block_1_112' title="bbox 2058 5021 3735 5108">
    <p class='ocr_par' dir='ltr' id='par_1_112' title="bbox 2058 5021 3735 5108">
     <span class='ocr_line' id='line_1_112' title="bbox 2058 5021 3735 5108; baseline 0.001 -30"><span class='ocrx_word' id='word_1_869' title='bbox 2058 5027 2222 5079; x_wconf 88' lang='lat' dir='ltr'><strong>sanda</strong></span> <span class='ocrx_word' id='word_1_870' title='bbox 2246 5034 2387 5076; x_wconf 91' lang='lat' dir='ltr'><strong>sunt.</strong></span> <span class='ocrx_word' id='word_1_871' title='bbox 2421 5021 2566 5079; x_wconf 89' lang='lat' dir='ltr'><strong>Puto</strong></span> <span class='ocrx_word' id='word_1_872' title='bbox 2621 5029 2787 5082; x_wconf 81' lang='lat' dir='ltr'><strong>filiam</strong></span> <span class='ocrx_word' id='word_1_873' title='bbox 2820 5028 3133 5082; x_wconf 82' lang='lat' dir='ltr'><strong>Pharaonis</strong></span> <span class='ocrx_word' id='word_1_874' title='bbox 3171 5031 3292 5088; x_wconf 62' lang='lat' dir='ltr'><strong>Et:</strong></span> <span class='ocrx_word' id='word_1_875' title='bbox 3307 5045 3566 5098; x_wconf 50' lang='lat' dir='ltr'><strong>¢lesiam</strong></span> <span class='ocrx_word' id='word_1_876' title='bbox 3621 5051 3735 5108; x_wconf 51' lang='lat' dir='ltr'><strong>quas,</strong></span> 
     </span>
    </p>
   </div>
   <div class='ocr_carea' id='block_1_113' title="bbox 2063 5116 3234 5186">
    <p class='ocr_par' dir='ltr' id='par_1_113' title="bbox 2063 5116 3234 5186">
     <span class='ocr_line' id='line_1_113' title="bbox 2063 5116 3234 5186; baseline 0.01 -24"><span class='ocrx_word' id='word_1_877' title='bbox 2063 5118 2417 5176; x_wconf 77' lang='lat' dir='ltr'><strong>congregatur</strong></span> <span class='ocrx_word' id='word_1_878' title='bbox 2449 5125 2518 5164; x_wconf 82' lang='lat' dir='ltr'><strong>ex</strong></span> <span class='ocrx_word' id='word_1_879' title='bbox 2549 5118 2804 5183; x_wconf 81' lang='lat' dir='ltr'><strong>gentibus</strong></span> <span class='ocrx_word' id='word_1_880' title='bbox 2837 5116 3004 5169; x_wconf 84' lang='lat' dir='ltr'><strong>videri</strong></span> <span class='ocrx_word' id='word_1_881' title='bbox 3034 5131 3234 5186; x_wconf 90' lang='lat' dir='ltr'><strong>posse,</strong></span> 
     </span>
    </p>
   </div>
   <div class='ocr_carea' id='block_1_114' title="bbox 3343 5127 3737 5201">
    <p class='ocr_par' dir='ltr' id='par_1_114' title="bbox 3343 5127 3737 5201">
     <span class='ocr_line' id='line_1_114' title="bbox 3343 5127 3737 5201; baseline -0.02 -15"><span class='ocrx_word' id='word_1_882' title='bbox 3343 5148 3474 5201; x_wconf 63' lang='lat' dir='ltr'><strong>qua:</strong></span> <span class='ocrx_word' id='word_1_883' title='bbox 3495 5127 3737 5199; x_wconf 73' lang='lat' dir='ltr'><strong>quamvis</strong></span> 
     </span>
    </p>
   </div>
   <div class='ocr_carea' id='block_1_115' title="bbox 2077 5202 3250 5278">
    <p class='ocr_par' dir='ltr' id='par_1_115' title="bbox 2077 5202 3250 5278">
     <span class='ocr_line' id='line_1_115' title="bbox 2077 5202 3250 5278; baseline 0.013 -24"><span class='ocrx_word' id='word_1_884' title='bbox 2077 5203 2121 5236; x_wconf 81' lang='grc'><strong>⁸⁷</strong></span> <span class='ocrx_word' id='word_1_885' title='bbox 2151 5202 2292 5256; x_wconf 88' lang='lat' dir='ltr'><strong>Psal.</strong></span> <span class='ocrx_word' id='word_1_886' title='bbox 2326 5217 2518 5271; x_wconf 72' lang='lat' dir='ltr'><strong>tum,</strong></span> <span class='ocrx_word' id='word_1_887' title='bbox 2557 5211 2612 5272; x_wconf 60' lang='grc' dir='ltr'><strong>τι,</strong></span> <span class='ocrx_word' id='word_1_888' title='bbox 2645 5213 2705 5268; x_wconf 70' lang='grc'><strong>2,</strong></span> <span class='ocrx_word' id='word_1_889' title='bbox 2777 5214 2824 5246; x_wconf 78' lang='grc'><strong>⁸⁸</strong></span> <span class='ocrx_word' id='word_1_890' title='bbox 2859 5212 3030 5268; x_wconf 67' lang='lat' dir='ltr'><strong>Exod.</strong></span> <span class='ocrx_word' id='word_1_891' title='bbox 3083 5227 3146 5278; x_wconf 88' lang='lat' dir='ltr'><strong>tl,</strong></span> <span class='ocrx_word' id='word_1_892' title='bbox 3189 5215 3250 5270; x_wconf 89' lang='grc'><strong>1.</strong></span> 
     </span>
    </p>
   </div>
   <div class='ocr_carea' id='block_1_116' title="bbox 3394 5223 3734 5283">
    <p class='ocr_par' dir='ltr' id='par_1_116' title="bbox 3394 5223 3734 5283">
     <span class='ocr_line' id='line_1_116' title="bbox 3394 5223 3734 5283; baseline -0.024 -3"><span class='ocrx_word' id='word_1_893' title='bbox 3394 5227 3444 5258; x_wconf 82' lang='grc'><strong>⁸⁹</strong></span> <span class='ocrx_word' id='word_1_894' title='bbox 3480 5223 3656 5279; x_wconf 79' lang='lat' dir='ltr'><strong>Exod.</strong></span> <span class='ocrx_word' id='word_1_895' title='bbox 3679 5231 3734 5283; x_wconf 84' lang='grc' dir='ltr'>ιι,</span> 
     </span>
    </p>
   </div>
   <div class='ocr_carea' id='block_1_117' title="bbox 2137 5359 3731 5450">
    <p class='ocr_par' dir='ltr' id='par_1_117' title="bbox 2137 5359 3731 5450">
     <span class='ocr_line' id='line_1_117' title="bbox 2137 5359 3731 5450; baseline -0.011 0"><span class='ocrx_word' id='word_1_896' title='bbox 2137 5359 2491 5450; x_wconf 66' lang='lat' dir='ltr'><strong>_-_T‘f’.‘.&quot;:_</strong></span> <span class='ocrx_word' id='word_1_897' title='bbox 2509 5365 2883 5447; x_wconf 61' lang='lat' dir='ltr'><strong>Septuaginta</strong></span> <span class='ocrx_word' id='word_1_898' title='bbox 2944 5379 3362 5450; x_wconf 58' lang='grc' dir='ltr'>τειῑίιιιθτιιιιι</span> <span class='ocrx_word' id='word_1_899' title='bbox 3406 5402 3592 5442; x_wconf 84' lang='lat' dir='ltr'><strong>vocem</strong></span> <span class='ocrx_word' id='word_1_900' title='bbox 3635 5380 3731 5436; x_wconf 60' lang='lat' dir='ltr'><strong>fleo</strong></span> 
     </span>
    </p>
   </div>
   <div class='ocr_carea' id='block_1_118' title="bbox 2065 5433 3715 5574">
    <p class='ocr_par' dir='ltr' id='par_1_118' title="bbox 2065 5433 3715 5574">
     <span class='ocr_line' id='line_1_118' title="bbox 2065 5433 3715 5574; baseline -0.027 -21"><span class='ocrx_word' id='word_1_901' title='bbox 2694 5451 2967 5520; x_wconf 65' lang='lat' dir='ltr'><strong>SlgttliiC‘al</strong></span> <span class='ocrx_word' id='word_1_902' title='bbox 2991 5433 3174 5511; x_wconf 68' lang='lat' dir='ltr'><strong>arcam</strong></span> <span class='ocrx_word' id='word_1_903' title='bbox 3207 5466 3356 5518; x_wconf 62' lang='lat' dir='ltr'><strong>aut</strong></span> <span class='ocrx_word' id='word_1_904' title='bbox 3390 5462 3583 5535; x_wconf 86' lang='lat' dir='ltr'><strong>potius</strong></span> <span class='ocrx_word' id='word_1_905' title='bbox 3631 5469 3715 5512; x_wconf 67' lang='lat' dir='ltr'><strong>ras</strong></span> 
     </span>
    </p>
   </div>
  </div>
