3922 6218
305 317 419 372 $09

1531 313 1602 368 IN
1634 312 1915 369 EXODUM
1953 309 2227 366 HOMILIA
2256 307 2320 361 ιιι

3431 297 3541 352 310

319 429 549 498 impium
570 429 616 474 et
652 414 867 482 ἰιιῑίιιιιιω
898 407 1134 468 Μίδεω
1181 433 1446 494 Patrem,
1480 442 1662 488 tamen
1711 434 1902 486 dicitur

2012 430 2300 498 egregium,
2350 429 2533 477 totum
2577 412 2803 483 elegans.
2855 415 3049 473 Totum
3103 419 3239 474 enim
3278 409 3530 483 magnum

321 523 393 573 ad
436 534 552 574 eam
598 526 680 580 ρθτ
711 502 1034 573 Ρτοιδὶιεωιιι
1068 509 1121 540 ⁹¹
1159 530 1178 566 1
1221 532 1243 565 ι
1280 519 1459 584 Audi,
1509 525 1636 587 ﬁlia,
1674 534 1727 578 et
1757 524 1896 582 vide.

328 618 385 661 et
429 607 618 661 inclina
661 611 830 652 aurem
875 603 1033 650 Nam
1061 639 1079 663 ν
1137 612 1201 656 et
1264 609 1612 666 obliviscere
1652 611 1898 680 populum

331 710 520 759 tuum,
540 709 583 752 et
605 699 798 751 domum
824 690 992 758 patris
1029 695 1142 760 tui,
1171 701 1311 766 quia
1333 708 1649 771 concupivit
1674 720 1766 757 rex
1790 717 1902 770 Spe.

329 788 477 838 ciem
516 797 668 839 tuam.
691 802 709 834 ι
743 780 859 833 Haec
888 794 1018 850 ergo
1051 796 1146 838 est
1184 802 1320 855 quae
1354 793 1491 846 exiit
1517 794 1582 846 de
1613 793 1769 845 domo
1803 806 1899 858 pa-

267 945 276 950 .
332 874 438 925 tris
475 884 530 926 et
563 875 696 927 venit
716 873 778 926 ad
801 887 963 940 aquas
986 911 1002 937 ,
1031 883 1098 927 ut
1131 876 1423 934 lavaretur
1452 899 1480 934 a
1505 883 1733 949 peccatis
1785 896 1904 949 qua:

328 971 694 1016 contraxerat
739 962 791 1014 in
851 963 1010 1016 domo
1052 969 1242 1033 patris
1285 971 1395 1026 sui.
1439 972 1675 1040 Denique
1712 981 1898 1024 stat.m

329 1050 560 1103 viscera
614 1051 982 1105 misericordiae
1020 1055 1279 1124 suscipit,
1319 1069 1373 1112 et
1415 1061 1704 1114 miseratur
1730 1059 1901 1112 infan-

328 1147 463 1190 tem.
494 1139 631 1194 Haac
659 1154 785 1210 ergo
802 1140 1043 1194 Ecclesia
1081 1157 1150 1195 ex
1185 1147 1700 1212 gentibusveuiens,
1726 1146 1777 1198 in
1813 1160 1904 1212 pa-

2003 527 2100 578 est,
2131 514 2386 584 quidquid
2444 501 2708 571 spiritale,
2740 505 2998 576 quidquid
3047 508 3286 562 sublimis
3329 503 3530 558 intelli-

1999 607 2190 673 gentia:
2236 613 2339 657 est.
2373 601 2438 653 Et
2475 607 2690 650 oremus
2725 595 3005 649 Dominum
3036 595 3215 649 Jesum
3252 595 3527 648 Christum

2002 701 2061 745 ut
2087 693 2200 756 ipse
2223 690 2378 742 nobis
2406 683 2605 739 revelet
2633 691 2687 735 et
2737 683 2983 736 ostendat
3015 683 3278 749 quomodo
3303 693 3532 749 magnus

2003 789 2084 833 est
2115 779 2345 846 Moyses,
2371 786 2426 831 et
2458 772 2720 842 quomodo
2741 770 2980 825 sublimis
3009 778 3110 822 est.
3141 771 3254 836 Ipse
3279 771 3416 822 enim
3446 782 3532 820 re-
3595 819 3601 832 ,

2003 867 2164 928 velat,
2225 865 2418 932 quibus
2489 859 2621 922 vult,
2660 874 2752 926 per
2806 857 3065 923 Spiritum
3115 864 3376 908 sanctum.
3425 855 3525 921 Ipsi

2005 955 2170 1022 gloria
2221 965 2273 1007 et
2329 950 2606 1020 imperium
2656 949 2709 1000 in
2744 947 2935 1001 saecula
2976 948 3314 998 samulorum.
3337 945 3528 996 Amen.

2564 1050 2833 1105 IIOMILIA
2885 1048 2971 1101 Ill.

2007 1146 2081 1198 De
2122 1161 2179 1197 eo
2203 1143 2340 1212 quod
2365 1142 2610 1204 scriptum
2636 1148 2706 1189 est
2743 1153 2770 1212 ε.
2793 1154 2809 1185 ι
2859 1133 2968 1212 Ego
2994 1143 3160 1185 autent
3193 1131 3374 1199 gracili
3416 1146 3532 1183 voce

2411 1225 2546 1268 sum,
2579 1217 2624 1258 et
2655 1206 2834 1256 tardus
2870 1205 3068 1270 lingua.
3098 1219 3116 1252 ι

2074 1302 2124 1356 l.
2151 1300 2323 1352 Donec
2368 1308 2508 1351 esset
2540 1295 2750 1362 Moyses
2785 1294 2836 1345 in
2870 1291 3095 1358 Egypto
3150 1296 3204 1341 et
3232 1287 3537 1340 erudiretur

2005 1392 2148 1443 outni
2191 1389 2448 1456 sapientia
2481 1384 2873 1452 ngyptiorum,
2914 1395 3014 1432 non
3054 1387 3172 1430 erat
3198 1376 3379 1444 gracili
3411 1387 3538 1428 voce

2005 1495 2103 1532 nec
2154 1483 2336 1530 tardus
2403 1477 2602 1541 lingua,
2627 1472 2800 1540 .136
2834 1485 2928 1522 nec
2956 1467 3306 1535 proﬁtebatur
3339 1465 3447 1534 (99)
3480 1481 3538 1518 se

325 1225 456 1279 lude
496 1227 718 1281 invenit
757 1230 1021 1298 jacentem
1064 1230 1290 1300 Moysen
1318 1273 1331 1296 ,
1369 1235 1630 1302 ahjectum
1659 1249 1687 1286 a
1720 1236 1829 1286 suis
1851 1241 1904 1287 et

320 1317 679 1382 expositum,
711 1319 799 1372 dat
825 1335 945 1372 eum
983 1321 1208 1384 nutrici,
1249 1335 1304 1376 et
1334 1325 1569 1375 nutritur
1591 1324 1726 1391 apud
1747 1338 1899 1385 suos,

322 1404 398 1456 ibi
430 1406 552 1474 agit
601 1407 904 1462 infantiam.
952 1409 1087 1462 Cum
1135 1420 1318 1463 autem
1361 1412 1549 1464 fortior
1590 1412 1760 1464 factus
1801 1421 1902 1476 est,

321 1501 456 1545 tunc
522 1494 813 1548 inducitur
853 1499 918 1549 ad
974 1511 1121 1559 eam,
1178 1506 1236 1548 et
1287 1499 1570 1563 adoptatur
1611 1498 1662 1548 in
1713 1495 1902 1550 ﬁlium.

319 1581 546 1651 Moyses
580 1593 776 1638 autem
817 1587 940 1652 quia
974 1585 1062 1638 lex
1102 1584 1425 1652 appellatur,
1459 1585 1513 1638 in
1555 1583 1739 1636 multis
1774 1583 1906 1635 locis

2012 1584 2120 1622 esse
2172 1568 2580 1633 ineloqueutem.
2630 1564 2753 1614 Erat
2809 1561 2950 1611 enim
2991 1567 3251 1623 quantum
3279 1556 3346 1606 ad
3378 1553 3540 1623 Egy-

314 1673 428 1739 jam
467 1688 629 1740 sape
655 1676 948 1728 dissertmn
985 1685 1088 1727 est.
1135 1675 1370 1726 Veniens
1409 1688 1537 1740 ergo
1571 1672 1808 1724 Ecclesia
1841 1672 1904 1723 ad

2012 1658 2166 1724 plios,
2188 1667 2462 1708 etsonoraa
2492 1652 2652 1711 vocis,
2675 1660 2726 1702 et
2749 1647 3062 1714 eloqm-ntim
3089 1642 3539 1709 iucomparabilis.

322 1778 502 1828 aquas
543 1763 820 1830 baptismi
876 1765 1118 1832 suscepit
1162 1765 1326 1815 etiam
1360 1729 1546 1830 legein,
1580 1777 1697 1829 qua'
1727 1771 1904 1812 tamen
1938 1729 1979 1781 Β
2013 1745 2108 1797 Ulli
2141 1754 2316 1798 3mm“
2367 1743 2530 1809 εωυίι
2562 1740 2746 1792 “Wire
2799 1751 2982 1788 "099'"
3020 1735 3106 1785 “ei
3147 1744 3199 1784 ει
3227 1731 3434 1796 (’fiml"ia
3464 1731 3542 1781 ἀί·

324 1847 412 1900 lex
454 1858 588 1900 erat
637 1849 788 1901 intra
859 1850 992 1902 tibi“
1060 1851 1345 1910 concmsa,
1397 1820 1511 1914 pvice
1553 1820 1611 1899 εί
1652 1847 1907 1899 υίιιηηίηθ
2009 1834 2131 1885 ι-ἱιιιι
2164 1833 2454 1899 suscipere,
2501 1839 2621 1881 tunc
2649 1827 2816 1880 sensit
2846 1825 3038 1876 exilem
3073 1832 3129 1873 et
3169 1820 3420 1886 gracilem
3446 1833 3542 1870 vo-

324 1934 520 1986 oblila.
561 1935 729 1986 Tibis
761 1926 933 2002 genus
962 1945 1045 1988 est
1093 1936 1363 2002 tegminis,
1394 1950 1456 1985 ex
1513 1934 1676 2000 virgis
1713 1943 1804 1985 ant
1839 1947 1904 1984 ex
2010 1939 2124 1976 cem
2153 1939 2323 1982 suam,
2349 1923 2661 1985 tardamque
2693 1926 2746 1969 et
2775 1915 3082 1981 impeditam
3121 1925 3241 1964 esse
3268 1923 3420 1962 suam
3464 1908 3543 1960 in-

324 2037 538 2091 papyro
603 2033 958 2086 contextum,
997 2024 1080 2076 vel
1133 2024 1296 2076 etiam
1334 2037 1396 2074 ex
1424 2021 1674 2074 arborum
1713 2023 1908 2073 cortice

2013 2015 2196 2080 telligit
2230 2013 2495 2079 linguam;
2536 2019 2657 2060 tunc
2676 2022 2732 2060 se
2771 2004 3077 2073 pronuntiat
3101 2011 3304 2052 mutum
3329 1998 3536 2062 ",cum

329 2113 666 2175 formatum,
725 2113 870 2164 intra
930 2113 1074 2180 quod
1135 2112 1362 2180 injectus
1409 2111 1582 2164 infans
1632 2111 1912 2163 videbatur
2011 2103 2174 2168 cmpit
2227 2112 2519 2168 agnoscere
2560 2111 2742 2148 verum
2793 2094 2917 2146 illud
2947 2091 3206 2151 Verbum,
3244 2087 3383 2156 quod
3425 2092 3540 2138 erat

326 2202 646 2264 expositus.
683 2199 916 2254 Jacebat
948 2175 1082 2270 ergo
1142 2175 1225 2254 leit
1261 2199 1508 2252 conclusa
1546 2200 1685 2251 intra
1721 2195 1910 2263 hujus-
2013 2195 2062 2244 in
2091 2189 2353 2258 principio
2395 2188 2530 2254 apud
2579 2186 2742 2237 Deum
2779 2184 2846 2238 “.
2882 2182 2985 2234 Sed
3027 2195 3130 2246 quo
3167 2178 3376 2230 facilius
3407 2175 3545 2242 quod

328 2289 473 2340 modi
507 2291 792 2358 tegmina,
845 2299 902 2343 et
937 2265 1052 2358 pice
1081 2304 1144 2343 ac
1199 2289 1458 2342 bitumine
1498 2288 1683 2346 oblita,
1721 2287 1915 2337 vilibus
2014 2280 2243 2333 dicimus
2273 2277 2443 2343 possit
2467 2274 2690 2334 adverti,
2717 2281 2927 2326 utamur
2954 2268 3254 2334 hujusumdi
3291 2265 3542 2318 similitu-

329 2386 388 2428 et
447 2354 660 2430 terreis
717 2354 1030 2430 Judazornm
1081 2376 1328 2430 sensibus
1371 2373 1482 2442 (98)
1530 2374 1778 2427 sordebat
1822 2375 1916 2424 ob-
2017 2369 2156 2421 dine.
2190 2365 2346 2418 Mutis
2409 2362 2733 2414 animalibus
2787 2357 3029 2426 quamvis
3055 2356 3124 2407 sit
3170 2354 3448 2418 imperitus
3491 2360 3546 2402 et

331 2477 510 2531 septa,
580 2481 888 2534 usquequo
941 2465 1182 2518 Ecclesia
1235 2439 1441 2515 veniret
1466 2439 1544 2516 ex
1586 2462 1834 2530 gentibus
1866 2469 1918 2512 et
2018 2456 2281 2517 indoctus,
2315 2449 2646 2502 rationabilis
2675 2449 2833 2498 homo
2867 2446 2912 2496 si
2943 2449 3304 2509 comparetur,
3337 2439 3544 2492 videbi-

333 2565 659 2609 assumeret
704 2570 824 2606 eam
858 2556 924 2607 de
959 2555 1116 2606 luteis
1135 2563 1190 2606 et
1216 2554 1543 2620 palustribus
1573 2553 1726 2614 locis,
1761 2560 1908 2617 atque

2021 2556 2106 2597 tur
2151 2545 2406 2610 eloquens
2466 2542 2532 2592 ad
2578 2536 3033 2603 comparationem
3088 2545 3273 2584 eorum
3312 2543 3430 2595 qua:
3491 2535 3544 2581 et

335 2645 480 2696 intra
508 2645 818 2711 sapientiae
857 2643 1016 2696 aulas
1070 2653 1124 2697 et
1161 2645 1350 2710 regalia
1377 2652 1511 2697 tecta
1541 2642 1915 2695 conscisceret.
2021 2634 2246 2686 rationis
2273 2642 2328 2683 et
2350 2629 2497 2682 vocis
2524 2626 2759 2694 expertia
2791 2633 2950 2684 sunt;
2982 2623 3022 2674 si
3061 2635 3187 2672 vero
3227 2617 3454 2671 eruditis
3495 2627 3549 2669 et

337 2734 464 2788 Ilaec
491 2745 701 2788 tamen
726 2735 813 2786 lex
848 2734 1128 2786 infantiam
1161 2749 1310 2787 suam
1331 2735 1467 2802 apud
1500 2748 1625 2786 suos
1654 2730 1918 2796 transigit.
2023 2721 2395 2790 eloquentibus
2435 2717 2586 2780 viris,
2616 2722 2771 2779 atque
2798 2712 2848 2764 in
2881 2709 3024 2763 omni
3061 2707 3325 2774 sapientia
3357 2705 3549 2773 proba-

335 2825 493 2891 Apud
525 2824 664 2876 illos
697 2822 846 2874 enim
877 2823 968 2889 qui
1003 2822 1321 2888 spiritaliter
1346 2794 1462 2874 eam
1509 2821 1802 2886 intelligere
1826 2794 1922 2872 ne-
2024 2812 2244 2863 lissimis
2271 2809 2604 2869 conferatur,
2638 2814 2691 2856 et
2719 2803 3034 2868 ineloquens
3061 2807 3119 2851 et
3145 2806 3320 2849 mutus
3346 2794 3551 2847 videbi-

339 2915 542 2975 sciuut,
584 2911 833 2980 parvula
865 2919 1026 2964 estet
1053 2911 1254 2973 infans,
1288 2920 1342 2964 et
1386 2883 1705 2964 lactentium—
1724 2908 1926 2961 habens
2026 2913 2132 2953 tur.
2181 2902 2250 2953 At
2294 2901 2336 2952 si
2365 2901 2534 2965 ipsum
2565 2895 2684 2964 quis
2725 2891 3115 2958 contempletur.
3151 2887 3390 2941 divinum
3421 2883 3552 2936 Ver-

341 3003 519 3054 elbos.
547 3001 704 3054 Cum
741 3014 875 3052 vero
905 2999 974 3052 ad
1004 2999 1303 3053 Ecclesiam
1337 3000 1510 3062 venit,
1534 3014 1653 3050 cum
1679 2996 1924 3049 Ecclesia;
1951 3019 1992 3075 ρ
2025 2994 2168 3052 bum,
2194 2992 2464 3058 ipsamque
2485 2987 2715 3040 divinam
2745 2981 2998 3050 respiciat
3028 2977 3550 3046 sapientiam,qnan-

346 3091 663 3158 ingreditur
693 3091 947 3154 domum,
983 3088 1181 3142 fortior
1228 3100 1312 3143 est
1349 3099 1404 3142 et
1447 3061 1669 3141 validior
1697 3087 1925 3156 Moyses.
1953 3061 1992 3075 ν
2029 3083 2177 3133 tzevis
2225 3080 2294 3132 sit
2329 3075 2666 3136 eruditionis,
2709 3082 2763 3126 et
2789 3079 3216 3140 quantaecunque
3256 3061 3552 3130 sapientiae,

345 3180 543 3232 Amoto
575 3179 739 3240 enim
781 3177 1054 3230 velamine
1103 3177 1315 3240 litterae,
1335 3177 1602 3246 perfectus
1625 3180 1674 3231 in
1703 3149 1929 3230 leciione
2030 3167 2194 3222 umlto
2214 3165 2443 3232 amplius
2491 3177 2649 3230 quam
2681 3159 2816 3228 apud
2861 3171 2955 3210 nos
2999 3163 3122 3207 sunt
3153 3151 3404 3218 pecudes.
3441 3149 3553 3214 ipse

343 3271 464 3336 ejus
513 3271 683 3323 cibus
724 3280 785 3322 et
841 3270 1049 3323 solidus
1077 3237 1368 3323 invenitur".
1428 3269 1566 3334 Quid
1632 3279 1804 3321 tamen
1850 3276 1932 3320 est
2029 3257 2165 3327 apud
2196 3256 2358 3308 Deum
2387 3263 2586 3306 mutum
2616 3266 2674 3303 se
2709 3246 2904 3300 animal
2930 3242 3288 3311 prolitebitnr.
3310 3239 3428 3292 Hoc
3461 3237 3545 3289 ni-

345 3359 493 3424 quod
519 3368 575 3412 et
608 3359 934 3411 mercedem
993 3360 1444 3411 nutrimentorum
1492 3375 1520 3410 a
1567 3359 1669 3411 ﬁlia
1707 3359 1906 3426 percipi

2031 3347 2220 3399 mirum
2241 3354 2355 3396 erat
2384 3342 2612 3409 Moyses.
2633 3338 2780 3402 Quod
2811 3346 2864 3387 et
2892 3337 3086 3388 beatus
3118 3331 3286 3384 David
3316 3329 3554 3388 intuens,

346 3445 691 3507 Pharaonis.
734 3448 826 3499 illa
866 3449 1008 3512 apud
1067 3465 1224 3515 quam
1268 3449 1353 3502 lex
1387 3458 1442 3502 οι
1472 3458 1592 3502 nam
1624 3415 1724 3514 est:
1757 3459 1808 3503 ει
1837 3415 1933 3502 τίη-
2030 3441 2083 3486 et
2113 3433 2201 3485 tali
2225 3430 2406 3482 ordine
2453 3427 2795 3493 semetipsum
2848 3423 2912 3474 ad
2970 3421 3204 3473 divinam
3238 3415 3552 3484 sapientiam

348 3536 524 3587 trita?
553 3506 708 3600 Quid
735 3544 822 3588 est
849 3506 994 3600 quod
1021 3506 1302 3605 synagoga
1333 3536 1527 3603 aecipit
1558 3537 1622 3588 de
1661 3506 1934 3589 Ecclesia?
2032 3523 2252 3579 libr-mso
2302 3519 2510 3572 (ίίεθίκιι
2555 3517 2601 3547 ⁹³
2635 3535 2650 3569 ³
2693 3533 2709 3563 ί
2758 3512 2828 3566 Ui
2871 3511 3170 3579 iumentum
3217 3506 3391 3558 ramus
3439 3515 3555 3556 5m“

347 3623 488 3678 Puto
527 3596 673 3677 illud
737 3596 974 3689 intelligi
1019 3596 1201 3690 posse,
1228 3596 1370 3694 quod
1395 3596 1534 3678 idem
1580 3626 1784 3694 Moyses
1809 3626 1935 3677 scri-
2033 3613 2166 3680 apud
2224 3620 2297 3663 ιθ.
2352 3627 2369 3658 ³
2405 3607 2709 3660 secundum
2758 3606 2860 3657 hoc
2901 3613 3034 3666 θτιο
3055 3607 3129 3680 ει,
3168 3596 3557 3664 Ρτοβιιθιθτιηη

345 3714 450 3780 bit,
504 3717 715 3768 dicens
732 3716 788 3746 θ’
816 3731 830 3766 :
874 3733 892 3764 ι
931 3713 1041 3780 Ego
1070 3716 1121 3766 in
1178 3685 1282 3768 non
1313 3724 1523 3782 gentem
1554 3715 1606 3767 in
1639 3685 1933 3767 αξιηιιιειιῑο.
2033 3703 2295 3755 titaximus
2321 3698 2527 3766 Moyses
2551 3697 2602 3749 in
2631 3693 2875 3762 praesenti
2897 3690 3130 3744 lectione
3158 3687 3289 3740 dicit
3311 3685 3376 3737 ad
3414 3697 3558 3743 eum,

344 3816 472 3854 nem
521 3817 628 3855 vos
665 3802 961 3861 inducam,
995 3802 1046 3851 in
1079 3810 1293 3867 gentem
1331 3803 1672 3869 insipientem
1708 3802 1760 3852 in
1802 3803 1932 3852 iram
2033 3791 2168 3858 quod
2188 3788 2372 3856 gI‘aCili
2408 3800 2534 3838 V009
2551 3785 2641 3848 sil.
2675 3791 2728 3836 el
2756 3784 2932 3835 lanius
2958 3781 3155 3847 lingua.
3193 3775 3332 3844 quod
3364 3781 3419 3826 ει
3454 3784 3560 3823 σοι)

346 3903 445 3942 vos
477 3890 806 3942 concitatio.
864 3887 1244 3956 retSynagOga
1270 3904 1401 3957 ergo
1437 3864 1502 3942 de
1533 3889 1766 3942 Ecclesia
1795 3889 1935 3941 istud
2033 3881 2100 3932 sit
2157 3877 2428 3942 eloquens.
2462 3874 2659 3926 Omnes
2709 3873 2850 3923 enim
2900 3871 3140 3922 homines
3189 3864 3253 3916 ad
3287 3873 3564 3928 compara-

346 3979 627 4030 mercedis
655 3977 890 4042 accipit,
948 3988 1010 4026 ut
1047 3975 1188 4027 ultra
1243 3947 1380 4029 idola
1409 3992 1512 4029 non
1549 3978 1707 4031 colat.
1743 3976 1904 4029 Viden

2036 3968 2230 4021 tionem
2268 3963 2424 4016 Verbi
2461 3961 2651 4024 divini,
2695 3975 2798 4013 nou
2843 3958 3013 4012 solum
3051 3954 3444 4022 ineloquentes,
3469 3947 3564 4003 sed

349 4066 501 4116 enim
527 4081 626 4116 eos
653 4066 749 4131 qui
779 4080 852 4118 ex
903 4065 1162 4131 gentibus
1195 4075 1345 4126 sunt,
1387 4067 1456 4117 ita
1497 4069 1561 4118 ad
1619 4069 1780 4120 Deum
1807 4082 1936 4120 con-
2033 4067 2085 4109 el
2113 4055 2240 4108 ηιυιὶ
2265 4053 2476 4122 Ριιιίιηίιὶ
2517 4059 2659 4104 sum-

353 4164 548 4202 versos
581 4166 731 4212 esse,
769 4161 830 4203 ut
866 4153 1008 4202 ultra
1042 4151 1186 4204 idola
1241 4153 1508 4215 nesciant,
1561 4155 1719 4206 Deum
1749 4165 1908 4221 praete

2103 4142 2156 4196 2.
2206 4141 2339 4206 Quia
2382 4141 2543 4209 igitur
2599 4140 2649 4191 in
2701 4139 2751 4191 id
2808 4133 3174 4204 intelligentiae
3227 4127 3450 4200 profecit
3509 4135 3568 4180 ut

337 4249 519 4289 unum
566 4241 854 4290 neminem
921 4248 1292 4301 venerentur,
1340 4240 1450 4306 ipsa
1489 4220 1758 4296 erubescit
1801 4243 1902 4294 idol

2043 4242 2348 4301 agnosceret
2375 4229 2793 4296 semetipsum,in
2831 4240 2936 4294 quo
2967 4232 3048 4278 est
3068 4236 3192 4291 pars
3227 4220 3456 4273 maxima
3479 4231 3566 4268 sa-

342 4328 491 4377 ultra
542 4327 663 4392 jam
718 4327 927 4378 colere.
987 4325 1142 4378 istud
1187 4342 1318 4394 ergo
1371 4330 1561 4396 recipit
1598 4331 1841 4383 beneficii
1874 4332 1902 4384 d

2044 4320 2288 4390 pientite,
2345 4327 2650 4372 remunerat
2705 4327 2822 4370 eum
2887 4316 3063 4367 divina
3121 4311 3382 4380 dignatio.
3433 4307 3568 4361 Audi

343 4413 593 4467 Ecclesia
621 4415 946 4482 Syuagoga,
985 4415 1136 4478 quod
1161 4413 1211 4464 ei
1250 4416 1528 4480 parvulam
1571 4420 1802 4471 nutrisse
1827 4419 1938 4470 visa
2044 4426 2202 4478 quam
2232 4407 2446 4476 optimis
2495 4406 2889 4473 magniﬁcisque
2931 4401 3256 4455 muneribus.
3287 4416 3306 4449 ι
3337 4397 3465 4466 Ego,
3493 4396 3574 4447 in-

339 4508 425 4550 est
465 4501 680 4568 legem.
736 4500 844 4552 Sed
900 4510 955 4551 et
981 4515 1083 4550 nos
1107 4500 1277 4550 etiam
1312 4502 1355 4552 si
1382 4501 1714 4556 Pharaonem
1751 4507 1940 4558 habui-
2045 4501 2161 4568 quit
2186 4498 2256 4562 ",
2289 4497 2525 4564 aperiam
2544 4510 2604 4548 os
2636 4504 2803 4559 tuum,
2831 4503 2884 4546 et
2907 4493 3167 4545 iustruam
3198 4498 3248 4541 te
3279 4502 3395 4554 qua:
3415 4499 3574 4554 opor-

341 4603 462 4641 mus
493 4601 754 4655 patrem,
782 4591 951 4640 etiam
984 4589 1032 4641 si
1061 4603 1166 4640 nos
1196 4589 1252 4639 iu
1285 4591 1540 4654 operibus
1578 4595 1729 4647 malis
1764 4598 1945 4662 genuit
2049 4598 2156 4641 leal
2187 4597 2236 4639 te
2263 4585 2424 4652 loqui.
2461 4603 2481 4635 ι
2511 4585 2658 4636 Beati
2712 4592 2854 4646 sunt,
2889 4595 3114 4650 quorum
3150 4579 3288 4630 Dens
3319 4590 3378 4629 os
3401 4574 3572 4642 aperit

348 4678 607 4745 princeps
651 4677 820 4741 hujus
875 4677 1100 4738 mundi,
1161 4691 1292 4728 cum
1338 4679 1580 4733 venimus
1635 4686 1698 4733 ad
1756 4698 1944 4749 aquas,
2048 4688 2107 4730 ut
2162 4677 2462 4744 loquantur.
2512 4673 2792 4742 Prophetis
2852 4674 2988 4726 Deus
3029 4668 3298 4738 aperitos,
3329 4675 3383 4719 et
3409 4663 3576 4730 replet

352 4780 716 4818 assumamus
765 4767 829 4816 ad
887 4780 990 4817 nos
1031 4765 1221 4831 legem
1267 4765 1384 4827 Dei,
1432 4782 1524 4820 nec
1558 4771 1709 4822 nobis
1738 4773 1950 4824 sordeat
2048 4768 2172 4822 illud
2223 4766 2433 4833 eloquio
2464 4779 2585 4827 suo,
2620 4764 2758 4817 sicut
2809 4763 2860 4815 in
2911 4760 3156 4831 praesenti
3197 4758 3372 4811 dicit:
3407 4772 3426 4805 ι
3462 4753 3573 4819 Ego

355 4854 548 4906 ίίιιετεε
572 4854 700 4919 eius
728 4853 833 4904 Vile
872 4862 1154 4920 tegumen
1213 4861 1270 4904 et
1294 4852 1594 4916 obscurum,
1635 4873 1750 4922 qnze
1787 4875 1948 4926 parva
2049 4859 2280 4926 aperiam
2312 4873 2372 4910 os
2420 4869 2585 4916 tuum,
2626 4864 2680 4906 et
2734 4853 2986 4905 iltSll‘tlam
3034 4859 3084 4901 te
3117 4861 3234 4916 qua:
3257 4849 3498 4912 oporteat
3526 4850 3577 4891 te

343 4943 458 5008 eius
487 4953 622 4994 sunt
671 4951 735 4994 et
778 4941 1059 4994 lactentia
1121 4943 1504 5003 concedamus,
1551 4958 1670 5010 qua:
1719 4947 1951 5012 perfecta
2052 4948 2216 5016 loqui.
2253 4965 2270 4996 ι
2310 4946 2412 4999 Sed
2442 4954 2493 4998 et
2517 4960 2608 5012 per
2631 4942 2793 4995 David
2832 4941 2961 4994 dicit
2993 4939 3128 4991 Deus
3152 4936 3196 4967 ⁸⁷
3225 4953 3238 4988 :
3265 4953 3283 4984 ι
3324 4931 3490 4984 Dilata
3515 4942 3578 4980 os

347 5041 401 5082 et
429 5032 608 5083 valida
664 5038 818 5091 sunt,
888 5043 1237 5089 sumamus,
1277 5037 1429 5094 atque
1467 5029 1576 5081 haec
1607 5031 1744 5085 intra
1781 5037 1955 5092 cordis
2057 5015 2225 5099 tuum,
2265 5046 2320 5088 et
2371 5035 2586 5102 replebo
2638 5032 2785 5084 illud.
2827 5046 2848 5081 ι
2882 5027 3139 5082 Similiter
3172 5032 3227 5077 et
3271 5018 3464 5074 Paulus
3495 5015 3580 5066 di-

347 5119 514 5170 nostri
553 5127 700 5172 tecta
766 5118 982 5185 regalia
1028 5116 1405 5167 collocemus.
1435 5115 1701 5170 Grandem
1734 5129 1788 5171 et
1815 5123 1950 5174 vali-

353 5206 472 5258 dum
518 5209 828 5259 habeamus
866 5206 1156 5270 Moysen,
1189 5202 1325 5252 nilnl
1355 5205 1414 5254 de
1443 5218 1502 5255 eo
1529 5219 1783 5270 parvum,
1816 5210 1949 5263 nihil

349 5294 548 5349 humile
599 5298 969 5352 sentiamus;
1032 5289 1145 5340 sed
1203 5291 1530 5354 magniﬁcum
1566 5301 1755 5356 totum,
1782 5305 1950 5352 totum
2059 5304 2199 5357 Deus
2225 5303 2415 5369 aperit,
2468 5301 2669 5354 vereor
2703 5312 2876 5350 amem
2906 5308 2972 5346 ne
2998 5290 3106 5341 sint
3131 5284 3318 5351 aliqui,
3353 5289 3583 5345 quorum

421 5385 462 5416 "
490 5385 627 5438 Psal.
661 5399 811 5445 κων,
853 5381 958 5432 Η.
1017 5378 1075 5408 ⁹¹
1110 5441 1124 5445 _
1149 5375 1550 5445 penteriuxu,
1581 5379 1669 5433 21.
1746 5383 1792 5416 es
1832 5388 1906 5441 Ex

2022 5406 2095 5445 ιν.
2125 5392 2211 5445 to.
2259 5363 2328 5422 ὀι
2353 5392 2504 5443 Joan.
2539 5405 2574 5445 ι,
2607 5389 2657 5442 t.
2730 5387 2774 5417 θ’
2806 5381 2945 5437 Psal.
2981 5388 3144 5437 Lun,
3173 5373 3264 5424 23.
3335 5365 3380 5398 οι
3409 5363 3583 5416 Exod.

353 5464 419 5513 tv,
445 5425 827 5504 12'.""5v'i?;.ii.
855 5425 1201 5499 λῖχιιάθ.
1280 5441 1324 5472 ⁵⁸
1351 5425 1550 5510 E51355?
1567 5425 1766 5509 νῖΪιθ.
1832 5425 1906 5441 ωδ

2023 5425 2095 5458 ιν,
2130 5425 2211 5445 ιν.
2353 5425 2504 5443 Duillio
2539 5425 2574 5450 ι,
2613 5425 2657 5442 ιο

428 5544 532 5606 198)
562 5541 708 5607 Mss.,
744 5560 763 5590 ι
807 5537 991 5592 tetris
1029 5528 1362 5584 Judaeorum
1384 5536 1627 5590 sensibus.
1657 5557 1678 5590 ι

2054 5215 2178 5268 mei.
2222 5234 2241 5266 ι
2276 5215 2466 5268 Eorum
2521 5227 2648 5279 ergo
2675 5213 2762 5277 qui
2816 5206 2974 5262 verba
3027 5202 3118 5253 Dei
3160 5201 3466 5265 loquuntur,
3511 5202 3579 5241 os

2137 5541 2246 5610 (99)
2277 5540 2440 5603 Alias,
2477 5555 2494 5588 ι
2539 5538 2832 5606 proﬁtetur.
2861 5549 2881 5584 ι

2055 5129 2129 5180 cit
2171 5127 2217 5158 ⁹⁸
2252 5142 2265 5176 :
2297 5145 2314 5175 ι
2352 5125 2415 5179 Ut
2457 5126 2611 5176 detur
2649 5122 2774 5174 mihi
2804 5132 2978 5174 sermo
3013 5117 3064 5167 in
3091 5111 3436 5180 adapertione
3463 5103 3581 5156 oris
3653 5108 3664 5116 '
