3922 6232
327 297 422 350 311

329 497 686 557 mendacium,
725 505 926 548 certum
975 503 1056 546 est
1093 494 1216 560 quia
1269 495 1513 549 diabolus
1545 497 1751 563 aperuit
1799 513 1859 549 os

324 586 441 650 ejus
472 594 529 636 ut
584 583 917 636 mendacium
976 583 1308 650 loqueretur.
1344 585 1440 649 Qui
1491 585 1678 637 falsum
1713 586 1862 638 testi-

327 674 566 725 monium
621 670 767 732 dicit.
797 671 887 738 qui
929 671 1287 724 scurrilitates
1323 686 1384 724 ac
1431 672 1784 738 turpitudines
1806 682 1859 725 et

329 771 523 815 caetera
557 762 858 830 huiusmodi
889 762 956 813 de
1017 775 1111 813 ore
1143 774 1240 812 suo
1283 761 1577 825 proferunt,
1615 762 1857 815 diabolus

328 855 537 918 aperuit
557 866 618 904 os
645 866 851 904 eorum.
885 851 1083 904 Vereor
1115 864 1180 902 ne
1217 860 1271 902 et
1307 854 1655 903 susurronum
1688 861 1736 904 et
1767 853 1860 906 de-

329 947 619 993 tractorum
672 954 732 993 os
768 940 1010 993 diabolus
1060 940 1289 1007 aperiat,
1326 941 1418 993 sed
1465 950 1520 992 et
1556 955 1739 993 eorum
1766 942 1856 1008 qui

327 1029 500 1082 otiosa
532 1029 692 1082 verba
720 1029 1013 1096 proferunt,
1047 1044 1141 1095 pro
1171 1029 1362 1096 quibus
1405 1029 1666 1082 reddenda
1695 1030 1747 1081 in
1773 1031 1858 1082 die

319 1115 510 1180 judieii
555 1119 689 1170 ratio
729 1127 830 1171 est.
880 1115 996 1170 Jam
1032 1133 1159 1172 vero
1196 1119 1285 1185 qui
1313 1117 1737 1187 iniquitatem‘in
1766 1135 1858 1172 ex-

326 1206 528 1258 celsum
555 1205 857 1272 loquuntur,
885 1207 972 1272 qui
1007 1216 1201 1275 negant
1241 1206 1520 1260 Dominum
1569 1221 1742 1258 meum
1771 1205 1859 1258 Je—

329 1309 443 1348 sum
494 1294 759 1348 Christum
813 1293 865 1346 in
895 1310 1056 1348 carne
1098 1296 1332 1358 venisse,
1366 1295 1447 1347 vel
1475 1294 1562 1362 qui
1600 1293 1856 1359 Spiritum

328 1392 571 1436 sanctum
620 1383 1021 1451 biaSphemant,
1067 1384 1258 1452 quibus
1301 1398 1472 1450 Iteque
1519 1383 1567 1436 in
1615 1381 1857 1450 presenti

329 1485 501 1539 neque
547 1473 598 1525 in
636 1473 809 1526 futuro
865 1473 1062 1526 SiBthlO
1109 1474 1448 1538 remittetur,
1495 1474 1614 1541 quis
1652 1473 1859 1526 dubitet

327 1561 470 1626 quod
505 1574 568 1614 os
589 1574 774 1613 eorum
810 1561 1051 1614 diabolus
1076 1561 1321 1630 aperiat?
1353 1559 1442 1614 Vis
1473 1549 1641 1615 tibiiet
1673 1562 1770 1615 hoc
1794 1564 1858 1614 de

267 1669 269 1672 ‘
334 1649 630 1716 Scripturis
688 1651 1002 1711 ostendam,
1035 1649 1301 1715 quomodo
1349 1649 1642 1716 hujusmodi
1688 1649 1858 1702 homi-

3617 245 3748 301 ’512

1764 285 2077 344 ORIGENIS

327 407 627 463 econtrario
661 419 720 458 os
753 404 998 458 diabolus
1037 404 1264 472 aperiat.
1323 405 1451 458 Nam
1499 408 1588 474 qui
1623 406 1860 473 loquitur
1893 414 1934 467 Α
1963 407 2018 460 Si
2057 405 2267 472 quando
2315 417 2438 470 ergo
2496 413 2635 450 vana
2685 394 3003 452 dicuntur,

3038 385 3094 439 si
3131 374 3445 448 quando
3485 368 3748 429 inania,

1967 470 2169 563 imiimi
2224 493 2418 559 lm‘Pia.
2450 490 2702 555 profana,
2749 483 3023 539 scelesta
3065 470 3590 544 proferuntur,
3630 475 3744 563 qui

1963 555 2104 639 novit
2140 555 2342 636 Domini
2373 579 2766 639 eruditionem,
2795 567 3041 626 claudit
3067 574 3318 619 aures.
3355 564 3431 607 ει
3484 555 3745 603 τινθτηί

1961 676 2224 735 auditum,
2254 681 2309 724 et
2341 668 2470 722 dicit
2500 667 2543 697 "
2575 683 2589 719 :
2627 683 2645 714 ι
2680 665 2799 732 Ego
2823 668 3034 713 autem
3067 652 3260 708 sicut
3304 643 3580 740 surdus
3615 654 3744 690 non

1959 764 2258 824 audiebam,
2305 769 2359 812 et
2406 759 2547 811 sicut
2594 762 2818 818 lautus,
2886 747 3000 816 qui
3067 757 3213 798 non
3290 741 3594 802 aperuit
3672 743 3748 781 os

1959 867 2132 905 suum.
2171 868 2189 900 ι
2213 849 2266 902 Si
2293 861 2420 901 vero
2446 846 2510 897 ad
2553 843 2852 896 utilitatem
2889 836 3134 890 animm
3162 829 3563 900 pertinent
3597 835 3748 918 qua:

1959 940 2209 993 dicuntur
2257 938 2301 991 si
2329 937 2394 990 de
2427 935 2536 986 Deo
2558 946 2744 986 sermo
2769 939 2884 993 est,
2923 926 2980 980 si
3019 934 3265 977 mores
3313 918 3572 971 docet,
3612 922 3748 960 vrr-

1962 1039 2101 1083 tntes
2153 1027 2364 1087 invitat.
2429 1025 2557 1075 vitia
2610 1027 2855 1080 resecat,
2901 1023 3129 1084 patere
3194 1008 3484 1061 debent
3548 1013 3748 1053 aures

1960 1114 2324 1184 hujuscemodi
2376 1112 2637 1179 eloquiis;
2693 1119 2749 1163 et
2800 1123 2917 1161 non
3001 1103 3226 1157 solum
3281 1110 3516 1150 aures
3548 1133 3570 1156 ,
3629 1090 3742 1184 sed

1958 1179 2171 1263 et'cor,
2219 1211 2272 1254 et
2327 1214 2500 1260 mens,
2555 1206 2610 1250 et
2658 1204 2770 1249 tota
2832 1196 2907 1247 ad
2965 1183 3473 1259 hujuscemodi
3551 1179 3743 1233 audi-

1961 1300 2069 1343 tum
2103 1290 2294 1343 animae
2341 1289 2509 1356 janua
2568 1284 2858 1353 pandenda
2920 1289 3045 1334 est.
3120 1279 3440 1330 Sun-ma
3513 1280 3740 1322 tamen

1963 1381 2116 1448 137
2147 1378 2509 1431 moderatione
2536 1375 2789 1443 praecepti
2829 1388 2935 1426 usa
2981 1379 3084 1424 est
3116 1368 3230 1421 lex
3276 1383 3297 1417 :
3347 1373 3429 1416 ut
3465 1375 3606 1416 non
3652 1357 3745 1410 di-

1957 1479 2138 1521 ceret:
2168 1466 2282 1519 Non
2319 1466 2505 1520 audies
2536 1465 2784 1517 auditum
2821 1475 3083 1522 vanum,
3132 1457 3266 1510 sed
3329 1469 3480 1506 non
3564 1448 3740 1502 reci-

1958 1558 2090 1625 pies.
2122 1555 2252 1608 Nam
2281 1569 2415 1606 vana
2445 1553 2759 1621 frequenter
2807 1552 3130 1604 audimus.
3208 1543 3556 1599 Marcion
3593 1553 3743 1611 quae

1960 1647 2212 1714 loquitur,
2273 1659 2407 1696 vana
2437 1652 2582 1695 sunt.
2613 1640 2959 1694 Valentinus
2998 1652 3152 1706 qua:
3209 1634 3576 1702 loquitur,
3624 1643 3742 1680 va-

329 1737 508 1802 nibus,
534 1739 622 1805 qui
669 1740 949 1790 adversum
978 1738 1248 1791 Christum
1293 1739 1602 1804 loquuntur,
1640 1752 1698 1790 os
1741 1738 1855 1789 dia-
1887 1723 1927 1776 Β
1961 1752 2026 1788 na
2057 1745 2214 1787 sunt:
2247 1744 2299 1787 et
2329 1748 2516 1786 omnes
2543 1732 2635 1798 qui
2673 1741 2875 1783 contra
2908 1738 3302 1782 creatorem
3357 1723 3593 1778 Deum
3639 1719 3739 1774 lo-

329 1827 480 1880 bolus
531 1826 733 1894 aperit?
785 1825 911 1878 Vide
961 1827 1086 1891 quid
1147 1829 1400 1894 scriptum
1434 1836 1515 1879 est
1540 1827 1584 1858 ”
1613 1824 1850 1887 deJuda,

327 1915 598 1981 quomodo
633 1915 865 1968 refertur
919 1916 1038 1980 quia
1081 1915 1393 1969 iutroivitin
1429 1914 1571 1966 illum
1609 1913 1852 1977 Satanas,

325 2014 382 2056 et
412 2004 533 2072 quia
587 2006 733 2058 misit
772 2007 823 2057 in
859 2020 953 2058 cor
979 2006 1092 2071 eius
1128 2004 1392 2067 diabolus,
1422 2004 1734 2056 uttraderet
1759 2003 1856 2056 Do-

328 2093 552 2146 minum.
594 2092 712 2162 Ipse
751 2109 879 2162 ergo
927 2094 1138 2158 aperuit
1189 2108 1248 2146 os
1278 2093 1423 2159 ejus,
1453 2102 1507 2144 ut
1553 2092 1854 2158 loqueretur

327 2198 447 2233 cum
482 2183 808 2249 principibus
827 2193 880 2236 et
907 2182 1208 2243 Pharisaeis,
1236 2182 1503 2248 quomodo
1528 2196 1646 2234 eum
1676 2182 1853 2232 trade-

325 2277 427 2335 ret,
450 2278 666 2337 accepta
721 2271 942 2337 pecunia
968 2270 1006 2322 ¹.
1045 2268 1191 2322 Unde
1221 2269 1346 2320 mihi
1380 2268 1589 2321 videtur
1612 2282 1716 2320 non
1738 2281 1855 2320 esse

321 2372 386 2424 pa
397 2372 498 2410 rvat
520 2359 702 2426 gratiae
725 2359 1016 2426 intelligere
1029 2375 1087 2411 os
1105 2359 1242 2426 quod
1261 2357 1433 2425 aperit
1453 2359 1616 2422 Deus,
1637 2366 1690 2410 et
1706 2357 1857 2410 intel-

323 2446 489 2514 ligere
517 2462 577 2502 os
614 2451 754 2514 quod
783 2451 952 2517 aperit
991 2447 1250 2502 diabolus.
1280 2446 1392 2499 Non
1425 2458 1508 2500 est
1533 2447 1651 2500 sine
1679 2447 1851 2500 sancti

323 2536 556 2604 Spiritus
585 2539 753 2605 gratia
811 2538 1110 2606 huiusmodi
1155 2556 1215 2594 os
1244 2550 1298 2593 et
1324 2538 1487 2592 verba
1517 2537 1849 2590 discernere.

321 2625 391 2678 Et
419 2626 538 2679 ideo
577 2627 630 2678 itt
663 2627 1016 2680 divisionibus
1043 2629 1359 2696 spiritalium
1385 2627 1676 2694 gratiarum
1704 2623 1855 2676 addi-

325 2727 411 2767 tur
438 2715 596 2768 etiam
643 2715 773 2777 hoc,
825 2719 965 2783 quod
1019 2718 1176 2770 datur
1220 2717 1536 2784 quibusdam
1591 2715 1844 2768 discretio

323 2804 605 2871 spirituum
646 2805 688 2853 ¹.
739 2803 879 2870 Ergo
920 2805 1172 2871 spiritalis
1221 2814 1300 2856 est
1345 2803 1514 2870 gratia
1561 2816 1655 2868 per
1695 2816 1851 2867 quam

321 2893 540 2960 spiritus
565 2892 902 2955 discernitur,
933 2894 1072 2944 sicut
1091 2902 1143 2944 et
1171 2891 1292 2944 alibi
1319 2893 1446 2945 dicit
1475 2889 1766 2957 Apostolus
1795 2890 1848 2943 ':

327 2999 345 3031 ι
387 2979 615 3034 Probate
649 2980 866 3047 spiritus
895 2981 938 3032 si
979 2995 1042 3033 ex
1097 2980 1204 3034 Deo
1235 2990 1356 3033 sunt
1391 2980 1486 3049 (I).
1512 2994 1531 3027 ι
1573 2979 1675 3032 Sed
1715 2978 1850 3031 sicut
1877 3018 1921 3077 Ο

322 3069 468 3122 Deus
518 3068 688 3137 aperit
716 3083 776 3122 os
825 3080 1155 3132 sanctorum,
1199 3071 1270 3144 ita
1299 3081 1426 3137 puto
1445 3069 1587 3136 quod
1618 3078 1670 3120 et
1695 3083 1850 3120 aures

323 3167 629 3210 sanctorum
671 3158 807 3209 Deus
833 3159 1033 3224 aperiat
1069 3159 1131 3210 ad
1170 3158 1432 3210 audienda
1462 3157 1617 3211 verba
1650 3157 1847 3209 divina.

323 3243 413 3297 Sic
443 3243 583 3296 enim
609 3243 738 3295 dicit
759 3241 921 3296 Isaias
951 3245 1206 3310 propheta
1228 3244 1250 3275 ⁵
1280 3265 1290 3298 :
1319 3262 1336 3294 ι
1372 3243 1624 3297 Dominus
1646 3244 1854 3310 aperuit

321 3332 452 3386 mihi
511 3345 717 3395 aurem,
763 3343 818 3386 ut
863 3333 1023 3386 sciam
1069 3333 1275 3399 quando
1301 3341 1546 3399 oporteat
1590 3331 1690 3383 dici
1728 3347 1850 3382 vcr-

319 3424 468 3475 bum.
507 3440 526 3473 ι
563 3421 652 3475 Sic
695 3432 746 3475 et
804 3423 986 3475 oculos
1035 3423 1208 3488 aperit
1236 3422 1508 3483 Dominus,
1549 3421 1686 3473 sicut
1725 3436 1847 3487 ape-

323 3512 429 3564 ruit
453 3512 638 3564 oculos
659 3509 800 3578 Agar
827 3528 839 3562 :
873 3527 890 3559 ι
934 3509 996 3562 Et
1025 3510 1157 3562 vidit
1191 3521 1406 3576 puteum
1430 3523 1580 3575 aqua:
1607 3509 1736 3562 vivae
1770 3510 1843 3562 ⁸.»

319 3603 423 3655 Sed
452 3612 502 3657 et
524 3603 742 3656 Eliszeus
792 3602 1044 3668 propheta
1092 3602 1222 3656 dicit
1247 3603 1307 3657 ‘:
1341 3619 1358 3651 ε
1393 3601 1574 3668 Aperi,
1605 3600 1846 3664 Domino,

315 3693 496 3746 oculos
525 3694 694 3761 pueri,
725 3701 780 3745 ut
812 3692 988 3744 videat
1048 3692 1171 3757 quia
1209 3692 1386 3759 plures
1422 3690 1694 3744 nobiscum
1726 3700 1850 3742 sunt

316 3795 474 3849 quam
535 3796 654 3835 cum
717 3782 1053 3837 adversariis.
1095 3781 1160 3832 Et
1191 3781 1418 3848 aperuit,
1449 3780 1638 3846 inquit,
1671 3779 1849 3833 Domi-

313 3886 415 3925 nus
443 3873 626 3926 oculos
667 3873 842 3939 pueri,
896 3881 948 3926 et
983 3880 1266 3925 eccetotus
1309 3885 1462 3922 mons
1515 3869 1701 3937 plenus
1731 3879 1849 3922 erat

315 3959 607 4026 equitibus,
637 3970 692 4013 et
719 3960 982 4021 curribus,
1015 3959 1335 4023 auxiliisque
1374 3957 1698 4010 ewlestibus.
1731 3957 1845 4009 Cir-

312 4049 528 4100 cumdat
559 4046 700 4101 enim
728 4047 948 4112 angelus
975 4046 1180 4099 Domini
1206 4047 1257 4098 in
1287 4046 1516 4098 circuitu
1547 4046 1845 4098 timentium

311 4151 456 4200 cum,
491 4146 548 4188 ut
597 4137 788 4202 eripiat
831 4149 924 4188 eos
955 4136 997 4186 ".
1041 4156 1058 4185 ι
1099 4134 1283 4201 Aperit
1319 4148 1466 4201 ergo,
1503 4145 1558 4185 ut
1591 4134 1842 4199 diximus,

311 4223 474 4287 Deus,
499 4235 550 4276 et
577 4239 657 4285 os,
691 4234 744 4276 et
803 4237 982 4286 aures,
1017 4231 1067 4275 et
1102 4223 1302 4285 oculos,
1332 4234 1387 4274 ut
1420 4223 1501 4274 vel
1534 4222 1837 4289 loquamur,

1956 1834 2210 1892 qnuntur,
2237 1837 2371 1873 vana
2401 1832 2526 1874 sunt
2561 1836 2683 1887 quae
2708 1821 3058 1886 loquuntur.
3126 1816 3278 1869 Sed
3327 1823 3578 1866 tamen
3614 1813 3741 1865 fre-

1954 1923 2177 1980 quenter
2206 1926 2302 1963 nos
2343 1911 2595 1964 audimus
2643 1925 2732 1974 ea,
2785 1922 2848 1961 ut
2884 1910 3250 1960 adversum
3317 1919 3405 1958 ea
3453 1917 3742 1970 respon-

1957 2001 2081 2053 dere
2109 2000 2375 2066 possimus
2408 2015 2421 2050 :
2472 2014 2538 2050 ne
2569 1997 2705 2051 forte
2731 1997 3078 2064 subripiant
3144 1993 3738 2061 simplicioribus

1954 2089 2248 2156 quibusque
2277 2086 2503 2140 fratrum
2543 2095 2860 2140 nostrorum
2907 2099 3017 2153 per
3087 2083 3472 2137 sermonis
3523 2096 3736 2136 orna—

1956 2186 2090 2230 tnm.
2119 2177 2375 2230 Audimus
2395 2190 2522 2243 ergo
2553 2176 2696 2239 haec;
2742 2175 2842 2228 sed
2872 2188 2994 2226 non
3041 2173 3473 2241 recipimus.
3543 2173 3731 2226 Dicta

1955 2275 2078 2319 sunt
2111 2266 2250 2317 enim
2307 2265 2373 2317 de
2394 2279 2490 2318 ore
2534 2265 2625 2317 illo
2675 2267 2826 2330 quod
2889 2263 3205 2316 diabolus
3278 2265 3604 2331 aperuit.
3654 2262 3731 2315 Et

1954 2357 2072 2410 ideo
2095 2356 2353 2410 orandum
2397 2354 2550 2407 nobis
2580 2363 2685 2417 est,
2717 2363 2778 2406 υι
2827 2354 3125 2421 dignetur
3156 2355 3535 2408 Dominus
3569 2370 3730 2423 ape-

1955 2447 2064 2498 rire
2085 2460 2145 2498 os
2176 2455 2448 2508 n05trum;
2482 2455 2539 2496 ut
2569 2445 2848 2512 possimus
2881 2452 2940 2497 et
2984 2447 3584 2500 contradicentes
3618 2461 3730 2500 re-

1956 2536 2188 2599 vincere,
2219 2544 2274 2587 et
2301 2535 2556 2587 obturare
2581 2549 2642 2587 os
2680 2535 2830 2601 quod
2864 2533 3163 2588 diabolus
3209 2541 3538 2604 aperuit.
3576 2536 3730 2591 Haec

1953 2626 2018 2679 de
2045 2641 2111 2678 eo
2131 2626 2269 2692 quod
2301 2625 2557 2692 scriptum
2587 2635 2672 2678 est
2695 2627 2735 2656 ¹¹
2771 2641 2783 2676 :
2821 2645 2840 2676 ι
2873 2627 3002 2695 Ego
3028 2629 3360 2695 aperiam
3392 2645 3478 2684 os
3508 2639 3728 2694 tuum,

1954 2724 2008 2766 et
2036 2715 2294 2767 instrnam
2327 2721 2399 2776 te,
2424 2728 2541 2780 quae
2565 2722 2818 2780 oporteat
2855 2723 2910 2768 te
2939 2715 3148 2783 loqui.
3201 2735 3227 2766 ι
3299 2717 3462 2772 Non
3507 2720 3730 2774 solum

1953 2812 2131 2857 autem
2165 2803 2334 2872 Moysi
2363 2803 2696 2870 promittitur
2728 2817 2793 2857 os
2837 2804 3065 2870 aperiri
3134 2822 3174 2858 a
3225 2809 3574 2872 Domino,
3611 2810 3732 2864 sed

1953 2901 2007 2946 et
2034 2900 2236 2946 Aaron.
2283 2891 2485 2945 Dicitur
2511 2891 2656 2944 enim
2690 2892 2848 2945 etde
2898 2893 3042 2960 ipso
3081 2895 3136 2926 ¹²
3200 2913 3219 2948 :
3280 2917 3308 2949 ι
3348 2899 3506 2967 Ego
3568 2915 3732 2969 ape-

1955 2982 2086 3034 riam
2119 2996 2180 3034 os
2211 2989 2376 3043 tuum,
2407 2989 2461 3032 et
2494 2995 2556 3032 os
2589 2979 2758 3044 illius,
2791 2990 2849 3032 et
2884 2982 3216 3049 instruam
3261 3001 3400 3041 vos
3436 3002 3599 3057 qua:
3629 2989 3728 3041 fa-

1954 3071 2128 3124 ciatis.
2173 3088 2190 3120 l
2219 3070 2469 3124 Occurrit
2497 3073 2639 3122 enim
2672 3079 2726 3123 et
2749 3071 2940 3123 Aaron
2972 3071 3189 3142 Moysi
3224 3113 3247 3138 ,
3311 3088 3390 3131 et
3430 3079 3614 3133 exiit
3645 3080 3729 3134 de

1949 3159 2200 3228 Egypto.
2223 3159 2470 3214 Occurrit
2497 3169 2674 3212 autem
2701 3162 2770 3212 ei.
2807 3160 2964 3214 Ubi?
2996 3163 3062 3214 in
3110 3166 3322 3232 quali
3370 3168 3587 3223 loco?
3625 3170 3730 3223 iu-

1951 3255 2116 3300 terest
2142 3249 2280 3300 enim
2311 3247 2399 3298 ubi
2427 3256 2678 3299 occurrat
2708 3245 2884 3316 Moysi
2913 3247 2992 3314 is,
3028 3251 3235 3318 cujus
3275 3269 3366 3310 os
3402 3258 3731 3326 aperien-

1949 3335 2073 3388 dum
2102 3347 2181 3389 est
2208 3351 2238 3387 a
2274 3335 2402 3387 Deo.
2436 3334 2689 3389 Occurrit
2729 3337 2906 3398 enim.
2947 3339 3200 3408 inquit,
3259 3345 3337 3400 in
3404 3361 3729 3404 montem

1951 3425 2062 3478 Dei.
2096 3424 2254 3478 Vides
2277 3425 2398 3492 quia
2432 3425 2623 3478 merito
2649 3427 2904 3492 aperitur
2938 3445 3012 3482 os
3069 3433 3264 3501 ejus,
3324 3440 3456 3508 qui
3501 3452 3727 3511 υυιεει

1948 3527 2234 3565 occurrere
2276 3513 2326 3564 in
2371 3522 2604 3565 montem
2650 3513 2764 3567 Dei.
2810 3513 3056 3583 Petrus,
3114 3533 3193 3576 et
3240 3523 3610 3597 Iacobus,
3663 3541 3731 3585 et

1948 3601 2198 3660 Joannes.
2226 3603 2277 3653 in
2311 3614 2548 3657 montem
2585 3603 2676 3655 Dei
2725 3606 3167 3676 ascenderunt,
3238 3626 3328 3670 ut
3375 3623 3732 3676 transfor-

1950 3700 2150 3741 ruatqu
2175 3688 2354 3742 Jesum
2389 3691 2570 3744 videre
2618 3704 2997 3759 mererentur,
3060 3709 3129 3753 et
3196 3703 3524 3778 Moysen
3569 3728 3726 3767 cum

1950 3775 2066 3842 ipso
2096 3789 2255 3845 atque
2280 3778 2451 3830 Eliam
2478 3779 2724 3831 viderent
2756 3779 2810 3832 in
2843 3780 3064 3848 gloria.
3103 3787 3198 3841 Et
3232 3775 3557 3868 tu‘ergo
3597 3803 3728 3856 nisi

1950 3865 2254 3918 ascenderis
2275 3865 2340 3917 ad
2365 3875 2603 3918 montem
2634 3863 2756 3927 Dei,
2785 3876 2843 3920 et
2868 3869 2948 3923 ibi
2985 3885 3412 3937 occurreris
3466 3863 3726 3959 idoysi,

1949 3955 2000 4007 i.t
2029 3966 2112 4009 est
2164 3955 2263 4007 nisi
2297 3955 2568 4009 excelsum
2593 3956 2730 4026 legis
2769 3965 3124 4018 ascenderis
3185 3984 3544 4046 sensum,
3592 3955 3727 4036 nisi

1949 4046 2015 4096 ad
2046 4045 2297 4112 spiritalis
2319 4045 2682 4112 intelligentiae
2705 4060 2980 4122 cacumen
3011 4063 3377 4130 evaseris,
3429 4045 3579 4125 non
3623 4085 3733 4128 est

1948 4148 2010 4186 os
2043 4141 2186 4185 tuum
2225 4141 2464 4200 apertum
2497 4149 2526 4184 a
2551 4132 2798 4190 Domino.
2829 4138 2890 4190 Si
2923 4138 2982 4191 in
3022 4141 3268 4202 humili
3317 4154 3491 4214 loco
3530 4161 3725 4218 ιίιιε.

1951 4235 2022 4276 ra:
2054 4223 2344 4287 steteris,et
2371 4222 2605 4276 historia:
2644 4233 2853 4279 textum
2889 4228 3175 4291 .Iudaicis
3242 4259 3491 4304 narra
3507 4254 3725 4309 tioni-

308 4312 392 4364 vel
423 4327 724 4375 cernamus,
755 4311 833 4364 vel
861 4314 1138 4365 audiamus
1198 4327 1313 4378 qua:
1340 4311 1426 4364 Dei
1475 4321 1618 4364 sunt.
1658 4310 1761 4364 Sed
1788 4321 1840 4366 et
1874 4322 1916 4375 ι)
1946 4311 2046 4365 bus
2079 4313 2344 4378 innectas,
2381 4327 2487 4366 non
2514 4314 2804 4367 occurristi
2835 4317 3022 4390 Moysi
3057 4325 3120 4378 in
3167 4346 3524 4397 montem
3566 4345 3722 4410 Dei,

309 4401 441 4454 illud
467 4416 569 4453 non
600 4402 768 4454 otiose
795 4402 996 4468 accipio
1018 4401 1157 4470 quod
1189 4402 1316 4454 dicit
1341 4402 1590 4469 propheta
1622 4416 1636 4450 :
1664 4419 1682 4450 ι
1710 4401 1844 4453 Eru-

307 4488 458 4549 ditio,
499 4487 669 4554 inquit
700 4486 741 4548 ⁸,
775 4485 980 4539 Domini
1039 4490 1244 4556 aperuit
1290 4489 1416 4540 mihi
1454 4502 1656 4540 aurem.
1689 4507 1705 4538 ι
1734 4488 1843 4542 Hoc

309 4577 437 4629 mihi
473 4576 677 4627 videtur
702 4578 767 4628 ad
793 4591 906 4639 nos,
944 4577 994 4629 id
1031 4588 1110 4630 est
1151 4579 1509 4630 communiter
1539 4579 1602 4630 ad
1628 4592 1840 4631 onmem

308 4664 398 4717 Dei
433 4663 725 4716 Ecclesium
759 4665 1045 4732 pertinere.
1082 4666 1135 4718 Si
1169 4667 1310 4718 enim
1349 4668 1399 4718 in
1454 4666 1665 4718 Domini
1712 4681 1839 4719 eru-

309 4755 511 4806 ditione
557 4769 855 4816 versemur,
911 4756 1081 4822 aperit
1111 4765 1164 4807 et
1217 4756 1368 4809 nobis
1408 4770 1592 4808 aurem
1627 4754 1834 4808 Domini

306 4845 558 4896 eruditio.
617 4845 774 4898 Auris
823 4859 945 4898 vero
971 4859 1088 4911 qua:
1121 4860 1212 4912 per
1250 4847 1601 4900 eruditioziem
1627 4845 1836 4897 Domini

305 4937 566 5001 aperitur,
621 4951 725 4988 non
783 4950 990 5002 semper
1030 4947 1209 5006 aperta
1255 4948 1357 4999 est,
1415 4936 1506 4990 sed
1545 4935 1836 5003 aliquando

301 5033 505 5090 aperta,
541 5021 824 5088 aliquando
872 5024 1049 5076 clausa
1113 5035 1217 5077 est.
1269 5024 1404 5076 Audi
1480 5022 1835 5090 legislaturem

303 5114 575 5166 dit'ClllClll
603 5112 623 5142 ⁹
653 5129 666 5165 :
698 5129 715 5162 t
748 5111 824 5165 Ne
869 5116 1138 5182 receperis
1171 5115 1245 5181 (ἓ)
1284 5114 1520 5167 auditum
1557 5125 1766 5163 vanum.
1813 5127 1831 5160 ο

346 5295 574 5379 ti’lxan.
611 5293 829 5379 xttt,‘§.7.
868 5365 886 5379 η
908 5294 1140 5379 ‘nMatth.
1181 5291 1437 5379 xxvi-.15..
1467 5357 1479 5379 1
1514 5291 1533 5319 ’
1563 5289 1720 5379 |Corlt
1752 5303 1846 5379 UL.
1873 5294 1895 5379 Il

1354 5291 1437 5379 is;
1467 5289 1720 5379 I-..|(.;orl:'
1752 5303 1846 5379 n'.’
1873 5294 1973 5379 ,10⁸
2005 5366 2016 5379 .
2052 5299 2072 5328 ³
2105 5302 2120 5352 Ι
2155 5304 2409 5374 JoanJV.
2435 5281 2497 5367 1.,
2584 5319 2798 5379 "Isa.t.,
2829 5313 2880 5368 5-

297 5363 319 5393 ⁸
350 5361 410 5412 ιν
443 5363 573 5424 Reg.
602 5377 672 5422 vt.
708 5364 792 5416 17.

297 5429 340 5460 ⁸³
367 5431 436 5481 ibi
463 5433 495 5478 l.
527 5429 612 5481 15.

367 5536 441 5601 (l)
472 5535 636 5603 Alias,
674 5557 690 5590 ι
716 5542 804 5609 qui
825 5556 889 5596 ex
915 5542 1022 5595 Deo
1052 5549 1197 5595 sunt.
1233 5559 1254 5593 ο

868 5365 886 5394 ⁷
909 5365 1052 5417 Psal.
1072 5377 1260 5426 xum,
1287 5362 1338 5414 7.

1412 5360 1432 5390 ο
1467 5357 1566 5411 lsa.
1605 5371 1656 5419 ι,
1691 5356 1744 5412 5.
1817 5361 2039 5418 Haec.
2077 5356 2964 5451 χχίι“ί;’;“,”ἰό’ίιειιι,’ζιζξζῖιζιλ
3048 5356 3097 5410 πῖ

1944 4415 2044 4454 nec
2074 4415 2135 4454 es
2172 4411 2320 4456 tuum
2359 4403 2568 4504 aperuit
2605 4405 2769 4470 Deus,
2803 4422 2990 4476 neque
3041 4414 3406 4481 instruxit.
3454 4442 3531 4488 te
3568 4403 3727 4504 qua;

1941 4502 2186 4588 oporteat
2216 4502 2264 4544 te
2292 4493 2453 4560 loqui.
2493 4492 2605 4548 Sis:
2634 4512 2767 4566 ergo
2794 4497 2987 4554 Aaron
3023 4515 3491 4574 occurrisse;
3527 4492 3730 4596 Μξη-

1939 4581 1980 4630 si
2017 4581 2068 4672 in
2101 4589 2303 4644 monte,
2338 4582 2436 4634 nisi
2470 4581 2588 4648 ejus
2614 4601 2835 4640 sensum
2878 4589 3218 4650 sublimem
3283 4608 3620 4669 vidisset
3649 4581 3730 4672 ζει

1937 4668 2188 4736 arduum,
2235 4675 2338 4727 nisi
2381 4675 2653 4729 excelsam
2685 4678 2802 4747 ejus
2847 4678 3360 4750 intelligentiam
3414 4668 3726 4775 pem”;

1938 4767 2136 4860 xtsset;
2188 4780 2458 4834 nunquam
2502 4767 2552 4820 ei
2590 4767 2801 4823 locutus
2831 4768 3027 4824 luisset
3084 4781 3311 4839 verba
3364 4791 3540 4858 Dei,
3592 4767 3719 4854 ne-

1936 4861 2041 4913 quo
2070 4856 2326 4908 virtutem
2355 4856 2636 4922 signorum
2665 4858 3187 4933 prodigiorumque
3225 4856 3718 4952 tradidisset,

1936 4948 2472 5034 neque—participettt
2517 4963 2645 5004 eum
2692 4951 2826 5006 tanti
2852 4953 3119 5019 mysterii
3165 4948 3714 5034 conscivisset.

2005 5026 2058 5137 ξς
2112 5031 2314 5092 Verum
2358 5039 2613 5106 quoniam
2664 5044 2878 5112 lottgum
2918 5045 3138 5137 εει-(18
3187 5026 3722 5137 singulis—pver-

1937 5117 2190 5179 ordinent
2234 5133 2431 5195 dicere,
2479 5133 2763 5192 videamus
2805 5131 3034 5200 ingressi
3085 5138 3170 5190 au
3216 5117 3718 5216 Ριιῖιι-δᾷιιὲῐξ,

2995 5310 3016 5340 ⁵
3048 5309 3312 5397 Εθέὶθδο
3367 5343 3543 5397 xxv.
3591 5338 3714 5396 19.

3143 5385 3387 5454 Exuit.
3435 5416 3459 5453 ι
3478 5385 3543 5468 νζ
3592 5385 3714 5467 ii:

2021 5548 2102 5620 (‘2)
2138 5559 2328 5634 Alias.
2367 5593 2384 5628 ι
2416 5585 2745 5640 resuexeris.
2776 5596 2795 5631 ³
