3922 6242
143 319 298 424 si

1499 347 1566 400 IN
1605 345 1882 402 EXODUM
1921 344 2199 400 HOMlLlA
2237 345 2318 399 ιιι.

3391 340 3496 397 514

175 431 484 526 ικκάδθξξλ
511 425 722 526 ,Αποῖῖ
750 435 896 502 quid
925 439 1159 504 dicunt
1188 453 1239 486 “
1267 472 1283 509 :
1324 475 1346 509 ‹
1392 457 1514 513 Haec
1537 459 1665 512 dicit
1693 457 1866 511 Domi—
1893 459 1938 512 A
1966 458 2014 509 iu
2045 457 2165 511 aliis
2197 465 2364 509 totum
2401 454 2633 508 triduum
2667 453 2780 522 ipse
2811 454 3067 523 possidet.
3100 452 3204 508 Sed
3239 453 3314 507 illi
3351 455 3492 508 beati

205 546 319 605 ma
346 533 360 570 ⁵
391 517 616 574 D‘mme
646 526 929 593 Nimium
985 549 1232 610 meum,
1273 556 1336 599 ut
1363 549 1606 600 serviant
1650 546 1776 598 mihi
1807 547 1860 597 in

232 625 433 688 ετειιὶοι
477 631 498 664 ι
541 611 669 670 Non
708 618 836 673 Vult
854 620 1108 694 Moyses
1156 646 1226 686 ut
1263 635 1494 703 populus
1542 637 1593 689 in
1636 634 1862 704 Egypto

257 708 455 786 seems
479 709 686 762 δετνῖῖλὶ
737 710 1016 780 Domino.
1057 723 1168 776 s‘ed
1198 735 1261 778 ut
1287 737 1445 779 exeat
1475 727 1526 780 in
1568 727 1860 788 desertum,

288 800 418 858 stibi
466 803 670 857 serviat
714 804 984 862 Domino.
1046 811 1178 867 Hoc
1231 825 1317 870 est
1366 819 1482 871 sine
1522 819 1680 870 dubio
1721 818 1860 884 quod

285 891 529 955 ostendit,
560 893 685 960 quia
723 894 903 949 donec
936 899 1073 964 quis
1138 901 1196 954 in
1253 905 1490 957 tenebris
1523 903 1864 957 saecularibus

283 993 490 1048 manet,
511 993 565 1039 et
593 985 649 1037 in
686 988 1045 1052 negotiorum
1087 995 1423 1049 obscuritate
1445 1003 1717 1059 versatur,
1757 1010 1862 1049 non

274 1079 465 1137 potest
501 1072 707 1124 servire
747 1071 1009 1128 Domino.
1072 1077 1200 1133 Non
1252 1080 1392 1133 enim
1448 1089 1621 1148 potest
1658 1081 1863 1135 duobus

273 1159 524 1215 dominis
573 1163 782 1217 servire
840 1180 857 1220 :
899 1181 1012 1220 nou
1067 1179 1249 1236 potest
1289 1170 1514 1224 Domino
1552 1173 1754 1224 servire
1810 1181 1862 1225 et

269 1265 616 1306 mammonae
647 1253 708 1306 “.
745 1253 1073 1310 Exeundum
1112 1258 1279 1326 igitur
1314 1260 1463 1313 nobis
1492 1269 1572 1314 est
1607 1260 1672 1314 de
1695 1260 1862 1330 Eg]-

266 1349 407 1407 pto;
441 1343 844 1410 relinquendus
885 1355 972 1400 est
1012 1349 1266 1412 mundus,
1307 1349 1350 1402 si
1379 1349 1618 1404 volumus
1645 1350 1863 1404 Omnino

264 1437 510 1488 servire.
573 1435 988 1503 Relinquendus
1028 1448 1230 1502 autem,
1273 1441 1411 1506 dico,
1455 1458 1555 1494 non
1599 1442 1732 1504 loco,
1774 1443 1863 1496 sed

264 1528 501 1591 animo;
549 1544 662 1580 non
705 1529 906 1581 itinere
946 1529 1373 1597 proﬁciscendo,
1421 1533 1511 1584 sed
1565 1531 1666 1584 ﬂde
1705 1531 1864 1598 proﬂ-

262 1617 497 1670 ciendo.
555 1616 703 1668 Audi
751 1619 866 1670 hare
916 1619 1106 1671 eadem
1163 1619 1418 1672 Joannem
1459 1621 1720 1673 dicentem
1760 1622 1802 1652 ¹⁵
1845 1635 1862 1674 :

269 1723 293 1756 ι
347 1705 563 1771 Filioli,
613 1708 790 1761 nolite
821 1708 1052 1777 diligere
1095 1711 1385 1773 mundum,
1428 1725 1604 1777 neque
1643 1726 1704 1764 ea
1746 1727 1863 1778 qua:

263 1795 324 1847 iu
389 1799 610 1848 mundo
652 1807 815 1858 sunt,
871 1800 1132 1864 quoniam
1181 1814 1340 1853 omne
1377 1801 1516 1866 quod
1572 1800 1623 1854 iu
1664 1803 1859 1853 mundo

261 1899 388 1953 est,
432 1889 779 1942 desiderium
830 1892 1014 1943 carnis
1052 1900 1166 1953 est,
1217 1899 1272 1942 et
1308 1890 1630 1944 desiderium
1673 1890 1860 1944 oculo-

263 1991 423 2031 rum.
462 1995 484 2028 ι
534 1978 605 2028 Et
647 1977 781 2044 quid
814 1987 994 2031 tamen
1038 1978 1199 2032 dicit?
1235 1978 1531 2044 Quomodo,
1563 1979 1643 2032 vel
1673 1989 1860 2046 quate-

266 2083 379 2120 nus
413 2067 698 2134 proficisci
737 2068 896 2136 jubet
923 2083 991 2122 ex
1017 2068 1273 2138 .(Egypto,
1301 2071 1572 2124 videamus
1601 2087 1612 2122 :
1651 2069 1856 2135 «Viam,

268 2157 454 2224 inquit
488 2158 554 2218 ",
624 2159 792 2211 trium
847 2159 1058 2212 dierum
1114 2160 1304 2214 ibimus
1351 2163 1401 2214 in
1443 2175 1654 2225 eremo,
1697 2170 1750 2213 et
1787 2160 1857 2214 ibi

273 2245 694 2298 immolabimus
751 2247 986 2299 Domino
1028 2249 1135 2301 Deo
1173 2257 1373 2303 nostro.
1428 2269 1447 2301 ι
1502 2250 1626 2316 Qua:
1656 2259 1737 2303 est
1775 2252 1858 2303 via

275 2335 439 2386 trium
477 2335 725 2398 dierum,
769 2350 895 2404 qua:
935 2336 1092 2389 nobis
1122 2337 1412 2392 incedenda
1451 2348 1551 2405 est,
1577 2349 1635 2392 ut
1662 2354 1862 2394 exeun-

279 2434 357 2480 tes
391 2429 464 2479 de
506 2423 766 2494 .‘Egypto
803 2427 1094 2492 pervenire
1141 2427 1403 2493 possimus
1458 2430 1524 2481 ad
1575 2429 1747 2482 locum
1807 2430 1860 2481 in

276 2531 376 2584 quo
420 2515 728 2569 immolare
769 2513 1097 2570 debeamus?
1142 2515 1252 2584 Ego
1281 2517 1418 2568 viam
1444 2517 1588 2570 illum
1630 2518 1861 2587 intelligo

277 2609 358 2671 qui
403 2607 552 2658 dixit
597 2604 688 2657 ‘7:
732 2623 752 2655 ‹
800 2604 914 2672 Ego
953 2619 1070 2656 sum
1111 2605 1216 2666 via,
1255 2614 1309 2658 et
1337 2608 1554 2671 veritas,
1579 2617 1634 2660 ct
1670 2609 1795 2661 vita.
1836 2628 1854 2658 ι

279 2693 394 2749 Hec
426 2697 519 2747 via
566 2695 761 2747 triduo
803 2695 962 2746 nobis
985 2695 1274 2746 incedenda
1298 2705 1399 2749 est.
1440 2697 1538 2761 Qui
1578 2699 1719 2752 enim
1741 2715 1862 2752 con-

277 2782 454 2838 fessus
494 2783 666 2834 fuerit
710 2783 765 2834 in
809 2796 906 2834 ore
947 2795 1045 2834 suo
1083 2781 1359 2833 Dominum
1394 2781 1601 2843 Jesum.
1654 2797 1708 2838 ct
1743 2801 1862 2840 cre-

278 2875 482 2929 diderit
524 2875 580 2926 in
622 2873 792 2924 corde
834 2885 955 2934 suo,
998 2871 1138 2938 quod
1179 2871 1316 2926 Deus
1344 2873 1488 2926 illum
1521 2875 1797 2928 suscitavit
1830 2891 1860 2928 a

278 2961 513 3015 mortuis
553 2959 724 3011 tertia
783 2957 896 3019 die,
939 2957 1122 3011 salvus
1173 2960 1274 3012 erit
1329 2961 1392 3012 ¹⁸.
1446 2959 1570 3015 Haec
1615 2977 1742 3030 ergo
1779 2974 1860 3016 est

1961 549 2050 615 qui
2083 547 2341 613 integrum
2374 545 2438 598 ab
2468 558 2533 597 eo
2558 544 2788 596 triduum
2816 541 3090 603 secedunt,
3116 552 3170 595 et
3209 543 3406 595 nullam
3438 544 3490 595 iu

1962 638 2040 690 eis
2062 647 2208 688 snam
2233 633 2464 702 possidet
2495 632 2656 687 diem.
2682 629 2797 683 Non
2820 643 2946 696 ergo
2977 635 3192 696 putetis,
3216 633 3340 697 quia
3365 641 3492 685 tunc

1963 726 2325 780 tantummodo
2347 726 2530 779 eduxit
2561 721 2765 790 Moyses
2792 718 3037 786 populum
3065 719 3131 772 de
3162 717 3409 789 Egypto.
3428 720 3494 775 Et

1963 831 2105 869 nunc
2145 815 2370 884 Moyses,
2419 830 2573 882 quem
2617 813 2869 865 habemus
2914 812 3188 863 nobiscum
3217 811 3493 866 (habemus

1963 907 2103 958 enim
2138 905 2374 974 Moysen,
2401 915 2453 958 et
2477 903 2804 973 prophetas),
2833 904 2884 956 id
2910 913 2992 957 est
3041 903 3124 954 lex
3182 900 3273 953 Dei
3308 901 3418 953 vult
3443 911 3495 954 te

1963 997 2190 1051 educere
2227 997 2290 1048 de
2320 993 2581 1062 IEgypto;
2615 994 2658 1046 si
2687 994 2871 1048 audias
2899 1007 3036 1055 eam,
3083 990 3198 1042 vult
3239 999 3291 1042 te
3340 989 3494 1056 longe

1965 1087 2139 1139 facere
2164 1101 2193 1138 a
2224 1085 2521 1138 Pharaone.
2554 1084 2751 1136 Eruere
2779 1093 2828 1135 te
2854 1082 2999 1150 cupit
3033 1083 3097 1134 de
3123 1094 3286 1147 opere
3319 1079 3411 1132 luti
3439 1088 3494 1132 et

1965 1175 2269 1246 palearum;
2299 1174 2341 1226 si
2367 1184 2542 1226 tamen
2577 1173 2762 1224 audias
2785 1173 2958 1240 legem
2985 1171 3099 1234 Dei,
3131 1181 3183 1224 et
3211 1168 3368 1238 138
3390 1169 3498 1235 spi-

1966 1267 2196 1322 ritaliter
2234 1264 2515 1332 intelligas.
2548 1261 2660 1316 Non
2693 1262 2807 1314 vult
2831 1270 2881 1314 te
2913 1263 2964 1314 in
3012 1261 3191 1313 carnis
3245 1267 3298 1312 et
3350 1269 3497 1311 tene-

1964 1356 2178 1408 brarum
2215 1352 2419 1406 actibus
2465 1364 2799 1418 permanere,
2831 1349 2920 1402 sed
2966 1348 3113 1401 exire
3144 1348 3209 1400 ad
3234 1361 3495 1407 eremmn,

1961 1444 2143 1497 venire
2170 1443 2235 1495 ad
2259 1441 2432 1495 locum
2461 1440 2949 1507 perturbationibus
2973 1446 3025 1491 et
3044 1437 3292 1490 ﬂuctibus
3317 1436 3493 1490 saeculi

1963 1549 2204 1598 vacuum,
2239 1532 2421 1586 venire
2445 1531 2509 1584 ad
2538 1530 2771 1598 quietem
2807 1528 3023 1581 silentii.
3055 1527 3226 1580 Verba
3251 1525 3389 1577 enim
3418 1539 3500 1577 sa-

1965 1625 2175 1694 pientiae
2205 1625 2256 1676 in
2313 1623 2526 1677 silentio
2576 1629 2630 1673 et
2674 1618 2851 1686 quiete
2891 1620 3187 1671 discuntur.
3241 1616 3317 1667 Ad
3355 1616 3496 1667 hunc

1964 1731 2091 1784 ergo
2124 1714 2296 1767 locmu
2331 1711 2524 1779 quietis
2555 1725 2676 1764 cum
2709 1710 2937 1773 veneris,
2963 1708 3032 1760 ibi
3068 1705 3269 1774 poteris
3300 1703 3490 1755 inuno--

1963 1803 2074 1856 lare
2102 1801 2340 1862 Domino,
2373 1799 2444 1852 ibi
2479 1799 2648 1865 legem
2686 1800 2774 1852 Dei
2801 1809 2854 1851 et
2899 1798 3146 1849 virtutem
3186 1794 3378 1846 divinae
3406 1805 3498 1842 vo-

1961 1893 2038 1946 cis
2063 1903 2365 1960 agnoscere.
2389 1887 2668 1959 Pr0pterea
2682 1902 2808 1954 ergo
2833 1886 2973 1954 cupit
2999 1899 3049 1939 te
3073 1884 3278 1953 Moyses
3303 1884 3498 1952 ejicere

1961 1982 2026 2035 de
2073 1981 2246 2035 medio
2285 1980 2659 2034 ﬂuctuantium
2711 1980 3063 2046 negotiorum,
3108 1989 3162 2031 et
3206 1979 3269 2030 de
3324 1978 3498 2032 medio

1959 2069 2404 2139 perstrepentium
2428 2068 2764 2136 p0pulorum.
2791 2067 3084 2134 Propterea
3105 2067 3248 2134 cupit
3278 2075 3328 2118 te
3351 2067 3498 2120 exire

1961 2159 2027 2212 de
2060 2160 2307 2228 Egypto,
2340 2158 2390 2210 id
2413 2165 2494 2210 est
2516 2158 2582 2209 de
2612 2157 2846 2210 tenebris
2869 2157 3210 2225 ignorantiae;
3251 2165 3306 2208 ut
3331 2156 3495 2224 legem

1961 2253 2054 2306 Dei
2088 2253 2290 2316 audias,
2334 2263 2388 2306 et
2420 2255 2592 2306 lucem
2634 2252 2867 2305 scientiae
2911 2251 3115 2316 capias.
3152 2248 3256 2302 Sed
3287 2249 3499 2301 obsistit

1961 2341 2198 2404 Pharao;
2251 2341 2494 2395 relaxare
2549 2351 2600 2394 te
2645 2357 2745 2394 non
2793 2341 2902 2392 vult
2934 2350 3112 2393 rector
3158 2341 3494 2391 tenebrarum

1962 2434 2181 2498 harum;
2213 2447 2313 2486 nou
2336 2433 2446 2484 vult
2473 2441 2523 2485 te
2549 2431 2787 2484 abstrahi
2818 2432 2883 2483 de
2927 2429 3160 2482 tenebris
3191 2429 3321 2492 suis,
3347 2437 3399 2478 et
3425 2428 3493 2480 ad

1961 2523 2194 2576 scientia:
2223 2522 2398 2575 lumen
2433 2523 2624 2576 adduci
2658 2540 2670 2574 :
2701 2529 2755 2574 et
2784 2521 2903 2574 audi
2937 2521 3060 2587 quid
3087 2518 3215 2571 dicit
3258 2535 3270 2570 :
3319 2535 3337 2567 ι
3367 2516 3497 2581 Quis

1959 2621 2062 2673 est,
2095 2611 2262 2677 inquit
2285 2611 2349 2672 ’³,
2405 2609 2554 2677 cujus
2589 2609 2798 2662 audiam
2828 2610 3048 2662 vocem?
3095 2605 3284 2660 Nescio
3312 2606 3493 2659 Domi-

1961 2715 2106 2762 num,
2139 2711 2187 2752 et
2224 2698 2386 2752 lsrael
2426 2715 2530 2752 non
2562 2699 2848 2751 dimittam.
2893 2717 2910 2748 ι
2958 2697 3092 2749 Audi
3118 2697 3242 2764 quid
3275 2709 3495 2762 respon-

1962 2787 2036 2840 dit
2084 2787 2330 2854 princeps
2373 2786 2528 2853 hujus
2562 2785 2766 2850 mundi,
2815 2784 3020 2837 nescire
3051 2796 3106 2836 se
3154 2783 3318 2834 Deum
3345 2779 3490 2832 dicit.

1961 2878 2123 2932 Vides
2149 2879 2274 2946 quid
2303 2877 2410 2946 agit
2440 2877 2601 2931 cruda
2638 2875 2902 2943 superbia.
2941 2874 3115 2926 Donec
3148 2874 3197 2925 in
3224 2870 3497 2924 laboribus

1965 2970 2233 3023 hominum
2261 2985 2364 3021 non
2408 2978 2508 3031 est,
2548 2977 2742 3022 etcum
2784 2965 3086 3018 hominibus
3115 2979 3216 3016 non
3260 2960 3487 3030 ﬂagella-

277 3050 434 3102 tridui
477 3049 604 3107 via,
655 3060 757 3112 per
797 3059 961 3111 quam
1001 3046 1312 3111 pervenitur
1352 3047 1404 3099 in
1446 3047 1617 3100 locum
1661 3051 1712 3101 in
1755 3065 1860 3116 quo

1967 3069 2054 3111 tur
2077 3059 2152 3123 ";
2191 3067 2466 3124 propterea
2496 3057 2664 3108 tenuit
2687 3069 2806 3107 eum
2839 3053 3111 3120 superbia.
3146 3052 3385 3118 Denique
3408 3050 3494 3102 vi-

287 3137 524 3191 Domino
563 3134 886 3188 immoletur
925 3133 1271 3210 et.reddatur
1308 3135 1625 3188 sacriﬁcium
1668 3137 1860 3193 laudis.

279 3227 428 3289 Hac,
479 3237 751 3293 quantum
795 3224 862 3274 ad
918 3222 1200 3290 mysticum
1234 3225 1465 3290 pertinet
1518 3226 1859 3279 intellectum.

269 3318 312 3374 Si
360 3334 512 3372 vero
554 3316 725 3368 etiam
788 3312 1076 3376 moralem,
1130 3312 1220 3378 qui
1270 3311 1423 3366 nobis
1471 3315 1713 3380 perutilis
1759 3325 1859 3380 est,

263 3407 621 3478 requirimus
679 3404 888 3463 locum,
933 3401 1036 3453 iter
1075 3401 1234 3453 tridui
1275 3401 1342 3455 de
1378 3401 1608 3472 [Egypto
1646 3403 1861 3471 proﬁci-

259 3501 508 3556 scimur,
539 3495 588 3547 si
621 3493 699 3546 ita
744 3505 846 3544 nos
881 3489 950 3541 ab
987 3488 1132 3541 omni
1165 3490 1570 3556 inquinamento
1591 3493 1783 3545 animae
1811 3501 1864 3545 et

259 3586 532 3656 corporis
558 3598 625 3636 ac
667 3583 904 3648 spiritus
944 3593 1346 3641 conservemus,
1389 3590 1465 3638 ut,
1514 3583 1865 3648 quemadmo-

255 3676 390 3729 dum
441 3673 593 3725 dixit
633 3670 936 3736 Apostolus
962 3670 1025 3733 ¹⁹,
1056 3686 1075 3718 ‹
1123 3667 1331 3734 integer
1353 3669 1574 3736 Spiritus
1613 3678 1789 3723 vester
1810 3680 1862 3723 et

253 3769 487 3825 anima,
547 3771 605 3815 et
645 3775 853 3829 corpus
896 3760 950 3812 in
993 3758 1079 3811 die
1114 3755 1239 3809 Jesu
1281 3755 1481 3809 Christi
1525 3769 1790 3811 servetur.
1839 3778 1857 3810 ι

253 3850 470 3907 Tridui
531 3851 641 3903 iter
681 3845 1089 3917 proﬁciscimur
1126 3846 1189 3897 de
1227 3843 1502 3912 Egypto,
1543 3845 1586 3898 si
1630 3846 1864 3898 rationa-

255 3943 400 4006 lem,
473 3940 826 4000 naturalem,
893 3935 1151 3988 moralem
1203 3935 1520 4000 sapientiam
1579 3936 1643 3988 de
1702 3937 1863 3989 rebus

250 4028 665 4088 mundialibus
703 4023 1022 4080 auferentes
1060 4025 1127 4077 ad
1169 4018 1371 4077 Statuta
1413 4023 1589 4076 divina
1640 4038 1864 4078 conver-

249 4127 488 4180 timus;
535 4118 699 4173 tridui
729 4119 831 4170 iter
856 4116 926 4170 de
964 4114 1200 4185 JEgypto
1226 4115 1636 4182 proficiscimur,
1675 4116 1719 4168 si
1761 4129 1860 4182 pu-

250 4215 576 4269 riﬁcantes
616 4207 670 4259 in
701 4206 858 4260 nobis
897 4205 1042 4257 dicta
1069 4244 1082 4267 ,
1123 4204 1307 4267 facta,
1344 4203 1426 4255 vel
1465 4203 1693 4271 cOgitata
1736 4203 1860 4268 (tria

251 4313 399 4357 sunt
434 4299 592 4355 enim
622 4298 762 4362 lucc,
797 4310 896 4363 per
921 4310 1042 4362 qua:
1075 4309 1298 4361 peccare
1327 4293 1569 4345 homines
1593 4293 1857 4361 possunt),

251 4395 587 4448 emciamur
626 4388 822 4442 mundi
866 4386 1048 4446 corde,
1076 4391 1136 4435 ut
1174 4383 1440 4448 possimus
1470 4382 1632 4435 Deum
1661 4384 1858 4436 videre.

254 4482 358 4539 Vis
403 4493 602 4536 autem
656 4479 852 4530 videre
904 4489 1026 4542 qua:
1084 4471 1392 4537 hujusmodi
1453 4484 1602 4534 sunt,
1648 4488 1765 4540 quae
1805 4474 1856 4526 in

258 4572 584 4640 Scripturis
623 4567 841 4622 indicat
890 4564 1130 4631 Spiritus
1175 4561 1435 4615 sanctus?
1485 4560 1692 4615 Pharao
1753 4565 1859 4626 hic,

255 4664 354 4731 qui
382 4671 474 4716 est
514 4659 788 4728 princeps
814 4653 1060 4721 Egypti,
1103 4653 1192 4703 ubi
1233 4666 1290 4703 se
1319 4651 1464 4704 videt
1493 4653 1860 4707 vehementius

259 4748 585 4818 perurgeri,
631 4753 696 4798 ut
734 4742 976 4795 dimittat
1011 4739 1271 4807 pouulum
1313 4737 1426 4801 Dei,
1469 4740 1703 4794 secundo
1743 4741 1864 4793 loco

267 4841 375 4895 hoc
409 4838 570 4905 cupit
611 4835 920 4900 impetra.e
959 4842 1029 4880 ne
1067 4826 1279 4890 nongius
1317 4828 1535 4887 abeant,
1579 4842 1644 4879 ne
1691 4838 1860 4880 totum

276 4932 524 4983 triduum
568 4923 1022 4996 proﬁciscantur,
1069 4924 1128 4968 et
1165 4915 1295 4967 dicit
1332 4915 1376 4944 ὀ
1426 4931 1439 4967 :
1481 4931 1500 4964 ι
1554 4915 1666 4968 Non
1708 4917 1862 4981 longe

282 5021 513 5073 abeatis.
546 5036 567 5069 ι
617 5014 738 5067 Non
782 5011 896 5063 vult
934 5009 1102 5074 longe
1143 5019 1175 5056 a
1206 5019 1264 5059 se
1300 5005 1412 5057 ﬁeri
1446 5005 1690 5071 populum
1730 5007 1860 5072 Dei;

287 5109 404 5160 vult
436 5121 560 5162 eum
604 5104 650 5158 si
691 5102 880 5157 nonin
911 5098 1088 5157 facto,
1133 5093 1218 5146 vel
1245 5093 1294 5144 in
1323 5107 1562 5146 sermone
1597 5108 1857 5160 peccare:

299 5196 340 5245 si
379 5212 482 5248 non
507 5195 560 5248 in
600 5206 886 5254 sermone,
938 5186 1030 5239 vel
1076 5185 1135 5236 in
1180 5180 1494 5248 cogitatione
1533 5180 1857 5250 delinquere.

307 5283 410 5336 Non
441 5285 545 5337 vult
579 5295 639 5338 ut
672 5293 847 5338 totum
875 5295 907 5333 a
934 5293 1001 5332 se
1031 5274 1283 5328 triduum
1306 5269 1717 5338 proﬁciscantur.
1745 5273 1862 5326 Vult

307 5371 355 5425 iu
381 5374 524 5428 nobis
549 5373 630 5426 vel
654 5385 825 5427 unum
858 5368 1014 5422 diem
1049 5375 1227 5415 suum
1252 5362 1470 5420 habere;
1499 5356 1546 5408 in
1569 5358 1684 5412 aliis
1705 5360 1855 5429 duos;

349 5535 389 5569 ”
409 5537 570 5590 Exod.
593 5552 646 5599 v,
685 5534 735 5586 1.

296 5603 368 5660 "l
417 5605 605 5660 Thess.
644 5619 695 5663 v,
733 5599 824 5652 23.

281 5650 373 5740 mi,
825 5661 923 5712 2~5-
1025 5653 1081 5683 ’⁵
1115 5651 1169 5702 Π
1209 5650 1326 5703 εον-
1361 5669 1425 5715 VI.
1465 5655 1537 5715 li,
1563 5656 1638 5708 l5.

821 5529 867 5559 ιι
889 5527 1040 5578 Luc.
1082 5533 1216 5579 va,
1246 5519 1326 5570 15.
1397 5521 1434 5552 η
1470 5518 1654 5574 lJoan.
1686 5539 1742 5584 ιι,
1772 5527 1856 5584 13,
1882 5528 1962 5582 l6.

912 5593 963 5622 ²⁰
995 5565 1348 5653 Εκ9ῩΙῙῘ¹¹¹ο
1372 5587 1452 5638 ἳδ-
1520 5590 1555 5617 ¹¹
1587 5565 1746 5642 Emit-lt
1778 5565 1926 5653 ὐτ

1965 3151 2114 3202 debis
2151 3163 2270 3201 eum
2303 3147 2458 3215 paulo
2487 3155 2603 3214 post
2631 3155 2885 3212 quantum
2911 3143 3118 3211 proiicit
3155 3144 3204 3194 in
3237 3141 3491 3210 ﬂagellis;

1962 3245 2158 3304 quanto
2199 3235 2382 3288 melior
2427 3235 2735 3287 verberatus
2773 3231 3016 3285 eﬂicitur.
3060 3232 3162 3285 lste
3204 3233 3295 3298 qui
3339 3232 3494 3283 modo

1964 3326 2130 3379 dicit:
2162 3342 2181 3375 ι
2222 3322 2409 3377 Nescio
2432 3321 2728 3387 Dominum,
2766 3341 2784 3374 ι
2821 3331 3000 3390 postea
3036 3336 3154 3374 cum
3183 3320 3288 3372 vim
3313 3331 3494 3371 seuse-

1964 3415 2032 3466 rit
2066 3413 2371 3474 verberum,
2403 3411 2642 3464 dicturus
2669 3420 2752 3463 est
2779 3410 2824 3440 ”
2853 3425 2868 3461 :
2905 3427 2924 3460 ι
2955 3407 3116 3462 Orate
3147 3423 3243 3476 pro
3275 3421 3360 3460 me
3389 3407 3491 3460 Do-

1963 3503 2182 3564 minum,
2217 3519 2236 3552 ι
2269 3510 2322 3554 et
2352 3514 2455 3553 non
2485 3499 2655 3554 solum
2679 3498 2800 3561 hoc,
2851 3497 2943 3550 sed
2965 3497 3122 3549 etiam
3148 3495 3494 3548 contestanti-

1962 3593 2062 3646 bus
2091 3592 2260 3658 magis
2286 3590 2543 3643 fatebitur
2585 3591 2707 3658 quia
2735 3588 2932 3657 digitus
2963 3587 3054 3639 Dei
3088 3597 3171 3638 est
3210 3586 3262 3637 iu
3294 3585 3492 3639 virtute

1963 3682 2253 3750 signorum.
2285 3678 2450 3734 Nemo
2484 3694 2608 3748 ergo
2638 3681 2708 3732 ita
2745 3675 3040 3732 ineruditus
3087 3675 3280 3729 divina:
3311 3675 3380 3728 sit
3406 3674 3490 3726 di-

1962 3771 2220 3838 sciplinae,
2253 3778 2310 3820 ut
2327 3768 2528 3836 ﬂagella
2558 3769 2734 3820 divina
2767 3767 3056 3836 perniciem
3093 3773 3260 3832 putet,
3296 3772 3354 3816 ut
3379 3777 3494 3816 ver-

1963 3858 2093 3912 bera
2120 3857 2324 3910 Domini
2363 3853 2622 3923 poenalem
2647 3854 2830 3908 credat
2861 3854 3153 3907 interitum.
3189 3850 3323 3904 Ecce
3350 3849 3493 3902 Pha-

1966 3961 2058 4000 rao
2101 3945 2449 3999 durissimus:
2505 3951 2678 3996 tamen
2725 3941 2936 4010 prolicit
2972 3940 3302 3994 verberatus.
3355 3937 3492 3990 Ante

1961 4036 2180 4090 verbera
2210 4034 2488 4089 Dominum
2513 4036 2713 4099 nescit;
2743 4035 3052 4086 verberatus
3079 4029 3361 4098 supplicari
3395 4044 3491 4096 pro

1961 4139 2019 4178 se
2059 4123 2334 4175 Dominum
2372 4132 2541 4189 rogat.
2595 4119 2691 4174 Est
2741 4120 3008 4188 prolectus
3050 4119 3100 4170 iu
3151 4116 3344 4184 pomis,
3388 4116 3490 4170 hoc

1962 4213 2132 4278 ipsum
2177 4223 2467 4278 agnoscere
2503 4208 2642 4274 quod
2673 4206 2932 4259 merueris
2970 4203 3204 4270 pcenam.
3243 4217 3263 4252 ι
3302 4201 3492 4253 Nescio

1963 4310 2104 4363 ergo,
2140 4296 2235 4358 ait,
2290 4293 2590 4356 Dominum,
2628 4301 2682 4344 et
2713 4292 2871 4345 Israel
2924 4307 3027 4344 non
3062 4289 3290 4343 dimitto.
3331 4305 3350 4338 ι
3386 4287 3490 4340 Sed

1961 4387 2080 4442 vide
2131 4386 2182 4436 in
2214 4381 2534 4449 Evaugeliis,
2580 4379 2842 4446 quomodo
2893 4380 3200 4432 verberatus
3243 4375 3492 4429 emendet

1956 4479 2094 4532 banc
2120 4487 2321 4525 vocem.
2361 4470 2628 4536 Scriptum
2657 4478 2738 4520 est
2785 4469 2925 4519 enim
2955 4468 3076 4535 quia
3130 4466 3494 4518 clamaverunt

1957 4569 2226 4620 dmmones
2256 4561 2320 4614 ad
2354 4560 2632 4612 Dominum
2654 4599 2670 4624 ,
2703 4569 2756 4614 et
2785 4560 3032 4612 dixerunt
3063 4559 3108 4590 ἰ
3140 4575 3152 4609 :
3185 4575 3204 4607 ι
3237 4555 3370 4620 Quid
3403 4569 3492 4608 ve-

1959 4656 2078 4709 nisti
2108 4663 2227 4704 aute
2253 4661 2460 4718 tempus
2491 4661 2737 4716 torquere
2769 4649 2903 4701 nos?
2928 4648 3139 4701 Scimus
3178 4659 3228 4698 te
3253 4645 3339 4712 qui
3376 4645 3486 4696 sis:

1957 4746 2038 4799 Tu
2078 4757 2136 4796 es
2183 4741 2349 4794 Filius
2394 4741 2481 4793 Dei
2528 4739 2654 4794 vivi.
2692 4755 2710 4788 ›
2746 4738 2841 4791 Ubi
2882 4747 3140 4792 tormenta
3186 4745 3488 4794 senserunt,

1964 4837 2138 4890 sciunt
2164 4832 2468 4885 Dominum.
2512 4829 2649 4882 Ante
2678 4827 2882 4896 ﬂagella
2924 4827 3090 4882 dicit:
3121 4843 3141 4878 ι
3178 4826 3366 4880 Nescio
3391 4825 3495 4878 Do-

1967 4924 2188 4984 minmn,
2221 4929 2274 4972 et
2325 4917 2482 4971 Israel
2526 4931 2628 4970 non
2662 4917 2888 4981 dimitto,
2927 4935 2944 4968 ι
2994 4916 3086 4969 sed
3122 4923 3304 4982 postea
3334 4912 3493 4967 l'srael

1965 5014 2207 5073 dimittit,
2241 5021 2292 5063 et
2325 5026 2425 5063 non
2455 5009 2622 5062 solum
2668 5008 2910 5072 dimittit,
2944 5007 3033 5060 sed
3080 5014 3132 5058 et
3165 5006 3277 5073 ipse
3309 5018 3494 5072 perur-

1966 5102 2107 5171 gebit
2135 5115 2255 5153 cum
2286 5099 2450 5151 exire.
2483 5097 2632 5150 Nulla
2664 5098 2805 5150 enim
2845 5097 3072 5148 societas
3102 5094 3232 5146 lucis
3253 5095 3317 5144 ad
3343 5101 3492 5145 tene-

1964 5191 2120 5254 bras;
2174 5189 2316 5241 nulla
2373 5201 2497 5254 pars
2531 5185 2670 5237 ﬂdeli
2702 5199 2821 5238 cum
2879 5182 3160 5234 iulideli“.
3216 5181 3317 5232 Sed
3365 5179 3491 5245 quid

1966 5279 2141 5332 adhuc
2168 5279 2315 5331 addit
2349 5277 2401 5329 in
2441 5275 2715 5342 responsis
2747 5272 2890 5327 suis?
2926 5290 2944 5322 t
2981 5271 3187 5336 Quare,
3229 5268 3399 5334 inquit
3423 5266 3489 5323 ",

1963 5367 2170 5438 Moyses
2193 5376 2247 5422 ct
2270 5369 2468 5432 Aaron,
2497 5366 2800 5438 pervertitis
2837 5363 3084 5430 populum
3117 5361 3183 5411 ab
3209 5354 3493 5425 operibus?

3103 5514 3144 5544 “’
3169 5512 3322 5565 Rom.
3347 5527 3399 5573 ι,
3432 5515 3486 5566 9.

2039 5528 2082 5558 ‘°
2110 5527 2276 5582 Exod.
2309 5529 2384 5588 ui,
2425 5525 2505 5577 18.
2586 5525 2625 5555 ¹⁷
2653 5522 2806 5575 Joan.
2832 5533 2940 5578 xw,
2973 5515 3023 5566 6.
3103 5515 3144 5544 ’⁸
3169 5515 3322 5565 Rom.
3347 5527 3399 5573 ι,
3432 5515 3461 5564 9

2039 5597 2046 5625 ¹
2078 5596 2191 5635 Dunl
2221 5614 2235 5635 ι
2259 5611 2360 5635 \‘t’ll
2419 5595 2465 5635 Κ-
2579 5592 2622 5623 ﬂ
2681 5590 2846 5635 Exml.
2902 5597 3012 5635 \‘lll'.
3049 5583 3102 5634 8-
3211 5580 3257 5611 ’δ
3298 5581 3461 5635 Μιιιιιι

2003 5597 2046 5625 ’⁸
2075 5583 2382 5657 Psalmxxu,
2419 5595 2467 5646 5.
2579 5592 2622 5623 ⁸³
2679 5590 2846 5642 Exod.
2902 5597 3012 5644 vur,
3049 5583 3102 5634 8.

1715 5660 1756 5690 ²⁰
1792 5662 1955 5718 Exod.
1988 5679 2038 5723 v.
2067 5673 2114 5716 4.
