3922 6242
381 293 486 350 51⁸5

383 511 560 550 secum
598 507 680 550 est
709 498 956 566 populus.
987 507 1038 550 et
1063 496 1229 547 lutum
1267 501 1518 561 operatur
1553 505 1615 544 ac
1663 489 1909 547 laterem,

384 587 553 638 donec
591 585 642 638 in
675 585 840 652 paleis
863 593 1155 652 occupatus
1177 591 1279 647 est,
1330 596 1434 634 non
1471 586 1622 644 putat
1651 589 1770 628 eum
1796 587 1913 627 esse

383 688 712 740 perversum,
737 674 828 728 sed
856 685 1003 727 recto
1025 675 1214 726 itinere
1235 670 1496 724 incedere.
1524 668 1578 720 Si
1601 681 1724 717 vero
1747 665 1911 726 dicat,

384 766 512 820 Volo
534 768 612 819 ire
633 768 775 821 viam
797 768 962 821 trium
998 762 1200 817 dierum
1224 770 1275 814 et
1302 759 1508 812 servire
1538 755 1780 815 Domino,
1799 767 1916 820 per-

387 852 523 904 verti
557 856 799 917 populum
833 853 957 902 dicit
989 864 1081 915 per
1106 848 1320 914 Moysen
1348 855 1402 899 et
1432 846 1629 897 Aaron.
1657 841 1767 894 lloc
1797 840 1915 907 qui-

391 944 508 992 dem
546 921 826 992 diccbatul'
875 939 1126 1006 antiquis.
1183 937 1287 990 Sed
1324 947 1378 988 et
1425 935 1584 988 hodie
1627 934 1669 984 si
1710 931 1915 998 Moyses

389 1038 444 1081 et
475 1028 674 1090 Aaron,
703 1028 752 1079 id
783 1036 865 1080 est
899 1027 1242 1095 prepheticus
1279 1036 1332 1076 et
1362 1021 1711 1075 sacerdotalis
1739 1033 1918 1072 sermo

390 1117 624 1170 animam
651 1116 899 1170 sollicitet
927 1117 989 1168 ad
1018 1115 1291 1167 servitium
1333 1111 1444 1171 Dei,
1485 1111 1773 1176 invitetque
1802 1124 1919 1161 eam

393 1207 543 1260 exire
573 1207 637 1260 de
665 1206 876 1267 sarculo,
911 1205 1220 1258 renuntiare
1247 1203 1493 1256 omnibus
1525 1217 1641 1266 quae
1667 1201 1919 1267 possidet,

391 1310 608 1361 operam
635 1296 759 1348 dare
784 1295 972 1348 divina:
1005 1294 1101 1358 legi
1130 1302 1182 1346 et
1217 1292 1364 1358 sequi
1397 1292 1613 1343 verbum
1647 1288 1760 1350 Dei,
1806 1302 1924 1339 con-

395 1389 546 1440 tinuo
569 1386 752 1439 audies
782 1385 884 1438 dici
923 1385 989 1437 ab
1018 1385 1101 1437 his
1133 1383 1223 1449 qui
1253 1381 1517 1434 Pharaoni
1561 1380 1835 1432 unanimes
1869 1385 1926 1430 et

398 1478 554 1530 amici
587 1487 709 1530 sunt
742 1492 756 1528 :
787 1475 971 1528 Videte
998 1472 1263 1541 quomodo
1307 1472 1634 1524 seducuntur
1686 1468 1927 1520 homines

396 1575 452 1620 et
476 1572 866 1630 pervertuntur,
910 1562 1092 1629 quales
1134 1561 1497 1613 adolescentes
1549 1572 1615 1609 ne
1663 1557 1928 1620 laborent,

400 1669 468 1708 ne
505 1655 753 1712 militent,
781 1667 847 1705 ne
885 1662 1040 1719 agant
1079 1651 1274 1715 aliquid
1313 1649 1452 1716 quod
1481 1648 1558 1700 eis
1589 1646 1774 1714 prosit,
1806 1647 1930 1700 reli—

401 1744 501 1798 olis
539 1745 696 1797 rebus
719 1741 1034 1796 necessariis
1065 1749 1117 1792 et
1155 1741 1373 1792 utilibus
1403 1738 1626 1803 ineptias
1657 1745 1928 1790 sectantur

401 1845 460 1886 et
491 1835 680 1885 otium.
715 1831 850 1895 Quid
889 1838 971 1884 est
999 1831 1202 1882 servire
1242 1826 1498 1880 Domino?
1537 1825 1808 1878 Laborare
1839 1840 1934 1877 no-

405 1921 540 1984 lunt,
570 1932 624 1973 et
652 1920 838 1972 inertis
859 1919 951 1971 otii
974 1917 1287 1969 occasiones
1317 1915 1614 1980 requirunt.
1640 1911 1760 1964 Haec
1784 1921 1934 1963 erant

408 2022 532 2064 tunc
558 2010 717 2063 verba
757 2008 1070 2068 Pharaonis,
1129 2008 1241 2059 ιιωο
1281 2014 1334 2055 et
1355 2017 1495 2057 nunc
1533 2003 1689 2056 amici
1737 2001 1849 2066 ejus
1885 2008 1938 2052 et

408 2099 698 2152 familiares
727 2097 1029 2164 loquuntur.
1070 2095 1182 2147 Non
1215 2095 1382 2146 solum
1418 2093 1591 2145 verbis
1617 2106 1703 2144 res
1741 2091 1935 2157 agitur,

409 2195 705 2253 sequuntur
751 2195 805 2236 et
830 2184 1094 2248 verbera;
1147 2182 1397 2249 ﬂagellari
1421 2181 1568 2246 jubet
1607 2180 1814 2233 scribas
1842 2178 1940 2230 lle-

409 2273 691 2334 brzeorutn,
732 2272 904 2338 paleas
931 2287 1030 2323 non
1061 2271 1198 2335 dari,
1227 2285 1360 2335 opus
1392 2269 1527 2334 exigi
1558 2284 1571 2329 ;
1610 2268 1721 2319 haec
1761 2281 1941 2332 pertu-

409 2363 590 2415 leru'tt
619 2371 816 2428 patres,
862 2361 926 2411 ad
971 2374 1196 2426 quorum
1230 2358 1450 2425 ﬁguram
1483 2369 1620 2421 saepe
1657 2356 1815 2407 etiam
1846 2367 1942 2420 po-

409 2451 566 2519 pulus
606 2449 693 2501 Dei
730 2449 925 2516 quiest
959 2449 1010 2500 in
1038 2447 1269 2500 Ecclesia
1297 2439 1946 2514 patitur.lnveniesenim,

411 2542 455 2592 si
492 2539 798 2592 consideres
823 2552 917 2590 eos
944 2538 1030 2603 qui
1061 2551 1119 2589 se
1152 2551 1218 2588 ex
1266 2537 1472 2601 integro
1519 2533 1745 2600 principi
1787 2530 1944 2596 hujus

413 2627 593 2680 mundi
653 2625 1014 2685 tradiderunt,
1063 2623 1331 2690 prosperis
1377 2621 1711 2674 successibus
1760 2633 1941 2684 agere,

417 2717 594 2765 otnnia
623 2715 722 2776 eis,
755 2721 811 2764 ut
846 2713 944 2779 ipsi
984 2720 1188 2778 putant,
1223 2711 1450 2764 feliciter
1488 2709 1734 2769 evenire;
1779 2707 1946 2760 servis

416 2810 591 2854 autem
629 2801 724 2853 Dei
771 2814 910 2868 saepe
957 2814 1022 2852 ne
1101 2800 1214 2852 haec
1249 2800 1458 2866 quidem
1512 2796 1726 2849 humani
1776 2795 1947 2847 victus

418 2889 636 2943 humilia
687 2897 741 2941 et
772 2903 930 2956 parva
959 2888 1264 2940 succedere.
1295 2887 1426 2939 Istas
1449 2885 1588 2936 enim
1621 2891 1745 2951 puto
1779 2881 1944 2934 videri

1819 276 2130 337 ORIGENIS

386 409 651 464 Discedite
694 410 1057 478 unusquisque
1107 406 1172 459 ad
1213 419 1348 474 opus
1378 411 1634 457 vestrum.
1678 418 1696 451 ι
1739 399 1916 452 Donec
1944 399 1991 453 Α
2017 405 2175 461 quam
2213 383 2525 456 praedicatio
2554 380 3122 478 divina-nascatur.

3666 236 3787 292 516

3169 377 3312 420 non
3353 366 3470 415 est
3513 353 3790 408 tribula-

2012 447 2105 543 tio,
2135 447 2238 532 non
2269 485 2350 531 est
2372 475 2596 530 tentatio
2627 489 2641 524 :
2674 470 2806 539 quia
2857 464 2981 519 nisi
3035 455 3365 514 buccinet
3399 447 3598 543 tuba,
3663 458 3788 543 non

2011 533 2362 624 committitur
2411 565 2640 624 bellum;
2693 533 2790 611 ubi
2861 569 3012 607 vero
3081 548 3367 615 signum
3435 533 3602 591 belli
3641 533 3791 585 tuba

2011 655 2407 728 prwdieationis
2486 650 2812 710 ostenderit,
2900 643 3014 704 ibi,
3117 631 3389 700 inquit,
3489 624 3794 691 sequitur

2013 726 2268 808 alllictio,
2334 742 2405 795 ibi
2469 738 2647 792 omnis
2718 730 3202 787 tribulationum
3293 730 3534 808 pug—na
3629 726 3790 766 con-

2013 833 2206 899 surgit.
2253 805 2357 883 vEx
2431 843 2538 896 quo
2601 839 2734 893 ergo
2814 818 2976 886 loqui
3060 811 3279 878 cmpit
3397 805 3692 899 Moyses—
3735 809 3797 899 et

2213 923 2391 975 Aaron
2423 921 2490 973 ad
2547 918 2922 975 Pharaonem,
2955 906 3279 974 afﬂigitur
3319 898 3626 993 poPulus
3661 896 3793 947 Dei.

2017 1015 2094 1067 Ex
2123 1028 2228 1082 quo
2267 1014 2318 1064 in
2356 1010 2590 1062 animam
2648 1015 2796 1058 tuam
2833 1015 3040 1055 sermo
3103 996 3229 1050 Dei
3289 990 3618 1060 perlatus
3673 993 3795 1050 est,

2019 1106 2325 1160 necessario
2369 1111 2646 1156 certamen
2685 1100 2832 1150 intra
2891 1105 2946 1146 te
2990 1088 3383 1144 virtutibus
3437 1084 3797 1136 adversum

2022 1196 2149 1247 vitia
2199 1193 2535 1253 suscitatur;
2590 1187 2743 1253 prius
2781 1197 2920 1235 vero
2967 1194 3170 1250 quam
3230 1175 3525 1229 veniret
3587 1185 3800 1225 sermo

2022 1284 2109 1349 qui
2137 1288 2406 1348 argueret,
2437 1279 2567 1332 vitia
2612 1278 2752 1327 intra
2794 1282 2851 1326 te
2898 1274 2958 1324 in
3017 1283 3184 1336 pace
3233 1267 3612 1319 durabant
3644 1279 3662 1313 :
3693 1260 3802 1314 sed

2025 1373 2113 1424 ubi
2146 1385 2321 1424 sermo
2363 1369 2453 1421 Dei
2509 1367 2687 1419 facere
2714 1363 2892 1428 coepit
2954 1357 3529 1424 uniuscujusque
3573 1351 3805 1405 discri-

2027 1475 2186 1521 men,
2234 1469 2362 1511 tunc
2408 1455 2747 1523 perturbatio
2791 1465 3012 1518 magna
3074 1445 3493 1512 consurgit,
3541 1454 3612 1495 et
3669 1441 3806 1494 sine

2030 1549 2228 1601 findere
2250 1548 2488 1600 nascitur
2513 1545 2734 1597 bellum.
2767 1543 2909 1594 Cum
2949 1539 3282 1608 injustitia
3316 1537 3514 1589 enim
3547 1533 3806 1602 quando

2030 1648 2203 1706 potest
2239 1636 2526 1688 convenire
2564 1634 2817 1700 justitta,
2860 1627 3277 1696 impudicitia
3327 1641 3497 1678 cum
3556 1623 3806 1676 sobrie-

2035 1740 2160 1791 tate,
2192 1744 2312 1781 ctnn
2345 1727 2573 1779 veritate
2608 1719 3018 1775 mendacium?
3049 1720 3129 1772 Et
3161 1720 3327 1771 ideo
3365 1733 3507 1769 non
3553 1729 3809 1784 magno-

2033 1831 2158 1884 pere
2185 1815 2582 1884 perturbemur,
2617 1811 2661 1863 si
2707 1811 2936 1860 videtur
2978 1807 3147 1859 odor
3193 1815 3455 1858 noster
3499 1817 3807 1856 exsecra-

2035 1906 2155 1959 bilis
2185 1919 2302 1957 esse
2341 1902 2626 1954 Pharaoni.
2685 1898 3096 1952 Exsecrationi
3151 1910 3476 1963 namque
3530 1904 3601 1946 et
3646 1892 3810 1944 vitiis

2036 1993 2248 2045 ducitur
2304 1991 2499 2042 virtus.
2546 1989 2688 2052 Quin
2749 1987 2947 2052 potius
3007 1993 3080 2036 ut
3154 1984 3221 2035 in
3309 1982 3809 2050 pomerioribus

2036 2080 2186 2144 dicit,
2217 2080 2339 2146 quia
2365 2079 2511 2130 stetit
2555 2077 2767 2144 Moyses
2807 2085 2946 2127 ante
3003 2074 3464 2126 Pharaonem
3494 2112 3515 2135 ,
3574 2081 3810 2125 stemus

2038 2172 2198 2222 etiam
2225 2183 2318 2223 nos
2354 2174 2544 2220 contra
2581 2165 2932 2216 Pharaonem
2972 2172 3040 2216 et
3073 2178 3206 2215 non
3254 2162 3657 2223 flectarnur,
3707 2163 3811 2214 sed

2042 2269 2244 2313 stemus
2298 2273 2316 2306 ι
2347 2255 2607 2310 succincti
2658 2254 2880 2306 lumbos
2925 2263 3196 2306 nostros
3236 2253 3308 2304 in
3373 2252 3697 2312 veritate,
3754 2262 3814 2305 et

2039 2349 2259 2401 calceati
2297 2347 2456 2414 pedes
2483 2345 2535 2396 in
2565 2345 2992 2411 prteparatione
3033 2343 3416 2413 Evangelii
3454 2346 3647 2412 pacis
3681 2345 3754 2396 ³⁸.
3785 2364 3805 2395 ι

2043 2436 2133 2491 Sic
2157 2437 2297 2488 enim
2329 2449 2424 2487 uos
2455 2435 2710 2486 hortatur
2737 2433 3065 2495 Apostolus
3099 2435 3352 2488 dicens
3400 2436 3462 2466 ³³
3511 2457 3527 2490 :
3577 2455 3602 2486 ε
3639 2435 3812 2488 State

2043 2541 2170 2594 ergo
2207 2534 2259 2578 et
2311 2525 2474 2576 nolite
2526 2525 2722 2575 iterum
2770 2522 2909 2589 jngo
2966 2524 3330 2577 servitutis
3382 2525 3746 2579 inhaerere.
3785 2544 3805 2576 ι

2041 2613 2237 2669 lterum
2264 2612 2392 2665 dicit
2428 2612 2472 2642 ”
2507 2625 2522 2664 :
2560 2629 2578 2660 ι
2610 2611 2666 2662 lu
2700 2623 2810 2677 quo
2842 2619 3086 2664 stamus
3112 2654 3128 2676 ,
3187 2623 3262 2666 et
3339 2615 3720 2681 gloriamur
3756 2616 3812 2667 in

2046 2717 2139 2771 spe
2193 2703 2373 2770 gloria:
2424 2701 2537 2753 Dei.
2573 2719 2590 2750 ι
2645 2700 2878 2753 Stamns
2928 2711 3150 2754 autem
3223 2704 3707 2768 confidenter,
3764 2707 3812 2758 si

2049 2793 2327 2845 Dominum
2387 2791 2768 2858 deprecentur,
2825 2799 2888 2840 ut
2952 2800 3207 2844 statuat
3272 2796 3496 2856 pedes
3562 2804 3816 2848 nostros

2049 2897 2206 2950 super
2243 2889 2474 2948 petram.
2517 2894 2584 2931 ne
2628 2879 2785 2931 nobis
2835 2879 2978 2932 illud
3043 2884 3361 2949 eveniat,
3423 2885 3610 2955 quod
3653 2886 3811 2939 idem

421 2978 624 3047 paleas,
676 2992 792 3044 qua:
840 2991 869 3029 a
921 2975 1201 3028 Pharaone
1239 2974 1628 3026 ministrantur.
1683 2968 1767 3022 Fit
1819 2983 1946 3037 ergo
1975 2982 2016 3037 ρ
2049 2967 2311 3036 Propheta
2367 2967 2498 3019 dicit
2533 2964 2626 3018 "z
2669 2983 2689 3014 ι
2728 2963 2831 3018 Mei
2879 2975 3090 3020 autem
3143 2971 3608 3034 paulominus
3669 2973 3813 3024 moti

421 3082 580 3134 saepe,
635 3074 690 3118 ut
737 3067 896 3118 Deum
943 3065 1194 3118 timentes
1233 3063 1319 3116 vili
1363 3064 1461 3114 hoc
1483 3062 1643 3113 etiam
1682 3067 1734 3110 et
1781 3057 1948 3126 paleis

422 3155 584 3208 simili
633 3155 906 3221 indigeant
947 3155 1108 3206 victu.
1153 3151 1303 3218 Stepe
1348 3151 1508 3204 etiam
1556 3149 1952 3219 persecutiones

423 3243 688 3297 sustinent
714 3250 1086 3309 tyrannorum,
1114 3239 1386 3308 perferunt
1427 3241 1693 3291 cruciatus
1723 3247 1775 3288 et
1812 3250 1949 3289 saeva

427 3339 710 3392 tormenta,
741 3330 808 3380 ita
839 3338 896 3381 ut
922 3329 1121 3395 fatigati
1141 3327 1377 3381 nonnulli
1415 3327 1598 3379 dicant
1623 3326 1686 3377 ad
1717 3326 1951 3376 Pharao-

427 3434 588 3473 nem:
630 3419 823 3486 thuicl
854 3431 907 3470 tu
942 3418 1129 3487 amigis
1188 3418 1434 3485 populum
1479 3416 1662 3469 tuum?
1710 3414 1954 3482 Snperati

425 3525 653 3576 namque
684 3510 994 3563 verberibus
1022 3509 1255 3562 nonnulli
1284 3523 1312 3560 a
1345 3507 1446 3560 lide
1472 3507 1724 3559 decidunt
1747 3516 1799 3558 et
1825 3520 1956 3557 con-

427 3597 643 3651 fitentur
678 3613 736 3651 se
783 3613 898 3651 esse
955 3597 1202 3665 populum
1259 3595 1566 3649 Pharaonis.
1615 3611 1634 3644 ι
1663 3594 1774 3646 Non
1813 3595 1954 3646 enim

426 3700 611 3738 omnes
656 3687 743 3752 qui
783 3699 848 3738 ex
888 3685 1068 3748 Israel,
1112 3685 1162 3737 hi
1211 3694 1336 3737 sunt
1380 3684 1654 3746 Israelitaa,
1700 3697 1796 3736 nec
1834 3683 1955 3749 quia

430 3784 557 3829 sunt
607 3790 809 3836 semen,
858 3785 981 3828 sunt
1022 3788 1206 3827 omnes
1243 3782 1296 3828 et
1343 3774 1432 3826 lilii
1480 3775 1544 3824 ³⁷.
1577 3773 1665 3827 Isti
1705 3787 1832 3842 ergo
1867 3774 1956 3842 qui

431 3865 574 3919 dubii
602 3874 746 3927 sunt,
785 3875 836 3915 et
875 3865 925 3915 in
958 3862 1384 3915 tribulationibus
1433 3862 1748 3931 fatigantur,
1797 3869 1956 3916 etiam

429 3965 613 4008 contra
661 3954 875 4021 Moysen
910 3961 961 4004 et
1002 3951 1180 4005 Aaron
1229 3951 1533 4016 loquuntur,
1585 3959 1638 4001 et
1666 3951 1957 4005 dicunt":

434 4061 452 4093 ι
481 4043 555 4094 Ex
595 4057 696 4109 qua
734 4041 818 4093 die
858 4041 1092 4091 intrastis
1113 4048 1166 4090 et
1187 4039 1373 4092 existis
1391 4052 1487 4091 vos
1517 4038 1580 4090 ad
1604 4037 1958 4103 Pharaonem,

429 4131 808 4184 exsecrabilem
840 4129 1039 4182 fecistis
1069 4130 1284 4182 odorem
1326 4137 1564 4181 nostrum
1603 4143 1780 4181 coram
1811 4144 1894 4185 eo.
1934 4147 1953 4181 ι

430 4219 625 4275 Verum
655 4223 836 4274 dicunt
863 4221 971 4282 isti,
1001 4220 1123 4274 licet
1165 4221 1408 4287 ignorent
1449 4221 1674 4274 fortasse
1707 4222 1848 4288 quod
1880 4222 1960 4274 di-

2051 3067 2172 3112 sunt
2199 3058 2378 3124 pedes,
2405 3065 2458 3108 et
2489 3055 2837 3122 paulominus
2861 3054 3040 3108 effusi
3085 3069 3252 3111 sunt
3293 3075 3589 3128 gressus
3629 3062 3811 3117 ψεῖ.»

2051 3148 2264 3202 Stemus
2317 3160 2445 3213 ergo
2481 3153 2604 3197 ante
2647 3145 3039 3207 Pharaonem,
3084 3148 3151 3200 id
3212 3163 3327 3204 est
3415 3155 3817 3208 obSistamus

2050 3238 2098 3291 ei
2129 3239 2183 3290 in
2222 3235 2535 3297 certamine,
2571 3238 2714 3289 sicut
2746 3245 2802 3288 et
2829 3235 3048 3288 Petrus
3100 3243 3481 3307 apostolus
3511 3245 3679 3298 dicit
3714 3245 3769 3276 ⁸⁸
3800 3261 3815 3297 :

2058 3343 2077 3376 ς
2104 3325 2202 3379 Cui
2240 3324 2472 3378 resistite
2505 3323 2672 3378 fortes
2703 3325 2755 3377 iu
2785 3325 2916 3378 lide.
2964 3343 2989 3376 ι
3049 3327 3184 3380 Sed
3228 3341 3300 3384 et
3349 3330 3620 3387 Paulus
3655 3337 3816 3388 nihl-

2055 3414 2286 3466 lominus
2315 3413 2446 3466 dicit
2476 3413 2518 3443 "
2558 3429 2570 3463 :
2609 3429 2628 3462 ι
2663 3410 2820 3464 State
2861 3413 2917 3464 in
2955 3413 3078 3466 fide
3108 3427 3180 3470 et
3219 3421 3540 3475 viriliter
3581 3426 3817 3493 agite.»

2055 3503 2109 3555 Si
2139 3503 2278 3555 enim
2304 3501 2514 3554 fortiter
2538 3503 2874 3564 steterimus,
2917 3518 3398 3574 consequetur
3443 3514 3612 3566 illud
3653 3517 3820 3582 quod

2055 3590 2243 3644 orabat
2283 3589 2474 3641 Paulus
2517 3603 2614 3657 pro
2661 3590 2959 3657 discipulis
3013 3593 3286 3663 dicens,
3355 3605 3528 3668 quia
3594 3623 3618 3655 ς
3663 3603 3823 3656 Deus

2056 3686 2297 3731 conteret
2349 3674 2510 3727 Satan
2547 3675 2647 3728 sub
2685 3675 2921 3742 pedibus
2975 3681 3226 3735 vestris
3291 3687 3644 3743 Velociter
3677 3690 3751 3744 ³⁸.
3800 3708 3820 3741 ι

2057 3764 2269 3828 Quanto
2290 3763 2430 3815 enim
2463 3775 2564 3814 nos
2599 3763 2952 3816 constantius
3002 3774 3066 3818 et
3098 3766 3365 3827 fortius
3402 3779 3825 3840 steterimus,

2057 3863 2208 3906 tanto
2243 3851 2504 3904 infirmior
2543 3859 2595 3903 et
2629 3851 2924 3905 invalidior
2953 3855 3078 3907 erit
3111 3856 3431 3920 Pharao.
3486 3868 3562 3921 Si
3611 3881 3828 3922 autem

2061 3955 2156 3994 nos
2180 3939 2263 3992 vel
2293 3937 2488 3991 infirmi
2518 3939 2852 4005 cmperimus
2891 3955 3050 4004 esse,
3113 3947 3218 3998 vel
3273 3952 3528 4020 dubii,
3573 3955 3685 4009 ille
3719 3957 3829 4008 ad-

2060 4045 2271 4084 versum
2315 4044 2412 4082 nos
2457 4027 2685 4080 validior
2723 4037 2778 4079 et
2827 4035 3222 4088 constantior
3295 4042 3460 4095 Iiet.
3543 4045 3630 4100 Et
3682 4062 3830 4102 vere

2063 4120 2193 4173 illud
2249 4118 2557 4186 implebitur
2613 4117 2664 4169 in
2715 4117 2917 4182 nobis,
2970 4122 3027 4172 in
3097 4139 3234 4191 quo
3286 4129 3587 4203 Moyses
3660 4138 3832 4192 dedi,

2065 4211 2283 4278 liguram
2316 4208 2380 4260 ³⁸.
2409 4208 2542 4261 Cum
2573 4207 2718 4261 enim
2764 4208 2880 4276 ipse
2908 4209 3190 4269 elevaret
3246 4236 3552 4291 manus,
3605 4229 3832 4283 vince,

431 4315 578 4367 cunt,
635 4306 771 4360 sicut
817 4317 868 4358 et
896 4305 1126 4373 Caiphas
1178 4305 1263 4358 ille
1315 4320 1495 4358 verum
1541 4306 1783 4368 dicebat,
1835 4307 1958 4375 quia
1991 4288 2034 4342 ί)
2065 4299 2223 4353 batur
2272 4297 2546 4350 Αιιιθιουιιο
2597 4297 2655 4348 Si
2697 4311 2830 4350 vero
2873 4299 3035 4353 Velut
3077 4305 3302 4364 lassas
3336 4288 3719 4386 dejicerel,
3771 4329 3832 4373 el

439 4413 457 4444 ι
493 4395 704 4459 expedit
751 4394 896 4446 vobis
936 4403 992 4445 ut
1020 4393 1276 4446 moriatur
1317 4408 1452 4446 unus
1483 4408 1580 4461 pro
1617 4395 1808 4462 pepnlo
1837 4396 1904 4460 ⁸³,
1938 4415 1956 4447 ι

433 4483 525 4536 sed
561 4483 684 4548 quid
716 4483 913 4536 diceret
944 4483 1236 4536 nesciebat.
1276 4482 1430 4546 Nam,
1472 4493 1530 4536 ut
1569 4484 1854 4551 Apostolus
1882 4486 1963 4538 di-

433 4573 508 4625 cit
531 4573 597 4634 “,
627 4591 645 4622 ι
675 4572 868 4625 Christi
916 4574 1085 4626 bonus
1115 4573 1245 4626 odor
1275 4588 1486 4637 sumus;
1551 4575 1641 4626 sed
1699 4574 1838 4638 aliis,
1881 4576 1962 4627 itt-

435 4662 570 4729 quit,
618 4661 748 4713 odor
791 4663 855 4714 de
911 4662 1015 4713 vita
1064 4661 1114 4713 in
1169 4661 1347 4721 vitam,
1377 4661 1496 4713 aliis
1534 4670 1709 4712 autem
1736 4663 1866 4714 odor
1899 4664 1964 4718 de

437 4759 609 4802 morte
633 4749 682 4801 in
721 4760 962 4804 mortem.
1001 4769 1020 4801 ι
1056 4752 1133 4802 Ita
1178 4761 1230 4802 et
1263 4749 1599 4818 propheticus
1639 4763 1815 4802 sermo
1840 4765 1964 4803 sua-

437 4841 517 4893 vis
543 4842 672 4892 odor
709 4851 789 4892 est
820 4841 1192 4903 credentibus;
1223 4839 1397 4891 dubiis
1419 4851 1547 4890 vero
1569 4846 1622 4888 et
1652 4837 1960 4900 incredulis,

436 4928 594 4981 cthis
621 4929 709 4996 qui
746 4943 802 4981 se
827 4929 1072 4996 populum
1121 4928 1436 4979 conlitentur
1490 4937 1612 4976 esse
1650 4923 1962 4988 Pharaonis,

437 5019 568 5071 odor
595 5019 933 5072 exsecrabilis
961 5019 1204 5071 ellicitur.
1241 5016 1343 5070 Sed
1376 5023 1430 5067 et
1459 5015 1570 5080 ipse
1596 5013 1801 5081 Moyses
1832 5015 1964 5068 dicit

438 5107 503 5157 ad
537 5106 984 5176 Dotninutnhquia
1025 5125 1042 5157 ι
1075 5122 1138 5159 ex
1157 5121 1263 5175 quo
1291 5105 1494 5156 locutus
1517 5117 1631 5154 sum
1674 5118 1790 5154 cum
1820 5103 1962 5156 Pha-

443 5210 625 5258 raone,
678 5196 861 5248 alllixit
920 5195 1164 5262 populum
1223 5203 1368 5245 tuum
1414 5191 1478 5241 ³¹.
1533 5209 1551 5240 ι
1605 5190 1819 5242 Certum
1879 5202 1960 5245 est

2065 4389 2278 4442 brachia
2332 4385 2540 4438 inlirma
2583 4386 2922 4453 deponeret,
2959 4385 3441 4458 invalescebat
3473 4407 3831 4465 Amalech.

2062 4477 2137 4531 ita
2175 4491 2303 4543 ergo
2340 4475 2500 4528 etiam
2552 4490 2653 4527 nos
2705 4475 2758 4528 in
2793 4479 3006 4532 virtute
3071 4489 3307 4542 crucis
3387 4497 3662 4553 Christi
3713 4513 3831 4553 ex-

2066 4567 2308 4621 tollamus
2340 4565 2596 4626 brachia,
2640 4573 2697 4618 et
2727 4567 3016 4622 elevemus
3076 4573 3135 4626 in
3188 4585 3536 4642 oratione
3600 4601 3833 4646 sancta

2066 4669 2255 4708 manus
2286 4655 2338 4706 in
2383 4653 2535 4705 omni
2583 4652 2701 4706 loco
2746 4655 2864 4707 sine
2915 4656 3003 4709 ira
3039 4670 3103 4713 et
3144 4665 3713 4744 disceptatione,
3769 4690 3839 4733 ut

2067 4743 2272 4798 Domini
2307 4756 2608 4793 mereamur
2635 4742 2924 4795 auxilium.
2977 4744 3105 4801 [loc
3155 4752 3349 4811 idem
3407 4742 3720 4837 namque
3774 4779 3840 4824 et

2063 4832 2292 4886 Iacobus
2318 4828 2591 4896 apostolus
2620 4830 2968 4894 cohortatur,
3029 4835 3262 4895 dicens
3290 4845 3358 4878 ιο
3391 4872 3408 4904 ε
3447 4871 3474 4902 ε
3514 4828 3842 4911 Re'sisme

2066 4917 2531 5017 autemndiabolo,
2592 4917 2864 5017 et-lugiet
2907 4933 2937 4970 a
2991 4925 3614 5006 vobis.sAgarnus
3677 4962 3844 5017 ergo

2068 5009 2210 5064 omni
2250 5007 2370 5070 (ide,
2395 5017 2577 5058 utnon
2603 5007 2776 5060 solmn
2818 5009 2994 5076 fugiat
3039 5029 3072 5066 a
3121 5023 3355 5093 nobis,
3397 5035 3530 5087 sed
3565 5049 3640 5090 et
3679 5007 3845 5094 ςοῖιο

2074 5108 2274 5153 teratnr
2301 5095 2530 5148 Satanas
2558 5099 2660 5148 sub
2693 5101 2921 5166 pedibus
2954 5108 3186 5160 nostris
3215 5152 3233 5173 ,
3276 5119 3484 5178 δῖε-ιη
3537 5139 3614 5181 ει
3658 5127 3840 5182 pm"

2069 5203 2160 5240 rao
2197 5189 2478 5291 demersus
2511 5196 2596 5240 est
2635 5191 2688 5242 in
2724 5208 2875 5248 mare
2898 5232 2914 5256 ,
2963 5203 3022 5246 et
3057 5195 3119 5250 in
3177 5207 3556 5270 profundo
3609 5221 3846 5291 abyssi

440 5285 579 5336 enim
634 5284 758 5350 quia
807 5293 1087 5349 antequam
1125 5297 1300 5333 sermo
1337 5278 1427 5331 Dei
1486 5278 1753 5340 audiatur,
1817 5287 1966 5331 ante-
2067 5277 2382 5329 exstinctus.
2430 5273 2540 5329 Nos
2594 5291 2782 5336 autem
2837 5286 2881 5337 si
2914 5289 3283 5350 recedamus
3359 5304 3456 5360 de
3530 5273 3842 5382 Egpr—tu

515 5371 626 5382 -.η
879 5370 906 5382 η
957 5371 987 5382 -
1083 5369 1198 5382 -.η
1293 5369 1304 5382 .
1441 5365 1498 5382 η.
1604 5362 1793 5382 ..καί
1965 5367 2028 5382 ..Α
2126 5365 2370 5382 ...η
2438 5378 2454 5382 _
2517 5364 2578 5382 ..υ
2645 5370 2706 5382 .-
2811 5374 2922 5382 --..
3024 5377 3035 5382 -

515 5372 557 5400 ’⁷
591 5371 742 5424 Rom.
775 5386 851 5430 Ix,
876 5370 929 5430 6,
957 5371 1009 5423 7.

444 5451 518 5497 vt,
551 5437 636 5496 Η.
662 5439 746 5492 lii.

449 5518 556 5566 xvt,
604 5505 690 5556 ‘20.

1083 5369 1129 5402 ⁸⁸
1163 5369 1326 5421 Exod.
1360 5382 1410 5428 v,
1441 5365 1529 5417 21.

819 5439 863 5469 ³³
895 5439 1064 5491 Galat.
1093 5452 1148 5495 v.
1184 5439 1231 5488 Ι.
1305 5435 1350 5465 ⁸⁸
1377 5436 1582 5495 Iiom.v,
1611 5432 1664 5483 2.

767 5506 810 5538 ⁸⁸
871 5507 1036 5562 Exod.
1089 5521 1214 5566 xvu.
1277 5503 1362 5556 ll.

1741 5432 1783 5461 ιι
1801 5434 1833 5483 ρ

1436 5501 1482 5532 ⁸⁸
1519 5500 1699 5556 Jacob.
1745 5516 1816 5566 tv,
1858 5503 1911 5554 7.

1604 5364 1648 5395 ”
1671 5362 1821 5416 Joan.
1860 5383 1933 5426 xt,
1963 5367 2050 5420 50.

1839 5436 1934 5486 sal.
1963 5437 2218 5500 Lxxttt,‘2.

2125 5369 2169 5399 ao
2202 5367 2241 5419 ιι
2269 5365 2390 5416 Cor.
2418 5378 2476 5422 tt.
2513 5364 2603 5426 15,
2640 5370 2730 5429 16.

2295 5374 2390 5415 gor.
2418 5378 2476 5422 ιι.
2513 5374 2603 5426 15,
2640 5374 2730 5429 16.
2811 5375 2853 5406 "
2887 5374 3062 5430 Exod.
3108 5394 3170 5440 v,
3204 5383 3293 5438 ‘23

2295 5430 2546 5487 "H’elr-
2576 5441 2702 5499 v.9.
2786 5446 2828 5477 "
2853 5443 2897 5499 ll
2935 5446 3067 5499 Cor.
3104 5465 3242 5499 xw-
3297 5427 3322 5499 ί

2786 5446 2828 5477 ιν
2853 5397 3067 5500 tim:
3104 5397 3328 5518 ζςηῗδί
3347 5463 3424 5518 3,
3453 5397 3518 5429 ³²
3542 5400 3842 5518 ἔδει,εέ

3542 5470 3608 5502 ³⁸
3633 5471 3840 5528 Rom.
