3922 6212
201 331 314 399 'sx’l

227 448 481 506 vitiorum
513 472 529 498 ,
581 429 782 485 fluctus
837 433 1038 485 saeculi
1115 445 1396 505 tanquam
1457 437 1560 490 iter
1621 434 1846 489 solidum

251 530 550 593 evademus,
577 538 675 592 per
702 521 899 577 Jesum
927 522 1234 580 Christum
1265 529 1549 581 Dominum
1582 533 1845 583 nostrum,

266 626 350 680 cui
383 629 462 677 est
486 618 652 688 gloria
681 624 739 670 et
776 614 1085 684 imperium
1149 618 1210 671 in
1280 617 1477 672 saecula
1508 614 1842 669 saeculorum.

266 716 449 769 Amen.

845 801 1137 858 llOMlLlA
1180 801 1274 857 IV.

283 901 363 956 De
415 901 586 951 decem
635 895 846 963 plagis,
893 894 1094 961 quibus
1147 907 1394 960 percussa
1442 898 1516 944 est
1567 887 1845 954 Egyptus.

343 986 400 1040 ί.
455 983 699 1037 Historia
737 981 964 1049 quidem
1020 979 1385 1033 famosissima
1428 975 1583 1030 nobis
1629 973 1846 1025 recitata

262 1086 381 1140 est,
412 1083 467 1128 et
491 1087 616 1140 quae
645 1085 740 1140 pro
767 1070 850 1122 sui
878 1067 1260 1134 magnitudine
1283 1067 1530 1118 universo
1555 1062 1752 1116 mundo
1780 1060 1849 1112 sit

265 1165 522 1231 cognita,
589 1176 688 1228 per
740 1173 904 1227 quam
961 1159 1303 1224 designatur,
1359 1155 1500 1223 quod
1554 1153 1850 1218 ingentibus

261 1255 558 1320 signorum
589 1266 658 1303 ac
685 1247 1056 1316 prodigiorum
1083 1245 1398 1298 verberibus
1436 1242 1700 1309 IEgypIus
1726 1255 1846 1292 cum

263 1341 565 1394 Pharaone
604 1351 734 1404 rege
762 1337 1032 1404 castigata
1065 1335 1164 1399 sit,
1214 1344 1271 1387 ut
1302 1333 1641 1387 Hebraeorum
1679 1345 1848 1398 popu-

263 1429 408 1489 lum,
461 1443 635 1496 quem
673 1442 738 1480 cx
771 1426 960 1479 liberis
1000 1425 1240 1492 patribus
1282 1431 1459 1475 natum
1492 1422 1754 1474 violenter
1794 1421 1847 1472 in

264 1519 609 1569 servitutem
649 1515 962 1581 redegerat,
1012 1511 1261 1578 ingenita:
1307 1511 1549 1562 redderet
1588 1508 1846 1562 libertati.

264 1603 479 1657 Verum
544 1605 626 1656 ita
661 1613 942 1669 gestorum
990 1607 1242 1652 contexta
1298 1597 1532 1650 narratio
1571 1604 1671 1656 est,
1719 1605 1776 1649 ut
1804 1595 1847 1648 si

263 1694 489 1763 singula
517 1693 822 1759 diligenter
856 1691 1134 1757 inspicias,
1167 1690 1319 1756 plura
1351 1686 1400 1737 in
1427 1685 1621 1752 quibus
1654 1686 1848 1738 haereat

265 1781 598 1836 intellectus
622 1794 790 1845 quam
827 1779 878 1830 in
913 1777 1112 1844 quibus
1144 1777 1393 1842 expedire
1427 1790 1485 1829 se
1516 1777 1682 1841 possit
1711 1776 1850 1830 iuve-

267 1873 412 1924 nias.
486 1869 558 1922 Et
622 1869 756 1936 quia
815 1869 1033 1934 longum
1097 1876 1180 1920 est
1221 1865 1423 1933 singula
1476 1880 1571 1932 per
1615 1866 1852 1918 ordinem

265 1958 593 2026 Scriptura:
647 1955 800 2008 dicta
850 1969 1196 2021 proponere,
1260 1954 1641 2008 continentiam
1696 1955 1855 2006 totius

265 2047 529 2102 historia:
561 2045 1020 2112 compendiosius
1054 2045 1468 2097 recensebimus.
1493 2043 1658 2110 Igitur
1685 2044 1856 2110 primo

265 2137 431 2204 signo
473 2133 735 2201 proiecit.
763 2133 974 2199 virgam
1029 2145 1182 2184 suam
1227 2133 1432 2194 Aaron,
1481 2139 1535 2183 et
1579 2131 1720 2183 facta
1775 2139 1856 2184 est

268 2225 468 2286 draco,
510 2239 572 2278 et
606 2221 896 2276 convocati
927 2222 1295 2273 incantatores
1333 2229 1383 2272 et
1419 2219 1646 2273 malefici
1688 2219 1855 2288 Egy-

275 2314 528 2380 ptiorum
569 2311 830 2365 fecerunt
861 2309 1116 2364 similiter
1143 2323 1206 2362 ex
1243 2310 1402 2378 virgis
1429 2309 1538 2363 suis
1575 2310 1853 2362 dracones.

272 2399 382 2454 Sed
444 2403 653 2463 draco,
707 2399 803 2468 qui
848 2413 914 2451 ex
956 2399 1107 2465 virga
1152 2398 1327 2451 Aaron
1377 2400 1553 2451 fuerat
1612 2399 1850 2460 effectus,

271 2493 577 2544 absorbuit
601 2493 876 2545 dracones
906 2490 1301 2560 Egyptiorum.
1331 2489 1478 2554 Quod
1506 2505 1624 2542 cum
1651 2491 1854 2558 stupori

269 2597 396 2634 esse
445 2579 718 2633 debuerit
766 2577 1062 2641 Pharaoni,
1099 2587 1153 2632 et
1192 2579 1256 2630 ad
1298 2578 1666 2632 credulitatem
1697 2579 1858 2646 profi-

271 2684 429 2731 cere,
463 2672 522 2722 in
551 2668 904 2722 contrarium
965 2682 1180 2721 versum
1217 2661 1314 2721 est.
1365 2668 1500 2720 Dicit
1533 2669 1673 2720 enim
1707 2667 1857 2720 Scri-

271 2768 464 2823 ptura,
494 2756 674 2822 quiac
703 2756 1016 2807 induratum
1053 2763 1145 2810 ,est
1180 2769 1272 2806 cor
1303 2753 1620 2817 Pharaonis,
1675 2763 1727 2805 et
1754 2768 1855 2806 non

274 2843 577 2896 exaudivit
608 2858 708 2897 eos
742 2843 812 2898 ".
847 2861 866 2893 ι
932 2845 998 2897 Et
1029 2844 1114 2896 hic
1144 2843 1354 2910 quidem
1378 2844 1526 2905 dicit,
1554 2845 1675 2912 quia
1704 2843 1858 2895 indu-

275 2942 459 2986 ratum
485 2942 581 2986 est
617 2947 723 2986 cor
744 2931 1050 2985 Pharaonis
1073 2970 1090 2995 ,
1120 2933 1210 2986 sed
1237 2943 1290 2985 et
1313 2933 1364 2984 in
1388 2933 1555 2999 prima
1591 2932 1858 2985 nihilomi-

1510 327 1580 379 lN
1615 314 1896 376 EXODUM
1931 313 2207 368 HOMILIA
2241 309 2328 367 Ν.

3373 291 3479 352 518

1876 427 1924 482 Δ
1953 442 2108 478 tnantt
2155 424 2302 491 ejus,
2351 421 2562 473 additur
2598 439 2608 470 :
2647 435 2665 467 ι
2689 414 2915 478 Facies,
2970 413 3140 480 inquit
3175 413 3243 475 “,
3301 423 3365 462 ea
3423 407 3477 460 in

1946 522 2228 580 conspectu
2270 508 2582 563 Pharaonis.
2619 506 2726 574 Ego
2767 509 2944 553 autem
2990 501 3180 553 induro
3213 513 3306 552 cor
3331 494 3468 548 Pha-

1947 607 2150 667 raonis,
2179 614 2352 656 etnon
2381 600 2612 653 dimittet
2639 595 2888 664 populum
2921 607 3143 646 meum.»
3180 591 3275 644 llic
3302 589 3470 655 prima

1945 696 2143 748 dictqu
2170 699 2255 744 est
2284 704 2312 740 a
2347 687 2601 740 Domino:
2633 684 2771 750 «Ego
2796 681 2986 732 induro
3015 693 3106 731 cor
3127 677 3470 728 Pharaonis.-

1948 785 2052 838 Sed
2084 793 2135 836 et
2157 781 2388 836 secundo
2412 776 2499 830 ubi
2529 772 2822 829 enumerati
2845 779 2966 823 sunt
2996 768 3262 835 principes
3294 765 3477 828 Israel,

1946 885 2062 945 post
2102 889 2268 941 pauca
2307 871 2452 924 addit
2489 883 2555 921 ex
2595 879 2819 934 persona
2857 860 3063 914 Domini
3097 877 3109 911 :
3150 877 3168 909 ‹
3206 858 3350 925 Ego,
3394 857 3479 907 in-

1947 970 2066 1037 quit
2094 968 2158 1032 ⁵⁸,
2202 966 2391 1019 induro
2414 976 2507 1014 cor
2532 955 2856 1018 Pharaonis,
2904 962 2958 1005 et
2992 948 3286 1015 multiplico
3330 946 3480 1012 signa

1948 1073 2077 1112 mea.
2115 1075 2137 1108 ι

2014 1150 2069 1200 2.
2110 1146 2257 1212 Quod
2285 1146 2325 1195 si
2357 1141 2622 1195 credimus
2651 1137 2860 1190 divinas
2903 1147 3021 1187 esse
3063 1132 3159 1184 has
3186 1129 3394 1181 litteras
3431 1133 3486 1178 et

1950 1252 2042 1306 per
2080 1235 2335 1302 Spiritum
2360 1239 2597 1282 sanctqu
2626 1226 2884 1292 scriptas,
2923 1237 3026 1275 non
3058 1230 3184 1287 puto
3213 1217 3351 1285 quod
3379 1225 3483 1266 tant

1949 1327 2160 1393 indigne
2187 1323 2252 1376 de
2289 1320 2466 1372 divino
2505 1317 2704 1382 Spiritu
2730 1317 3044 1373 sentiamus,
3078 1319 3134 1362 ut
3174 1308 3390 1362 fortuitu
3433 1306 3484 1358 in

1949 1426 2099 1468 tanto
2141 1415 2241 1465 hoc
2287 1424 2448 1479 Opere
2501 1409 2639 1459 facta
2683 1406 2751 1459 sit
2797 1405 2893 1456 ista
2932 1402 3199 1460 varietas,
3241 1407 3299 1448 ut
3344 1409 3486 1446 nunc

1947 1505 2157 1573 quidem
2192 1501 2444 1554 Dominus
2478 1498 2688 1549 dicatur
2729 1494 3006 1547 indurasse
3029 1503 3122 1542 cor
3149 1487 3480 1546 Pharaonis,

1950 1610 2086 1647 nunc
2115 1601 2290 1644 autem
2319 1605 2418 1642 non
2451 1603 2478 1638 a
2510 1585 2756 1644 Domino,
2801 1583 2890 1636 sed
2942 1579 3090 1648 quasi
3123 1586 3310 1644 sponte
3335 1575 3484 1626 indu-

1951 1693 2122 1735 ratum
2153 1682 2380 1733 dicatur.
2424 1677 2683 1744 Equidem
2718 1673 2975 1726 confiteor
3024 1683 3108 1720 me
3152 1667 3326 1718 minus
3369 1663 3485 1716 ido-

1955 1786 2131 1835 neum,
2162 1778 2216 1823 et
2253 1770 2425 1821 minus
2451 1779 2700 1834 capacem
2727 1803 2741 1827 ,
2790 1763 2879 1828 qui
2911 1761 3113 1812 valeam
3145 1757 3198 1809 in
3243 1756 3485 1820 hujusce-

1953 1865 2095 1918 modi
2128 1859 2474 1914 varietatibus
2509 1858 2698 1908 divina!
2727 1852 3002 1918 sapientia:
3048 1856 3250 1901 secreta
3281 1841 3487 1896 rimari.

1950 1953 2172 2005 Paulum
2207 1961 2380 2001 tamen
2405 1944 2701 2013 apostolum
2737 1939 2888 1991 video
2910 1976 2924 1999 ,
2965 1936 3054 2002 qui
3089 1939 3308 2001 prepler
3335 1929 3485 1983 inha-

1954 2044 2214 2096 bitantem
2247 2039 2297 2091 in
2324 2050 2381 2090 se
2409 2034 2657 2102 Spiritum
2697 2031 2787 2084 Dei
2829 2028 3005 2082 dicere
3027 2022 3362 2078 confidenter
3395 2034 3471 2072 au-

1954 2133 2106 2187 debat
2137 2131 2181 2161 "
2217 2148 2229 2181 :
2264 2127 2468 2180 «Nobis
2531 2135 2707 2174 autem
2767 2116 3023 2171 revelavit
3082 2114 3338 2167 Dominus
3394 2124 3486 2177 per

1955 2219 2195 2286 spiritum
2248 2230 2422 2268 suum.
2487 2210 2718 2278 Spiritus
2772 2209 2913 2260 enim
2967 2205 3142 2258 omnia
3199 2209 3487 2256 scrutatur.

1955 2307 2115 2362 etiam
2161 2305 2264 2356 alta
2302 2303 2411 2355 Dei.
2455 2320 2474 2351 ι
2524 2300 2710 2361 Hunc,
2766 2299 2997 2362 inquam,
3041 2293 3192 2345 video
3241 2299 3488 2355 tanquam

1957 2395 2330 2461 intelligentem
2363 2391 2490 2459 quiti
2521 2388 2728 2441 differat
2758 2387 3065 2438 induratum
3089 2395 3207 2433 esse
3232 2393 3326 2431 cor
3352 2376 3488 2429 Pha-

1957 2482 2175 2544 raoais,
2236 2489 2290 2532 et
2345 2477 2619 2530 indurasse
2672 2489 2766 2526 cor
2820 2469 3114 2525 PharaOuis
3165 2467 3442 2519 Dominum
3473 2501 3489 2523 ,

1955 2574 2151 2627 dicere.
2185 2570 2322 2623 Alibi
2364 2567 2581 2635 quidem
2627 2565 2758 2618 dicit
2789 2564 2875 2615 ":
2912 2580 2929 2612 ι
2959 2563 3038 2614 An
3079 2559 3295 2612 divitias
3338 2554 3487 2608 boni~

1958 2665 2082 2716 tatis
2111 2661 2244 2727 ejus,
2273 2668 2326 2712 et
2347 2657 2708 2727 patientiat,et
2730 2650 3147 2723 longanimitatis
3172 2645 3490 2710 contemnis,

1957 2756 2204 2823 ignorans
2228 2750 2352 2818 quia
2382 2746 2631 2816 patientia
2657 2745 2746 2797 Dei
2774 2745 2836 2795 ad
2860 2739 3224 2810 paenitentiam
3261 2746 3310 2787 te
3335 2735 3493 2787 addu-

1957 2844 2071 2898 cit?
2101 2842 2397 2895 Secundum
2423 2838 2670 2890 duritiam
2699 2844 2877 2887 autem
2912 2843 3077 2896 tuam,
3111 2840 3162 2882 et
3185 2844 3277 2881 cor
3305 2828 3492 2893 impat-

1957 2935 2131 2986 nitens
2166 2930 2494 2982 thesaurizas
2531 2926 2623 2978 tibi
2658 2925 2790 2976 iram
2830 2923 2882 2974 in
2911 2922 2995 2974 die
3027 2923 3141 2982 irte,
3192 2929 3241 2971 et
3289 2916 3485 2970 revela-

276 3041 382 3079 nus
412 3025 604 3094 plaga,
636 3024 730 3077 ubi
758 3039 898 3091 aqua
925 3024 976 3075 in
1001 3023 1584 3091 sanguinem‘vertitur,
1610 3023 1855 3076 similiter
1880 3022 1924 3079 α
1958 3020 2116 3073 tionis
2148 3019 2276 3086 justi
2307 3015 2490 3083 judicii
2523 3015 2633 3067 Dei.
2659 3033 2678 3065 ι
2711 3013 2813 3065 Per
2840 3011 2980 3079 quod
3012 3024 3130 3062 eum
3162 3008 3279 3061 sine
3309 3005 3492 3069 dubio,

281 3117 625 3181 rescriptum
659 3123 768 3176 est,
801 3122 854 3167 et
877 3115 927 3166 in
960 3114 1195 3166 secunda
1223 3127 1339 3165 cum
1371 3127 1513 3165 rana:
1541 3112 1857 3175 debulliunt,

281 3205 378 3256 sed
407 3211 468 3256 et
507 3203 563 3254 in
597 3205 757 3255 tertia
801 3217 925 3254 cum
955 3202 1199 3267 ciniphes
1238 3203 1531 3270 ingruunt;
1575 3202 1627 3254 in
1674 3211 1860 3268 quarta

278 3306 509 3359 quoque
555 3307 685 3344 cum
733 3291 1021 3360 cynomyia
1067 3293 1333 3351 educitur,
1379 3298 1435 3343 et
1463 3290 1518 3342 in
1550 3291 1730 3357 quinta
1773 3291 1860 3344 ubi

280 3395 485 3432 manus
512 3379 732 3432 Domini
763 3383 824 3433 fit
852 3395 1020 3447 super
1052 3396 1242 3448 pecora
1284 3381 1681 3450 Egyptiorum,
1713 3379 1863 3447 paria

279 3483 451 3536 super
483 3470 594 3522 boc
628 3469 895 3522 dicuntur
929 3479 984 3522 et
1011 3470 1226 3522 similia.
1281 3469 1336 3522 In
1393 3477 1542 3523 sexta
1598 3465 1862 3535 vero,ubi

280 3560 524 3627 sumpsit
562 3559 808 3612 favillam
839 3562 907 3611 de
938 3559 1163 3613 fornace
1208 3560 1432 3626 Moyses,
1481 3567 1533 3610 et
1585 3558 1860 3625 respersit,

279 3659 333 3700 et
358 3647 510 3700 facta
541 3657 672 3700 sunt
700 3647 888 3701 ulcera
919 3655 974 3700 et
1002 3649 1194 3700 vesicae
1234 3647 1504 3700 ferventes
1540 3648 1590 3698 in
1633 3646 1863 3699 homini-

280 3739 384 3791 bus
399 3747 458 3790 et
481 3739 538 3790 in
571 3735 1054 3805 quadrupedibus,
1095 3746 1148 3788 et
1170 3734 1280 3801 jam
1307 3751 1409 3788 non
1446 3745 1691 3802 poterant
1723 3746 1866 3789 stare

280 3826 524 3879 malefici
563 3827 615 3878 in
653 3835 959 3892 conspectu
982 3822 1174 3892 Moysi,
1199 3837 1303 3875 non
1333 3824 1530 3875 dicitur
1562 3823 1682 3889 quia
1715 3823 1868 3874 indu-

280 3925 468 3967 ratum
505 3925 590 3968 est
635 3928 735 3968 cor
785 3913 1110 3971 Pharaonis,
1170 3913 1263 3966 sed
1326 3911 1618 3964 terribilius
1663 3911 1864 3979 aliquid

278 4005 516 4056 dicitur.
570 4001 851 4069 Scriptum
911 4009 995 4054 est
1049 4001 1197 4053 cnim
1259 4001 1328 4065 δ’,
1383 4001 1504 4066 quia
1545 4018 1562 4050 ι
1602 4001 1869 4052 induravit

277 4091 564 4145 Dominus
591 4104 684 4143 cor
710 4090 1041 4152 Pharaonis,
1063 4099 1117 4142 et
1146 4104 1254 4142 non
1289 4089 1488 4141 audivit
1521 4088 1659 4150 illos,
1685 4103 1870 4156 quem-

278 4182 588 4235 admodum
631 4179 918 4234 constituit
953 4178 1262 4230 Dominus.)
1292 4177 1589 4230 Rursumin
1621 4177 1866 4243 septima,

278 4287 410 4325 cum
450 4271 667 4338 grando
711 4279 767 4322 et
801 4269 943 4336 ignis
980 4267 1280 4335 Egyptum
1330 4277 1500 4320 vastat
1541 4268 1862 4329 universam,

279 4361 582 4415 induratur
600 4360 830 4430 quidem
858 4371 954 4409 cor
982 4355 1308 4418 Pharaonis,
1339 4357 1429 4408 sed
1448 4372 1549 4430 u_on
1571 4357 1861 4412 a.Domiuo.

281 4451 338 4505 In
371 4461 593 4515 octava,
628 4448 726 4501 ubi
762 4448 969 4500 locusta
999 4445 1342 4514 producitur,
1376 4422 1630 4500 Dominus
1671 4447 1866 4500 dicitur

281 4542 549 4594 indurare
577 4553 679 4591 cor
709 4536 1035 4590 Pharaonis.
1081 4536 1191 4589 Sed
1222 4544 1280 4588 et
1308 4537 1363 4588 in
1407 4551 1542 4588 nona
1567 4552 1684 4589 cum
1718 4547 1866 4591 tene-

276 4629 388 4683 brae
443 4625 763 4696 palpabiles
804 4623 942 4675 fiunt
979 4637 1078 4691 per
1141 4631 1316 4674 totam
1376 4635 1566 4678 terram
1619 4626 1864 4696 Egypti,

274 4717 590 4772 Pharaonis
642 4727 744 4767 cor
808 4712 1072 4765 Dominus
1127 4709 1400 4761 scribitur
1451 4713 1717 4767 indurare.
1783 4715 1863 4768 Ad

273 4809 528 4861 ultimum
559 4815 788 4871 quoque
812 4816 934 4854 cum
976 4798 1280 4856 exstinctis
1329 4799 1690 4868 primogenitis
1711 4804 1867 4874 Ᾱζεγ-

273 4901 514 4966 ptiorum
554 4895 830 4948 Hebraeus
869 4892 1107 4960 populus
1153 4889 1527 4953 discessisset,
1557 4902 1670 4957 post
1701 4896 1861 4948 multa

273 4989 476 5041 dicitur
513 4985 566 5016 ⁸⁸
599 4999 618 5036 :
665 5000 686 5032 ι
719 4981 786 5034 Et
824 4980 1110 5034 induravit
1151 4977 1426 5031 Dominus
1451 4995 1542 5032 cor
1576 4981 1865 5039 Pharaonis

268 5080 408 5146 regis
440 5073 679 5143 Egypii
703 5109 718 5134 ,
755 5079 809 5124 et
848 5081 1148 5124 servorum
1193 5067 1343 5132 ejus,
1394 5077 1444 5119 et
1483 5069 1747 5125 insecutus
1787 5085 1868 5128 est

266 5179 378 5232 post
412 5167 567 5218 ﬁlios
596 5161 788 5215 Israel.
820 5179 840 5212 ι
894 5160 1008 5213 Sed
1043 5165 1107 5208 et
1141 5169 1276 5208 cum
1307 5154 1514 5223 Moyses
1548 5157 1593 5187 “
1625 5160 1689 5212 de
1723 5169 1864 5216 terra

268 5256 482 5310 Madian
520 5252 693 5322 ιω
718 5251 785 5304 ad
813 5249 1128 5318 Egyplum
1171 5240 1434 5307 ῐηίιιὶιιιτ,
1477 5254 1528 5298 et
1563 5249 1867 5316 praecipitur

265 5347 306 5398 ei
335 5345 536 5399 facere
566 5340 750 5394 omnia
785 5334 1056 5406 prodigia
1083 5366 1101 5390 ,
1152 5342 1281 5395 quae
1334 5330 1474 5384 dedit
1513 5334 1766 5392 Dominus
1809 5343 1862 5394 in

309 5465 352 5500 “
391 5465 574 5522 Exod.
617 5477 720 5528 vn,
757 5458 852 5528 15-

253 5526 319 5596 υ,
353 5510 576 5604 σ’ἇ,ῖ⁹“’ἶι;
761 5510 850 5604 in
877 5519 1058 5572 Boni.
1101 5525 1162 5573 ll,
1205 5510 1280 5572 4,
1328 5513 1384 5564 5.

1483 5518 1523 5548 δ’
1554 5517 1703 5572 Rom.
1767 5538 1844 5590 ix,

238 5599 264 5634 "
284 5594 439 5670 P.2d.
466 5594 477 5596 ’
515 5594 714 5667 'c'm.
768 5594 825 5646 ¹ο

941 5451 994 5481 ιι
1041 5443 1427 5524 Exod.'x._20.
1486 5450 1585 5524 ff“
1614 5453 1777 5508 Exod.
1821 5474 1934 5524 XIV,
1977 5461 2031 5515 8.

1960 3109 2048 3178 qui
2076 3117 2261 3176 sponte
2302 3107 2578 3159 induratus
2611 3113 2732 3166 est,
2777 3102 2971 3168 culpat.
3001 3100 3140 3153 Alibi
3184 3114 3309 3152 vero
3352 3096 3496 3149 velut

1960 3200 2300 3268 quaestionem
2327 3211 2485 3262 super
2511 3197 2612 3248 hoc
2637 3194 2916 3260 quamdam
2942 3205 3240 3259 proponens
3263 3188 3390 3241 dicit
3411 3185 3492 3239 "t

1977 3307 1995 3338 (
2025 3289 2164 3355 Ergo
2210 3287 2291 3338 cui
2331 3285 2443 3336 vult
2483 3284 2784 3343 miseretur,
2819 3293 2871 3334 et
2911 3297 3066 3348 quem
3099 3281 3210 3332 vult
3259 3280 3490 3331 indurat.

1962 3377 2103 3428 Dicis
2144 3376 2318 3441 itaque
2356 3372 2482 3424 mihi
2518 3389 2532 3424 :
2563 3370 2697 3434 Quid
2730 3370 2894 3437 igitur
2923 3369 3095 3420 adhuc
3121 3363 3494 3432 conqueritur?

1965 3465 2234 3518 Voluntati
2277 3464 2416 3516 enim
2455 3462 2570 3528 ejus
2619 3462 2738 3529 quis
2781 3457 3021 3511 resistit?
3057 3476 3075 3508 ι
3131 3456 3292 3509 Addit
3335 3456 3495 3508 etiam

1964 3554 2048 3606 his
2078 3571 2091 3605 :
2125 3570 2142 3601 ι
2171 3551 2214 3604 Ο
2265 3551 2445 3611 homo,
2478 3557 2533 3600 tu
2563 3549 2680 3614 quis
2718 3560 2777 3599 es
2820 3545 2907 3611 qui
2958 3551 3140 3596 contra
3174 3541 3496 3608 respondeas

1965 3643 2104 3698 Deo?
2123 3653 2142 3690 ι
2161 3640 2263 3695 Per
2285 3641 2423 3707 quod
2451 3641 2514 3692 de
2544 3655 2607 3691 eo
2629 3639 2766 3704 quia
2801 3635 3023 3688 Domino
3053 3633 3244 3685 dicitur
3285 3632 3496 3682 indura-

1965 3742 2070 3796 tus,
2105 3745 2207 3782 non
2245 3737 2348 3782 tam
2388 3728 2700 3796 quaestionis
2735 3725 3067 3777 absolutione
3089 3735 3244 3788 quam
3287 3727 3498 3783 aposto-

1965 3823 2065 3875 lica
2126 3820 2450 3873 auctoritate
2516 3817 2826 3884 respondit,
2877 3813 3038 3867 credo
3100 3827 3201 3863 non
3252 3809 3497 3876 judicans

1965 3913 2176 3980 dignum
2223 3925 2319 3978 pro
2380 3908 2732 3975 incapacitate
2788 3905 3087 3956 auditorum
3118 3941 3134 3964 ,
3188 3901 3393 3954 chartis
3444 3908 3500 3953 et

1966 4009 2265 4057 atramento
2303 3997 2663 4066 hujuscemodi
2694 3994 3080 4047 absolutionun:
3121 3998 3325 4044 secreta
3356 4003 3499 4042 com.

1968 4095 2202 4148 mittere.
2239 4089 2388 4142 Sicut
2417 4096 2472 4141 et
2496 4087 2544 4137 in
2585 4085 2688 4137 alio
2725 4087 2838 4137 loco
2861 4083 2907 4114 ⁵⁰
2931 4082 2994 4134 de
3023 4079 3344 4150 quibusdam
3379 4093 3499 4130 ver.

1968 4184 2050 4236 bis
2089 4183 2201 4249 ipse
2241 4179 2408 4240 dicit,
2446 4176 2657 4229 audisse
2694 4189 2752 4228 se
2798 4173 3038 4240 quaedam
3079 4186 3196 4239 qua:
3239 4184 3340 4222 non
3375 4169 3501 4221 licet

1970 4271 2270 4325 hominibus
2303 4267 2466 4334 loqui.
2500 4265 2650 4319 Umle
2679 4273 2735 4317 et
2776 4263 2828 4314 in
2873 4259 3349 4328 consequentibus,
3376 4272 3495 4310 eum

1969 4364 2058 4434 qui
2097 4378 2199 4415 non
2237 4373 2342 4414 tam
2371 4360 2665 4414 studiorum
2706 4353 2895 4406 merito
2927 4366 3085 4419 quam
3127 4349 3325 4402 sciendi
3355 4348 3499 4414 cupi-

1965 4457 2129 4508 ditate
2171 4451 2553 4506 secretioribus
2594 4461 2649 4500 se
2677 4445 3062 4514 quaestionibus
3101 4440 3366 4492 curiosius
3396 4439 3497 4491 im-

1967 4543 2178 4610 mergit,
2210 4539 2475 4608 magnifici
2505 4537 2741 4590 doctoris
2767 4536 3056 4586 severitate
3085 4531 3349 4590 deterret,
3378 4543 3496 4580 cum

1968 4635 2098 4688 dicit
2128 4634 2170 4664 ⁵¹
2210 4650 2222 4684 :
2255 4649 2272 4679 ι
2295 4629 2338 4683 Ο
2373 4631 2551 4690 homo,
2587 4635 2641 4678 tu
2669 4626 2788 4693 quis
2830 4640 2886 4678 es
2931 4624 3018 4690 qui
3056 4631 3242 4675 contra
3283 4634 3499 4684 respou-

1968 4723 2097 4776 deas
2151 4720 2294 4772 Deo?
2352 4716 2596 4784 Nunquid
2644 4715 2773 4767 dicit
2828 4715 3133 4780 figmentum
3195 4711 3242 4763 ei
3294 4709 3382 4776 qui
3442 4721 3499 4759 se

1971 4812 2123 4866 finxit
2151 4809 2318 4874 :Quid
2359 4823 2444 4860 me
2487 4806 2658 4859 fecisti
2697 4804 2814 4856 sic?
2843 4822 2859 4854 ι
2896 4811 2950 4854 et
2989 4810 3199 4854 caetera.
3253 4796 3408 4853 Unde
3448 4805 3501 4848 ct

1971 4902 2122 4954 nobis
2167 4901 2279 4951 haec
2322 4903 2639 4949 observasse
2687 4900 2886 4943 tantmn
2934 4897 2988 4940 et
3028 4887 3320 4953 inspexisse
3359 4881 3501 4935 suffi-

1972 4993 2110 5054 ciat,
2159 5000 2317 5056 atque
2351 4984 2651 5038 ostendisse
2687 4979 3016 5032 auditoribus
3054 4988 3250 5045 quanta
3292 4974 3399 5024 sint
3446 4972 3497 5023 in

1974 5080 2086 5146 lege
2116 5075 2290 5129 divina
2332 5071 2605 5139 profundis
2649 5069 2888 5120 demersa
2931 5063 3214 5132 mysteriis,
3254 5076 3350 5127 pro
3376 5059 3498 5126 qni-

1971 5167 2068 5222 bus
2095 5165 2270 5217 dicere
2293 5163 2342 5214 in
2369 5160 2605 5213 oratione
2641 5157 2923 5210 debeamus
2947 5156 2990 5186 ⁶²
3017 5171 3031 5207 :
3064 5171 3082 5204 ‹
3112 5153 3184 5204 De
3223 5147 3502 5217 profundis

1971 5255 2190 5310 clamavi
2228 5252 2291 5304 ad
2321 5261 2387 5310 te,
2427 5248 2670 5316 Domine.
2697 5263 2714 5294 ι

2039 5345 2092 5397 5.
2134 5343 2237 5396 Sed
2269 5349 2316 5393 et
2342 5339 2428 5392 illa
2481 5352 2582 5389 non
2629 5335 2802 5386 minus
2847 5330 2974 5383 mihi
3005 5325 3254 5381 intuenda
3289 5324 3503 5378 videtur

2102 5459 2147 5489 “
2173 5456 2336 5510 Exod.
2371 5469 2446 5506 tu.
2523 5455 2566 5484 ⁵³
2607 5451 2769 5505 Exod.
2797 5448 2963 5508 ψει.
3035 5442 3079 5474 ⁸⁸
3117 5437 3278 5489 Exod.
3319 5435 3500 5510 νιιηξ.

1913 5504 2083 5585 i8wet
2371 5504 2423 5553 ἦ
2453 5521 2492 5574 ll
2529 5504 2650 5576 Cor.
2711 5532 2806 5579 xu,
2853 5504 2904 5566 4.
3010 5513 3053 5544 ἰ
3083 5510 3236 5562 Rom.
3282 5517 3360 5568 ix,
3410 5504 3502 5561 πο.
