3922 6248
350 319 452 376 ιω

1793 294 2110 353 ORIGENIS

3678 240 3809 298 320

347 427 690 490 observatio,
743 441 866 480 cum
920 424 1167 494 quaedam
1213 421 1434 476 verbera
1476 419 1650 472 Aaron
1693 414 1892 467 inferre

2259 414 2389 454 'sum
2439 391 2821 452 contemnitur
2877 385 3170 442 Pharao,
3239 378 3324 427 et
3395 367 3808 436 pra‘cipitur

2646 492 2652 494 Α
2759 481 2878 494 ’να
2946 471 3220 494 ιιι-σαρκο
3347 469 3426 494 ιιι
3514 453 3691 494 ﬁant
3745 451 3807 494 in

347 519 546 570 dicitur
598 515 862 569 Pharaoni
913 514 994 566 vel
1053 510 1301 580 Egypto,
1357 507 1599 575 quazdain
1653 503 1884 569 Moyses,

349 605 590 670 quaedam
620 614 747 656 vero
785 603 898 670 ipse
936 600 1214 653 Dominus.
1254 598 1382 649 Nam
1420 596 1470 648 in
1509 595 1675 660 prima
1715 593 1887 658 plaga,

353 708 473 747 cum
516 707 682 761 aquas
739 691 900 744 vertit
953 691 1006 742 in
1061 689 1412 756 sanguinem,
1471 685 1645 736 Aaron
1698 682 1891 734 dicitur

355 780 565 835 levasse
622 779 820 846 virgam
876 787 929 831 et
974 775 1303 846 percussisse
1353 788 1563 840 aquam.
1611 770 1711 823 Sed
1753 779 1804 820 et
1839 769 1889 820 in

358 869 613 932 secunda,
641 884 762 922 cum
792 865 1050 935 percussit
1091 877 1258 930 aquas
1279 899 1295 923 ,
1334 870 1386 913 et
1412 862 1593 912 eduxit
1621 871 1798 918 ranas,
1839 862 1893 908 et

359 958 411 1010 in
435 957 590 1024 tertia
625 972 742 1008 cum
778 955 1015 1009 extendit
1061 967 1218 1005 manu
1259 965 1352 1004 sua
1397 950 1633 1016 virgam,
1676 957 1728 998 et
1772 960 1893 1012 per-

360 1046 527 1100 cussit
556 1045 823 1112 pulverem
874 1051 1050 1104 terrm,
1098 1050 1151 1092 et
1196 1039 1322 1092 facti
1371 1046 1495 1090 sunt
1531 1035 1786 1102 ciniphes.
1836 1034 1894 1086 In

361 1135 446 1188 his
494 1133 661 1187 tribus
709 1130 1028 1184 verberibus
1072 1129 1246 1180 Aaron
1292 1124 1646 1178 ministerium
1689 1123 1806 1175 fuit.
1841 1122 1894 1174 lu

365 1231 562 1291 quarto
609 1235 739 1275 vero
780 1219 1034 1272 Dominus
1067 1217 1258 1269 fecisse
1296 1214 1491 1266 dicitur
1531 1223 1590 1265 ut
1630 1211 1898 1264 adveniret

367 1314 673 1384 cynomyia,
707 1322 760 1366 et
800 1310 1028 1378 repleret
1051 1310 1238 1361 domos
1277 1304 1595 1359 Pharaonis.
1626 1303 1725 1356 Sed
1757 1311 1812 1354 et
1845 1302 1897 1354 in

365 1403 552 1468 quinto
614 1413 734 1452 cum
791 1400 1201 1465 exstinguuntur
1253 1407 1446 1460 pecora
1507 1390 1896 1459 :Egyptiorum,

367 1490 625 1543 Dominus
670 1487 1010 1540 nihilominus
1056 1484 1243 1539 fecisse
1287 1481 1482 1535 dicitur
1519 1481 1735 1533 verbum
1779 1478 1897 1530 hoc.

368 1578 424 1632 In
456 1586 607 1629 sexto
629 1590 754 1629 vero
784 1574 992 1642 Moyses
1027 1573 1257 1640 aspergit
1288 1569 1520 1622 favillam
1569 1569 1632 1621 de
1664 1568 1900 1629 fornace,

369 1675 425 1720 et
458 1665 594 1718 ﬁunt
620 1664 795 1718 ulcera
825 1672 879 1716 et
914 1663 1100 1715 vesicae
1130 1675 1250 1714 cum
1278 1659 1488 1712 fervore
1526 1657 1576 1710 in
1602 1656 1903 1710 hominibus

1991 496 2056 548 ad
2099 491 2291 547 caelum
2337 500 2524 541 manus
2567 481 2887 536 extendere
2946 471 3271 540 Moyses,
3347 469 3431 511 ut
3512 453 3692 506 fiant
3745 453 3808 547 in

1995 592 2103 636 tota
2133 589 2274 633 terra
2303 574 2524 644 Egypti
2557 567 2878 639 palpabiles
2920 557 3272 616 tenebrae;
3337 557 3418 603 et
3479 555 3805 644 nounquto

1993 673 2111 725 dem
2149 683 2244 736 per
2284 682 2342 718 se
2376 631 2561 726 intrat,
2591 660 2686 712 sed
2722 661 2981 708 vocatur
3018 665 3055 702 a
3114 645 3560 698 Pharaone.
3609 631 3813 684 Simi-

1994 757 2119 810 liter
2145 729 2200 808 et
2245 755 2296 806 in
2328 751 2537 805 decima
2569 760 2691 799 cum
2749 739 3068 809 primitiva
3138 730 3534 786 delentur,
3577 729 3650 774 et
3690 733 3808 773 co.

1997 846 2139 912 gitur
2179 855 2301 894 cum
2347 835 2701 891 festinatione
2734 829 2901 883 exire
2938 826 3018 878 de
3062 821 3438 890 Egypto.
3515 812 3704 912 S-unt
3737 819 3815 912 ει

1997 901 2112 986 alia:
2163 929 2441 999 permulta:
2487 921 2958 981 observationes,
3017 915 3086 968 in
3151 909 3448 979 quibus
3523 901 3812 970 singulis

1999 1023 2193 1076 divinae
2237 1023 2681 1072 demonstrantur
2730 1008 2946 1062 indicia
3005 998 3433 1069 sapientiae.
3502 992 3816 1048 Invenies

2000 1109 2142 1163 enim
2181 1107 2319 1173 quod
2353 1106 2530 1173 primo
2557 1116 2666 1155 non
2706 1095 2966 1152 ﬂectitur
3007 1091 3335 1153 Pharao,
3383 1100 3525 1140 nec
3569 1083 3817 1138 divinis

2000 1195 2318 1249 verberibus
2364 1193 2534 1256 cedit,
2580 1204 2708 1244 cum
2743 1201 2913 1255 aqua:
2968 1185 3034 1236 in
3087 1177 3546 1247 sanguinem
3608 1189 3816 1228 versa:

2003 1294 2146 1340 Sunt.
2180 1283 2237 1335 In
2269 1281 2511 1335 secundo
2543 1293 2675 1330 vero
2705 1290 2908 1345 parum
2961 1271 3126 1340 quid
3163 1267 3459 1324 molliri
3511 1265 3811 1319 videtur.

2011 1393 2030 1424 ι
2061 1367 2284 1426 Vocavit
2309 1372 2453 1423 enim
2488 1368 2712 1436 Moysen
2759 1374 2818 1418 et
2849 1365 3102 1424 Aaron,
3140 1368 3218 1414 et
3259 1359 3466 1412 dixit
3506 1357 3596 1412 ad
3656 1373 3816 1412 eos:

2006 1464 2164 1518 Orate
2200 1475 2296 1528 pro
2338 1474 2423 1511 me
2470 1459 2537 1510 ad
2584 1457 2909 1518 Dominum,
2957 1463 3028 1507 ut
3067 1450 3286 1506 tollat
3333 1464 3567 1502 ranas
3605 1464 3644 1500 a
3683 1463 3817 1510 tne,

2008 1561 2061 1605 et
2089 1566 2117 1602 a
2150 1549 2344 1617 populo
2383 1562 2524 1609 meo,
2553 1555 2608 1599 et
2638 1545 2927 1597 dimittam
2977 1540 3332 1610 populum
3371 1541 3469 1591 ⁸⁷.
3503 1557 3530 1591 ι
3578 1538 3651 1592 In
3694 1547 3821 1592 ler-

2013 1645 2084 1695 tio
2119 1641 2254 1706 magi
2306 1639 2536 1698 cedunt,
2577 1644 2633 1688 et
2669 1633 2868 1686 dicunt
2907 1633 2985 1684 ad
3041 1630 3534 1684 Pharaonem
3586 1647 3604 1681 :
3647 1647 3672 1679 ε
3713 1628 3821 1681 Di-

369 1762 425 1808 et
476 1756 774 1823 pecoribus.
830 1753 932 1807 Sed
978 1761 1033 1804 et
1083 1752 1134 1803 in
1191 1750 1420 1811 septimo
1466 1748 1672 1817 Moyses
1719 1747 1895 1800 elevat

2274 1767 2276 1778 ι
2307 1735 2391 1778 est
2418 1726 2522 1778 hoe
2572 1741 2590 1772 ι
2626 1722 2680 1774 lu
2711 1730 2924 1788 quarto
2969 1734 3092 1788 per
3125 1718 3623 1788 cynomyiam
3679 1731 3823 1770 ver-

373 1859 586 1897 manum
621 1858 769 1895 suam
805 1843 856 1894 in
896 1841 1114 1902 caelum,
1148 1847 1201 1892 et
1231 1839 1362 1890 fiunt
1389 1851 1546 1891 voces
1576 1836 1627 1888 in
1654 1835 1809 1899 cmlo,
1856 1842 1910 1887 et

371 1932 592 2001 grando,
617 1941 669 1983 et
702 1932 952 1984 discurrit
992 1929 1125 1997 ignis
1161 1941 1324 1992 super
1360 1935 1578 1980 terram.
1628 1924 1682 1976 ln
1723 1932 1910 1977 octavo

373 2036 585 2090 quoque
634 2022 769 2075 idem
830 2019 1034 2088 Moyses
1088 2016 1321 2070 extendit
1379 2029 1592 2068 manum
1654 2027 1802 2066 suam
1856 2011 1909 2064 in

373 2108 596 2171 caelum,
633 2119 687 2162 et
717 2107 974 2160 Dominus
1003 2104 1208 2160 inducit
1239 2112 1448 2156 ventum
1478 2111 1584 2155 tota
1612 2102 1695 2154 die
1719 2109 1773 2154 et
1803 2108 1910 2152 tota

375 2205 554 2260 nocte,
596 2204 653 2250 et
691 2196 903 2250 adducit
939 2195 1194 2249 locustas.
1243 2190 1346 2244 Sed
1388 2199 1441 2244 et
1488 2191 1544 2243 in
1587 2205 1726 2244 nono
1774 2190 1910 2243 idem

378 2286 718 2340 nihilominus
758 2284 962 2352 Moyses
1003 2281 1244 2335 extendit
1288 2293 1500 2331 manum
1527 2291 1678 2330 suam
1712 2276 1764 2328 in
1801 2289 1914 2328 coe-

379 2375 515 2436 lum,
541 2383 594 2426 et
640 2373 772 2425 ﬁunt
814 2371 1040 2425 leiiebrae
1071 2379 1123 2424 et
1150 2369 1321 2436 caligo
1362 2381 1520 2434 super
1543 2379 1754 2418 omnem
1802 2373 1913 2417 ter-

381 2477 495 2516 ram
543 2461 777 2532 Egypti.
833 2461 887 2513 lu
940 2461 1146 2513 decimo
1193 2473 1340 2520 vero,
1392 2457 1511 2509 finis
1564 2464 1616 2509 et
1662 2453 1915 2522 perfectio

381 2551 545 2605 totius
610 2552 788 2617 operis
833 2565 861 2601 a
922 2549 1144 2602 Domino
1198 2548 1549 2600 ministratur.
1624 2544 1696 2596 Ita
1771 2545 1912 2596 enim

379 2639 634 2704 scriptum
659 2648 742 2692 est
769 2639 814 2669 ⁸³
848 2655 861 2689 :
896 2655 914 2686 ι
943 2638 1164 2692 Factum
1194 2646 1275 2690 est
1302 2645 1479 2688 autem
1513 2633 1655 2686 circa
1687 2633 1913 2685 mediam

381 2734 622 2786 noctem,
664 2734 718 2777 et
752 2725 1004 2779 Dominus
1036 2725 1297 2792 percussit
1323 2734 1479 2775 omne
1506 2720 1914 2787 primogenitum

383 2816 440 2867 in
484 2823 622 2865 terra
665 2812 930 2883 Egyptii,
975 2829 1003 2867 a
1047 2812 1398 2882 primogenito
1452 2809 1771 2871 Pharaonis,
1822 2809 1914 2876 qui

385 2902 606 2955 sedebat
630 2917 788 2969 super
824 2903 1070 2955 thronum
1097 2900 1231 2968 ejus,
1267 2913 1435 2965 usque
1484 2898 1548 2949 ad
1596 2896 1917 2964 primogeni-

386 2999 500 3043 tum
530 2991 747 3056 captiva:
769 3005 883 3058 quae
925 3001 1006 3044 est
1042 2990 1093 3043 in
1135 2991 1270 3051 lacu,
1321 2997 1374 3040 et
1413 3000 1572 3039 omne
1597 2985 1919 3054 primogeni-
1943 3024 1986 3082 α

392 3086 502 3130 tum
530 3079 752 3143 pecoris.
786 3095 804 3126 ι

461 3167 517 3220 4.
541 3166 632 3218 Est
659 3176 712 3219 et
733 3165 835 3218 alia
875 3165 924 3217 in
974 3163 1057 3217 his
1103 3162 1433 3224 differentia,
1473 3174 1629 3228 quam
1672 3161 1921 3213 observa-

390 3253 590 3316 vimus,
626 3255 846 3323 quodin
896 3254 1066 3322 prima
1095 3253 1304 3320 quidem
1340 3250 1514 3318 plaga,
1552 3243 1671 3323 cum
1697 3264 1831 3316 aqua
1865 3250 1918 3302 in

394 3345 700 3411 sanguinem
730 3344 864 3407 fluit,
910 3343 1144 3395 nondum
1173 3339 1366 3393 dicitur
1391 3337 1558 3407 Moysi
1606 3347 1664 3388 ut
1701 3336 1924 3390 intraret

393 3433 460 3486 ad
486 3431 836 3494 Pharaonem,
872 3432 963 3485 sed
995 3431 1190 3482 dicitur
1219 3428 1266 3480 ei
1293 3427 1338 3458 ”
1366 3443 1380 3480 :
1416 3444 1434 3476 ι
1469 3424 1614 3478 Vade
1647 3425 1697 3477 in
1738 3439 1926 3479 occur-

396 3535 510 3574 sum
563 3519 677 3585 ejus
729 3524 795 3573 ad
843 3519 1012 3583 ripam
1056 3516 1287 3570 ﬂuminis
1316 3553 1332 3579 ,
1398 3529 1520 3568 cum
1571 3513 1812 3580 procedit
1859 3514 1926 3568 ad

399 3624 609 3678 aquam.
637 3629 656 3663 ι
684 3612 737 3664 In
759 3610 988 3665 secunda
1013 3624 1139 3662 vero
1176 3608 1347 3676 plaga,
1377 3617 1716 3674 posteaquam
1757 3607 1925 3674 prima

397 3698 466 3752 ab
494 3699 574 3753 eis
598 3707 910 3752 constanter
932 3708 984 3752 et
1007 3697 1231 3750 ﬁdeliter
1272 3695 1571 3767 ministrata
1596 3705 1700 3758 est,
1735 3695 1928 3747 dicitur

397 3788 464 3840 ad
522 3802 641 3840 eum
689 3789 734 3819 ⁵³
767 3803 781 3839 :
815 3787 999 3840 «Intra
1057 3787 1120 3838 ad
1171 3784 1520 3848 Pharaonem,
1559 3793 1612 3837 et
1657 3784 1928 3850 ingressus

397 3874 486 3928 die
518 3889 536 3930 :
569 3874 688 3929 llam
712 3875 838 3928 dicit
870 3875 1145 3937 Dominus,
1177 3891 1196 3924 ι
1230 3884 1283 3926 et
1311 3873 1534 3939 reliqua.
1570 3870 1684 3926 Jaui
1715 3885 1842 3924 vero
1875 3871 1926 3922 in

402 3965 578 4025 tertia,
605 3965 691 4018 ubi
713 3964 950 4030 ciniphes
979 3963 1295 4024 inferuntur,
1316 3963 1450 4028 magi
1479 3963 1566 4028 qui
1598 3963 1744 4028 prius
1768 3959 1931 4014 obsti-

401 4060 606 4114 terant,
639 4055 833 4104 cedunt
875 4054 1198 4106 conﬁdentes
1241 4052 1365 4120 quia
1423 4052 1661 4119 «digitus
1717 4051 1805 4103 Dei
1847 4059 1930 4102 est

400 4141 501 4194 hoc
527 4140 570 4170 ⁵⁸
603 4159 615 4194 :
651 4158 669 4190 ι
710 4140 761 4192 ἰη
785 4149 968 4206 quarta
991 4155 1198 4208 quoque
1225 4141 1447 4207 vigilare
1462 4139 1682 4208 jubetur
1719 4139 1927 4210 Moyses

402 4241 580 4291 mane,
644 4235 698 4278 et
745 4237 888 4281 stare
929 4239 1108 4281 contra
1155 4227 1491 4281 Pharaonem
1550 4230 1924 4294 procedentem

2008 1819 2224 1872 beratus
2251 1814 2380 1867 dicit
2401 1814 2485 1868 εει
2517 1833 2534 1865 ι
2558 1811 3105 1867 Ειιηιθδὶηιιηοιῖιιε
3165 1809 3501 1860 Domino
3539 1808 3682 1860 Deo
3728 1824 3813 1860 ve

2009 1916 2140 1969 stro,
2171 1905 2264 1958 sed
2291 1919 2397 1958 non
2437 1903 2649 1970 longius
2681 1901 2918 1954 tentetis
2955 1899 3120 1954 iter.
3159 1898 3413 1953 Orate
3454 1898 3675 1966 igitur
3711 1914 3823 1967 pro

2011 2011 2095 2049 me
2123 1995 2188 2048 ad
2223 1995 2526 2047 Dominum.
2553 2010 2571 2042 ι
2620 1991 2673 2042 In
2704 1991 2908 2056 quinto
2955 2003 3125 2043 nece
3187 1990 3581 2058 pecudum
3620 1991 3816 2042 caedi.

2013 2093 2122 2148 tur,
2154 2094 2208 2137 et
2240 2098 2346 2137 non
2381 2082 2554 2136 solum
2604 2096 2716 2135 non
2749 2081 2933 2145 cedit,
2968 2079 3088 2134 sed
3127 2089 3201 2134 et
3247 2080 3587 2148 amplius
3627 2079 3813 2134 indu—

2011 2182 2178 2226 ratur.
2210 2172 2469 2224 Similiter
2497 2179 2552 2225 et
2598 2171 2651 2222 in
2701 2179 2863 2223 sexto
2915 2184 3121 2238 super
3172 2169 3457 2239 plagas
3517 2171 3815 2225 ulcerum

2013 2263 2161 2316 facit.
2203 2260 2262 2315 lo
2298 2263 2530 2330 septimo
2583 2275 2716 2314 vero
2764 2276 2899 2314 cum
2953 2260 3322 2330 grandine
3390 2270 3717 2316 vastatur
3760 2271 3821 2313 et

2014 2351 2262 2418 ignibus:
2303 2369 2322 2401 ι
2350 2349 2517 2415 Misit,
2561 2349 2833 2416 inquit",
2863 2348 3152 2414 Pharao,
3191 2359 3274 2404 et
3317 2353 3618 2406 vocavit
3661 2351 3822 2421 Moy-

2015 2455 2113 2495 sen
2154 2449 2207 2491 et
2231 2441 2433 2500 Aaron,
2464 2447 2519 2491 et
2559 2438 2699 2490 dixit
2731 2439 2887 2491 illis:
2927 2437 3264 2503 Peccavi,
3319 2449 3400 2495 et
3457 2457 3654 2496 nunc
3701 2441 3818 2495 Do.

2017 2527 2387 2592 tninusjustus
2415 2535 2520 2588 est,
2546 2539 2646 2591 ego
2670 2535 2860 2577 autem
2894 2534 2956 2577 et
2993 2526 3313 2594 pOpulus
3357 2543 3571 2582 meus
3609 2529 3815 2597 impii.

2016 2614 2178 2670 Orate
2205 2615 2368 2682 igitur
2402 2629 2498 2682 pro
2532 2629 2617 2666 me
2655 2614 2724 2666 ad
2765 2614 3172 2666 Dominum.)
3225 2616 3310 2668 ln
3351 2628 3622 2680 ocrayo
3674 2634 3816 2671 cum

2017 2705 2237 2760 locustis
2270 2715 2588 2772 urgeretur:
2631 2723 2648 2754 ι
2681 2703 2748 2756 Et
2797 2701 3158 2767 festinavit,
3203 2705 3467 2776 inquit
3506 2708 3596 2772 “,
3656 2707 3819 2761 Pha-

2020 2811 2134 2860 rao,
2161 2808 2215 2850 et
2258 2797 2471 2848 vocavit
2521 2796 2738 2866 Moysen
2785 2807 2843 2849 et
2875 2797 3100 2851 Aaron
3153 2801 3430 2855 dicens
3466 2819 3487 2854 :
3542 2801 3818 2855 Peccavi

2021 2893 2144 2937 ante
2171 2883 2458 2937 Dominum
2498 2883 2664 2936 Deum
2704 2892 2968 2937 vestrum
3020 2897 3090 2938 et
3134 2887 3206 2939 in
3282 2904 3455 2957 vos,
3501 2891 3820 2958 suscipite

2021 2981 2296 3039 peccatum
2339 2987 2514 3026 nicum
2561 2973 2726 3024 etiam
2770 2987 2951 3036 nunc,
3000 2986 3071 3027 et
3116 2980 3338 3032 orate
3388 2996 3526 3049 pro
3593 2997 3701 3033 me
3749 2983 3822 3031 ad

2021 3060 2301 3113 Dominum
2332 3061 2498 3114 Deum
2544 3070 2809 3114 vestrum.
2839 3080 2858 3113 ι
2917 3061 2982 3114 In
3042 3079 3237 3120 nono
3299 3085 3478 3124 cum
3527 3071 3824 3126 tenebris

2020 3147 2354 3201 offunditur:
2392 3165 2410 3196 ι
2445 3147 2690 3212 Vocavit,
2726 3147 3019 3215 inquit“,
3063 3153 3368 3211 Pharao
3433 3158 3727 3228 Moysen
3764 3171 3823 3211 et

2022 3239 2199 3288 Aaron
2249 3237 2476 3289 dicens:
2510 3234 2605 3299 lte,
2653 3239 2862 3292 servile
2913 3239 3209 3298 Domino
3281 3247 3443 3302 Deo
3504 3259 3762 3305 vestro.
3798 3269 3817 3301 ι

2021 3324 2138 3379 Iam
2167 3341 2293 3379 vero
2339 3326 2390 3378 in
2431 3327 2641 3379 decimo
2676 3342 2801 3378 cum
2849 3330 3198 3395 priinitiva
3268 3337 3664 3394 hominum
3708 3355 3824 3393 ex-

2023 3415 2368 3481 stinguuntur
2402 3423 2455 3465 et
2487 3427 2744 3480 pecorum
2776 3433 2790 3468 :
2828 3435 2848 3466 ι
2882 3417 3188 3486 Vocavit,
3235 3425 3504 3497 inquit
3541 3431 3625 3494 θ’,
3660 3429 3830 3484 Pha-

2026 3518 2122 3556 rao
2158 3501 2375 3572 Moysen
2417 3513 2473 3556 et
2499 3502 2678 3557 Aaron
2717 3514 2909 3570 nocte,
2943 3519 3008 3562 et
3049 3512 3234 3566 dixit
3302 3519 3465 3575 illis
3499 3537 3521 3576 :
3566 3522 3830 3591 Surgite

2025 3601 2080 3645 et
2116 3593 2260 3646 exite
2290 3593 2357 3645 de
2393 3593 2589 3660 populo
2623 3609 2768 3656 meo,
2797 3607 2854 3650 et
2893 3614 3004 3653 vos
3038 3611 3107 3654 et
3171 3607 3313 3660 lilii
3388 3611 3656 3680 Israel,
3719 3616 3827 3680 ite,

2029 3683 2231 3734 servile
2277 3682 2500 3733 Domino
2551 3683 2660 3735 Deo
2708 3693 2930 3750 vestro,
2963 3691 3140 3743 sicut
3179 3694 3494 3766 dicitis;
3556 3719 3724 3760 oves
3773 3717 3834 3760 et

2033 3773 2197 3824 boves
2242 3780 2452 3824 vestros
2491 3784 2846 3828 assumentes
2899 3781 3184 3850 pergite,
3264 3789 3480 3847 sicut
3530 3796 3828 3851 dixistis.

2029 3859 2336 3913 Benedicite
2395 3869 2577 3913 autem
2624 3870 2681 3914 et
2734 3877 2845 3916 me.
2898 3865 2974 3918 Et
3056 3877 3446 3942 erigebant
3527 3885 3578 3939 ,Α

2287 3870 2336 3913 te
2395 3869 2577 3913 autem
2624 3870 2681 3958 et
2734 3877 2845 3958 me.
2898 3865 3008 3958 Et?
3056 3877 3446 3942 cogebant,
3527 3885 3833 3958 Egyptii

2027 3948 2281 4017 populum
2339 3962 2498 4015 quam
2558 3947 2857 4004 celerrime
2913 3957 3093 4012 exire
3145 3966 3236 4018 de
3343 3981 3556 4030 terra
3627 3947 3834 4034 Elav-

2029 3999 2119 4050 .—..
2357 3999 2372 4015 ι
2545 3999 2876 4056 ,πη-νων.
2916 3999 3093 4012 ----ν
3146 3999 3236 4018 υυ
3344 3999 3556 4030 “arra
3627 3999 3834 4053 mgy-

2029 4049 2128 4109 pti.
2167 4039 2424 4093 Dicebant
2470 4056 2654 4106 enim,
2707 4058 2982 4111 quoniam
3042 4065 3308 4116 omnes
3382 4083 3524 4126 nos
3582 4078 3836 4129 morie-

2029 4144 2166 4184 mur.
2188 4147 2208 4181 Ι

2098 4219 2152 4272 :5.
2194 4218 2325 4321 Quis
2353 4218 2584 4321 est-ille.
2611 4234 2774 4288 quem
2815 4228 3050 4321 repleat
3106 4233 3227 4291 illo
3286 4248 3574 4314 spiritu
3641 4257 3836 4321 Deus,

401 4317 467 4368 ad
494 4330 701 4384 aquam,
747 4331 864 4370 eum
906 4319 1182 4388 cynomyia
1243 4318 1513 4385 replentur
1549 4317 1922 4386 Egypliorum

2290 4309 2655 4420 levitpMoysen
2703 4321 2760 4367 et
2798 4316 3025 4387 Aaron,
3063 4339 3222 4382 cum
3293 4309 3469 4396 ιιέιεο
3531 4309 3839 4420 prodigia

403 4405 610 4458 domus.
659 4405 711 4457 In
757 4408 938 4472 quinta
989 4408 1346 4470 nihilominus,
1383 4408 1473 4461 ubi
1529 4423 1718 4476 pecora
1757 4408 1927 4478 lEgy-

2032 4411 2087 4453 θι
2129 4399 2278 4496 signa
2323 4401 2675 4496 perficerent,
2710 4415 2770 4458 ut
2803 4409 3007 4468 eodem
3063 4421 3334 4484 spiritu
3404 4399 3581 4490 illu'n

2323 4401 2675 4496 perficerent,
2710 4415 2770 4458 ut
2803 4409 3007 4468 eodem
3063 4421 3334 4484 Spiritu
3404 4399 3844 4496 illu'min—a‘tzns

414 4493 644 4561 ptiorum
677 4495 937 4558 delentur,
978 4497 1176 4549 intrare
1208 4498 1424 4565 jnbetnr
1479 4500 1544 4549 ad
1595 4496 1928 4550 Pharaonem
2032 4490 2203 4585 possit
2243 4503 2361 4557 qua!
2406 4504 2502 4585 per
2533 4491 2653 4547 illos
2699 4507 2830 4550 sunt
2877 4511 3048 4569 gesta
3109 4508 3567 4579 disserere?

406 4585 628 4655 Moyses.
668 4585 722 4639 lo
755 4599 899 4640 sexta
928 4603 1057 4642 sane
1086 4589 1444 4641 contemnitur
1471 4587 1699 4649 Pharao,
1739 4595 1794 4639 et
1823 4601 1926 4640 non

409 4672 638 4726 refertur
661 4675 796 4742 qund
826 4676 1098 4728 intraverit
1124 4676 1326 4745 Moyses
1370 4675 1451 4728 vel
1489 4676 1663 4726 Aaron
1691 4673 1756 4725 ad
1787 4673 1928 4726 Pha-

409 4773 642 4822 raonem,
677 4762 798 4828 quia
830 4762 964 4815 facta
991 4773 1114 4814 sunt
1159 4763 1332 4814 ulcera
1362 4769 1410 4813 et
1434 4759 1622 4813 vesica:
1659 4771 1778 4809 cum
1815 4756 1926 4810 fer-

409 4863 531 4902 vere
555 4853 711 4903 etiam
741 4866 898 4917 super
931 4851 1192 4904 inalclicos
1213 4849 1445 4917 Egypti,
1471 4855 1525 4899 et
1553 4861 1653 4898 non
1682 4853 1932 4911 poterant

2031 4578 2309 4679 enin-ration
2343 4580 2579 4634 arbitror
2607 4582 2705 4636 has
2739 4585 3071 4654 ingentium
3128 4614 3401 4665 rerum
3450 4578 3846 4679 varia-4;;

408 4939 654 4994 re~istere
705 4940 890 5007 Moysi.
937 4941 990 4992 ln
1020 4941 1242 5006 septima
1281 4939 1494 5005 vigilare
1529 4938 1744 5004 jubetnr
1782 4950 1936 4988 mane
2027 4931 2202 4999 jeclus
2242 4933 2332 4986 sit.
2352 4933 2470 4989 Non
2501 4909 2632 5009 ergo
2663 4909 3638 5026 qu-ibu'scunq—ue'aily;:::?:,::

705 4985 890 5048 "3""
1292 4985 1490 5005 ”⁰“”’“’
1874 4985 1931 4988 η
2027 4985 2079 5031 ’.
2275 5037 2282 5047 δ
2408 4985 2470 4989 ’⁷⁷
2506 4985 2629 5009 "°"
2666 4985 3097 5018 “¹“““’““’“⁴“¹¹Ψ¹“³
3139 4985 3229 5010 ⁴¹ί¹
3278 4985 3845 5041 ειμιειιιίιιιιιιιιιι

445 5049 470 5078 ,ι
533 5057 579 5091 η,
607 5041 659 5082 et
703 5043 728 5081 s
753 5043 843 5080 are
877 5038 1057 5080 contra
1085 5028 1434 5087 Pharaonem,
1470 5041 1590 5078 cum
1622 5024 1935 5092 grandinem
2032 5020 2174 5072 dicta
2221 5023 2617 5088 IHOI‘helarum
2641 5070 2656 5094 ,
2702 5035 2802 5086 sed
2845 5038 3155 5106 prophetis
3244 5053 3631 5122 dicunt“,
3693 5091 3731 5126 ε
3810 5095 3845 5126 ε

516 5117 527 5126 .
846 5115 856 5126 .
931 5115 962 5126 ._
1053 5125 1059 5126 ,
1339 5113 1351 5126 .
1501 5122 1510 5126 -
1781 5110 1791 5121 ο
1836 5111 1867 5126 ο-
2038 5108 2181 5126 ._._~_
2224 5119 2264 5126 ._
2343 5109 2386 5126 ιγ
2748 5122 2758 5126 -
3269 5109 3272 5112 ~
3741 5094 3806 5126 SS

3269 5094 3631 5122 FUV|I||‘ur
3693 5094 3846 5129 €356

412 5125 465 5168 ct
516 5117 686 5182 ignem
732 5115 971 5182 producit
1012 5125 1066 5167 et
1117 5129 1288 5167 voces.
1337 5113 1391 5164 In
1431 5122 1610 5164 octava
1641 5110 1940 5177 prmcipitur
2033 5108 2295 5174 subjecta.
2343 5109 2552 5174 Verum
2593 5122 2857 5188 quoniam
2912 5127 3056 5180 idem
3108 5109 3336 5196 bear"

419 5205 566 5274 141
595 5206 793 5258 intrare
828 5206 892 5257 ad
941 5219 1081 5267 eum,
1113 5220 1230 5258 cum
1266 5205 1466 5258 locusta
1517 5201 1838 5270 producitur.
1875 5201 1929 5252 lu

477 5385 524 5415 ⁸³
559 5386 723 5439 Exod.
766 5403 860 5449 xit,
889 5387 976 5440 29.
1050 5387 1095 5417 ἰ
1132 5385 1295 5436 Exod.
1339 5399 1431 5445 vn,
1468 5382 1553 5433 l5.

2038 5199 2190 5266 hujus
2219 5203 2437 5270 gratias,
2472 5213 2527 5266 id
2563 5223 2643 5272 est
2689 5219 3036 5290 prophetalis
3073 5224 3231 5281 doni

1625 5382 1668 5410 ⁸³
1711 5381 1851 5411 Ιῗυιιιι
1933 5397 1962 5411 Iv

477 5385 524 5415 ⁸³
559 5386 723 5439 Exod.
766 5403 860 5449 xit,
889 5387 976 5440 29.
1050 5387 1095 5417 ἰ
1132 5385 1295 5436 Exod.
1339 5399 1431 5445 vn,
1468 5382 1553 5433 l5.
1625 5382 1668 5410 ⁸³
1711 5381 1874 5432 Exod.
1933 5397 1962 5431 γ

417 5450 462 5481 ⁸⁹
499 5453 666 5509 Exod.
706 5471 790 5521 ιχ,
819 5455 999 5520 27,28.
1073 5454 1116 5484 ⁶⁰
1157 5453 1300 5504 Exod
1358 5467 1408 5514 x,
1443 5455 1521 5503 tti.
1596 5450 1635 5478 ⁶¹
1681 5449 1806 5500 ibid.
1835 5450 1923 5501 ‘24.

1211 5385 1295 5435 od.
1339 5399 1431 5445 vn,
1468 5382 1553 5464 ιβ.
1625 5381 1874 5458 l“dtixod.
1933 5396 2046 5440 vm,
2098 5382 2147 5433 i.
2252 5382 2302 5415 ⁸⁸
2364 5389 2509 5452 ibid.
2576 5403 2657 5459 19.
2733 5403 2756 5436 ι

1210 5453 1300 5504 tod
1358 5467 1408 5514 x,
1443 5456 1521 5503 ib.
1596 5450 1635 5478 ⁶¹
1681 5449 1806 5500 tbnl.
1835 5450 1923 5501 ‘24.
1999 5451 2042 5479 ⁶²
2083 5451 2384 5521 Exod.xn,
2419 5463 2524 5538 ’δι’
2558 5475 2759 5542 3.2.33.

3349 5164 3388 5201 ε
3455 5155 3503 5206 Α
3526 5167 3850 5225 postnlus

3246 5272 3272 5296 9
3329 5249 3703 5317 tanquam
3761 5276 3840 5312 ex

2252 5382 2509 5479 Bfnlbitl.
2559 5403 2780 5479 ~19.“?!
2825 5404 3050 5479 “ﬁdus.
3145 5408 3202 5440 es
3261 5415 3463 5479 “ﬁ...

2836 5433 3090 5532 tri-cz}.
3121 5433 3463 5548 ,'
3545 5433 3670 5497 εδ»
3731 5442 3847 5497 εε-
