3922 6208
180 231 311 317 se‘
1515 260 1581 314 IN
1621 261 1901 317 nxonun
1938 264 2214 321 llOMlLlA
2253 266 2340 321 iv.
3387 269 3493 324 322

215 350 584 454 “desiliet
747 362 1046 454 potestate
1100 380 1348 438 nostra,
1404 376 1703 433 imitatores
1755 396 1852 434 nos
1881 355 1932 443 Α.
1957 398 2143 436 eorum
2196 398 2382 450 poenas
2423 391 2474 435 et
2523 390 2730 436 reatum
2789 383 3059 449 sanguinis
3121 385 3362 454 exigunt.
3415 385 3490 438 Ita

233 444 354 511 ﬁeri
387 443 536 511 iubet
559 487 574 505 .
622 445 820 501 dicens
845 447 895 479 ⁸⁵
927 468 943 504 :
1002 469 1023 502 ι
1055 455 1433 518 ᾹῦιηυΙιιῐῐιίιιί
1480 479 1658 520 autem
1711 472 1845 523 dona

1949 475 2090 528 enim
2121 483 2176 524 et
2216 473 2328 536 ipse
2375 471 2629 523 Dominus
2673 469 2888 534 dicit",
2923 471 3048 537 quia
3085 491 3103 522 ι
3131 474 3307 526 omnis
3354 489 3484 540 san-

256 536 488 598 meliora,
517 536 692 604 magis
721 545 910 592 autem
941 550 1006 595 nt
1039 549 1426 615 prophetetis;
1454 571 1471 606 ι
1512 562 1776 610 tentemus
1797 568 1847 611 et

1947 564 2062 630 guis
2087 564 2175 630 qui
2205 561 2404 615 e‘ﬁ‘usus
2431 571 2512 614 est
2553 575 2716 626 super
2756 536 2977 622 terram,
3011 576 3038 611 a
3071 563 3326 626 sanguine
3355 536 3488 616 Abel

268 643 357 686 nos
392 625 787 682 aemulationem
843 631 1144 700 suscipere
1207 652 1499 705 nouorum,
1531 655 1586 696 et
1626 647 1669 699 si
1713 648 1839 713 quid

270 729 348 774 est
377 719 429 772 in
449 717 624 780 nobis,
661 733 692 772 a
728 718 894 773 nobis
923 722 1183 792 exigere,
1213 743 1243 780 a
1281 730 1507 785 Domino
1539 747 1660 787 vero
1686 735 1850 801 pleni-

275 812 511 864 tudinem
545 812 788 863 numeris
816 823 1180 880 exspectare.
1211 819 1317 872 Pro
1357 821 1460 875 hoc
1487 825 1626 878 enim
1651 826 1848 880 dicitur

270 916 301 952 a
329 900 556 952 Domino
601 913 697 967 per
732 897 1076 969 Prophetam
1101 904 1154 935 ³⁸
1191 921 1206 958 :
1245 924 1263 956 ι
1287 907 1442 973 Aperi
1482 925 1544 964 os
1588 921 1758 976 tuum,
1797 923 1850 967 et

268 989 500 1057 replebo
525 989 688 1051 illud;
704 1008 723 1042 ι
759 1004 862 1058 pro
932 991 1030 1046 illo
1048 1007 1180 1048 vero
1194 992 1299 1048 alia
1313 997 1582 1068 scriptura
1609 1003 1740 1056 dicit
1761 1004 1805 1034 ιι
1833 1027 1846 1059 ε

269 1095 293 1130 ι
320 1079 511 1148 Punge
535 1081 775 1142 oculum,
802 1089 858 1134 et
885 1082 1136 1147 producit
1163 1083 1460 1151 lacrymam
1483 1105 1497 1152 ;
1533 1104 1706 1158 punge
1734 1107 1846 1157 cor,

261 1180 322 1224 et
371 1170 629 1238 producit
659 1185 906 1223 sensum.
931 1189 951 1222 ι
988 1168 1069 1224 Ne
1111 1185 1242 1240 ergo
1269 1187 1337 1226 ex
1371 1175 1744 1243 desperatione
1775 1181 1851 1233 si-

261 1259 439 1312 lentio
475 1274 582 1312 nos
612 1261 914 1322 tradamus,
944 1265 1092 1329 quod
1122 1264 1310 1331 utique
1349 1279 1452 1318 non
1499 1267 1728 1321 aediﬁcat
1761 1269 1853 1322 Ec-

260 1351 500 1403 clesiam
549 1350 675 1414 Dei,
723 1351 788 1404 de
817 1350 1016 1417 quibus
1059 1368 1368 1422 possumus,
1397 1365 1452 1411 et
1495 1357 1550 1412 in
1591 1372 1848 1425 quantum

259 1451 567 1504 possumus
603 1437 848 1491 breviter
879 1448 1216 1504 repetamus.
1585 1488 1589 1492 .

333 1526 388 1578 6.
436 1526 584 1579 Puto
627 1541 782 1595 ergo,
826 1539 887 1580 ut
937 1529 1145 1584 sentire
1189 1545 1426 1598 possum,
1469 1533 1609 1601 quod
1644 1534 1849 1605 Moyses

257 1617 331 1668 ad
360 1614 674 1685 Egyptum
705 1615 934 1669 veniens
978 1625 1033 1669 et
1062 1617 1313 1674 deferens
1343 1619 1572 1689 virgam.
1617 1638 1720 1691 qua
1756 1637 1847 1677 ca-

257 1706 433 1774 stigat
458 1716 520 1758 et
561 1705 822 1758 verberat
847 1702 1144 1774 )Egyptum
1188 1708 1372 1762 decem
1413 1710 1606 1779 plagis,
1643 1711 1849 1782 Moyses

257 1794 352 1846 hic
388 1796 481 1846 lex
514 1793 615 1844 Dei
649 1792 758 1854 sit;
793 1807 917 1858 qua:
948 1793 1076 1845 data
1116 1803 1198 1847 est
1230 1796 1355 1849 huic
1390 1797 1609 1862 mundo,
1639 1807 1696 1850 ut
1725 1814 1846 1854 eum

255 1882 458 1935 decem
495 1879 705 1946 plagis,
739 1878 793 1931 id
824 1889 910 1932 est
935 1879 1121 1933 decem
1153 1883 1412 1936 mandatis
1442 1899 1560 1952 qua:
1590 1886 1642 1937 in
1685 1886 1851 1940 Deca-

253 1969 388 2038 lego
426 1969 822 2028 continentur,
866 1969 1124 2037 corripiat
1153 1979 1205 2023 et
1237 1973 1504 2026 emendet.
1539 1973 1691 2042 Virga
1721 1990 1849 2044 ergo

256 2074 357 2128 per
403 2073 584 2125 quam
636 2067 911 2126 geruntur
941 2058 1054 2111 haec
1095 2059 1298 2122 omnia,
1342 2075 1436 2128 per
1482 2076 1640 2129 quam
1685 2061 1850 2134 Egy-

255 2157 386 2214 ptus
413 2147 730 2214 subjicitur
772 2156 830 2200 et
859 2146 1075 2200 Pharao
1119 2157 1426 2217 superatur,
1470 2164 1602 2202 crux
1651 2151 1846 2206 Christi

254 2237 359 2300 sit,
409 2249 521 2303 per
569 2249 745 2303 quam
795 2236 1032 2288 mundus
1072 2235 1163 2289 hic
1218 2235 1470 2300 vincitur,
1513 2249 1567 2290 et
1601 2239 1848 2306 princeps

256 2324 424 2388 hujus
491 2324 692 2376 mundi
753 2337 878 2376 cum
934 2323 1331 2392 principatibus
1382 2334 1436 2379 et
1495 2329 1848 2392 potestatibus

256 2412 681 2480 triumphatur.
715 2410 872 2476 Quod
901 2419 1082 2464 autem
1110 2412 1262 2478 virga
1297 2411 1535 2478 projecta
1569 2416 1640 2467 sit
1665 2415 1846 2478 draco,

255 2503 347 2556 vel
405 2516 688 2569 serpens,
736 2508 796 2554 et
842 2501 1071 2554 devorat
1133 2500 1506 2572 zEgyptiorum
1572 2519 1846 2570 magorum

254 2600 588 2659 serpentes,
618 2591 715 2658 qui
754 2589 808 2643 id
840 2590 1097 2644 similiter
1121 2589 1390 2656 fecerant;
1424 2602 1724 2659 serpentem
1750 2608 1847 2661 pro

255 2681 536 2748 sapientia
591 2680 725 2748 poni
766 2679 853 2734 vel
907 2680 1219 2748 prudentia,
1261 2681 1463 2734 indicat
1507 2682 1847 2751 evangelicus

254 2783 448 2823 sermo
477 2783 613 2822 cum
661 2769 802 2822 dicit
837 2769 926 2824 ‘7:
964 2786 985 2819 ι
1017 2770 1202 2823 Estote
1254 2772 1542 2837 prudentes
1591 2782 1844 2840 tauquam

255 2868 587 2926 serpentes.
614 2877 635 2908 ι
672 2857 744 2912 Ει
779 2858 910 2912 alibi
938 2859 1024 2913 ἐς
1058 2877 1077 2910 ι
1115 2859 1348 2926 Serpens
1374 2872 1492 2914 erat
1535 2864 1846 2930 prudentior

254 2949 524 3002 omnibus
572 2948 957 3002 animantibus
988 2957 1044 3002 et
1090 2949 1275 3004 bestiis
1315 2965 1434 3020 quae
1461 2961 1615 3005 erant
1660 2954 1711 3005 in
1752 2969 1846 3019 pa-

257 3037 468 3090 radiso.
492 3055 512 3087 ι
559 3037 718 3089 Crux
755 3049 890 3102 ergo
916 3036 1140 3102 Christi,
1177 3036 1329 3104 cujus
1358 3039 1670 3104 praedicatio
1713 3041 1845 3093 stul-

260 3129 384 3180 titia
418 3127 750 3188 videbatur,
794 3139 962 3192 quam
993 3124 1226 3194 Moyses,
1253 3127 1303 3178 id
1341 3137 1422 3180 est
1452 3126 1560 3191 lex,
1589 3129 1845 3192 continet,

257 3220 405 3270 sicut
457 3215 740 3269 Dominus
791 3215 931 3268 dixit
958 3215 1047 3266 “:
1092 3231 1111 3266 ι
1141 3214 1336 3277 Deme
1374 3217 1516 3270 enim
1562 3217 1654 3272 ille
1709 3221 1846 3274 scri—

195 3301 202 3306 ’
260 3307 401 3374 psit;
431 3323 453 3357 ι
494 3305 642 3367 haec,
675 3304 930 3371 inquam,
965 3318 1100 3356 crux
1135 3306 1200 3358 de
1224 3321 1329 3374 qna
1367 3307 1575 3377 Moyses
1608 3314 1844 3381 scripsit,

262 3403 563 3462 postquam
618 3391 674 3444 in
705 3400 855 3445 terra
892 3391 1129 3458 projecta
1165 3402 1266 3458 est,
1295 3394 1348 3446 id
1375 3404 1458 3448 est
1500 3407 1843 3468 posteaquam

267 3483 338 3536 ad
367 3480 765 3535 credulitatem
797 3488 855 3533 et
885 3479 1045 3534 ﬁdem
1075 3483 1346 3536 hominum
1381 3486 1546 3549 venit,
1590 3503 1845 3544 conversa

261 3580 348 3623 est
372 3572 426 3622 in
449 3571 814 3637 sapientiam,
832 3579 889 3624 et
911 3576 1113 3622 tantam
1135 3573 1472 3639 sapientiam,
1498 3588 1615 3642 quae
1634 3590 1844 3630 omnem

262 3661 680 3730 Egyptiorum,
712 3658 770 3713 id
802 3669 887 3713 est
919 3659 1082 3725 hujus
1111 3661 1295 3713 mundi
1338 3664 1650 3730 sapientiam
1687 3669 1847 3719 devo-

264 3759 443 3804 raret.
494 3749 719 3802 Intuere
768 3762 905 3816 ergo
955 3749 1230 3814 quomodo
1272 3750 1492 3803 stultam
1538 3751 1666 3805 fecit
1706 3753 1845 3808 Deus

259 3839 594 3907 sapientiam
635 3837 806 3904 hujus
854 3836 1067 3900 mundi,
1104 3844 1450 3904 posteaquam
1487 3840 1846 3894 manifestavit

259 3929 578 3991 Christum,
624 3929 719 3997 qui
767 3927 1071 3980 cruciﬁxus
1112 3935 1231 3990 est,
1283 3927 1372 3980 Dei
1425 3929 1675 3983 virtutem
1726 3945 1847 3986 esse

257 4027 316 4070 et
357 4017 462 4070 Dei
507 4017 874 4083 sapientiam;
903 4025 961 4069 et
998 4016 1290 4071 universus
1314 4019 1419 4086 jam
1449 4019 1676 4071 mundus
1699 4034 1846 4073 com-

259 4107 584 4175 prehensus
608 4117 690 4159 est
716 4108 785 4161 ab
823 4120 892 4160 eo
923 4106 1017 4174 qui
1049 4107 1183 4160 dicit
1206 4108 1254 4139 "°
1283 4125 1296 4160 :
1336 4125 1354 4158 ι
1377 4106 1844 4175 Comprehendens

257 4196 736 4264 comprehendam
769 4196 1047 4263 sapientes
1093 4197 1143 4248 in
1175 4198 1376 4250 astutia
1411 4211 1652 4250 coruum
1696 4197 1844 4262 Quod

259 4305 396 4344 vero
437 4301 598 4354 aquae
635 4285 884 4339 ﬂuminis
926 4296 1212 4338 vertuntur
1252 4287 1306 4339 in
1352 4289 1683 4355 sanguinem,
1715 4290 1847 4343 satis

259 4363 663 4431 convenienter
718 4383 963 4439 aptatur.
996 4372 1180 4426 Primo
1213 4375 1431 4440 quidem
1479 4384 1537 4428 ut
1569 4376 1614 4429 is
1659 4375 1849 4431 ﬁuvius

263 4467 347 4519 cui
383 4464 753 4518 Hebraeorum
788 4459 1050 4527 parvulos
1085 4461 1296 4513 crudeli
1326 4474 1459 4514 nece
1497 4463 1846 4530 tradiderant,

263 4554 589 4608 auctoribus
636 4548 869 4603 sceleris
915 4548 1173 4616 poculum
1226 4548 1512 4616 sanguinis
1563 4550 1849 4616 redderet,

262 4653 318 4696 et
339 4655 601 4696 cruorem
634 4635 830 4705 polluti
872 4637 1131 4704 gurgitis,
1161 4648 1332 4702 quem
1366 4637 1665 4702 parricidali
1704 4640 1850 4692 caede

251 4731 710 4790 ‘rnaculaverant,
749 4726 986 4793 potando
1035 4725 1340 4778 sentirent.
1391 4723 1523 4776 Tum
1552 4726 1758 4790 deinde,
1793 4737 1849 4780 ut

259 4818 574 4886 allegoricis
623 4813 840 4881 legibus
880 4811 1013 4864 nihil
1054 4811 1233 4873 desit,
1291 4824 1445 4876 aquae
1484 4823 1756 4867 vertuntur
1797 4816 1846 4868 in

260 4906 610 4974 sanguinem,
662 4909 723 4955 et
771 4899 992 4969 sanguis
1043 4913 1192 4953 suus
1248 4897 1488 4966 Egypto
1519 4902 1845 4967 propinatur.

258 4997 419 5062 Aque
467 4990 744 5062 Egypti,
787 4989 1026 5042 erratica
1073 4997 1137 5039 et
1172 4985 1391 5038 lubrica
1425 4988 1848 5057 philosophorum

255 5096 377 5140 sunt
419 5088 731 5153 dogmata,
779 5093 897 5147 qua:
947 5076 1224 5145 parvulos
1274 5090 1518 5144 quosque
1557 5093 1752 5143 sensu,
1796 5092 1852 5134 et

255 5187 446 5240 pueros
494 5168 861 5237 intelligentia
918 5165 1091 5236 15.2
1155 5163 1529 5232 deceperunt;
1583 5167 1668 5219 ubi
1719 5183 1849 5221 crux

252 5263 445 5318 Christi
488 5261 707 5316 mundo
737 5259 863 5313 huic
899 5253 1175 5310 veritatis
1212 5248 1403 5302 lumen
1430 5255 1675 5318 ostendit,
1702 5258 1849 5312 necis

191 5505 198 5509 ρ
306 5452 338 5484 ⁸⁸
372 5452 551 5510 (Cor.
579 5466 692 5513 ιιι,
720 5446 819 5508 5L
851 5439 959 5513 ξι]
995 5435 1147 5513 69.".
1171 5444 1284 5513 53V!
1319 5431 1368 5481 ¹⁹

239 5507 382 5588 "1.1.
424 5507 731 5584 "vim.
766 5529 823 5578 ν.
857 5507 958 5559 ιθ.

1443 5437 1484 5468 ⁸⁸
1522 5438 1654 5490 Psal.
1676 5455 1855 5502 um,

1048 5502 1099 5533 ⁷ο
1128 5496 1147 5546 Ι
1174 5497 1304 5548 Cor.
1341 5513 1423 5561 iu,
1452 5507 1530 5558 l9.
1575 5545 1577 5547 ι
1605 5508 1646 5537 ⁷⁸
1677 5496 1864 5563 Matth.

1942 646 2070 714 justi
2114 661 2280 714 usque
2319 647 2382 700 ad
2415 648 2730 714 sanguinem
2769 645 3062 707 Zachariae,
3108 649 3412 714 requiretur
3454 663 3486 701 a

1947 737 2294 805 generatione
2327 736 2446 790 hac.
2470 755 2488 786 ι
2533 736 2635 789 Per
2670 734 2952 789 secundam
3004 749 3132 787 vero
3163 737 3388 803 plagam,
3434 738 3487 789 in

1949 840 2052 892 qua
2082 839 2226 877 rana:
2256 826 2636 890 producuntur,
2665 823 2886 877 indicari
2917 821 3208 890 ﬁguraliter
3248 825 3479 876 arbitror

1949 913 2189 967 carmina
2248 921 2556 980 poetarum,
2603 913 2691 980 qui
2745 912 2888 964 inani
2931 914 3158 979 quadam
3201 922 3256 964 et
3295 913 3481 966 inllata

1948 1001 2338 1065 modulatione,
2390 1001 2532 1054 velut
2595 1016 2844 1053 ranarmn
2904 1003 3053 1054 sonis
3120 1010 3173 1053 et
3241 1002 3484 1054 cantibus

1949 1092 2142 1144 mundo
2163 1092 2284 1144 huic
2314 1090 2638 1156 deccptionis
2667 1089 2871 1144 fabulas
2901 1092 3210 1145 intulerunt.
3237 1093 3317 1145 Ad
3350 1093 3478 1145 nihil

1949 1181 2092 1234 enim
2124 1181 2251 1233 illud
2281 1180 2476 1234 animal
2507 1181 2635 1233 utile
2671 1192 2773 1244 est,
2803 1183 2904 1236 nisi
2937 1183 3077 1249 quod
3119 1198 3305 1236 sonum
3343 1184 3488 1238 vocis

1950 1268 2209 1334 improbis
2259 1279 2314 1321 et
2374 1269 2694 1334 importunis
2747 1271 3073 1323 clamoribus
3122 1271 3312 1323 reddit.
3357 1269 3486 1324 Post

1949 1357 2053 1410 hoc
2081 1356 2322 1424 ciniphes
2349 1356 2729 1423 producuntur.
2767 1357 2877 1411 lloc
2915 1358 3115 1411 animal
3150 1360 3336 1426 pennis
3366 1361 3485 1427 qui-

1949 1445 2067 1498 dem
2109 1446 2448 1514 suspenditur
2482 1460 2577 1514 per
2605 1461 2732 1500 aera
2773 1450 3018 1512 volitans,
3059 1451 3151 1502 sed
3192 1450 3261 1502 ita
3294 1451 3488 1504 subtile

1948 1542 2029 1590 est
2065 1543 2120 1588 et
2152 1536 2447 1598 minutum,
2489 1546 2548 1590 ut
2592 1537 2730 1591 oculi
2766 1539 2968 1602 visum,
3011 1538 3114 1591 nisi
3162 1547 3315 1592 acute
3365 1553 3486 1592 cer-

1949 1629 2146 1687 nentis,
2170 1624 2418 1691 effugiat;
2450 1640 2646 1692 corpus
2674 1635 2850 1680 tamen
2883 1641 3001 1681 cum
3034 1628 3310 1691 insederit,
3343 1642 3486 1681 acer-

1880 1694 1927 1754 Β
1954 1715 2088 1768 rimo
2115 1714 2349 1767 terebrat
2385 1715 2622 1778 stimulo,
2667 1716 2740 1768 ita
2781 1725 2839 1768 ut
2866 1731 3025 1783 quem
3067 1717 3375 1792 volitantem
3407 1715 3486 1770 vi-

1949 1805 2077 1858 dere
2118 1804 2242 1871 quis
2286 1819 2388 1857 non
2435 1803 2640 1870 valeat,
2684 1805 2880 1858 sentiat
2933 1804 3318 1860 stimulantem.
3373 1804 3484 1860 Hoc

1948 1907 2076 1963 ergo
2127 1893 2372 1947 animalis
2416 1909 2584 1958 genus
2629 1892 2939 1962 dignissime
2988 1904 3115 1959 puto
3163 1893 3265 1945 arti
3314 1892 3482 1946 diale-

1947 1983 2098 2036 ctica:
2129 1982 2452 2049 comparari,
2490 1995 2606 2050 quae
2636 1983 2854 2034 minutis
2880 1987 2934 2034 et
2967 1980 3252 2033 subtilibus
3290 1981 3484 2033 verbo-

1948 2080 2065 2118 rum
2100 2066 2326 2120 stimulis
2365 2066 2571 2120 animas
2614 2065 2864 2131 terebrat,
2908 2074 2962 2118 et
3000 2075 3146 2118 tanta
3186 2065 3478 2129 calliditate

1947 2146 2313 2212 circumvenit,
2342 2157 2399 2202 ut
2428 2151 2682 2218 deceptus
2723 2165 2820 2203 nec
2861 2151 3039 2202 videat
3071 2165 3170 2204 nec
3209 2151 3482 2220 intelligat

1947 2239 2084 2290 unde
2121 2239 2398 2306 decipitur.
2425 2239 2625 2303 Quarto
2654 2252 2863 2306 quoque
2891 2239 2942 2291 in
2987 2238 3102 2292 loco
3142 2241 3478 2309 cynomyiam

1946 2325 2269 2396 Cynicorum
2314 2336 2475 2381 sectae
2514 2328 2969 2395 comparaverim,
3005 2327 3095 2396 qui
3137 2330 3204 2380 ad
3248 2329 3479 2396 reliquas

1947 2415 2276 2482 deccptionis
2315 2430 2422 2468 sua:
2460 2415 2848 2484 improbitates,
2879 2416 3039 2468 etiam
3071 2415 3391 2483 voluptatem
3425 2422 3482 2468 et

1945 2502 2212 2556 libidinem
2260 2519 2522 2557 summum
2591 2505 2879 2571 praedicant
2948 2506 3165 2558 bonum.
3214 2505 3479 2570 Quoniatn

1946 2589 2233 2658 igitur-per
2262 2591 2374 2644 haec
2402 2590 2608 2659 singula
2645 2591 2790 2658 prius
2820 2592 3073 2658 deceptus
3101 2600 3181 2643 est
3221 2591 3472 2656 mundus,

1945 2678 2236 2731 adveniens
2266 2692 2460 2740 sermo,
2488 2687 2540 2731 et
2575 2677 2655 2731 lex
2691 2677 2781 2730 Dei
2812 2678 3176 2744 hujuscemodi
3206 2693 3325 2731 cum
3359 2692 3475 2732 cor-

1947 2767 2276 2835 reptionibus
2315 2768 2509 2836 arguit,
2541 2775 2596 2820 ut
2624 2782 2690 2820 ex
2721 2766 2974 2834 qualitate
3018 2781 3296 2834 poenarum
3342 2781 3478 2834 qua-

1945 2859 2124 2912 litates
2169 2860 2368 2926 proprii
2405 2869 2664 2929 agnoscat
2704 2858 2922 2913 erroris.
2958 2859 3108 2923 Quod
3136 2871 3263 2912 vero
3294 2859 3479 2926 quinto

1945 2946 1999 2999 in
2034 2946 2148 3000 loco
2177 2947 2482 3000 animalium
2514 2961 2641 3001 nece
2666 2946 2747 3000 vel
2776 2947 3036 3015 pecudum
3060 2945 3324 3016 Egyptus
3349 2962 3411 3000 ve
3424 2963 3476 3000 r-

1948 3037 2186 3099 beratur,
2219 3036 2466 3088 vecordia
2499 3036 2550 3088 in
2577 3035 2679 3088 hoc
2706 3036 2946 3103 arguitur
2977 3035 3306 3104 stultitiaque
3333 3051 3479 3090 mor-

1949 3123 2151 3186 talium,
2195 3124 2282 3191 qui
2317 3135 2565 3193 tanquam
2615 3123 2999 3177 irrationabilia
3045 3139 3237 3192 pecora
3271 3125 3473 3180 cultum

1945 3221 1999 3266 et
2024 3214 2334 3267 vocabulum
2366 3215 2456 3267 Dei
2483 3213 2705 3267 diversis
2731 3214 3098 3281 imposuerunt
3128 3214 3334 3282 ﬁguris,
3365 3225 3475 3268 non

1944 3302 2112 3356 solum
2137 3303 2432 3366 hominum,
2459 3304 2552 3357 sed
2577 3312 2630 3355 et
2655 3302 2934 3368 pecudum,
2964 3302 3107 3370 ligno
3131 3313 3183 3356 et
3210 3303 3476 3370 lapidibus

1945 3391 2243 3460 impressis.
2269 3391 2612 3445 Hammonem
2641 3389 2822 3443 Jovem
2855 3390 3103 3442 in‘ariele
3136 3400 3474 3457 venerantes,

1943 3491 1998 3535 et
2027 3481 2236 3534 Anubin
2278 3481 2329 3532 in
2359 3493 2510 3542 cane,
2533 3480 2670 3546 Apin
2701 3494 2911 3547 quoque
2937 3479 3172 3533 colentes
3201 3480 3252 3532 in
3295 3489 3472 3543 tauro,

1945 3580 2136 3624 caetera
2191 3582 2402 3638 quoque
2455 3583 2587 3639 quae
2623 3567 2886 3637 Egyptus
2949 3569 3168 3620 deorum
3231 3578 3476 3638 portenta

1946 3660 2188 3728 miratur,
2223 3667 2280 3709 ut
2311 3658 2362 3710 in
2400 3659 2594 3724 quibus
2625 3656 2822 3709 cultum
2861 3656 3151 3709 credebant
3193 3657 3371 3710 inesse
3399 3658 3480 3711 di-

1942 3731 2151 3810 vinum,
2179 3749 2230 3800 in
2265 3749 2347 3800 his
2376 3747 2614 3802 viderent
2641 3745 2937 3799 miseranda
2967 3747 3244 3813 supplicia.
3282 3747 3472 3802 Ulcera

1943 3839 2206 3906 posthaec
2232 3848 2286 3889 et
2319 3837 2506 3890 vesicae
2551 3851 2672 3889 cum
2719 3835 2926 3888 fervore
2975 3845 3125 3888 sexto
3156 3835 3209 3886 in
3247 3836 3472 3890 verbere

1945 3928 2329 3996 producuntur.
2373 3924 2441 3979 Et
2487 3925 2697 3978 videtur
2739 3924 2867 3976 mihi
2917 3924 3057 3990 quod
3109 3923 3159 3977 in
3205 3925 3476 3977 ulceribus

1947 4025 2201 4083 arguatur
2231 4014 2412 4067 dolosa
2439 4023 2494 4065 et
2523 4011 2803 4081 purulenta
2834 4011 3054 4072 malitia,
3083 4010 3135 4062 in
3168 4011 3358 4062 vesicis
3388 4019 3472 4063 tu-

1947 4121 2097 4159 mens
2123 4115 2176 4158 et
2213 4102 2390 4156 inﬂata
2426 4101 2693 4168 superbia,
2713 4100 2771 4154 in
2809 4098 3015 4153 fervore
3045 4095 3136 4152 irae
3173 4114 3236 4152 ac
3281 4098 3476 4152 furoris

1947 4179 2516 4258 insania.‘llucusqne
2567 4203 2664 4256 per
2721 4201 2966 4242 errorum
3015 4203 3230 4242 suorum
3282 4189 3478 4255 ﬁguras

1875 4285 1919 4339 D
1950 4283 2145 4337 mundo
2173 4282 2428 4350 supplicia
2457 4286 2843 4347 temperantur.

2015 4372 2066 4423 Ἰ.
2110 4371 2236 4424 Post
2276 4372 2387 4423 haec
2421 4383 2546 4422 vero
2598 4368 2820 4422 vei-hera
2871 4365 3089 4420 veniunt
3122 4366 3186 4419 de
3230 4367 3476 4435 supernis

1945 4473 2123 4524 voces,
2155 4458 2360 4527 inquit,
2410 4458 2664 4517 tonitrui,
2715 4455 2828 4507 sine
2870 4455 3031 4508 dubio
3073 4463 3127 4506 ct
3171 4458 3392 4522 grando,
3421 4465 3476 4508 et

1945 4548 2082 4618 ignis
2127 4548 2433 4602 discurrens
2479 4547 2530 4600 in
2577 4546 2852 4613 grandine.
2899 4544 3031 4597 Vide
3081 4552 3474 4612 temperamen-

1947 4651 2057 4693 tum
2099 4639 2291 4692 divina:
2339 4635 2732 4704 correptionis;
2795 4651 2895 4687 non
2944 4648 3064 4686 cum
3110 4633 3320 4687 silentio
3351 4648 3474 4686 vcr-

1945 4730 2118 4791 berat,
2152 4726 2243 4780 sed
2274 4726 2365 4779 dat
2394 4740 2571 4788 voces,
2603 4732 2656 4778 et
2691 4725 2988 4777 doctrinam
3033 4723 3250 4774 caelitus
3291 4723 3472 4784 mittit,

1946 4833 2039 4885 per
2061 4831 2218 4885 quam
2247 4816 2414 4884 possit
2445 4815 2654 4882 culpam
2685 4828 2832 4867 suam
2861 4811 3150 4878 castigatus
3183 4825 3477 4877 aguocere

1949 4907 2193 4959 mundus.
2242 4906 2332 4957 Dat
2377 4914 2429 4958 et
2459 4905 2808 4972 grandinem,
2855 4915 2951 4968 per
2994 4915 3150 4966 quam
3196 4909 3250 4951 et
3294 4911 3474 4952 tenera

1948 4996 2124 5049 adhuc
2153 5002 2423 5047 vastentur
2453 4992 2722 5046 nascentia
2754 4991 3026 5043 vitiorum.
3072 4989 3167 5040 Dat
3195 4997 3248 5040 et
3278 4988 3476 5051 ignem,

1955 5082 2128 5136 sciens
2158 5095 2274 5134 esse
2303 5081 2488 5148 Spinas
2525 5089 2578 5132 et
2630 5078 2874 5140 tribulos,
2921 5090 3055 5144 quos
3101 5073 3292 5126 debeat
3342 5074 3477 5139 ignis

1957 5171 2042 5226 ille
2070 5171 2376 5238 depascere,
2422 5169 2486 5221 de
2525 5182 2631 5235 quo
2677 5165 2805 5217 dicit
2848 5163 3098 5216 Dominus
3121 5161 3209 5212 "z
3247 5177 3264 5206 ι
3296 5159 3474 5224 Ignem

1954 5263 2073 5316 veni
2105 5262 2314 5317 mittere
2345 5262 2394 5312 in
2432 5267 2646 5311 terrain.
2669 5274 2687 5306 ι
2731 5254 2829 5308 Per
2869 5255 3010 5307 hunc
3034 5251 3173 5304 enim
3211 5248 3473 5299 incentiva

1879 5444 1966 5496 10.
2039 5445 2081 5474 ⁸⁸
2121 5443 2283 5497 Eccli.
2316 5456 2454 5500 xxii,
2490 5439 2578 5498 id.
2654 5438 2694 5467 ⁸⁷
2735 5433 2914 5486 Matth.
2945 5447 2998 5494 ι,
3032 5429 3116 5482 l6.
3207 5417 3250 5447 ⁸⁸
3271 5424 3472 5479 Genes.

1895 5528 2045 5578 um,
2069 5513 2154 5566 '55.
2227 5512 2271 5543 τ’
2306 5510 2432 5562 Luc.
2466 5522 2560 5569 xu,
2586 5505 2670 5558 49.
