3922 6270
311 239 415 293 523

1749 233 1902 288 Οῐῖῐϐ
1913 233 1992 285 EN
1999 233 2057 287 IS

3597 231 3719 285 32$

305 349 588 416 voluptatis
627 357 682 402 et
730 346 964 401 libidinis
1013 356 1415 402 consumuntur.
1463 347 1611 413 Quod
1661 357 1833 401 autem
1863 353 1907 405 A
1935 351 2000 401 ab
2028 361 2088 402 ea
2119 348 2364 400 subducit
2390 343 2670 412 exempla,
2703 344 2949 412 quibus
2984 340 3463 396 mortleantur
3502 353 3567 397 et
3603 345 3710 396 de.

306 439 630 494 locustarum
659 440 709 492 in
747 449 936 494 octavo
966 440 1082 493 loco
1112 441 1167 491 fit
1193 441 1409 499 mentio,
1445 449 1570 506 puto
1596 454 1690 506 per
1733 440 1835 492 hoc

305 545 471 598 genus
519 528 706 596 plagas,
758 529 1062 582 dissidentis
1126 543 1333 594 semper
1377 543 1404 579 a
1444 543 1500 581 se
1534 539 1585 580 et
1627 528 1832 580 discor-

304 620 479 672 dantis
531 618 746 672 humani
814 619 1026 684 generis
1074 616 1481 668 inconstantiam
1549 616 1828 667 confutari.

303 707 531 763 Locusta
562 709 702 760 enim
747 722 869 760 cum
905 721 1078 774 regem
1123 721 1223 758 non
1259 706 1481 766 habeat,
1523 705 1657 757 sicut
1689 705 1832 756 Scri-

303 807 456 865 ptura
499 799 624 850 dicit
655 798 742 847 7':
785 815 802 847 ι
835 797 946 850 Una
987 796 1099 849 acie
1147 796 1448 847 ordinatum
1491 795 1637 847 ducit
1676 809 1827 846 exer-

303 889 546 951 citum;i
606 885 848 938 homines
899 898 1023 936 vero
1073 897 1191 935 cum
1262 881 1604 934 rationabiles
1649 895 1678 932 a
1723 880 1830 932 Deo

304 976 428 1026 facti
462 973 590 1037 sint,
639 987 811 1039 neque
863 972 1178 1037 semetipsos
1227 971 1470 1022 ordinate
1513 982 1696 1035 regere
1735 982 1829 1034 po-

303 1072 547 1125 tuerunt,
599 1075 767 1128 neque
819 1061 906 1112 Dei
955 1060 1095 1126 regis
1141 1060 1402 1127 patienter
1471 1057 1826 1109 moderamina

301 1155 585 1221 pertulere.
614 1151 760 1203 Nona
797 1151 944 1217 plaga
978 1149 1208 1202 tenebra:
1239 1156 1382 1211 sunt,
1409 1147 1522 1198 sive
1553 1155 1606 1198 ut
1637 1145 1828 1197 mentis

297 1257 484 1296 eorum
512 1241 722 1293 caecitas
754 1247 1026 1306 arguatur,
1057 1237 1172 1289 sive
1202 1244 1262 1288 ut
1293 1234 1593 1300 intelligant
1637 1234 1827 1286 divina:

300 1329 715 1398 dispensationis
762 1339 814 1380 et
861 1326 1216 1379 Providentia:
1271 1324 1673 1377 obscurissimas
1710 1336 1827 1374 esse

301 1421 555 1472 rationes.
613 1436 630 1468 ι
659 1416 839 1470 Posuit
893 1416 1031 1468 enim
1079 1415 1217 1467 Deus
1263 1413 1508 1466 tenebras
1551 1413 1822 1465 latibulum

298 1523 452 1561 suum
477 1509 541 1568 ⁷⁸,
563 1525 579 1558 ι
622 1520 756 1573 quas
802 1505 872 1556 illi
916 1504 1169 1556 audacter
1194 1511 1245 1556 et
1281 1511 1477 1554 temere
1507 1502 1822 1563 perscrutari

299 1600 590 1666 cupientes,
633 1608 687 1650 et
731 1597 831 1649 alia
884 1609 952 1646 ex
987 1593 1106 1645 aliis
1140 1599 1466 1650 asserentes,
1513 1590 1563 1642 in
1615 1604 1825 1642 crassas

1931 448 2219 505 pascantur
2267 453 2452 490 omnes
2499 436 2744 503 inquieti
2808 443 3037 484 motus
3097 431 3252 498 ejus
3301 443 3378 486 et
3443 437 3713 498 turbidi,

1929 542 2032 594 quo
2087 535 2142 580 et
2200 529 2308 594 ipsa
2373 529 2537 587 dicat,
2590 524 2747 590 quod
2802 523 3190 590 Apostolus
3243 523 3455 576 docet
3501 525 3584 588 ’³,
3647 535 3713 578 ιιι

1931 618 2144 670 «omnia
2167 633 2185 664 ι
2208 630 2303 667 sua
2325 635 2342 664 ι
2363 612 2664 667 secundum
2688 615 2984 668 ordinem
3008 614 3102 664 {ia
3119 619 3226 663 nt.
3280 631 3307 664 ι
3390 612 3522 667 Ubi
3567 631 3718 669 vero

1929 703 2248 756 sufﬁcienter
2269 701 2430 755 fuerit
2453 703 2726 770 castigata
2756 717 2871 771 pro
2903 703 3228 754 moribus
3244 712 3318 755 et
3349 716 3478 768 pro
3495 719 3713 757 einen-

1928 793 2151 844 datioris
2194 792 2315 843 vita:
2350 791 2703 856 correptione
2762 791 3102 852 coercita,
3159 803 3316 842 cum
3371 802 3718 847 auctorem

1929 880 2209 930 verberum
2240 883 2495 946 senserit,
2527 891 2587 934 et
2612 881 2892 934 confiteri
2914 882 3056 948 jam
3113 880 3417 946 cmperit
3437 881 3597 946 quia
3635 883 3722 933 di-

1927 966 2068 1032 gitus
2115 967 2203 1018 Dei
2248 979 2430 1032 est,et
2481 985 2675 1037 parum
2709 970 2856 1038 quid
2901 969 3287 1036 agnitionis
3343 973 3722 1037 acceperit,

1930 1063 2055 1105 tunc
2101 1057 2371 1123 praecipue
2433 1066 2719 1124 gestorum
2788 1073 3067 1111 suorum
3147 1057 3483 1112 tenebras
3519 1060 3720 1122 videt,

1926 1152 2051 1198 tunc
2075 1160 2320 1199 errorum
2357 1161 2586 1200 suorum
2613 1149 2943 1215 caliginem
3007 1148 3259 1200 sentit.
3292 1147 3625 1216 Cumque
3658 1152 3722 1206 in

1925 1235 2025 1287 hoc
2055 1237 2283 1298 venerit,
2321 1245 2448 1290 tunc
2474 1230 2787 1291 merebitur
2826 1247 2896 1291 ut
2950 1238 3524 1305 exstinguantnr
3553 1243 3620 1292 in
3649 1257 3721 1296 ea

1924 1327 2272 1393 primogenita
2324 1325 2566 1396 Egypti.
2594 1327 2652 1379 ln
2697 1343 2816 1394 quo
2855 1328 3130 1395 aliquid
3186 1328 3484 1398 intelligi
3530 1347 3725 1401 posse

1923 1416 2174 1469 arbitror.
2201 1416 2388 1469 Omnis
2424 1419 2604 1469 anima
2635 1433 2766 1470 cum
2805 1419 2884 1470 ad
2925 1419 3520 1485 supplementum
3561 1435 3724 1476 aeta-

1925 1506 1994 1557 tis
2016 1505 2317 1564 advenerit,
2348 1515 2403 1557 et
2441 1506 2585 1556 velut
2634 1508 2942 1559 naturalis
2983 1508 3050 1559 in
3106 1521 3198 1560 ea
3232 1511 3575 1575 quaedam
3618 1514 3720 1568 lex

1923 1594 2143 1659 coeperit
2167 1609 2258 1646 sua
2289 1592 2408 1659 jura
2439 1595 2758 1658 defendere,
2787 1595 3037 1661 primos
3095 1597 3247 1649 sine
3289 1599 3520 1653 dubio
3574 1619 3719 1655 mo-

298 1697 352 1740 et
395 1686 683 1754 palpabiles
725 1699 964 1737 errorum
1014 1681 1261 1735 tenebras
1296 1678 1523 1731 devoluti
1569 1687 1712 1731 sunt.
1741 1677 1820 1729 Ad
1854 1649 1895 1702 Β
1927 1691 2010 1734 tus
2041 1671 2331 1734 secundum
2377 1683 2711 1735 desiderium
2743 1649 2961 1735 carnis
3000 1649 3723 1755 proclucit.vquos"ex

298 1775 537 1827 ultimmu
586 1773 976 1840 primitivorum
1027 1769 1254 1822 infertur
1302 1767 1580 1830 interitus,
1625 1769 1674 1818 in
1722 1782 1824 1832 quo

298 1865 365 1918 sit
404 1864 641 1917 fortassis
682 1862 878 1929 aliquid
929 1876 1085 1926 supra
1133 1869 1366 1912 nostram
1403 1859 1820 1924 intelligentiam,

297 1955 435 2019 quod
476 1951 815 2003 commissum
847 1950 912 2001 ab
958 1947 1229 2013 [Egyptiis
1263 1947 1504 1998 videntur
1540 1946 1589 1996 iu
1638 1943 1823 1996 Ecrle-

297 2040 429 2091 siam
458 2038 869 2106 primitivorum,
895 2049 1012 2102 qua:
1038 2035 1270 2100 ascripta
1295 2045 1375 2085 est
1400 2034 1450 2084 in
1479 2032 1650 2085 cmlis.
1679 2030 1824 2083 Unde

295 2137 349 2180 et
387 2127 770 2180 exterminator
809 2123 1024 2191 angelus
1065 2124 1130 2174 ad
1174 2122 1534 2190 hujuscemodi
1585 2121 1824 2171 ministe-

295 2216 430 2268 rium
462 2213 772 2273 mittitur”,
801 2211 889 2278 qui
923 2220 1112 2276 parcat
1138 2209 1241 2260 illis
1272 2219 1493 2269 tantum,
1528 2208 1615 2275 qui
1650 2219 1823 2260 utros-

293 2315 395 2369 que
440 2309 614 2368 postes
657 2299 774 2367 agni
812 2298 1070 2365 sanguine
1134 2296 1331 2347 inventi
1384 2294 1583 2347 fuerint
1628 2295 1821 2348 habere

293 2392 547 2459 signatos.
587 2388 841 2442 Delentur
885 2387 1096 2438 interim
1151 2385 1500 2452 primOgenita
1544 2381 1821 2450 Egyptio—

291 2496 429 2544 rum,
455 2481 566 2532 sive
607 2479 702 2529 bos
727 2477 1051 2543 principatus
1083 2483 1136 2526 et
1178 2483 1492 2542 potestates,
1535 2482 1588 2524 et
1639 2472 1816 2524 mundi

291 2567 448 2633 hujus
484 2576 717 2620 rectores
754 2567 1092 2616 tenebrarum
1144 2563 1401 2622 dicamus,
1444 2573 1575 2626 quos
1622 2559 1671 2609 in
1721 2559 1816 2610 ad-

290 2663 452 2708 ventu
499 2668 599 2706 suo
643 2653 890 2706 Christus
940 2652 1136 2705 dicitur
1183 2649 1479 2702 traduxisse
1501 2647 1566 2710 ⁷⁸,
1599 2647 1696 2699 hoc
1738 2657 1817 2700 est

290 2741 530 2807 captivus
571 2739 809 2802 duxisse,
836 2747 890 2790 et
933 2738 1292 2805 triumphasse
1341 2735 1392 2786 in
1435 2735 1577 2801 ligno
1607 2735 1813 2798 crucis;

291 2827 404 2881 sive
431 2836 676 2906 auctores
706 2837 760 2880 et
803 2825 1110 2880 inventores
1155 2825 1406 2878 falsarum
1453 2838 1570 2891 quae
1617 2823 1669 2874 in
1716 2823 1816 2876 hoc

1923 1771 2372 1836 concupiscentia:
2415 1771 2498 1824 vel
2549 1773 2644 1824 ira:
2693 1771 2912 1825 fomite
2958 1773 3075 1826 vis
3128 1774 3498 1831 incentiva
3534 1797 3726 1835 com-

1923 1858 2169 1909 moverit.
2223 1855 2377 1910 Unde
2425 1858 2578 1925 quasi
2624 1861 3006 1929 praecipuum
3081 1871 3162 1916 et
3207 1866 3397 1929 quod
3463 1882 3603 1919 non
3642 1873 3726 1924 sit

1921 1959 2202 1998 commune
2227 1961 2349 1998 cum
2381 1948 2594 2000 caeteris
2649 1949 3047 2014 hominibus,
3092 1953 3194 2005 de
3220 1954 3389 2008 solo
3443 1957 3726 2014 Christo

1919 2038 2175 2104 propheta
2213 2038 2458 2090 dicit":
2503 2057 2521 2088 ι
2557 2039 2846 2107 Butyrum
2887 2053 2953 2094 et
3020 2044 3179 2096 mel
3217 2049 3677 2103 mamlucabit
3703 2089 3727 2116 ,

1920 2126 2225 2190 priusquam
2276 2124 2442 2177 faciat
2489 2134 2584 2175 aut
2634 2126 2896 2192 proferat
2946 2129 3299 2197 maligna,
3357 2134 3582 2203 eliget
3616 2138 3732 2192 bo.

1923 2225 2070 2261 nnni.
2107 2227 2122 2259 ι
2164 2209 2424 2274 Quoniam
2457 2211 2788 2277 priusquam
2846 2215 3018 2267 sciat
3081 2232 3263 2284 puer
3308 2220 3585 2276 bonum
3617 2236 3728 2280 aut

1924 2298 2148 2356 malum,
2178 2299 2381 2350 resistit
2413 2300 2657 2356 malitia}.
2699 2311 2761 2352 nt
2803 2302 3007 2370 eligat
3049 2309 3245 2374 quod
3285 2309 3570 2368 bonum
3604 2327 3726 2371 est.

1917 2385 2066 2439 Alius
2081 2397 2260 2438 autem
2280 2387 2539 2454 propheta
2567 2397 2838 2456 tanquam
2859 2391 2942 2444 de
2976 2396 3386 2464 semetipso
3413 2400 3727 2471 loquens,

1917 2475 2127 2527 dicebat
2143 2475 2184 2505 ⁸³
2217 2491 2230 2524 :
2269 2493 2287 2524 ι
2323 2474 2524 2528 Delicta
2558 2477 2889 2544 juventutis
2943 2498 3140 2537 mea:
3175 2493 3229 2538 et
3302 2488 3731 2556 ignorantia:

1919 2578 2047 2615 mete
2079 2578 2144 2616 ne
2185 2565 2514 2618 memineris.
2550 2584 2568 2616 ι
2597 2568 2741 2632 Quia
2790 2586 2950 2640 ergo
3017 2578 3244 2642 primi
3288 2581 3422 2636 isti
3482 2588 3730 2644 anima:

1918 2658 2092 2702 motus
2117 2651 2404 2701 secundum
2437 2666 2661 2705 carnem
2687 2656 2904 2722 prolati
2942 2660 3009 2712 iu
3044 2679 3270 2731 pecca
3286 2677 3452 2723 tum
3493 2687 3699 2734 ruunt

1916 2738 2108 2788 merito
2137 2737 2188 2789 in
2215 2739 2399 2791 morali
2431 2740 2548 2793 loco
2566 2718 2994 2811 IEgvptiorum
3039 2718 3735 2832 primit—iv;

1919 2837 2024 2887 tur,
2073 2837 2477 2922 quae-eatenus-
2499 2832 3010 2922 exstinguuntur,
3085 2847 3158 2899 si
3217 2852 3540 2922 reliqum
3579 2861 3734 2917 vim,

293 2918 488 2969 mundo
533 2915 743 2969 fuerunt
793 2914 1104 2981 religionum
1143 2915 1410 2974 dicamus,
1451 2927 1586 2980 quas
1615 2912 1812 2964 Christi
1844 2933 1890 2990 ο
1917 2916 2257 2967 conversatio
2286 2918 2713 2971 emendatiorem
2748 2921 2988 2992 dirigat
3023 2912 3548 3001 cursurn.'sic
3577 2912 3737 3018 “iis;

290 3007 486 3058 veritas
529 3020 647 3058 cum
694 3004 804 3058 suis
853 3004 1107 3057 exstinxit
1140 3013 1193 3056 et
1244 3002 1438 3055 delevit
1487 3002 1814 3054 auctoribus.

291 3093 413 3148 Haec
442 3101 696 3162 quantum
729 3094 792 3144 ad
825 3094 999 3145 locum
1033 3091 1314 3159 mysticum
1341 3096 1566 3158 spectat.

360 3183 414 3238 8.
446 3181 562 3236 Jam
606 3197 734 3234 vero
777 3181 823 3233 si
859 3182 1019 3234 etiam
1072 3180 1288 3233 moralis
1319 3180 1469 3232 nobis
1513 3179 1674 3247 figura
1711 3189 1819 3232 tra-

288 3271 479 3326 ctanda
506 3277 608 3333 est,
635 3269 871 3323 dicemus
894 3267 1033 3334 quod
1065 3281 1393 3334 unaquaeque
1421 3269 1594 3318 anima
1621 3267 1670 3318 iu
1715 3268 1817 3321 hoc

290 3361 510 3424 mundo,
542 3361 663 3414 dum
705 3362 754 3412 in
786 3359 1058 3412 erroribus
1103 3358 1232 3410 vivit
1259 3367 1311 3410 et
1347 3358 1640 3425 ignorantia
1678 3358 1818 3411 veri-

289 3454 442 3516 tatis,
472 3453 522 3504 in
562 3450 790 3520 Egypto
822 3450 993 3517 posita
1023 3458 1123 3502 est.
1156 3447 1288 3500 Huic
1317 3448 1360 3500 si
1395 3447 1819 3515 appropinquare

287 3543 508 3610 emperit
547 3541 630 3595 lex
673 3541 795 3602 Dei,
827 3555 995 3606 aquas
1030 3539 1077 3592 ei
1120 3537 1278 3589 vertit
1310 3537 1362 3588 in
1407 3538 1736 3602 sanguinem,
1765 3538 1815 3589 id

285 3643 368 3685 est
418 3631 629 3684 ﬂuidam
666 3639 717 3684 et
747 3630 1000 3683 lubricam
1029 3628 1318 3696 iuventutis
1363 3628 1521 3680 vitam
1557 3627 1818 3680 convertit.

287 3722 341 3773 in
409 3721 728 3789 sanguinem
772 3719 966 3772 veteris
1009 3717 1091 3770 vel
1149 3717 1265 3769 novi
1317 3715 1637 3770 testamenti.
1683 3715 1814 3768 Tum

285 3810 476 3862 deinde
499 3808 676 3862 educit
701 3823 766 3861 ex
788 3823 849 3860 ea
875 3821 1061 3858 vanam
1089 3813 1142 3859 et
1172 3807 1382 3858 inanem
1412 3804 1809 3870 loquacitatem,

283 3906 336 3950 et
382 3897 661 3969 adversum
705 3898 794 3949 Dei
849 3896 1234 3964 providentiam
1286 3911 1534 3947 ranarum
1586 3897 1814 3952 similem

285 3987 577 4054 querelam.
606 3985 803 4051 Purgat
828 3986 985 4037 etiam
1017 3984 1277 4050 malignas
1305 3984 1648 4051 cogitationes
1673 3985 1811 4052 ejus,

285 4083 336 4127 et
363 4073 631 4139 ciniphum
664 4072 998 4124 mordaeilati
1041 4072 1239 4124 similes
1271 4071 1573 4124 calliditatis
1599 4075 1814 4128 aculeos

287 4161 524 4215 discutit.
561 4159 863 4213 Libidinum
903 4173 1112 4226 quoque
1155 4176 1362 4213 morsus
1390 4162 1677 4229 cynomyice
1707 4163 1815 4230 spi-

286 4339 480 4392 lectum
512 4338 802 4404 pecudibus
828 4337 1052 4390 similem
1079 4337 1250 4400 delet;
1284 4352 1378 4403 per
1403 4351 1557 4403 quem
1587 4355 1604 4387 ι
1632 4339 1807 4403 homo,

283 4442 406 4481 cum
449 4427 499 4479 in
530 4427 730 4479 honore
772 4436 933 4489 esset,
978 4442 1080 4479 non
1134 4426 1418 4489 intellexit,
1461 4428 1550 4479 sed
1590 4443 1809 4498 compa-

284 4525 434 4568 ratus
454 4522 537 4566 est
560 4512 815 4581 juinentis
846 4513 1291 4579 insipientibus,et
1314 4515 1502 4567 similis
1535 4514 1705 4568 factus
1729 4527 1811 4570 est

284 4603 388 4657 illis
407 4602 472 4652 τ’.
496 4619 514 4652 ι
545 4602 732 4668 Arguit
771 4603 910 4653 enim
953 4611 1005 4652 et
1049 4601 1226 4653 ulcera
1266 4613 1622 4668 peccatorum,
1649 4614 1807 4672 atque

285 4691 598 4759 arrogantia:
647 4702 903 4743 tumorem
962 4688 1328 4756 fervoremque
1388 4691 1438 4742 in
1497 4706 1558 4744 ca
1619 4694 1810 4748 furoris

287 4779 442 4851 153
466 4779 773 4846 exstinguit.
810 4779 1033 4831 Adliibet
1064 4788 1182 4845 post
1224 4780 1333 4831 bzec
1373 4781 1534 4832 etiam
1564 4796 1721 4836 voces
1755 4785 1814 4837 fi-

286 4869 474 4922 liorum
515 4868 754 4929 tonitrui,
787 4869 838 4918 id
879 4877 962 4920 est
1023 4867 1813 4939 evangelicas.apostolicasque

285 4958 574 5010 doctrinas.
605 4954 708 5008 Sed
743 4965 795 5008 et
820 4954 1219 5021 castigationem
1242 4957 1512 5019 grandinis
1544 4958 1807 5024 admovet,

285 5055 343 5099 nt
369 5044 629 5097 luxuriam
660 5041 1060 5111 voluptatesque
1085 5051 1350 5097 coerceat.
1381 5044 1609 5098 Adhibet
1649 5049 1807 5102 simul

284 5146 336 5189 et
363 5137 532 5202 ignem
553 5135 894 5202 ptenitentiae,
914 5143 968 5184 ut
996 5144 1050 5185 et
1071 5133 1179 5200 ipsa
1197 5133 1338 5185 dicat
1363 5134 1407 5164 ⁷⁸
1434 5150 1446 5183 :
1475 5151 1492 5181 ι
1518 5133 1701 5188 Nonne
1717 5153 1808 5189 cor

285 5237 522 5277 nostrum
550 5224 744 5276 ardens
775 5232 890 5276 erat
933 5224 1072 5274 intra
1098 5223 1240 5274 nos?
1276 5239 1293 5272 ι
1327 5221 1434 5274 Nec
1478 5223 1800 5278 locustarum

369 5395 406 5431 ⁷³
443 5395 594 5448 Prov.
620 5413 742 5456 xxx,
769 5397 855 5450 Q7.
931 5397 975 5428 7"
1014 5395 1151 5450 Psal.
1198 5408 1329 5454 xvn.
1365 5394 1448 5444 l2.

286 5477 428 5523 xxiv,
457 5465 543 5518 52.
618 5468 701 5518 "’l
730 5469 852 5520 Cor.
885 5482 993 5531 MV,
1021 5467 1108 5518 40.
1145 5522 1150 5532 ⁸
1198 5465 1244 5497 ⁸ο
1267 5466 1367 5516 lsa.
1399 5463 1586 5525 vut,l.‘i.

1523 5395 1569 5424 "
1609 5396 1774 5454 Exod.
1801 5416 1899 5454 xu.

1687 5467 1730 5496 ⁸³
1763 5470 1907 5523 l’sal.
1947 5488 2073 5540 xxv,
2105 5475 2158 5533 7.

1918 3001 1970 3053 in
2015 3003 2192 3053 anima
2233 3017 2397 3068 quam
2433 3004 2514 3056 lex
2545 3007 2734 3058 divina
2777 3011 2854 3063 ab
2885 3023 3275 3080 erroribus
3318 3001 3734 3107 susceptain

2266 3094 2688 3195 :orrigit,-e-tiain
2718 3100 3192 3195 primogenita
3215 3091 3739 3195 (Egyptiorum

1918 3181 2286 3281 intelliguntur
2331 3199 2453 3236 esse
2481 3185 2691 3254 deleta,
2753 3191 2872 3246 nisi
2932 3212 3114 3264 post
3172 3181 3743 3281 lia-c‘vvoiIIn—ia—iﬁn

1919 3269 2233 3368 infidelitate
2266 3273 2544 3368 perduret,
2600 3287 2655 3330 et
2702 3281 2858 3334 nolit
2918 3290 3231 3367 adjungi
3322 3269 3748 3368 15η.ὦῶἑὲ
3799 3313 3806 3318 .

2043 3360 2054 3371 ⁸
2266 3334 2281 3339 _
2531 3334 2540 3338 _
2922 3334 3032 3356 η-ι
3054 3334 3231 3367 «ul-5-
3322 3334 3748 3372 ιδηιειιιιςε

1916 3358 2420 3461 Ριειῗιὶυιιιηειιιιθ
2458 3364 2729 3430 profundo
2752 3379 2814 3422 et
2845 3379 3112 3434 evadat
3158 3387 3595 3461 incolumis.
3630 3410 3747 3461 sed

1919 3423 1970 3501 in
2021 3450 2301 3516 iniquitate
2358 3423 2698 3520 permaneat,
2765 3469 2826 3512 θι
2858 3423 3595 3534 -ὸὲἔέἑιὲἱξῖιυιιηδ,
3630 3423 3747 3461 seu

1919 3536 2188 3562 -¹··-ν·¹“-·ι-ι-
2232 3539 2280 3562 2η
2324 3554 2514 3562 -η-------
2567 3545 2674 3562 -.,ι-
2703 3547 2737 3562 ι.
2815 3550 2828 3560 .
3401 3498 3751 3562 larigna.“

1916 3536 2190 3606 plumbum
2232 3539 2282 3590 in
2322 3554 2518 3606 aquam
2567 3545 3056 3613 validissimam.
3135 3536 3678 3640 Iniquit:sqe‘iii

2453 3635 2464 3645 .
2960 3606 3056 3613 ----
3135 3606 3528 3639 -u-qultas
3565 3606 3750 3643 enim

1915 3630 2517 3735 secundumhcbaria:
2539 3641 2829 3704 propheta:
2847 3643 2900 3676 ⁸³
2943 3650 3197 3714 visum
3229 3677 3487 3735 super
3529 3680 3750 3735 talen.

1918 3728 2024 3771 tum
2052 3720 2252 3786 plumbi
2286 3722 2462 3778 sedet.
2499 3723 2566 3776 Et
2595 3695 2721 3780 ideo
2749 3733 2850 3797 qui
2889 3695 3327 3808 nasia-LE:
3340 3695 3760 3808 ri:

1915 3815 2043 3866 tate,
2079 3813 2326 3874 tanquam
2353 3809 2633 3875 plumbum
2664 3816 2930 3888 deinergi
2979 3830 3277 3893 dies“...
3325 3845 3342 3893 ε

1914 3896 2058 3987 dum.
2085 3895 2238 3987 Sane
2249 3897 2388 3987 quod
2413 3899 2464 3950 in
2484 3904 2872 3969 superioribus
2899 3915 3220 3982 observa
3233 3935 3312 3987 vi

2266 3955 2331 4034 ἰὴ
2443 4004 2453 4019 Ι
2551 3955 2564 3969 .
2618 4008 2627 4018 α
2682 3955 2694 3956 κ
2742 3955 2871 3963 «vv
2901 3955 3536 4012 vwovl’vuVllllus,
3567 3965 3768 4018 qum-

2266 4018 2314 4050 ,ι
2388 4000 2485 4050 per
2539 3991 3115 4065 Araon,qu:Bda|n
3199 4035 3351 4065 ηρ.-
3422 4031 3728 4065 “1.-.-..—

1915 4341 2222 4406 pontilicum
2245 4359 2341 4396 nos
2364 4360 2485 4400 esse
2510 4357 2854 4421 purgandos,

1914 4430 2192 4526 designat;
2233 4433 2284 4484 in
2315 4437 2645 4501 quibusdam
2677 4459 2815 4501 vero
2851 4465 2970 4516 per
3011 4430 3228 4526 scier;

1916 4517 2048 4585 legis
2077 4521 2465 4588 emendandos,
2506 4539 2562 4581 ut
2602 4530 2773 4599 Moysi
2831 4539 3019 4615 desig

1915 4610 2031 4662 aliis
2067 4622 2266 4675 autem,
2300 4615 2418 4668 sine
2445 4619 2611 4675 dubio
2644 4639 2768 4691 quae
2796 4610 3044 4691 difﬁcili

1912 4700 2116 4752 Domini
2133 4716 2290 4768 egere
2313 4707 2538 4764 virtute.

1952 4793 2040 4890 .9.
2072 4793 2176 4846 Sed
2207 4811 2273 4848 ne
2303 4798 2436 4854 illud
2470 4806 2688 4872 quidem
2729 4819 3084 4882 putandum
3146 4852 3186 4890 θ

1914 4880 2455 4979 f‘iperobéer—V-illlllll,
2495 4900 2637 4964 quOti
2667 4902 2848 4968 primo
2874 4880 3186 4978 qllide—ll:

1913 4971 2079 5021 intrat
2108 4971 2174 5022 ad
2227 4973 2605 5054 Pharaonem,
2653 4992 2749 5044 sed
2799 4971 3214 5072 occurrit-gi

1913 5071 2102 5157 aquas,
2133 5070 2488 5180 postmodum
2515 5094 2644 5134 vero
2666 5081 2833 5135 intrat
2856 5088 2929 5140 ad
2952 5110 3143 5171 eum,
3163 5070 3244 5180 ἠέ,

1914 5157 2076 5180 Ιιιιιηὶι
2158 5165 2232 5180 ΩΔ.
2285 5171 2413 5180 nec.--
2490 5170 2502 5180 ο
2784 5175 2812 5180 -.
2900 5178 2917 5180 μ

1913 5148 2099 5251 intrat,
2158 5155 2250 5251 sed
2271 5170 2600 5251 accersitus
2638 5175 2870 5230 accedit.
2899 5178 2978 5235 Et
3023 5148 3183 5251 ιζῖἰ.

1916 5242 2029 5286 tror
2057 5240 2284 5309 intelligi
2335 5261 2533 5325 posse,
2579 5263 2718 5334 quod
2742 5263 2859 5316 sive
2890 5240 3092 5332 nobis

3281 5045 3627 5101 exeunti
3688 5061 3780 5109 ad

3247 5133 3391 5178 081
3435 5131 3594 5192 huc
3631 5159 3775 5200 non

3193 5220 3304 5263 oc
3389 5217 3504 5278 ila
3574 5237 3776 5288 arhi-

3266 5311 3537 5368 Verbo
3603 5323 3734 5380 υυε
3750 5369 3768 5390 .

1974 5406 2019 5434 ⁷⁸
2058 5405 2305 5488 Cglossa
2325 5434 2392 5482 ιι,
2440 5427 2538 5488 ις,

2613 5440 2676 5524 "_
2697 5437 2836 5492 Psal.
2900 5456 3132 5524 vaiu,
3190 5462 3341 5522 ιδ,

2266 5485 2835 5576 mag-1;
3195 5485 3341 5522 ιο·
3469 5485 3547 5518 τ’
3589 5491 3789 5553 Luc.
