3922 6252
256 390 358 444 ω
719 458 728 462 -
760 409 833 462 ζῶ

806 428 833 465 's

725 432 848 542 λθω..
891 428 1336 542 ﬂamen
1427 499 1540 542 est

276 511 325 549 et
359 499 574 565 reiitgmnis
605 475 853 587 Ἆξθδθδχῖἓζω
893 475 1100 587 (ﬁsse:

277 577 709 648 PllaNOWMSM
731 550 880 648 θωῖη
927 550 1268 648 Σιέῗδδδδ
1329 572 1436 626 ab
1486 593 1564 631 eo
1600 580 1804 631 animas
1843 594 1871 630 a

288 621 601 648 .........,...,...,
628 621 703 630 νη
998 621 1014 630 .
1392 621 1430 626 Ὗ
1492 621 1562 631 ην
1600 621 1804 631 ...ηψπ
1843 621 1870 630 _

288 685 534 747 potestate
575 671 663 736 ei“
690 621 880 747 imm“???
908 624 1267 747 ηἳῖἳῗτῗι
1329 670 1412 712 et
1475 676 1569 718 est
1622 668 1769 719 nobis
1820 667 1870 718 in

323 715 534 726 sum...
580 715 662 736 η..-
869 729 880 742 ,
1216 733 1232 744 .
1486 715 1567 718 η-

291 715 1024 828 disputationelucta\\\F“:l:f:‘
1052 731 1326 828 S‘UM-tm
1369 747 1448 802 in
1487 756 1661 819 prima
1705 755 1874 805 fronte

843 807 1019 904 “\m‘Ta
1080 807 1562 892 (\“aistionu'm
1616 841 1747 904 loca,
1781 844 1873 895 sed

295 890 498 915 ...θην
540 890 693 898 ---νρ
1553 890 1561 892 .
1643 890 1653 892 -
1701 890 1747 904 -,
1782 890 1871 895 ---

288 933 666 985 occurrendum
694 920 817 979 nobis
842 890 1326 996 95‘3‘.\Ve‘sari0.
1375 929 1444 976 et
1479 929 1871 981 occurrendum

289 1022 357 1071 ad
393 1033 562 1086 aquas
589 1031 715 1069 suas.
736 1012 872 1074 Aqua!
900 1000 1035 1086 still“
1078 1003 1220 1051 suae
1263 1018 1434 1063 sunt
1469 1025 1717 1068 auctores
1745 1031 1872 1082 gen-

290 1083 477 1161 tilium
503 1083 994 1174 philosophorutndbl
1008 1094 1152 1174 ergo
1201 1097 1405 1152 nobis
1431 1109 1670 1168 primum
1695 1104 1878 1167 diSpu-

289 1205 416 1247 tare
453 1172 1156 1253 volentibus,occm't'em‘m“
1196 1192 1334 1244 est,
1377 1200 1443 1240 ut,
1499 1192 1644 1255 ipsos
1686 1207 1876 1258 argua-

288 1299 419 1333 mus
451 1291 506 1333 et
548 1284 695 1347 ipsos
719 1284 910 1332 errasse
947 1265 1278 1328 ιὶοεείὶιυυε.
1325 1273 1475 1329 Post
1509 1279 1610 1331 hoc
1643 1278 1751 1345 jam
1803 1278 1874 1330 in-

285 1371 663 1437 grediendum
719 1369 860 1421 nobis
902 1371 976 1417 est
1011 1368 1065 1412 et
1105 1361 1174 1412 ad
1216 1363 1507 1420 interiora
1545 1368 1870 1422 certaminis.

290 1457 444 1510 Dicit
474 1459 629 1510 enim
663 1457 905 1510 Dominus
929 1452 1013 1502 “:
1051 1467 1070 1499 ε
1104 1448 1226 1503 Nisi
1278 1457 1443 1521 prius
1480 1457 1599 1523 quis
1627 1457 1877 1524 alligave-

283 1548 363 1598 rit
400 1545 644 1607 fortem,
680 1561 784 1598 non
812 1552 972 1612 potest
1010 1540 1256 1594 introire
1316 1545 1374 1596 in
1410 1546 1623 1596 domum
1668 1545 1781 1611 ejus
1822 1554 1876 1598 et

286 1646 429 1687 vasa
461 1635 591 1703 eius
615 1635 871 1702 diripere.
894 1652 911 1683 ι
933 1632 1086 1685 Prius
1113 1646 1254 1699 ergo
1290 1633 1594 1701 alligandus
1623 1633 1874 1686 estfortis

282 1735 339 1777 et
369 1726 758 1790 quaestionum
794 1723 1014 1777 vinculis
1063 1725 1561 1790 constringendus,
1604 1733 1656 1773 et
1685 1723 1756 1774 ita
1791 1723 1874 1774 in-

1540 376 1608 430 lN
1650 375 1926 432 EXODUM
1959 377 2234 432 HOMILIA
2273 379 2338 432 ν.

3399 370 3505 427 3‘23

1594 494 1875 544 adversum
1906 497 1950 550 Α
1980 493 2044 544 ad
2099 491 2350 543 Ecclesia:
2393 487 2798 541 instructionem
2853 487 3041 540 merito
3093 486 3291 542 datam.
3334 483 3505 538 Judxi

1974 593 2104 647 ergo
2143 579 2242 631 hoc
2267 579 2430 629 solum
2461 576 2843 642 intelligebant,
2869 577 2988 642 quia
3015 576 3230 642 profecti
3261 585 3384 628 sunt
3409 573 3506 627 ﬁlii

1973 668 2137 719 Israel
2169 670 2232 720 de
2259 667 2509 735 Egypto,
2537 675 2592 718 et
2622 664 2789 731 prima
2820 664 3074 730 profectio
3103 679 3282 716 eorum
3309 663 3408 716 fuit
3435 677 3502 715 ex

1975 755 2246 817 Ramesse,
2273 766 2324 806 ct
2359 755 2477 806 inde
2505 753 2722 822 profecti
2756 760 3011 804 venerunt
3039 751 3089 803 in
3132 752 3362 803 Sochoth
3385 790 3400 814 ,
3447 757 3502 802 et

1973 849 2037 898 de
2068 843 2302 897 Sochoth
2326 842 2566 909 profecti,
2603 850 2860 894 venerunt
2903 841 2955 891 in
2983 839 3181 899 Otlton,
3219 841 3282 890 ad
3327 840 3501 906 Epan-

1974 933 2111 986 leum
2139 934 2289 1000 juxta
2328 946 2491 984 mare.
2526 930 2658 982 Tum
2699 928 2891 980 deinde
2917 926 3055 993 quod
3105 925 3178 977 ibi
3214 927 3380 978 nubes
3410 941 3503 979 eos

1973 1021 2328 1087 przecesserit,
2371 1029 2424 1072 et
2457 1027 2634 1072 secuta
2683 1017 2754 1069 sit
2807 1027 2978 1083 petra,
3025 1015 3089 1068 de
3119 1029 3221 1082 qua
3261 1015 3507 1068 biberunt

1973 1125 2184 1177 aquam.
2221 1109 2571 1161 Transierunt
2608 1106 2765 1158 etiam
2814 1119 2905 1172 per
2953 1118 3099 1156 mare
3146 1103 3402 1160 Rubrum.
3449 1110 3506 1155 et

1973 1206 2234 1251 venerunt
2281 1197 2332 1249 in
2377 1198 2645 1249 desertum
2678 1195 2827 1245 Sina.
2864 1191 3026 1246 Nobis
3070 1201 3244 1243 autem
3291 1191 3500 1257 qualem

1975 1284 2247 1336 tradiderit
2278 1285 2343 1337 de
2378 1284 2459 1336 his
2490 1282 2684 1354 Paulus
2712 1281 2979 1346 apostolus
3026 1279 3388 1345 intelligentia:
3419 1292 3505 1330 re-

1973 1373 2178 1440 gulam,
2230 1373 2524 1424 videamus.
2569 1369 2862 1423 Corinthiis
2901 1368 3146 1421 scribens
3191 1368 3240 1418 in
3274 1367 3501 1433 quodam

1973 1459 2085 1511 loco
2123 1459 2195 1510 ita
2221 1459 2348 1510 dicit
2377 1459 2419 1489 ⁸³³
2465 1472 2475 1503 :
2521 1475 2539 1506 ‹
2578 1457 2786 1508 Scimus
2812 1455 2950 1507 enini
2981 1455 3101 1522 quia
3122 1464 3297 1522 patres
3335 1455 3501 1506 nostri

1971 1563 2155 1601 omnes
2178 1549 2274 1600 sub
2306 1549 2442 1599 nube
2461 1545 2692 1608 fuerunt,
2708 1555 2759 1598 et
2781 1559 2965 1597 omnes
2990 1558 3137 1596 mare
3159 1543 3500 1606 transierunt,

1971 1647 2023 1689 et
2066 1650 2251 1688 omnes
2289 1635 2339 1686 in
2377 1635 2555 1701 Moyse
2602 1633 2854 1700 baptizati
2898 1641 3026 1684 sunt
3066 1631 3119 1683 in
3170 1631 3306 1682 nube
3347 1638 3400 1683 et
3447 1630 3502 1684 in

1977 1727 2129 1786 mari,
2153 1735 2204 1777 et
2236 1739 2420 1777 omnes
2454 1723 2693 1776 eamdem
2738 1737 2910 1775 escam
2947 1721 3236 1788 spiritalem
3279 1720 3503 1772 mandu-

278 1817 645 1868 troeundum
689 1817 756 1865 ad
797 1810 1087 1879 diripienda
1135 1826 1268 1862 vasa
1311 1789 1428 1877 ejus
1482 1821 1535 1864 et
1579 1801 1874 1863 liberandas
1903 1789 1945 1842 Β
1980 1823 2254 1875 caverunt,
2291 1822 2344 1866 et
2371 1827 2555 1866 omnes
2585 1809 2828 1863 eumdem
2875 1819 3055 1877 potum
3102 1808 3390 1874 spiritalem
3423 1807 3502 1860 bi-

280 1905 545 1963 animas,
586 1917 736 1967 quas
763 1900 1091 1967 deceptionis
1147 1899 1341 1952 fraude
1370 1899 1695 1967 possederat.
1727 1899 1873 1963 Quod

281 2007 414 2042 cum
445 1992 662 2056 sapius
701 1991 1009 2052 fecerimus,
1035 1998 1086 2040 et
1115 1990 1432 2042 steterimus
1457 1999 1639 2040 contra
1669 1990 1872 2052 ipsum;

279 2082 630 2133 steterimus
657 2093 840 2133 autem
868 2095 933 2132 eo
968 2081 1144 2140 modo,
1172 2095 1281 2147 quo
1315 2079 1602 2145 Apostolus
1647 2079 1833 2130 dicit“
1858 2095 1872 2131 :

283 2188 305 2216 ι
340 2169 512 2222 State
548 2184 689 2236 ergo
715 2169 976 2220 succincti
1016 2168 1228 2220 lumbos
1259 2180 1467 2220 vestros
1494 2169 1544 2218 in
1569 2169 1824 2230 veritate;
1850 2184 1870 2217 ι

279 2269 339 2311 ει
367 2262 588 2310 iterum
613 2258 660 2289 ⁸⁸
689 2273 706 2308 :
739 2275 756 2305 ι
781 2257 934 2309 State
968 2257 1018 2307 in
1047 2257 1293 2320 Domino,
1334 2265 1388 2308 et
1411 2257 1638 2308 viriliter
1663 2257 1826 2324 agite;
1851 2275 1870 2308 ι

280 2359 411 2395 cum
465 2359 614 2410 ergo
660 2344 767 2396 hoc
821 2345 978 2396 modo
1006 2344 1326 2396 steterimus
1359 2344 1635 2394 adversum
1672 2345 1873 2410 ipsum,

279 2433 376 2484 ille
411 2433 632 2484 artifex
671 2432 932 2496 antiquus
966 2441 1020 2482 et
1067 2431 1294 2483 callidus
1335 2431 1490 2483 etiam
1522 2431 1663 2481 vinci
1711 2445 1768 2484 se
1804 2434 1878 2484 si-

286 2523 533 2575 mulabit
580 2530 641 2574 et
685 2523 908 2582 cedere,
951 2521 994 2572 si
1037 2521 1177 2572 forte
1209 2534 1302 2586 per
1343 2519 1441 2571 hoc
1470 2519 1877 2586 negligentior-es

282 2627 385 2661 nos
421 2608 644 2660 cﬂiciat
678 2606 747 2658 ad
775 2616 1077 2659 certamen.
1105 2606 1210 2658 Sed
1235 2616 1288 2658 et
1319 2606 1682 2671 pwniteutiam
1713 2610 1877 2660 s'imu-

285 2697 444 2757 labit,
496 2707 558 2747 et
603 2694 994 2762 deprecabitur
1040 2710 1141 2748 nos
1184 2695 1459 2748 discedere
1501 2696 1738 2761 quidem,
1782 2697 1875 2748 sed

284 2799 391 2835 non
438 2785 618 2852 longe
650 2784 956 2835 discedere.
997 2782 1127 2834 Vult
1173 2797 1268 2835 nos
1301 2797 1418 2835 esse
1457 2784 1555 2836 sibi
1596 2784 1770 2850 aliqua
1808 2799 1873 2836 ex

283 2883 439 2939 parte
477 2874 731 2932 vicinos,
763 2870 878 2922 vult
917 2885 1016 2922 nos
1043 2887 1069 2920 a
1089 2871 1202 2921 suis
1233 2870 1423 2922 ﬁnibus
1453 2885 1556 2922 non
1586 2869 1741 2938 longe
1767 2870 1878 2923 dis~

291 2961 519 3014 cedere.
561 2960 679 3011 Sed
722 2973 826 3011 nos
893 2958 997 3010 nisi
1041 2959 1108 3010 ab
1149 2972 1213 3010 eo
1253 2957 1464 3025 longius
1490 2957 1797 3010 recedamus
1821 2966 1877 3009 et

285 3059 656 3103 transeamus
685 3061 861 3110 mare,
894 3054 951 3100 et
994 3047 1274 3100 dicamus:
1311 3064 1328 3096 ι
1366 3045 1630 3109 Quantum
1663 3045 1876 3111 interja-

1979 1908 2188 1960 beruut.
2212 1905 2465 1957 liibebant
2495 1912 2668 1955 autem
2691 1903 2754 1953 de
2771 1901 2996 1966 Spiritali
3020 1911 3382 1967 consequente
3410 1914 3504 1954 eos

1975 2003 2142 2062 petra,
2179 2003 2324 2059 petra
2363 2007 2488 2044 vero
2520 2001 2632 2043 erat
2660 1991 2918 2042 Christus.
2951 2009 2970 2040 ι
3010 1988 3208 2043 Videtis
3240 2001 3499 2056 quantum

1977 2081 2184 2135 diﬁ‘erat
2233 2081 2298 2134 ab
2340 2080 2596 2132 historica
2640 2079 2864 2132 lectione
2895 2079 3039 2131 Pauli
3083 2078 3316 2134 traditio.
3351 2079 3502 2144 Quod

1973 2171 2138 2225 Judzei
2193 2171 2470 2222 transitum
2520 2169 2680 2222 maris
2723 2168 3146 2236 putaut,Paulus
3183 2169 3502 2236 baptismum

1977 2269 2164 2322 vocat;
2200 2275 2357 2324 quant
2403 2258 2474 2309 illi
2506 2258 2832 2317 existimant,
2855 2259 3062 2317 nubem,
3107 2257 3301 2308 Paulus
3335 2257 3504 2324 Spiri-

1979 2359 2084 2399 tqu
2131 2357 2373 2398 sanctum
2408 2347 2588 2411 ponit:
2631 2356 2683 2398 et
2737 2348 2858 2400 huic
2895 2346 3066 2398 simile
3120 2345 3338 2410 intelligi
3393 2344 3505 2396 vult

1976 2436 2278 2502 illud,quod
2310 2435 2562 2487 lictttinus
2584 2434 2633 2484 in
2662 2433 2959 2501 Evangeliis
2976 2431 3222 2499 przecepit
3241 2431 3501 2484 dicens":

1980 2543 1999 2576 ι
2039 2524 2145 2577 Nisi
2167 2524 2286 2590 quis
2314 2531 2528 2574 renatus
2553 2520 2711 2574 fuerit
2733 2536 2796 2574 ex
2833 2535 2966 2588 aqua
2994 2531 3046 2571 et
3073 2516 3273 2584 Spiritu
3297 2529 3500 2583 sancto,

1975 2633 2081 2672 non
2135 2625 2306 2683 potest
2355 2615 2554 2666 intrare
2602 2613 2652 2664 in
2695 2627 2915 2680 regnum
2968 2609 3082 2661 Dei.
3127 2627 3144 2658 ι
3183 2608 3244 2660 Et
3289 2622 3503 2659 rursum

1975 2717 2188 2768 manna,
2233 2701 2371 2770 quod
2419 2699 2584 2754 Judaai
2631 2699 2808 2752 cibum
2855 2698 3057 2750 ventris
3099 2707 3153 2750 et
3201 2697 3501 2749 satietatem

1975 2792 2278 2845 existimant
2309 2789 2460 2858 gula).
2492 2803 2667 2842 escam
2715 2785 3006 2855 spiritalem
3039 2785 3273 2837 nominat
3291 2784 3500 2840 Paulus.

1975 2883 2038 2934 Et
2075 2895 2176 2933 non
2203 2880 2368 2932 solum
2402 2879 2616 2942 Paulus,
2659 2877 2751 2930 sed
2781 2886 2834 2928 et
2871 2875 3123 2927 Dominus
3146 2873 3210 2927 de
3232 2874 3416 2926 eodem
3449 2874 3500 2926 in

1976 2968 2260 3036 Evangelio
2289 2968 2417 3020 dicit
2437 2968 2522 3018 ἰτ
2561 2985 2578 3017 ‹
2619 2966 2806 3018 Patres
2843 2963 3002 3015 vestri
3037 2975 3230 3014 manna
3276 2963 3502 3013 mandu-

1975 3066 2233 3109 caverunt
2282 3057 2334 3108 iu
2370 3057 2612 3115 deserto,
2651 3063 2706 3105 et
2753 3054 2947 3105 mortui
2986 3061 3129 3104 sunt.
3182 3049 3280 3114 Qui
3326 3057 3502 3102 autem

284 3147 370 3191 cet
413 3147 594 3192 ortus
644 3137 716 3189 ab
744 3151 970 3199 occasu,
1007 3135 1277 3204 elongavit
1307 3149 1338 3186 a
1369 3135 1522 3188 nobis
1565 3135 1872 3202 iniquitates

1977 3145 2375 3198 utanducaverit
2399 3144 2464 3197 de
2483 3157 2616 3210 pane
2639 3156 2795 3210 quem
2811 3155 2909 3209 ego
2933 3139 3000 3194 do
3027 3141 3098 3202 ei,
3122 3155 3226 3192 non
3247 3140 3504 3193 morietur

287 3241 511 3282 nostras
533 3226 625 3289 ⁸⁶;
650 3245 670 3276 ι
698 3225 836 3278 salvi
871 3240 994 3278 esse
1024 3240 1130 3277 non
1163 3238 1466 3291 possumus.
1492 3223 1716 3292 Propter
1735 3227 1874 3291 quod

289 3321 669 3385 deprecemur
699 3315 1142 3368 misericordiam
1189 3313 1420 3376 Domini,
1457 3323 1514 3366 ut
1542 3323 1595 3367 et
1641 3329 1737 3367 nos
1771 3315 1877 3366 eri-

287 3411 400 3476 piat
433 3410 506 3462 de
535 3419 698 3460 terra
727 3402 982 3474 Egypti,
1035 3404 1100 3456 de
1131 3410 1401 3470 potestate
1437 3405 1793 3465 tenebrarum,
1822 3411 1876 3454 et

290 3498 654 3550 Pharaonem
716 3511 841 3547 cum
875 3493 1117 3546 exercitu
1174 3507 1274 3544 suo
1314 3501 1563 3558 tanquam
1605 3491 1872 3560 plumbum

289 3587 589 3651 demergat
620 3585 677 3634 in
705 3596 904 3648 aquam
939 3580 1357 3632 validissimam.
1387 3579 1497 3633 Nos
1541 3589 1714 3632 autem
1744 3580 1875 3632 libe-

293 3676 416 3735 rati,
441 3690 577 3727 cum
605 3671 812 3740 gaudio
835 3681 889 3721 ει
907 3668 1273 3721 exsultatione
1291 3670 1541 3737 hymnum
1562 3687 1580 3718 ‹
1604 3677 1874 3720 cantemus

287 3765 546 3826 Domino,
587 3762 833 3828 gloriose
890 3758 1034 3809 enim
1078 3757 1476 3809 honorilicatus
1503 3765 1583 3808 est
1606 3755 1668 3818 ⁸⁷,
1694 3773 1713 3805 ι
1749 3757 1872 3823 quia

285 3854 391 3920 ipsi
431 3853 619 3920 gloria
653 3860 710 3903 et
743 3851 922 3903 honor
971 3850 1022 3899 in
1066 3847 1264 3898 sarcula
1311 3847 1648 3898 saeculorum.
1683 3848 1872 3898 Amen.

905 3935 1191 3990 llOerllLlA
1242 3935 1297 3989 V.

354 4031 436 4084 De
478 4028 816 4096 profectione
841 4025 1088 4092 ﬁliorum
1114 4021 1284 4073 Israel
1307 4022 1370 4072 de
1394 4031 1534 4072 terra
1557 4019 1792 4088 ngypu'.

353 4122 410 4174 1.
456 4119 667 4171 Doctor
700 4117 946 4184 gentium
993 4113 1048 4163 in
1099 4111 1204 4162 fide
1238 4120 1292 4162 et
1330 4110 1566 4162 veritate
1604 4109 1875 4174 apostolus

274 4205 500 4259 Paulus
522 4202 575 4232 ⁸³
627 4202 845 4254 tradidit
893 4197 1176 4257 Ecclesiae,
1219 4210 1381 4262 quam
1428 4197 1773 4263 congregavit
1807 4211 1872 4249 ex

227 4287 236 4291 κ
273 4292 574 4361 gentibus,
611 4290 889 4357 quomodo
919 4287 1090 4337 libros
1126 4284 1258 4351 legis
1301 4293 1583 4350 susceptos
1622 4285 1688 4336 ab
1718 4285 1870 4348 aliis,

272 4381 504 4446 sibique
544 4379 766 4443 ignotos
806 4371 972 4442 ιω
994 4386 1164 4438 prius,
1190 4378 1245 4421 et
1273 4369 1424 4422 valde
1457 4372 1766 4438 peregrinos
1784 4373 1874 4424 de-

273 4469 435 4520 beret
472 4467 814 4523 advertere,
853 4477 924 4513 ue
957 4462 1131 4512 aliena
1175 4460 1420 4510 instituta
1462 4460 1782 4526 suscipiens,
1819 4469 1875 4511 et

272 4556 675 4607 institutorum
695 4539 948 4617 regulam
963 4549 1236 4608 nesciens,
1261 4549 1311 4598 in
1334 4547 1620 4613 peregrino
1649 4549 1874 4615 trepida-

272 4653 354 4695 ret
389 4643 819 4696 instrumento.
855 4637 1152 4704 Propterea
1186 4649 1318 4702 ergo
1354 4636 1472 4701 ipse
1516 4635 1568 4685 in
1611 4637 1874 4690 nonnullis

269 4732 668 4802 intelligentia
693 4729 868 4782 tradit
888 4727 1162 4792 exempla,
1199 4733 1324 4777 utet
1350 4739 1452 4776 nos
1469 4724 1661 4776 similia
1687 4725 1870 4778 obser-

267 4838 459 4877 vemus
490 4825 547 4875 in
594 4822 853 4882 caeteris,
888 4832 956 4870 ne
987 4818 1125 4870 forte
1159 4832 1260 4884 pro
1307 4816 1665 4870 similitudine
1690 4819 1871 4872 lectio-

270 4916 353 4964 nis
387 4924 445 4965 et
476 4907 853 4964 instrumenti
886 4904 1198 4958 Judzcornm
1239 4920 1345 4959 nos
1388 4903 1608 4958 eﬁ‘ectos
1636 4920 1758 4960 esse
1787 4908 1866 4960 di-

265 5001 507 5067 scipulos
572 4999 972 5052 crederemus.
1033 4995 1147 5048 Hoc
1201 5005 1334 5063 ergo
1383 4992 1598 5046 dill‘erre
1645 4996 1760 5046 vult
1796 4998 1876 5049 di-

269 5090 511 5155 scipulos
544 5086 771 5142 Christi
801 5100 833 5136 a
869 5084 1156 5149 discipulis
1191 5083 1512 5150 Synagogae,
1535 5083 1670 5147 quod
1705 5083 1873 5150 legem

265 5189 429 5243 quam
462 5177 543 5228 illi
581 5175 737 5228 male
793 5173 1184 5239 intelligendo,
1229 5171 1503 5223 Christum
1533 5185 1631 5222 non
1664 5186 1878 5238 recepe-

269 5278 414 5329 ruut,
440 5283 550 5320 nos
577 5264 932 5335 Spiritaliter
965 5260 1345 5327 intelligendo,
1381 5259 1716 5312 ostendamus
1751 5276 1870 5313 eam

339 5383 386 5412 ⁸³
413 5383 618 5435 Matth.
658 5396 766 5443 xu,
804 5378 906 5430 29.
970 5441 983 5443 Α
1018 5375 1065 5405 ⁸⁸
1095 5373 1227 5443 Eph.
1255 5384 1329 5443 ξι,
1357 5367 1450 5443 14.

268 5449 313 5480 ⁸⁸
342 5449 362 5502 l
387 5451 538 5503 Tim.
578 5466 646 5512 ll,
681 5435 765 5500 7.,
823 5444 920 5494 ⁸³1
953 5441 1086 5512 Cor.
1119 5435 1244 5512 1,1,
1270 5436 1321 5495 2,
1355 5435 1410 5492 5,
1434 5437 1484 5512 ξ.

271 5502 488 5576 δαείη.
525 5502 645 5572 15.’
716 5517 766 5548 ’δ
807 5509 1000 5564 Exod.
1037 5521 1134 5567 xu,
1159 5502 1252 5561 57;
1287 5515 1402 5560 xm.
1432 5503 1513 5556 ‘20.

339 5629 418 5697 ('5\
448 5629 588 5681 Vide
620 5626 718 5679 lib.
755 5637 801 5676 ιι
836 5618 1110 5682 Origen.,
1139 5615 1324 5674 quaest.
1363 5607 1444 5662 15.

1539 5372 1580 5402 ⁸⁸
1605 5371 1800 5440 Philip,
1832 5391 1905 5440 tv,
1942 5379 1964 5428 1
1991 5393 2005 5440 ;
2037 5377 2055 5429 1
2093 5376 2333 5430 Comm.
2368 5375 2452 5428 15.

1579 5441 1624 5470 θ’
1648 5439 1806 5493 .Ioan.
1832 5439 1914 5507 in,

1975 3235 2315 3286 inteternum.
2359 3251 2376 3283 ι
2419 3232 2479 3283 Et
2517 3241 2632 3298 post
2660 3233 2760 3282 hoc
2811 3230 2943 3282 dicit
2978 3244 2992 3280 :
3028 3246 3046 3279 ι
3074 3229 3182 3296 Ego
3203 3243 3318 3280 sum
3351 3228 3504 3292 panis

1975 3324 2144 3387 rivus,
2176 3325 2264 3392 qui
2300 3325 2364 3375 de
2399 3322 2535 3373 εωιο
2561 3319 2830 3373 descendi.
2871 3336 2890 3368 ι
2930 3317 3060 3369 Tum
3091 3318 3280 3372 deinde
3327 3318 3394 3374 de
3420 3332 3505 3368 se-

1972 3413 2151 3480 quenti
2192 3419 2339 3479 petra
2374 3419 2558 3474 aperte
2581 3408 2884 3475 pronuntiat
2924 3406 3136 3472 Paulus,
3171 3415 3221 3460 et
3256 3406 3387 3459 dicit
3411 3406 3499 3456 ":

1977 3517 1995 3549 t
2034 3499 2189 3551 Petra
2238 3511 2362 3550 vero
2384 3505 2499 3548 erat
2525 3495 2795 3548 Christus.
2832 3513 2850 3545 ι
2887 3494 3021 3558 Quid
3053 3494 3212 3561 igitur
3241 3494 3502 3560 agendum

1974 3589 2125 3640 nobis
2154 3595 2254 3646 est,
2287 3585 2374 3651 qui
2401 3583 2700 3650 hujusmodi
2727 3598 2756 3633 a
2787 3581 2948 3634 Paulo
2977 3581 3225 3634 Ecclesiae
3253 3581 3504 3648 magistro

1973 3675 2339 3742 intelligentia:
2367 3673 2608 3725 instituta
2648 3671 3013 3736 suscepimus?
3070 3669 3252 3722 Nonne
3285 3671 3498 3722 videtur

1967 3761 2188 3827 justum,
2213 3769 2270 3813 ut
2297 3761 2542 3812 traditam
2566 3757 2718 3810 nobis
2747 3756 3047 3822 huiusmodi
3083 3756 3314 3825 regulam
3343 3756 3502 3809 simili

1973 3850 2025 3900 in
2046 3846 2250 3899 caeteris
2271 3859 2545 3898 servemus
2562 3843 2837 3910 exemplo?
2861 3841 2962 3906 An,
2982 3852 3038 3892 ut
3057 3843 3270 3907 quidam
3290 3843 3502 3907 volunt,

1973 3940 2084 3990 haec
2116 3952 2234 4004 quae
2264 3945 2443 3988 tantus
2477 3949 2539 3988 ac
2576 3934 2696 3987 talis
2739 3931 3025 4010 Apostolus
3059 3933 3297 3996 tradidit,
3340 3931 3502 3986 relin-

1970 4037 2212 4092 quentes,
2245 4039 2450 4076 rursum
2483 4023 2545 4075 ad
2575 4022 2825 4075 Judaicas
2849 4021 3056 4073 fabulas
3088 4019 3502 4074 convertamur?

1972 4115 2096 4168 Mihi
2131 4117 2342 4182 quidem
2384 4115 2458 4182 (5)
2496 4113 2539 4166 si
2572 4112 2684 4166 haec
2717 4113 2871 4165 aliter
2894 4125 3050 4178 quam
3081 4110 3246 4162 Paulo
3271 4110 3500 4174 videtur,

1970 4216 2253 4269 exponam,
2286 4201 2384 4252 hoc
2423 4209 2548 4268 puto
2571 4213 2690 4252 esse
2718 4213 2904 4250 manus
2934 4198 3058 4249 dare
3088 4196 3317 4249 inimicis
3343 4195 3502 4249 Chri-

1972 4290 2061 4353 sti,
2105 4291 2281 4342 ethoc
2332 4302 2451 4340 esse
2487 4287 2626 4355 quod
2673 4286 2928 4354 pr0pheta
2963 4285 3090 4338 dicit
3118 4285 3196 4329 ⁹⁸τ
3239 4299 3258 4334 ι
3297 4284 3386 4338 ναξ
3413 4283 3503 4352 qui

1906 4400 1947 4453 ο
1976 4385 2118 4444 potat
2183 4376 2478 4443 proximum
2540 4390 2693 4428 suum
2745 4375 3092 4427 subversione
3123 4373 3440 4426 turbulenta.
3476 4390 3496 4423 ι

1975 4467 2204 4530 Accepta
2226 4478 2354 4529 ergo
2385 4478 2413 4514 a
2451 4463 2605 4516 beato
2637 4463 2800 4516 Paulo
2825 4462 3068 4530 apostolo
3105 4462 3308 4514 semina
3337 4461 3499 4528 spiri-

1979 4555 2098 4606 talis
2128 4552 2508 4619 intelligentiai,
2540 4553 2594 4603 in
2627 4561 2880 4617 quantum
2913 4567 3008 4604 nos
3042 4551 3298 4604 Dominus
3331 4551 3504 4618 preci-

1976 4643 2074 4696 bus
2104 4642 2299 4693 vestris
2327 4640 2628 4692 illuminare
2653 4640 2982 4706 dignabitur,
3008 4639 3337 4692 excolamus.

2044 4731 2098 4782 2.
2128 4747 2145 4779 ‹
2175 4729 2240 4782 Et
2267 4729 2523 4792 levantes,
2553 4728 2803 4796 inquit”,
2834 4728 2924 4780 ﬁlii
2955 4728 3115 4780 Israel
3134 4731 3198 4780 de
3229 4727 3498 4790 Ramesse,

1975 4827 2230 4872 venerunt
2257 4821 2306 4872 in
2339 4817 2593 4876 Sochoth.
2622 4827 2674 4871 et
2702 4818 2921 4886 profecti
2955 4819 3018 4871 de
3048 4818 3302 4880 Sochoth,
3341 4829 3502 4869 vene-

1978 4917 2098 4959 runt
2119 4907 2168 4958 in
2194 4906 2390 4960 Othon.
2426 4925 2443 4956 ι
2469 4905 2525 4959 Si
2550 4907 2669 4973 quis
2690 4917 2770 4959 est
2798 4907 2888 4974 qui
2908 4906 3167 4972 prolicisci
3199 4904 3504 4973 deAEgypto

1978 5005 2147 5063 parat,
2178 4996 2219 5048 si
2253 4995 2373 5062 quis
2402 5005 2482 5048 est
2530 4995 2617 5062 qui
2662 4995 2805 5062 cupit
2851 4996 3104 5048 obscuros
3134 4994 3311 5046 mundi
3348 4994 3504 5060 hujus

1978 5095 2128 5137 actus
2177 5094 2229 5137 et
2272 5098 2513 5137 errorum
2563 5085 2811 5137 tenebras
2867 5083 3268 5150 derelinquere,
3329 5082 3502 5149 primo

1979 5173 2210 5227 omnium
2251 5187 2314 5225 ex
2350 5171 2604 5225 Ramesse
2655 5173 2703 5224 ei
2747 5172 3188 5240 proﬁciscendum
3237 5179 3336 5223 est.
3398 5169 3502 5219 ita.

1980 5278 2151 5317 messe
2187 5277 2312 5316 vero
2338 5263 2713 5328 interpretatur
2736 5261 3004 5312 commotio
3038 5261 3209 5311 tinem.
3266 5257 3320 5310 Si
3371 5267 3500 5323 ergo

2527 5375 2572 5405 ⁸⁵
2599 5373 2739 5427 Psal.
2768 5389 2836 5428 cu
2859 5411 2872 5432 .
2902 5371 2984 5423 12.
3053 5371 3096 5401 ⁸⁷
3127 5368 3289 5420 Exod.
3322 5380 3410 5432 xv.
3443 5366 3497 5419 1.

1942 5431 2004 5497 s.’
2095 5443 2759 5498 “Joan.vt.49.50.51.
2833 5431 3242 5498 “lCor.a,4.
3314 5431 3507 5484 "ita.

1940 5477 1991 5497 σο

2095 5447 2137 5478 οι
2166 5444 2316 5499 Joan.
2345 5459 2416 5507 rt,
2447 5443 2533 5507 49,
2557 5443 2644 5506 50,
2675 5443 2759 5496 51.
