3922 6264
312 271 410 328 339

1529 281 1616 345 ΙΝ
1661 299 1948 354 EXODUM
1983 298 2257 354 llOMlLlA
2295 297 2356 349 ν.

3432 315 3538 370 330

310 401 516 454 ί¹¹⁰⁵¹¹π¹ο
541 401 692 500 qua":
718 383 985 500 gimCi'le;
1007 401 1196 500 qm"?
1234 393 1655 500 ῑηςιιτὶοεὼιιε
1689 421 1900 472 videtur
1926 421 1971 474 Α
1998 425 2135 468 ctam
2181 417 2342 469 vitam
2372 408 2655 483 quarrc’ttti
2695 425 2769 468 est
2796 421 2845 474 in
2883 425 3064 483 itinere
3090 433 3243 495 mori,
3274 449 3430 500 quam
3462 453 3532 489 ne

301 481 398 534 hoc
422 493 531 533 esse
559 479 890 532 inﬁdelibus!
937 477 1096 533 Tum
1145 483 1345 539 deinde
1375 499 1510 544 cum
1545 501 1697 553 dicis
1726 503 1899 556 Domi-

291 583 412 621 num
440 569 724 636 majestatis
747 567 1129 634 crucifixum,
1164 585 1226 627 et
1264 576 1464 628 Filium
1501 580 1757 644 hominis
1780 606 1900 644 esse

281 660 375 724 qui
413 658 677 711 descendit
715 658 780 709 de
816 657 994 720 coelo,
1023 675 1210 722 quam
1251 671 1502 720 tortuosa
1553 673 1677 730 haec
1714 679 1899 732 viden-

278 755 388 808 tur,
414 758 464 800 et
491 761 647 817 quam
682 747 929 801 difﬁcilia
960 747 975 796 l
1022 747 1142 814 Qui
1183 755 1362 821 audit,
1396 759 1444 810 si
1479 775 1592 816 non
1626 781 1746 820 cum
1796 768 1896 820 ﬁde

266 837 469 899 audiat,
491 837 620 890 dicit
655 839 785 902 quia
812 847 1021 890 errant
1051 839 1200 905 isti;
1224 844 1334 897 sed
1364 856 1421 899 tu
1453 850 1601 906 ﬁxus
1631 865 1770 918 csio,
1800 871 1896 908 nec

254 927 475 981 dubites
520 927 588 976 de
642 924 984 991 huiusmodi
1026 929 1177 995 ﬁde,
1216 936 1404 989 sciens
1447 939 1577 1005 quia
1631 942 1771 995 Deus
1803 942 1894 995 tibi

244 1011 494 1068 ostendit
521 1010 667 1063 hanc
706 1011 840 1066 ﬁdei
879 1013 1072 1072 viam.
1114 1019 1252 1087 lpse
1283 1023 1433 1076 enim
1479 1025 1692 1080 dixit“:
1725 1046 1744 1078 ι
1770 1029 1894 1082 Τοι-

240 1109 428 1160 lentes
462 1102 528 1155 de
573 1102 764 1158 Othon
813 1115 1046 1172 castra,
1099 1112 1388 1166 eolloeate
1437 1129 1505 1168 ea
1544 1118 1685 1171 inter
1720 1120 1895 1186 Epan-

237 1198 422 1256 lcum,
452 1203 506 1247 et
548 1194 705 1248 inter
738 1196 1090 1266 Magdalum
1133 1212 1337 1256 contra
1367 1205 1723 1275 Beelseplion.
1747 1226 1764 1258 ι
1793 1209 1896 1260 Fu-

233 1285 404 1357 εἷρπε
423 1296 556 1352 ergo
589 1283 918 1355 Egyptum
965 1290 1150 1344 venis
1197 1293 1268 1346 ad
1304 1295 1419 1347 [nec
1476 1295 1618 1358 loca,
1647 1297 1798 1350 venis
1828 1298 1894 1350 ad

235 1380 354 1432 [ras
384 1381 614 1440 operum
647 1376 1052 1432 ascensiones
1077 1389 1133 1431 et
1170 1380 1316 1444 ﬁdei,
1343 1383 1496 1435 venis
1527 1385 1592 1435 ad
1617 1383 1892 1436 aedilicium

242 1463 442 1523 turris,
470 1464 634 1516 venis
686 1466 874 1518 etiam
925 1470 1006 1522 ad
1052 1486 1242 1537 mare,
1271 1482 1327 1526 et
1353 1482 1644 1524 occurrunt
1679 1473 1770 1524 tibi
1799 1471 1895 1524 llu-

247 1564 396 1612 ctus.
429 1552 551 1606 Non
596 1558 756 1608 enim
819 1557 942 1611 iter
977 1560 1122 1615 vine
1168 1563 1290 1616 sine
1340 1563 1692 1616 tentationum
1723 1560 1894 1614 flucti-

254 1654 361 1704 tius
384 1647 588 1714 agitur.
613 1647 786 1702 Sicut
821 1659 882 1703 et
925 1653 1250 1720 Apostolus
1293 1655 1460 1708 dicit’
1487 1668 1503 1706 :
1532 1672 1550 1704 ι
1575 1654 1773 1708 Omnes
1799 1656 1888 1722 qui

2001 503 2266 570 proﬁcisci
2327 502 2563 572 quidem
2615 505 2677 555 ad
2736 511 3104 572 perfectionem
3162 527 3522 586 quaerendam.

2000 591 2153 644 Unde
2200 605 2253 645 et
2286 606 2470 646 eorum
2539 586 2664 644 falsa
2703 599 2907 654 videtur
2941 606 3138 669 opinio,
3176 611 3262 674 qui
3295 613 3419 665 dum
3443 618 3522 666 ni-

1997 680 2098 732 mis
2127 681 2347 734 arduum
2378 681 2483 734 iter
2511 678 2721 738 virtutis
2751 701 3040 755 exponunt,
3075 697 3302 762 dumque
3329 702 3523 756 multas

1996 765 2110 829 ejus
2141 765 2502 829 difficultates.
2548 773 2816 840 multaque
2846 779 3078 844 perientia
3106 792 3158 834 et
3186 783 3360 851 lapsus
3391 803 3520 840 enu-

1996 866 2224 918 merant,
2263 871 2329 910 ne
2371 857 2656 911 ineundum
2690 864 2901 928 quidem
2951 867 3001 918 id
3041 879 3132 921 aut
3158 871 3514 938 incipiendum

1990 943 2251 1009 judicaut.
2289 944 2392 997 Sed
2423 945 2588 1000 multo
2610 951 2799 1004 melius
2819 963 2897 1007 est
2916 970 2998 1007 me
3023 957 3072 1009 in
3096 957 3194 1012 hoc
3216 961 3406 1016 itinere
3435 967 3518 1018 vel

1996 1033 2148 1095 mori,
2183 1035 2225 1118 si
2253 1035 2322 1088 ita
2359 1051 2574 1092 necesse
2602 1050 2705 1104 est,
2730 1055 2886 1106 quam
2929 1043 3070 1098 inter
3095 1045 3371 1115 {Egyptios
3401 1065 3520 1118 per-

1994 1108 2297 1176 manentem
2336 1127 2536 1190 necari,
2566 1137 2635 1180 et‘
2655 1128 2806 1184 falsis
2834 1139 2996 1199 atque
3040 1136 3387 1192 amarissimis
3414 1139 3516 1192 ﬂu-

1993 1208 2164 1261 ctibus
2191 1209 2368 1263 obrui.
2395 1211 2500 1266 Sed
2530 1214 2743 1267 interim
2786 1216 2984 1269 clamat
3017 1217 3224 1288 Moyses
3249 1224 3312 1274 ad
3340 1224 3521 1278 Domi-

1994 1311 2138 1348 num.
2183 1297 2456 1362 Quomodo
2492 1303 2728 1357 clamat?
2768 1303 2921 1359 Nulla
2960 1308 3073 1372 ejus
3114 1323 3217 1362 vox
3267 1312 3518 1370 clamoris

1992 1385 2223 1451 auditur,
2254 1396 2309 1440 et
2334 1397 2508 1442 tamen
2540 1391 2665 1444 dicit
2692 1393 2755 1444 ad
2781 1407 2898 1446 eum
2930 1395 3162 1449 Deus":
3200 1416 3217 1447 ι
3241 1397 3376 1462 Quid
3403 1401 3517 1454 cla-

1991 1487 2106 1526 mas
2132 1475 2197 1527 ad
2229 1477 2344 1529 me?
2365 1495 2384 1526 ι
2420 1477 2588 1532 Velim
2620 1481 2758 1535 scire
2777 1485 3043 1550 quomodo
3069 1488 3239 1539 sancti
3277 1489 3392 1543 sine
3421 1504 3514 1544 Vo-

1991 1575 2050 1614 ce
2096 1562 2324 1617 clamant
2373 1567 2437 1617 ad
2474 1567 2772 1621 Dominum.
2819 1572 3103 1636 Apostolus
3155 1575 3336 1639 docet,
3389 1582 3512 1645 quia

1991 1651 2136 1703 dedit
2183 1652 2319 1705 Deus
2361 1653 2613 1721 Spiritum
2652 1657 2770 1710 Filii
2808 1661 2889 1713 sui
2921 1661 2972 1712 iu
3007 1663 3257 1716 cordibus
3293 1669 3510 1733 nostris,

269 1737 452 1790 volunt
485 1737 577 1804 pie
607 1738 814 1792 vivere
863 1739 927 1791 in
955 1741 1220 1806 Christo,
1254 1743 1656 1809 persecutiones
1681 1743 1886 1806 patien-
1918 1721 1959 1773 Β
1988 1742 2300 1796 clamantem
2325 1759 2338 1794 :
2369 1763 2387 1794 ι
2415 1746 2561 1798 Abba
2590 1757 2763 1814 pater.
2795 1767 2812 1798 ι
2856 1749 2920 1802 Ει
2949 1750 3092 1804 addit
3125 1769 3139 1804 :
3165 1771 3182 1802 ι
3207 1751 3321 1820 Ipse
3350 1758 3513 1824 spirio

280 1838 427 1880 tur.»
481 1826 595 1880 Sed
657 1825 772 1881 Joh
850 1830 1238 1883 nihilominus
1298 1830 1703 1892 pronuntiat”,
1756 1831 1883 1896 quia

300 1918 557 1970 iteutatio
605 1928 695 1972 est
749 1920 873 1973 vita
912 1932 1122 1976 nostra
1165 1936 1329 1991 super
1369 1931 1628 1976 terram.»
1671 1921 1780 1976 lloc
1805 1931 1886 1976 est

299 2019 414 2074 ergo
437 2007 654 2060 venisse
687 2008 761 2062 ad
799 2023 994 2066 mare.

359 2095 417 2148 ι.
448 2095 554 2149 Sed
584 2097 630 2148 si
664 2098 944 2166 Moysen,
978 2099 1034 2152 id
1067 2108 1152 2152 est
1189 2100 1358 2166 legem
1386 2099 1476 2153 Dei
1511 2113 1736 2167 sequens
1760 2113 1886 2168 agas

305 2185 404 2239 hoc
434 2187 558 2247 iter,
591 2184 898 2255 Egyptius
945 2195 1001 2240 te
1041 2189 1263 2253 quidem
1303 2188 1644 2256 persequitur
1673 2198 1725 2241 et
1753 2191 1887 2242 inse-

308 2284 504 2337 ctatur,
529 2276 622 2326 sed
656 2277 786 2327 vide
820 2276 960 2342 quid
993 2275 1092 2326 ﬁat
1119 2294 1132 2328 :
1168 2291 1187 2324 ι
1213 2275 1453 2340 Levavit,
1501 2277 1675 2342 inquit
1700 2278 1760 2338 “,
1791 2293 1886 2328 an-

314 2369 460 2435 gelus
487 2368 724 2432 Domini,
747 2368 843 2436 qui
872 2368 1243 2420 antecedebat
1271 2376 1444 2419 castra
1477 2366 1656 2429 l-rael,
1685 2366 1886 2418 etabiit

311 2467 430 2526 post
465 2459 612 2511 illos.
638 2457 890 2511 Elevavit
919 2464 977 2509 et
999 2455 1247 2508 columna
1276 2455 1430 2507 nubis
1453 2469 1482 2506 a
1515 2453 1649 2507 facie
1673 2467 1881 2516 eorum,

309 2560 364 2603 et
384 2551 540 2604 stetit
575 2558 696 2618 post
723 2549 868 2610 illos,
905 2555 964 2600 et
994 2546 1222 2599 intravit
1249 2545 1387 2597 inter
1410 2554 1583 2597 castra
1601 2543 1882 2611 [Egyptia-

311 2655 428 2692 rum
460 2650 518 2692 et
575 2638 980 2692 lsraelitarum.
1012 2653 1032 2686 ι
1079 2634 1204 2686 Haec
1234 2633 1480 2686 columna
1509 2635 1667 2686 nubis
1690 2633 1882 2700 populo

304 2724 531 2790 quidem
581 2722 678 2775 Dei
707 2721 945 2775 efﬁcitur
989 2734 1202 2781 murus,
1233 2717 1497 2787 [Egyptiis
1537 2734 1661 2772 vero
1691 2720 1882 2773 obscu-

306 2815 534 2866 ritatem
585 2811 819 2878 imponit
847 2818 902 2862 et
933 2809 1208 2862 tenebras.
1238 2807 1352 2860 Non
1382 2809 1524 2860 enim
1559 2808 1881 2861 transfertur

299 2901 564 2954 columna
601 2899 746 2966 ignis
780 2897 847 2950 ad
877 2895 1183 2965 .‘Egyplios,
1221 2902 1280 2947 ut
1309 2895 1523 2948 videant
1565 2894 1756 2956 lucem,
1786 2895 1878 2948 sed

1988 1834 2071 1879 tus
2107 1827 2408 1897 interpellat
2454 1845 2550 1896 pro
2607 1835 2760 1888 nobis
2813 1837 3099 1902 gemitibus
3153 1840 3515 1896 inenarrabili-

1986 1915 2149 1968 bus.»
2201 1916 2264 1968 Et
2313 1919 2544 1974 iterum:
2575 1921 2718 1986 «Qui
2769 1933 2948 1977 autem
3007 1938 3280 1981 scrutatur
3325 1933 3507 1998 corda,

1985 2003 2085 2054 scit
2113 2004 2239 2069 quid
2267 2006 2530 2060 desideret
2559 2011 2798 2075 Spiritus,
2836 2013 2961 2078 quia
2995 2018 3284 2069 secundum
3344 2019 3508 2074 Deum

1985 2093 2215 2157 postulat
2246 2108 2342 2161 pro
2370 2097 2650 2150 sanctis“.
2672 2118 2689 2151 ι
2710 2096 2797 2155 Sic
2813 2114 2937 2167 ergo
2987 2102 3360 2170 interpellante
3389 2109 3511 2178 Spi-

1986 2180 2089 2232 ritu
2124 2192 2305 2236 sancto
2335 2184 2470 2250 apud
2519 2187 2704 2253 Deum,
2740 2201 2834 2253 per
2877 2190 3143 2245 silentium
3196 2207 3504 2252 sanctorum

1985 2269 2186 2322 clamor
2209 2273 2440 2327 auditur.

2061 2359 2113 2412 5.
2143 2359 2206 2414 Et
2234 2362 2360 2430 quid
2397 2375 2516 2429 post
2558 2366 2691 2419 hoc?
2720 2365 2947 2422 Jubetur
2979 2370 3183 2440 Moyses
3216 2375 3363 2444 virga
3386 2395 3507 2445 per-

1982 2460 2166 2505 cutere
2199 2466 2364 2514 mare,
2403 2461 2458 2505 ut
2485 2455 2800 2523 ingredienti
2828 2459 3020 2526 populo
3054 2463 3142 2515 Dei
3187 2465 3426 2520 dehiscat
3449 2476 3505 2520 et

1982 2540 2158 2605 cedat,
2195 2554 2257 2593 ac
2289 2540 2549 2594 voluntati
2595 2542 2786 2597 divinas
2824 2546 3209 2602 elementorum
3248 2552 3504 2608 famulen-

1985 2639 2071 2682 tur
2105 2630 2387 2697 obsequia;
2421 2640 2474 2683 et
2507 2646 2655 2698 aqua:
2683 2648 2802 2699 qua:
2827 2635 3168 2704 timebantur,
3199 2641 3384 2695 dextra
3414 2644 3506 2696 ite...

1981 2732 2152 2783 vaque
2172 2716 2386 2770 famulis
2417 2717 2508 2771 Dei
2533 2733 2716 2772 murus
2749 2720 2964 2786 effectae,
2995 2739 3095 2777 non
3131 2726 3300 2779 solum
3323 2731 3504 2795 perni-

1978 2810 2112 2860 ciem
2150 2807 2410 2870 nesciant,
2434 2809 2524 2860 sed
2558 2795 2613 2860 et
2658 2810 2928 2863 munimen
2950 2813 3253 2868 exhibeant.
3284 2818 3501 2887 Cogitur

1979 2910 2107 2962 ergo
2135 2893 2326 2948 fluctus
2377 2896 2428 2948 in
2477 2896 2767 2958 cumulum,
2799 2908 2852 2950 et
2891 2901 3030 2952 unda
3083 2901 3132 2953 in
3161 2907 3500 2971 semetipsam

298 2994 353 3046 in
385 2991 642 3045 tenebris
691 2994 1041 3057 permanent,
1073 2987 1195 3052 quia
1235 3003 1252 3035 ι
1279 2984 1579 3037 dilexerunt
1630 2987 1876 3037 tenebras
1906 3015 1948 3074 ρ
1981 2998 2216 3050 repressa
2241 2993 2508 3038 curvatur.
2535 2983 2866 3039 Soliditatcm
2895 2988 3083 3054 recipit
3109 2990 3304 3058 liquor,
3335 3005 3389 3048 et
3415 3012 3502 3049 so-

299 3084 478 3149 magis
513 3096 688 3150 quam
719 3079 1004 3132 lucem".»
1030 3077 1094 3128 Et
1127 3085 1323 3141 luet-go
1349 3075 1392 3126 si
1421 3074 1486 3126 ab
1505 3073 1771 3142 [Egyptiis
1796 3088 1878 3125 re-

292 3175 490 3235 cedas,
513 3171 656 3223 etde
681 3177 950 3235 potestate
983 3167 1285 3218 dmntonum
1319 3163 1509 3231 fugias,
1535 3165 1654 3217 vide
1679 3176 1874 3231 quanta

294 3263 577 3314 divinitus
631 3261 727 3312 tibi
781 3265 1160 3325 praeparantur
1210 3253 1430 3316 auxilia,
1489 3255 1608 3306 vide
1663 3257 1878 3322 quantis

293 3353 659 3421 adjutoribus
691 3349 884 3401 uteris.
919 3344 1154 3396 Tantum
1181 3358 1262 3397 est
1293 3355 1346 3397 ut
1374 3359 1693 3412 permaneas
1727 3344 1876 3396 fortis

295 3445 350 3497 in
389 3445 524 3503 ﬁde,
566 3455 670 3494 uec
700 3450 751 3494 te
781 3438 1166 3506 [Egyptiorutn
1213 3434 1482 3502 equitatus
1511 3445 1560 3487 et
1592 3435 1874 3503 quadriga-

292 3547 418 3584 rum
459 3531 700 3584 formido
725 3532 1053 3596 perterreat,
1086 3538 1186 3576 nec
1216 3523 1473 3576 reclames
1504 3535 1686 3576 contra
1706 3525 1871 3592 legem

294 3623 392 3676 Dei
427 3631 483 3674 et
520 3619 766 3687 Moysen,
800 3625 854 3668 et
887 3615 1063 3676 dicas,
1100 3614 1239 3666 sicut
1266 3613 1477 3679 quidam
1507 3628 1567 3665 ex
1593 3614 1696 3666 illis
1726 3615 1872 3665 dixe-

296 3724 429 3764 runt
458 3711 506 3742 ¹³
543 3727 558 3762 :
592 3725 612 3757 ι
637 3706 919 3774 Tanquam
957 3717 1062 3756 non
1101 3710 1284 3756 essent
1327 3703 1569 3768 sepulcra
1619 3704 1673 3755 iu
1710 3703 1872 3772 A‘Sgy-

293 3816 413 3871 pto,
447 3805 523 3854 ita
555 3799 790 3853 ednxisti
835 3811 955 3858 nos,
979 3803 1036 3846 ut
1075 3794 1128 3846 in
1175 3793 1388 3845 deserto
1422 3792 1526 3847 hoc
1557 3795 1868 3847 moriamur.

292 3894 491 3946 Melius
521 3890 699 3942 fuerat
755 3902 855 3940 nos
888 3885 1102 3938 servire
1130 3883 1414 3951 Egyptiis,
1442 3899 1600 3951 quam
1653 3886 1784 3935 mori
1816 3885 1866 3936 iu

294 3988 524 4038 deserto
564 3981 682 4034 hoc.
713 3999 732 4030 ι
777 3976 912 4030 llaec
959 3976 1261 4028 fatiscentis
1291 3976 1341 4026 in
1383 3974 1677 4028 tentatioue
1705 3976 1865 4028 animi

291 4073 473 4126 verba
503 4080 645 4122 sunt.
678 4069 781 4121 Sed
821 4066 948 4134 quis
986 4064 1057 4115 ita
1093 4064 1280 4115 beatus
1308 4070 1410 4125 est,
1444 4062 1536 4128 qui
1588 4063 1667 4116 sic
1693 4072 1865 4115 tenta-

294 4162 518 4213 tionuin
553 4159 754 4225 pondus
784 4154 1070 4222 expediat,
1108 4160 1164 4202 ut
1203 4151 1344 4236 nulla
1380 4153 1542 4205 menti
1575 4151 1706 4217 ejus.
1730 4154 1867 4221 cngi-

296 4252 433 4304 tatio
457 4246 838 4315 ambiguitatis
865 4241 1133 4309 obrepat?
1169 4240 1298 4294 Vide
1335 4255 1531 4308 magno
1573 4243 1645 4293 illi
1679 4242 1863 4295 Eccle-

1980 3075 2087 3126 lum
2121 3075 2282 3127 maris
2312 3075 2506 3128 arescit
2541 3075 2590 3127 in
2619 3076 2908 3142 pulverem,
2934 3087 2989 3130 ut
3025 3081 3166 3134 sicca
3209 3084 3386 3150 planta
3417 3105 3502 3156 po-

1978 3164 2130 3230 pulus
2157 3165 2248 3218 Dei
2279 3166 2546 3218 transiret.
2575 3165 2868 3220 Bonitatem
2898 3168 2987 3221 Dei
3022 3175 3282 3227 creatoris
3303 3175 3498 3229 intelli-

1977 3266 2064 3318 ge,
2095 3253 2136 3304 si
2170 3253 2425 3304 voluntati
2457 3252 2572 3317 ejus
2607 3253 2962 3321 obtemperes,
3002 3257 3044 3310 si
3084 3257 3248 3327 legem
3275 3261 3387 3328 ejus
3415 3279 3499 3318 se-

1975 3343 2175 3405 quaris,
2195 3341 2305 3406 ipse
2341 3339 2430 3390 tibi
2456 3340 2714 3394 elementa
2740 3342 2898 3394 etiam
2931 3353 3112 3397 contra
3141 3348 3220 3399 sui
3249 3359 3492 3403 natura-tn

1975 3427 2176 3479 servire
2226 3426 2510 3489 compellit.
2569 3428 2758 3480 Audivi
2803 3443 2831 3480 a
2879 3431 3169 3498 majoribus
3222 3439 3490 3500 traditum,

1974 3518 2114 3583 quod
2161 3517 2212 3567 iu
2247 3516 2344 3567 ista
2377 3516 2705 3582 digressioue
2737 3519 2917 3579 utaris,
2951 3520 3171 3586 singulis
3202 3523 3497 3591 quibusque

1975 3606 2215 3658 tribubus
2253 3605 2485 3656 filiorum
2530 3603 2708 3664 Israel.
2742 3606 2962 3672 singulre
2997 3623 3249 3674 aquarum
3281 3611 3499 3664 divisio-

1971 3711 2066 3750 nes
2095 3697 2246 3746 facta:
2280 3696 2406 3755 sint,
2437 3703 2490 3746 et
2517 3694 2725 3759 propria
2759 3695 3048 3759 unicuique
3087 3695 3244 3747 tribui
3278 3697 3329 3748 in
3357 3701 3488 3750 mari

1969 3795 2150 3852 aperta
2195 3785 2264 3836 sit
2302 3784 2409 3845 via,
2454 3782 2614 3847 idque
2643 3782 2850 3833 ostendi
2881 3797 2943 3834 ex
2973 3797 3057 3843 eo,
3089 3784 3228 3848 quod
3256 3784 3307 3834 in
3337 3784 3485 3836 Psal-

1971 3877 2068 3928 mis
2106 3873 2363 3941 scriptum
2401 3881 2483 3924 est
2507 3871 2547 3901 ”
2574 3888 2585 3922 :
2617 3889 2635 3918 ει
2659 3870 2756 3935 Qui
2783 3871 2964 3922 divisit
2990 3885 3135 3922 mare
3166 3870 3402 3924 Rubrum
3433 3876 3484 3925 in

1967 3965 2312 4021 divisiones.»
2354 3961 2455 4013 Per
2485 3962 2622 4026 quod
2680 3960 2860 4012 multa:
2908 3960 3192 4012 divisiones
3237 3961 3496 4016 doceantur

1968 4055 2138 4113 factae,
2173 4065 2276 4104 non
2339 4062 2460 4100 una.
2505 4045 2608 4097 Sed
2644 4056 2698 4096 et
2747 4059 2840 4111 per
2875 4045 2972 4098 hoc
3014 4047 3152 4112 quod
3185 4045 3485 4100 dicitur":

1971 4143 2081 4194 ilbi
2132 4140 2405 4208 Beniamin
2447 4136 2628 4204 junior
2661 4136 2712 4187 in
2764 4144 2995 4200 stupore,
3051 4135 3312 4202 principes
3354 4135 3489 4190 Juda

1966 4234 2126 4285 duces
2151 4246 2354 4294 eorum,
2379 4228 2643 4297 principes
2665 4226 2920 4290 Zabulou,
2951 4233 3004 4276 et
3025 4224 3288 4291 principes
3318 4225 3495 4291 Neph-

293 4342 387 4396 si“:
429 4313 812 4397 ςυηάθῆιεηιο,
849 4344 902 4386 ει
935 4341 1102 4400 petra;
1137 4329 1496 4392 solidissima,
1531 4345 1861 4396 superquam
1895 4325 1938 4379 υ
1969 4321 2174 4381 tlialim,
2200 4337 2217 4368 ι
2278 4319 2623 4371 nihilominus
2686 4315 2975 4400 unicuique
3019 4313 3178 4400 ll'lllll‘i
3234 4314 3489 4400 proprius

293 4433 548 4487 Christus
590 4426 841 4479 fundavit
873 4421 1172 4476 Ecclesiam
1205 4421 1266 4481 ",
1301 4421 1426 4486 quid
1456 4420 1662 4472 dicatur
1692 4435 1720 4472 a
1761 4421 1862 4472 Do-

295 4523 440 4574 tuino
475 4533 493 4570 :
533 4536 554 4567 ι
585 4514 838 4571 Modicus,
874 4511 1052 4578 inquit
1077 4509 1142 4571 ‘3,
1172 4507 1315 4571 ﬁdei,
1366 4521 1529 4573 quare
1580 4507 1735 4576 146
1769 4509 1861 4558 du-

293 4609 516 4664 bitasti?
540 4628 561 4660 ›
603 4604 991 4657 Verumtamen
1021 4598 1143 4664 quia
1167 4597 1350 4650 dicunt
1372 4597 1414 4626 ¹⁶
1444 4613 1459 4647 :
1487 4614 1504 4645 ‹
1538 4595 1724 4647 Melius
1755 4595 1869 4648 fue-

294 4711 371 4754 rat
417 4713 524 4752 nos
567 4693 783 4747 servire
831 4686 1119 4755 Egyptiis,
1151 4698 1312 4753 quam
1360 4682 1496 4735 tnori
1534 4683 1585 4733 in
1611 4695 1814 4744 eremo,
1843 4697 1859 4730 ι

289 4785 622 4842 tentationis
667 4791 724 4833 et
756 4774 1064 4845 fragilitatis
1092 4773 1208 4825 haec
1241 4770 1400 4824 verba
1433 4777 1581 4821 sunt.
1616 4767 1861 4832 Alioquin

284 4879 488 4932 falsum
537 4881 663 4931 est;
699 4869 855 4934 longe
882 4865 1026 4916 cnim
1065 4861 1258 4914 melius
1287 4867 1369 4911 est
1397 4859 1448 4909 in
1476 4871 1658 4910 eremo
1703 4855 1857 4917 mori,

275 4986 445 5042 quam
487 4962 716 5020 servire
757 4956 1047 5026 Egyptiis.
1083 4952 1185 5017 Qui
1219 4951 1360 5004 enim
1391 4950 1441 5002 in
1482 4961 1660 5002 eremo
1702 4948 1862 5042 mori-

283 5033 390 5118 t-ur.
429 5059 543 5111 hoc
586 5054 711 5117 ipso
743 5048 885 5114 quod
924 5051 1212 5111 separatus
1267 5045 1348 5090 est
1395 5037 1457 5089 ab
1496 5033 1782 5104 Egyptiis,
1810 5042 1862 5086 et

282 5147 551 5204 discessit
586 5158 618 5194 a
663 5137 967 5192 rectoribus
997 5131 1370 5188 tenebrarum,
1409 5136 1461 5177 et
1496 5127 1559 5177 de
1603 5131 1862 5222 potestate

281 5243 536 5298 Satanae,
565 5231 766 5286 habuit
793 5227 1024 5293 aliquem
1066 5217 1396 5312 profect-um,
1428 5215 1588 5312 etiam
1621 5212 1664 5264 si
1689 5211 1751 5262 ad
1784 5211 1862 5312 in-

277 5343 502 5400 tegrum
553 5318 853 5390 pervenire
885 5329 987 5366 uon
1025 5307 1233 5376 potuit.
1273 5301 1457 5400 Melius
1491 5301 1640 5400 enim
1685 5299 1860 5400 perri-3.

1051 5402 1122 5420 ι..
1187 5409 1248 5420 ..ι
1308 5392 1366 5420 [CI
1490 5392 1533 5420 ιο

271 5425 360 5549 ut
391 5415 559 5540 :2ng
586 5430 642 5512 ’ἶ
655 5409 850 5549 ml}-
879 5401 1149 5549 5335's"?
1171 5391 1450 5549 ,Ιῖέίέῗεὲὲὶξο

268 5561 310 5594 ί.
335 5557 501 5613 P53].
535 5561 742 5610 cxxxv!

619 5639 890 5695 PATBOL.
933 5630 1051 5688 Gtt.
1105 5615 1256 5678 ΧΠο

1779 5457 1819 5486 ³⁸
1859 5453 2020 5507 Exod.
2051 5465 2158 5511 XIV,
2191 5446 2273 5499 12.

879 5521 1140 5589 "Wl’sal.
1171 5542 1344 5590 uvu,
1369 5529 1454 5585 ‘28,
1485 5527 1576 5578 29.
1619 5528 1659 5556 ἰ
1693 5527 1708 5576 l
1739 5523 1859 5578 Cor.
1889 5539 1942 5586 χ,
1969 5521 2019 5573 2.

1966 4404 2270 4459 enumerari
2304 4405 2511 4455 videtur
2539 4402 2828 4468 ingressus.
2864 4398 2984 4450 llaec
3012 4413 3040 4449 a
3066 4397 3357 4464 majoribus
3387 4399 3486 4448 ob-

1966 4501 2177 4546 servata
2220 4491 2274 4542 in
2322 4488 2620 4554 Si-ripturis
2665 4485 2876 4544 divinis,
2933 4482 3236 4550 religiosum
3287 4482 3485 4532 credidi

1969 4594 2070 4633 non
2100 4587 2294 4631 tacere.
2323 4575 2460 4640 Quid
2505 4588 2632 4638 ergo
2672 4587 2764 4625 nos
2792 4573 3042 4624 docemur
3067 4584 3158 4636 per
3187 4570 3340 4623 inec?
3366 4569 3485 4654 Jaiu

1963 4669 2207 4736 superius
2233 4667 2459 4719 diximus
2502 4664 2621 4731 quis
2654 4665 2726 4714 sit
2756 4662 2804 4712 in
2848 4659 2932 4713 bis
2955 4659 3190 4727 Apostoli
3216 4673 3403 4711 sensus
3417 4659 3485 4710 ²¹.

1959 4759 2279 4824 Baptismum
2328 4755 2429 4807 hoc
2479 4749 2716 4804 nominat
2761 4749 2812 4800 in
2844 4747 3018 4816 Moyse
3053 4755 3480 4799 consummatum

1959 4848 2010 4899 in
2046 4846 2183 4898 nube
2204 4853 2257 4896 et
2287 4843 2338 4896 in
2362 4843 2518 4903 mari,
2547 4850 2682 4893 utet
2715 4849 2766 4892 tu
2799 4837 2889 4905 qui
2917 4836 3207 4904 baptizaris
3235 4835 3286 4886 in
3321 4833 3480 4888 Cliri-

1956 4944 2055 4995 sto,
2085 4933 2137 4985 in
2171 4944 2306 4998 aqua
2334 4939 2386 4982 et
2429 4932 2482 4981 in
2533 4927 2734 4994 Spiritu
2769 4934 2975 4985 sancto,
3031 4923 3167 4975 scias
3227 4919 3478 4972 insectari

1955 5023 2168 5090 quidem
2214 5028 2332 5087 post
2374 5029 2426 5072 te
2473 5016 2773 5085 Egyptios,
2809 5024 2863 5065 et
2888 5012 3020 5065 velle
3054 5019 3104 5062 te
3132 5021 3381 5062 revocare
3412 5005 3480 5059 ad

1956 5111 2233 5165 servitium
2278 5123 2454 5168 suum,
2485 5113 2720 5158 rectores
2759 5104 2962 5156 scilicet
2994 5099 3152 5167 huius
3195 5093 3397 5151 mundi,
3428 5098 3481 5142 et

1956 5199 2221 5269 spiritales
2267 5195 2548 5262 nequitias,
2587 5193 2781 5258 quibus
2818 5201 2971 5242 antea
3011 5177 3481 5273 deserv.isti.”Qu.:e

1958 5265 2219 5344 conantur
2257 5283 2466 5350 quidem
2521 5289 2573 5333 te
2607 5277 2838 5344 insequi,
2879 5275 2969 5327 sed
3015 5281 3069 5323 tu
3113 5265 3388 5321 descendis
3426 5265 3477 5309 in

1966 5352 3475 5502 1i.Eiidai‘v'x?ita.i’i%?“":-'itt3.?°.....‘,'Efﬁc‘éi'

3097 5576 3164 5632 11
