3922 6292
139 285 240 341 ιιμπι

1584 262 1897 320 ORIGENIS

3571 223 3731 277 553

147 411 338 468 aquam
362 401 416 448 et
447 392 627 447 evadis
657 387 976 450 incolumis;
1016 391 1174 452 atque
1218 380 1412 434 ablutis
1440 379 1684 433 sordibus
1713 383 1758 438 Α
1783 379 1934 444 gnius
1984 375 2095 428 hcce
2145 373 2309 436 dices,
2339 370 2381 423 si
2430 365 2714 421 habueris
2757 361 3246 432 tympanis-ta
3322 342 3410 393 in
3481 347 3726 389 mauu

1661 466 1671 468 _
1929 464 1977 468 -_
2162 464 2172 468 -
2835 451 2949 468 -n_
2978 444 3166 468 Δ-ερ-
3245 447 3457 468 ιιι-πη
3507 427 3726 468 νῖιὶἰι

145 497 521 558 peccatorum,
584 485 740 536 homo
793 489 958 531 novus
1007 470 1292 532 ascendis,
1344 476 1559 536 paratus
1611 466 1676 518 ad

148 577 471 634 cantandum
493 573 762 628 canticum
786 579 999 621 novum.
1027 562 1258 632 Egyptii
1291 573 1417 612 vero
1458 565 1579 626 post
1628 564 1678 608 te

151 673 514 737 insequentes,
540 662 916 727 demergentur
960 655 1012 706 in
1047 652 1317 720 abyssum,
1345 647 1549 702 etiamsi
1594 644 1677 696 vi-

150 733 344 808 dentur
366 745 770 818 rogarelcsum,
807 757 874 795 ne
893 740 1102 793 interim
1128 738 1300 790 mittat
1332 749 1422 788 eos
1450 735 1502 787 in
1521 733 1680 801 abys-

152 857 266 896 sum
288 841 352 893 ".
395 838 500 891 Sed
532 846 584 889 et
612 833 771 886 alium
807 845 870 885 ex
915 829 998 882 his
1031 829 1272 894 accipere
1294 837 1573 892 possumus
1596 821 1675 872 in-

155 931 442 984 tellectum.
475 924 530 978 Si
563 921 851 991 Egyptum
886 919 1078 986 fugias,
1116 916 1158 970 si
1189 913 1503 982 ignorantia:
1530 918 1680 962 tene-

152 1022 277 1073 bras
322 1017 608 1083 relinquas,
633 1021 686 1065 et
712 1008 954 1078 sequaris
987 1007 1154 1075 legem
1198 1002 1288 1056 Dei
1319 1001 1557 1069 Moysen,
1587 997 1682 1049 ob-

154 1110 263 1160 viet
292 1113 468 1158 autem
515 1101 608 1154 tibi
652 1109 820 1160 mare,
846 1104 899 1149 et
939 1089 1416 1147 contradicentium
1456 1086 1549 1139 tibi
1578 1084 1682 1138 ilu-

154 1205 272 1247 ctus
298 1194 602 1251 occurrant,
629 1191 846 1254 percute
893 1191 947 1235 tu
974 1181 1310 1234 obluctantes
1337 1175 1506 1229 undas
1532 1173 1680 1238 virga

155 1283 343 1352 Moysi,
368 1280 419 1334 id
460 1287 542 1333 est
585 1275 750 1329 verbo
792 1273 944 1342 legis,
980 1279 1034 1324 et
1065 1267 1339 1336 vigilantia
1379 1263 1681 1330 Scriptura-

155 1347 275 1424 rum
299 1370 402 1422 iter
434 1366 525 1419 tibi
552 1363 651 1432 ipsi
677 1358 993 1428 disputando
1022 1370 1116 1425 per
1143 1351 1475 1407 adversarios
1489 1347 1680 1416 pande,

156 1460 352 1512 cedent
397 1454 552 1508 undae
593 1451 871 1510 continuo,
903 1456 958 1500 et
993 1443 1232 1512 superati
1274 1433 1478 1493 ﬂuctus
1509 1437 1683 1490 locum

154 1544 448 1600 victoribus
481 1540 719 1602 dabunt,
767 1533 1187 1598 mirantibusque
1235 1537 1288 1582 et
1341 1523 1579 1579 attonitis
1623 1536 1687 1575 ac

158 1642 374 1698 stupore
414 1627 602 1682 deﬁxis
641 1625 725 1678 his
761 1624 853 1692 qui
891 1619 1047 1691 paulo
1095 1626 1217 1671 ante
1245 1612 1682 1674 adversabantur,

1780 475 1892 526 lua.
1926 464 2086 516 idest
2133 464 2174 515 si
2203 475 2422 516 carnem
2470 468 2628 513 tuam
2667 444 3168 508 eruciﬁxeris
3244 447 3458 490 cum
3507 427 3728 480 vitiis

1777 565 1830 607 et
1861 548 2325 618 concupiscentiis,
2347 558 2401 600 et
2433 549 2481 602 si
2506 537 3036 599 mortiﬁcaveris
3097 521 3522 582 membra
3558 524 3728 580 tua,

1778 658 1896 712 quas
1941 605 2062 695 sunt
2099 652 2260 704 super
2292 645 2516 689 terram.
2561 635 2634 687 Et
2699 641 2929 685 tamen
2997 619 3491 676 videasuus
3535 605 3729 675 quid

1782 693 1893 712 τη-
1943 693 1961 695 ~
2168 693 2180 704 .

1781 734 1948 787 dicit:
1988 748 2007 780 ι
2045 729 2335 783 Cantemus
2377 721 2638 782 Domino,
2679 720 2989 787 gloriose
3050 710 3318 764 enim
3384 693 3733 754 honori-

1781 824 1967 876 ﬁcatus
2004 826 2106 882 est,
2139 837 2157 869 ι
2191 816 2343 878 quasi
2383 827 2490 866 non
2536 809 2843 863 suiliceret
2889 821 2908 857 :
2964 819 3002 851 ε
3075 790 3726 853 honoriﬁcatus

1779 921 1880 976 est,
1919 929 1936 961 ι
1972 908 2066 961 sed
2111 904 2363 958 addidit:
2402 920 2421 952 ι
2461 900 2704 968 gloriose
2767 888 3240 949 honoriﬁca
3259 893 3405 935 tus
3481 886 3641 932 est.
3689 893 3719 924 ι

1781 1002 2034 1069 Equidem
2073 1003 2334 1066 quantum
2381 1007 2606 1062 possum
2655 986 3051 1052 conjicere,
3119 975 3494 1029 videtur
3532 969 3724 1022 mihi

1782 1055 1921 1142 aliud
1949 1100 2066 1140 esse
2088 1055 2407 1150 glorificari,
2439 1077 2591 1132 aliud
2618 1074 2900 1143 gloriose
2933 1064 3171 1139 glori
3187 1063 3364 1116 [lca
3376 1060 3487 1112 ri.
3529 1055 3728 1108 Nam

1781 1177 2038 1236 Dominus
2094 1185 2247 1225 meus
2300 1168 2458 1222 Jesus
2506 1165 2806 1226 Christus,
2874 1171 3070 1213 cum
3169 1161 3544 1206 carnem
3623 1159 3724 1199 ex

1784 1265 2002 1332 Virgine
2033 1261 2200 1315 Maria
2230 1275 2328 1328 pro
2354 1258 2536 1311 salute
2573 1263 2780 1309 nostra
2818 1243 3256 1313 suscepit,
3303 1235 3728 1308 gloriﬁca-

1785 1365 1870 1408 tus
1886 1362 1967 1408 est
1991 1323 2376 1420 quidem—quia
2411 1345 2560 1399 venit
2583 1352 2868 1412 querere
2905 1332 3150 1405 quod
3195 1326 3593 1400 perierat
3626 1323 3724 1386 “,

1787 1460 1890 1498 non
1925 1451 2100 1495 tamen
2135 1439 2372 1506 gloriose
2413 1432 2767 1502 gloriﬁcatus
2828 1435 2983 1482 est.
3073 1420 3442 1475 Dicitur
3511 1414 3726 1468 enim

1786 1535 1850 1588 de
1877 1535 1992 1600 ipso
2013 1531 2081 1595 ’⁷,
2109 1528 2231 1595 quia
2259 1544 2279 1578 ι
2309 1526 2547 1580 vidimus
2575 1534 2734 1582 eum,
2766 1525 2834 1571 et
2879 1530 3048 1568 non
3092 1508 3498 1565 habebat
3539 1517 3722 1573 spe-

1786 1624 1920 1676 ciem
1956 1631 2128 1685 neque
2162 1617 2434 1674 decorem,
2463 1618 2522 1663 et
2548 1608 2743 1661 vultus
2781 1605 2942 1673 ejus
2987 1596 3434 1667 ignobilis
3487 1605 3729 1659 super

157 1719 418 1789 legitimis
449 1725 502 1770 tu
545 1690 960 1781 disputationum
1002 1707 1157 1761 lineis
1190 1713 1393 1759 rectum
1437 1700 1556 1755 ﬁdei
1587 1700 1689 1754 iter

1820 1711 1929 1762 .lios
1953 1706 2251 1761 hominum.
2277 1720 2296 1753 ι
2319 1701 2679 1755 Gloriiicatus
2710 1702 2808 1749 est
2837 1701 2924 1746 et
2954 1702 3175 1744 cum
3229 1690 3348 1738 ad
3397 1694 3726 1737 crucem

159 1787 386 1869 secabis,
433 1813 489 1858 et
533 1804 797 1855 intantum
841 1797 1093 1852 doctrina:
1139 1793 1299 1846 verbo
1341 1787 1609 1858 proﬁcies,
1632 1793 1689 1838 ut

163 1895 438 1949 auditores
472 1892 570 1954 tui,
594 1903 730 1958 quos
759 1888 812 1940 in
841 1886 988 1952 virga
1019 1882 1150 1952 legis
1175 1878 1420 1940 erudisti,
1455 1875 1552 1944 ipsi
1579 1874 1689 1943 jam

165 1993 353 2040 contra
380 1980 676 2050 Egyptios,
697 1977 840 2031 velut
873 1974 1064 2027 ﬂuctus
1093 1969 1256 2023 maris
1295 1967 1594 2034 insurgant,
1638 1970 1692 2016 et

165 2089 270 2127 non
303 2071 475 2126 solum
501 2070 810 2136 impugnent
831 2077 943 2128 eos,
964 2060 1056 2114 sed
1080 2070 1132 2112 et
1149 2063 1399 2125 superent
1420 2061 1473 2108 et
1490 2052 1694 2105 exstin-

165 2170 350 2232 guant.
379 2156 678 2223 Exstingnit
709 2165 938 2218 namque
977 2147 1306 2216 Egyptium,
1334 2143 1424 2212 qui
1450 2157 1554 2195 non
1586 2140 1696 2208 agit

165 2230 328 2320 opera
375 2247 736 2302 tenebrarum.
779 2237 1079 2306 Exstinguit
1108 2233 1432 2301 Egyptium,
1471 2230 1562 2298 qui
1587 2243 1690 2281 non

167 2318 476 2399 carnaliter,
505 2333 598 2387 sed
642 2328 993 2400 spiritualiter
1015 2324 1168 2378 vivit.
1197 2320 1499 2389 Exstinguit
1527 2318 1694 2387 Egy-

166 2432 362 2501 ptium,
391 2425 482 2494 qui
509 2421 859 2490 cogitationes
887 2415 1129 2471 sordidas
1157 2421 1210 2467 et
1231 2412 1468 2478 imperas
1495 2409 1577 2462 vel
1602 2409 1697 2462 de-

169 2520 320 2588 pellit
373 2531 442 2570 ex
503 2513 686 2574 corde,
750 2507 832 2560 vel
891 2505 1110 2559 omnino
1161 2516 1266 2556 non
1323 2498 1533 2566 recipit,
1587 2497 1696 2550 sic-

177 2583 236 2664 ut
274 2615 328 2662 et
372 2601 655 2672 Apostolus
699 2598 826 2652 dicit
853 2595 938 2648 “z
971 2612 989 2645 ι
1019 2593 1363 2646 Assumentes
1393 2593 1598 2640 scutum
1633 2583 1698 2634 ti-

173 2697 257 2752 dei
289 2697 343 2750 in
385 2669 492 2762 quo
529 2699 807 2759 possumus
852 2682 1029 2737 omnia
1069 2677 1244 2746 jacuia
1288 2673 1504 2742 maligni
1534 2669 1698 2739 ignita

175 2785 533 2852 exstinguere.
562 2797 580 2830 ι
619 2776 731 2830 lloc
750 2774 890 2828 enim
916 2769 1071 2824 modo
1102 2777 1388 2836 possumus
1417 2761 1575 2816 etiam
1606 2759 1700 2812 ho—

177 2876 262 2929 die
287 2849 567 2940 Aigyptios
591 2866 774 2920 videre
797 2868 1055 2924 mortuos,
1088 2866 1141 2911 et
1161 2855 1401 2924 iacentes
1436 2851 1501 2904 ad
1532 2849 1697 2911 littus,

176 2936 445 3025 submergi
498 2951 784 3022 quadrigas
839 2960 1020 3002 eorum
1065 2952 1122 2997 et
1173 2953 1360 3009 equos.
1409 2936 1702 2990 Possumus

1789 1799 1953 1861 venit,
1984 1804 2038 1850 et
2067 1794 2288 1864 pertulit
2323 1798 2582 1845 mortem.
2618 1787 2722 1842 Vis
2766 1783 2964 1838 scire
3010 1779 3243 1848 quia
3311 1772 3730 1843 gloriﬁca-

1791 1899 1876 1943 tus
1908 1887 2026 1941 est?
2056 1885 2174 1953 Ipse
2217 1879 2547 1936 dicebat":
2591 1895 2611 1926 ι
2644 1875 2865 1937 Pater,
2927 1869 3185 1924 venit
3266 1868 3521 1928 hora,
3563 1863 3727 1917 cla-

1793 1979 1938 2030 riﬁca
1969 1973 2158 2028 Filitnn
2201 1980 2376 2031 tuum,
2429 1974 2488 2018 ut
2538 1965 2718 2018 Filius
2776 1972 2945 2016 tuus
3005 1957 3468 2013 clariﬁcet
3527 1965 3630 2006 te.
3691 1971 3719 2002 ι

1791 2069 1918 2122 Erat
1945 2082 2072 2132 ergo
2093 2065 2140 2118 ei
2167 2063 2361 2132 gloria,
2387 2060 2553 2114 etiam
2588 2059 2712 2126 ipsa
2742 2054 2988 2123 passio
3037 2052 3395 2111 crucis.
3443 2061 3725 2102 verum

1793 2152 1958 2219 gloria
1990 2152 2104 2203 haec
2134 2163 2239 2202 non
2269 2155 2386 2200 erat
2428 2138 2695 2213 gloriosa,
2726 2141 2836 2194 sed
2883 2141 3293 2195 humilis-
3367 2137 3730 2204 Denique

1820 2241 1988 2294 Iicitur
2012 2239 2076 2292 de
2101 2251 2166 2291 eo
2186 2237 2268 2288 "z
2305 2253 2324 2286 ι
2359 2231 2687 2287 Ηιιιιιίιὶιινίι
2718 2245 2789 2284 se
2828 2245 3105 2298 usque
3155 2230 3273 2282 ad
3338 2236 3729 2290 mortem,

1795 2334 2018 2380 mortem
2069 2332 2246 2376 autem
2291 2321 2488 2374 crucis.
2533 2337 2553 2368 ι
2604 2319 2684 2371 De
2737 2331 2870 2386 quo
2949 2319 3246 2371 etiam
3328 2317 3728 2386 propheta

1795 2414 2112 2483 praedixerat
2143 2410 2186 2440 ³⁸
2225 2425 2240 2462 :
2287 2426 2307 2458 ι
2357 2407 2529 2460 Morte
2581 2405 2956 2472 turpissima
3046 2406 3730 2458 condemnemus

1795 2518 1938 2558 eum.
1974 2520 1994 2553 ι
2026 2500 2129 2552 Sed
2166 2507 2221 2551 et
2264 2497 2432 2551 Isaias
2487 2495 2626 2549 dicit
2679 2497 2754 2549 de
2807 2509 2893 2549 eo
2926 2495 2990 2525 ³⁸
3055 2513 3083 2549 :
3153 2515 3186 2548 ι
3255 2495 3350 2550 ιιι
3403 2496 3734 2551 humili—-

1799 2600 1906 2645 tate
1927 2588 2184 2658 judicium
2217 2584 2334 2652 eius
2369 2583 2650 2637 sublatum
2682 2591 2807 2636 est.
2861 2601 2890 2634 ι
2941 2581 3038 2636 In
3098 2584 3248 2638 bis
3303 2600 3516 2654 ergo
3562 2600 3732 2638 οιιι-

1797 2677 1954 2730 nibus
1993 2672 2319 2741 glorificatus
2352 2678 2437 2723 est
2476 2671 2784 2734 Dominus,
2851 2672 3038 2735 sed,
3104 2681 3206 2726 ut
3255 2675 3376 2728 ita
3427 2675 3730 2739 dicam.

1798 2762 2092 2824 humiliter,
2115 2774 2218 2812 non
2248 2759 2484 2827 gloriose
2518 2759 2896 2826 gloriﬁcatus
2936 2771 3127 2818 est.
3169 2763 3504 2818 Verum
3547 2767 3731 2833 quia

1805 2869 1824 2904 ι
1861 2854 1971 2905 base
2017 2850 2299 2917 oportebat
2342 2847 2455 2915 pati
2496 2847 2824 2914 Christum,
2855 2859 2936 2904 et
2985 2853 3137 2907 sic
3213 2854 3586 2910 introire
3655 2856 3732 2911 ξι,

1801 2940 2022 3010 gloriam
2047 2953 2197 2993 suam
2224 2939 2292 2999 “,
2320 2957 2338 2989 ι
2367 2953 2490 2991 cum
2545 2938 2778 2991 venerit
2829 2940 2905 2992 in
2962 2942 3265 3010 gloria
3339 2947 3620 3002 Patris
3655 2957 3733 3001 et

177 3002 445 3025 .-.ηυντ
503 3002 776 3022 ,νηηυη
1225 3002 1240 3009 _
1802 3002 1830 3010 _

177 3049 340 3103 etiam
384 3047 556 3114 ipsum
610 3040 944 3094 Pharaonem
976 3034 1159 3088 videre
1188 3025 1447 3094 demergi.
1481 3024 1525 3078 si
1555 3031 1700 3075 tanta
1727 3002 1770 3061 (ἶ
1803 3035 2106 3080 sanctorum
2127 3026 2470 3094 angelorum.
2494 3037 2623 3077 cum
2649 3026 2901 3079 venerit
2936 3002 3018 3081 in:
3084 3033 3560 3103 majes‘ate
3591 3052 3731 3092 sua

179 3137 285 3191 ﬁde
308 3109 573 3193 vivamus,
604 3137 662 3181 ut
693 3128 831 3180 Deus
859 3128 1100 3177 conterat
1143 3116 1394 3171 Satanam
1423 3111 1522 3166 sub
1549 3109 1702 3179 pedi—

182 3227 284 3280 bus
312 3219 512 3275 nostris
535 3217 582 3250 “
607 3216 866 3270 velociter
899 3227 992 3282 per
1024 3209 1204 3264 Jesum
1233 3205 1504 3260 Christum
1526 3200 1705 3254 Domi-

184 3325 310 3367 num
342 3316 605 3370 nostrum,
637 3305 723 3358 cui
753 3312 832 3358 est
858 3301 1022 3371 gloria
1049 3305 1103 3354 et
1123 3295 1405 3363 imperium
1427 3291 1480 3346 in
1511 3288 1707 3345 saecula

183 3400 513 3456 smculorum.
553 3397 741 3449 Amen.

749 3539 1025 3596 HOMILIA
1056 3537 1142 3593 Vl.

187 3661 264 3716 De
304 3659 502 3714 cantico
549 3655 686 3724 quod
743 3649 967 3724 cantauit
1008 3646 1213 3724 Moyses
1255 3658 1372 3696 cum
1422 3637 1629 3709 populo,
1663 3645 1710 3689 et

619 3720 792 3776 Maria
814 3733 928 3771 cum
955 3713 1277 3767 mulieribus.

259 3846 312 3898 l.
341 3840 501 3896 Multa
523 3836 734 3906 quidem
766 3829 974 3886 cantica
997 3827 1108 3880 ﬁeri
1135 3824 1357 3893 legimus
1383 3821 1435 3874 in
1468 3817 1713 3884 Scriptu-

194 3933 269 3988 ris
292 3930 505 3991 divinis,
540 3905 729 3978 horum
769 3930 944 3973 tamen
969 3915 1204 3969 omnium
1222 3911 1448 3978 primum
1478 3905 1618 3959 istud
1637 3911 1719 3957 est

190 4022 479 4082 canticum,
497 4013 635 4084 quod
654 4009 915 4078 Egyptiis
942 4013 999 4057 et
1020 4003 1300 4056 Pharaone
1331 3998 1719 4078 submerso-po-

187 4111 340 4181 pulus
359 4106 448 4161 Dei
472 4101 625 4172 14⁵1
655 4107 775 4168 post
800 4094 1075 4147 victoriam
1103 4089 1315 4144 cecinit.
1337 4085 1494 4140 Moris
1524 4083 1721 4152 quippe

191 4177 497 4253 sanctorum
530 4198 630 4252 est,
659 4187 746 4240 ubi
776 4183 1114 4238 adversarius
1161 4177 1412 4237 vincitur,
1465 4181 1720 4238 tanquam

1799 3118 2041 3188 judicare
2084 3128 2306 3179 terram,
2333 3112 2555 3182 quando
2595 3120 2652 3165 et
2702 3127 2939 3169 verum
3011 3118 3618 3192 Pharaonem,
3657 3127 3732 3181 id

1804 3217 1887 3263 est
1911 3207 2178 3262 diabolum
2230 3205 2524 3259 interﬂciet
2571 3204 2795 3288 spiritu
2818 3206 2977 3261 oris
3051 3213 3241 3276 sui,
3300 3230 3499 3270 cum
3546 3232 3738 3288 ergo

1817 3297 2097 3366 refulgebit
2125 3296 2179 3348 in
2212 3293 2490 3361 majestate
2522 3293 2708 3347 Patris
2734 3285 2858 3358 sui,
2900 3305 2978 3349 et
3019 3311 3242 3367 post
3284 3285 3737 3361 advcnlu'm

1809 3385 2154 3449 humilitatis,
2211 3384 2504 3437 secundum
2569 3384 2736 3438 nobis
2801 3386 2871 3439 in
2930 3389 3257 3455 gloria
3361 3401 3741 3455 ostende;

1814 3478 2126 3536 adventum,
2172 3483 2297 3525 tunc
2343 3487 2451 3524 non
2506 3473 2686 3527 solum
2736 3476 3243 3544 gloriﬁcatur
3309 3487 3707 3548 Dominus

1811 3567 1902 3622 sed
1928 3575 1980 3618 et
2003 3563 2236 3631 gloriose
2273 3559 2635 3628 gloriﬁcatur,
2673 3532 2810 3616 cuin
2857 3532 3182 3627 omne;
3199 3532 3373 3630 it;

1813 3655 1974 3710 ﬁcant
2003 3652 2217 3717 Filium,
2249 3652 2390 3704 sicut
2421 3649 2804 3706 honoriﬁcam
2833 3652 3185 3715 Patrem
3236 3665 3352 3721 ³³,

1881 3744 1935 3796 2.
1972 3759 1991 3792 ι
2042 3741 2247 3808 Equum
2294 3749 2349 3793 et
2389 3754 2747 3794 ascensorem
2817 3745 3182 3813 projecit
3265 3754 3354 3810 in
3443 3775 3670 3819 mare
3716 3779 3742 3819 ε

1813 3833 2020 3899 adjutor
2048 3839 2102 3882 et
2129 3837 2400 3897 protector
2431 3829 2614 3881 t‘actus
2647 3838 2737 3883 est
2765 3802 3084 3889 in-ihiviaa
3109 3802 3237 3896 ﬁsa
3251 3802 3670 3907 [Il-18;;“D-o‘:
3707 3802 3743 3907 ξ

1820 3919 2069 3972 Homines
2096 3917 2186 3984 qui
2220 3930 2319 3968 nos
2359 3916 2750 3982 insequuntur,
2791 3923 2955 3987 equi
3002 3894 3594 3996 sung;“é;;-;‘l
3634 3894 3746 3996 ξιξ

1818 4011 2010 4072 dicam,
2035 4022 2219 4060 omnes
2244 4006 2334 4072 qui
2381 4006 2433 4058 in
2486 4021 2656 4060 carne
2709 4011 2832 4062 nati
2870 4023 3114 4084 sunt,
3197 3977 3702 4099 εξηέζιξξίίὲ

1819 4052 2010 4072 ....,.....,
2039 4052 2218 4060 ----..--
2247 4052 2334 4072 η.--
2490 4052 2655 4060 ---η
2709 4052 2832 4062 -.--.
2870 4052 3069 4069 ..ς-η-

1818 4099 1938 4165 equi
1960 4107 2103 4162 sunt,
2130 4095 2221 4150 sed
2244 4095 2298 4148 hi
2327 4095 2529 4148 habent
2552 4110 2920 4155 ascensores
2958 4052 3240 4166 suos.a
3251 4052 3402 4171 ξιξ
3398 4052 3746 4194 3:22:16:

2113 4186 2124 4194 .
2444 4185 2496 4194 ..,
2598 4193 2601 4194 ,
2695 4187 2706 4194 .
3719 4168 3742 4192 9

1820 4201 1953 4255 quos
1977 4186 2229 4238 Dominus
2260 4185 2526 4249 ascendit,
2556 4193 2610 4238 et
2657 4187 3061 4248 circumeun
3081 4208 3119 4254 ι
3169 4219 3536 4268 οηιῃεηι
3587 4185 3709 4272 ίρι-

192 4291 282 4356 qui
307 4288 480 4342 sciant
502 4295 607 4336 non
635 4293 729 4334 sua
752 4277 967 4336 virtute,
1007 4273 1098 4325 sed
1122 4267 1412 4360 Deigratia
1443 4263 1718 4360 Victoriam
1751 4298 1797 4355 υ
1824 4290 1935 4328 ram
1969 4291 1984 4326 ε
2020 4275 2084 4327 de
2123 4273 2318 4342 quibus
2347 4273 2549 4327 diem".
2577 4275 2622 4304 se
2651 4291 2664 4326 ε
2703 4293 2722 4324 ί
2762 4273 2846 4329 Ει
2877 4287 3341 4353 equnalus
3382 4263 3690 4360 ᾢ-ἔεν--έ

1681 4352 1692 4360 ’
3619 4324 3690 4360 sa

192 4352 412 4440 factam,
454 4376 705 4443 hymnum
740 4369 849 4422 Deo
890 4359 1264 4433 gratulationis
1307 4354 1519 4411 oil‘erre.
1569 4352 1724 4405 Accio

190 4470 346 4536 piunt
383 4476 582 4525 tamen,
622 4461 877 4529 hymnum
916 4460 1191 4513 canentes,
1224 4447 1384 4501 etiam
1420 4454 1725 4514 tympanum

195 4530 249 4608 in
282 4553 528 4607 manibus
573 4548 705 4609 suis,
756 4544 893 4597 sicut
927 4543 992 4593 de
1030 4537 1195 4590 Maria
1247 4547 1432 4589 sorore
1473 4530 1637 4601 Moysi
1676 4536 1732 4581 et

196 4649 373 4698 Aaron
403 4642 652 4694 refertur.
684 4633 749 4686 Et
777 4640 832 4685 tu
865 4643 992 4696 ergo
1025 4627 1068 4680 si
1101 4638 1248 4678 mare
1283 4623 1526 4677 Rubrum
1558 4628 1733 4671 trans-

198 4733 346 4791 ieris,
388 4729 432 4781 si
463 4723 736 4793 Egyptios
761 4721 816 4774 in
855 4716 990 4770 mari
1018 4715 1288 4783 submergi
1315 4711 1510 4767 videris
1540 4717 1596 4762 et
1635 4721 1733 4758 ex-

200 4816 394 4885 stingui
418 4812 774 4873 Pharaonem,
799 4815 956 4874 atque
979 4806 1031 4858 in
1057 4804 1234 4872 abyssi
1259 4799 1574 4870 profundum
1595 4810 1730 4865 prae-

203 4901 434 4972 cipitari,
467 4906 616 4968 potes
663 4899 912 4966 hymnum
947 4907 1141 4949 canere
1192 4892 1318 4954 Deo,
1367 4897 1516 4958 potes
1551 4898 1732 4938 vocem

204 4989 574 5062 gratulationis
617 4989 880 5052 emittere,
914 4995 968 5040 et
996 4987 1176 5040 dicere
1205 4998 1218 5034 :
1257 4999 1276 5032 ι
1310 4981 1595 5034 Cantemus
1627 4973 1732 5026 Do-

205 5084 369 5146 mitto,
408 5078 637 5149 gloriose
685 5077 826 5130 enim
879 5074 1260 5129 honoriﬁcatus
1301 5077 1402 5130 est,
1442 5077 1638 5131 equum
1685 5071 1738 5116 et
1836 5074 1954 5118 ctus
2005 5065 2258 5120 adversus
2315 5067 2601 5122 Dominum
2653 5080 2714 5123 et
2773 5072 3126 5142 Salvator

205 5109 369 5146 unuu,
408 5109 637 5149 διυιιυδῠ
685 5109 826 5130 VIII-II
880 5109 1260 5129 ιιυιιυιιιιν-ὐυ
1302 5109 1402 5130 *⁸-1
1444 5109 1637 5131 “Ὶ“·’·““
1689 5109 1738 5116 "
1839 5109 1954 5118 "‘"
2005 5109 2258 5120 "“"""'""
2315 5109 2601 5122 ""“"""“'
2653 5109 2714 5123 "'
2776 5109 2913 5128 ”“"

204 5178 538 5219 ascensorem
557 5161 778 5230 proiecit
804 5161 855 5213 in
883 5173 1028 5212 mare
1047 5159 1112 5210 ".
1137 5176 1156 5207 ι
1175 5155 1359 5209 Melius
1376 5159 1550 5203 autem
1576 5158 1630 5203 et
1658 5150 1738 5203 di-
1842 5154 2000 5221 coepit
2029 5156 2301 5221 equitare.
2333 5156 2532 5213 Omnes
2561 5173 2692 5229 ergo
2726 5164 2832 5229 qui
2869 5109 3182 5230 ιιξέξὲ

190 5313 208 5320 ί
274 5299 318 5328 ’⁸
347 5294 530 5350 Matth.
552 5309 632 5346 ιιι.
698 5293 743 5324 "
774 5292 964 5359 Ephes.
992 5287 1174 5352 vt,16.
1240 5287 1287 5319 ’δ
1308 5281 1699 5342 Βοῐῐιοκνινὲοι

205 5365 250 5392 aa
282 5363 403 5392 1......
463 5377 568 5392 νυ..
636 5361 658 5392 ι
760 5362 803 5392 ae
845 5357 1010 5392 Dliilin
1076 5369 1110 5392 ιι
1181 5353 1232 5392 ςιμ
1311 5351 1354 5380 ³ο
1402 5349 1528 5392 Snn-
1565 5363 1618 5392 n,
1664 5352 1698 5392 ‘2

1820 5283 2017 5392 LFde.
2045 5301 2134 5351 xv,
2167 5287 2218 5341 l.
2278 5289 2324 5321 “
2348 5290 2539 5346 Matth.
2576 5308 2732 5360 xvm,
2765 5301 2864 5354 Η.

1916 5366 1990 5392 ea,
2043 5369 2134 5392 run
2190 5359 2222 5392 Ω
2323 5359 2368 5391 ιι
2396 5360 2412 5392 l
2441 5375 2505 5392 ..η
2569 5379 2698 5392 ενι-η.
2772 5370 2850 5392 an

210 5365 250 5440 ’ξ
276 5363 426 5417 Joan.
463 5349 593 5424 xvn,
636 5361 688 5416 l.
760 5349 1136 5422 1'9'Ph‘ilipfu,
1181 5353 1234 5404 8.
1311 5351 1354 5380 ⁸ο
1402 5349 1528 5416 Sap.
1564 5363 1622 5412 ιι,
1664 5352 1751 5402 20.
1827 5352 1993 5407 “lsa.
2043 5349 2134 5408 aui
2190 5359 2244 5411 8.

210 5431 253 5461 "
277 5433 439 5484 Exod.
467 5445 554 5491 xv,
585 5431 636 5493 1,
657 5430 714 5480 2.
787 5427 830 5459 ⁸⁸
866 5423 1058 5477 llabac.
1091 5435 1172 5484 ιιι,
1206 5420 1258 5472 8.
1333 5417 1377 5447 ³⁸
1409 5415 1563 5470 Joan.
1593 5431 1706 5483 xm,
1736 5418 1823 5472 27.
2144 5394 2158 5419 ’

205 5365 250 5395 ’⁸
276 5363 426 5417 Joan.
463 5377 593 5424 xvu,
636 5361 688 5416 l.

1824 4362 1924 4414 lus.
1960 4379 1979 4412 ι
2008 4361 2144 4413 Sunt
2174 4373 2349 4412 autem
2381 4360 2527 4427 equi,
2565 4361 2660 4427 qui
2696 4376 3142 4432 ascensores
3201 4382 3538 4444 habent
3583 4360 3658 4444 di

1822 4449 1998 4504 bolum
2037 4448 2112 4518 (9)
2146 4457 2200 4501 et
2241 4396 2460 4517 angelos
2505 4396 2645 4516 51:5.
2695 4396 3554 4531 Ιυάεεδέιὲιῗυέῧὲἓξὶιι.
3583 4396 3753 4531 ἀέἒιξ

1825 4491 1998 4588 ἕν’-υ·-
2038 4491 2111 4518 \"l
2148 4491 2200 4501 ν’
2242 4491 2460 4517 *Ἵνα-νυ
2507 4491 2645 4546 "at"
2695 4491 2878 4507 "-“"~‘
2948 4491 3254 4530 cauus
3320 4491 3554 4537 erat.

1862 4549 1990 4588 onec
2035 4547 2374 4587 ascensorem
2426 4534 2620 4588 habuit
2676 4535 3085 4616 Dominum,
3165 4559 3284 4617 de
3368 4527 3564 4617 ea“;

1827 4621 1927 4675 fuit
1971 4621 2180 4675 salutis.
2234 4621 2366 4675 Cum
2420 4623 2634 4676 caneris
2684 4626 2846 4679 enim
2895 4583 3344 4710 :‘a-[Io’slzlcis
3368 4583 3752 4721 82:22:“.

1979 4709 2009 4721 Δ.
2139 4708 2150 4721 1
2200 4717 2209 4721 Δ
2374 4719 2381 4721 _
2519 4711 2552 4721 ’ν
2758 4714 2769 4721 .
3631 4685 3752 4721 us.

3513 4683 3754 4730 Issus,

1827 4709 2043 4778 aegrotis
2076 4708 2303 4762 salutem
2334 4719 2390 4763 et
2416 4711 2710 4765 sanitatem
2756 4708 3346 4796 languentibus;

1827 4800 1938 4854 bat.
1989 4799 2092 4852 Sed
2139 4799 2229 4852 tibi
2285 4813 2344 4854 se
2395 4801 2612 4855 diabolo
2665 4762 3358 4866 gt5;i;3:§;:“:::
3408 4762 3760 4866 timeas-

1831 4886 1935 4940 lam
1963 4887 2105 4940 enim
2135 4889 2375 4943 introivit
2423 4890 2477 4942 iu
2510 4891 2662 4944 illum
2695 4841 3131 4956 διιιιιιιέιιζῗοΔ
3151 4841 3403 4956 Ρὲῗὶ
3421 4841 3764 4956 E’ucce"

1836 4976 2263 5086 ἷ¹ῗῗ¹ξ¹⁸ξῗῗῗξῗῗ
2307 4978 2707 5086 ἵῗὶῗῗὲθῗθδν,
2751 4994 2810 5086 δὲ
2861 4991 3075 5086 .‘”'“s
3167 5008 3560 5082 habenis
3604 4973 3673 5086 ἐἷ

3682 5052 3770 5088 υ..

3619 4489 3756 4543 sed

1842 5154 2000 5221 ρωρίι
2029 5156 2301 5221 equitare.
2333 5156 2532 5213 Omnes
2561 5173 2692 5229 ergo
2726 5164 2832 5229 Qui
2869 5154 3533 5259 persequuti—tu:

3577 5227 3772 5268 san.

2323 5359 2526 5417 "Luc.
2569 5359 2724 5431 xstv,
2772 5370 2878 5429 26.

291 5541 361 5607 t9)
388 5539 477 5592 Sic
523 5553 685 5605 mss.;
734 5538 865 5593 alias
909 5547 1054 5599 vero,
1105 5549 1125 5585 ι
1164 5541 1498 5588 ascensorem
1547 5527 1742 5584 habent
1791 5530 2078 5585 diabolum.
2116 5551 2138 5585 ι
