3922 6214
294 320 392 386 ἐδδ
649 294 662 305 ’
1506 331 1593 390 IN
1632 341 1907 397 EXODUM

2007 340 2234 396 OMILIA
2260 341 2347 395 Vl.

3433 352 3539 405 ﬁt

293 458 412 511 etas,
437 445 548 514 equi
573 451 697 500 sunt
742 435 1104 507 hinnientes,
1153 440 1249 497 sed
1279 437 1508 505 habent
1547 471 1892 525 ascensores,
1923 467 1968 522 Α
1995 471 2158 523 ctum,
2184 459 2262 512 vel
2293 445 2678 518 centesimum,
2707 458 2789 511 vel
2826 465 3227 534 sexagesimum,
3253 467 3331 520 vel
3373 469 3536 522 trice-

281 538 462 607 quihus
501 545 755 604 aguntur,
811 530 1058 597 angelos
1127 533 1336 597 malos.
1391 547 1454 591 et
1507 542 1641 602 ideo
1692 547 1896 604 feroces

279 635 415 680 sunt.
443 625 495 679 Si
522 639 648 693 ergo
678 621 889 676 videris
934 621 1260 690 aliquando
1290 640 1718 695 persecutorem
1747 647 1894 690 tuum

273 715 484 768 nimium
535 712 885 775 saevientem,
943 713 1110 768 scito
1168 714 1298 785 quia
1328 717 1400 772 ab
1450 734 1750 780 ascensore
1801 742 1896 780 suo

269 802 500 855 daemone
524 807 880 868 perurgetur,
911 809 978 854 et
1010 801 1152 856 ideo
1183 818 1386 870 saevus,
1411 805 1541 863 ideo
1571 811 1898 867 truculentus

256 899 365 944 est.
397 891 650 944 Dominus
675 903 816 957 ergo
847 905 868 939 ι
909 905 1149 958 equum
1200 903 1256 950 et
1291 910 1644 955 ascensorem
1677 902 1898 970 projecit

257 982 319 1035 in
357 993 518 1044 mare,
554 988 609 1032 et
654 979 844 1033 factus
879 989 982 1035 est
1027 983 1180 1037 mihi
1225 985 1281 1039 in
1333 985 1587 1042 salutem.
1628 989 1723 1044 llic
1764 991 1898 1044 Deus

255 1083 427 1132 meus,
476 1077 533 1123 et
582 1069 1000 1126 honoriﬁcabo
1058 1087 1225 1141 eum,
1278 1075 1425 1130 Deus
1471 1078 1640 1148 patris
1685 1080 1809 1146 mei,
1844 1089 1900 1134 et

251 1159 504 1213 exaltabo
560 1174 718 1215 eum.
759 1180 781 1210 ι
825 1158 939 1215 llic
1007 1176 1160 1233 ergo
1215 1153 1476 1220 et‘meus
1513 1177 1596 1220 est
1645 1167 1804 1231 Deus,
1845 1176 1900 1222 et

257 1247 398 1302 Deus
429 1248 608 1314 patris
637 1249 781 1304 mei.
815 1248 1008 1304 Pater
1070 1265 1273 1307 noster
1311 1255 1404 1321 qui
1455 1269 1555 1308 nos
1586 1254 1712 1308 fecit
1735 1265 1788 1308 et
1811 1271 1901 1324 ge-

261 1337 393 1401 nuit,
426 1336 692 1392 Christus
723 1347 845 1402 est,
891 1346 961 1394 et
1000 1340 1134 1409 ipse
1160 1342 1295 1395 dicit
1323 1340 1368 1374 ³⁷
1398 1359 1411 1394 :
1444 1361 1464 1394 ι
1504 1343 1650 1396 Vado
1695 1345 1759 1397 ad
1801 1342 1901 1396 Pa-

264 1437 392 1480 trem
443 1441 633 1480 meum
685 1436 750 1482 et
801 1428 1060 1482 Patrem
1115 1438 1382 1492 vestrum,
1418 1431 1582 1484 Deum
1629 1447 1802 1485 meum
1848 1439 1901 1485 et

256 1516 421 1571 Deum
445 1526 733 1570 vestrum.
771 1536 794 1569 ι
827 1517 895 1572 Si
925 1535 1078 1590 ergo
1104 1536 1396 1590 agnoscam
1419 1521 1559 1588 quod
1586 1520 1723 1574 Deus
1753 1536 1900 1575 meus

261 1606 332 1658 sit
357 1603 523 1667 Deus,
558 1604 920 1673 glorilieabo
953 1624 1121 1663 eum.
1147 1609 1207 1663 Si
1235 1623 1362 1662 vero
1387 1609 1547 1661 etiam
1575 1609 1710 1662 istud
1741 1624 1901 1677 agno-

271 1707 438 1756 scam,
463 1694 763 1761 quomodo
824 1695 1026 1763 patris
1075 1696 1184 1748 mei
1235 1695 1432 1748 Christi
1463 1697 1530 1749 sit
1565 1694 1725 1759 Deus,
1757 1696 1900 1748 exal-

1993 548 2208 602 simum.
2233 547 2451 617 Triplex
2486 556 2710 612 namque
2738 558 2819 603 est
2846 553 3001 605 etiam
3041 555 3174 607 bene
3203 557 3387 623 agendi
3419 559 3528 617 via,

1995 635 2336 689 nihilominus
2381 632 2529 688 enim
2577 633 2670 713 vel
2703 651 2881 704 opere,
2926 639 3008 693 vel
3058 641 3396 708 cogitatione,
3446 646 3530 697 vel

1995 722 2158 775 verbo
2194 722 2314 776 boni
2346 719 2547 790 aliquid
2595 725 2789 792 agitur.
2843 726 2953 780 lloc
3001 729 3143 782 enim
3180 731 3444 798 significat
3477 745 3531 788 et

1995 809 2300 877 Apostolus,
2333 826 2453 866 cum
2489 812 2617 865 dicit
2641 811 2718 865 "z
2747 831 2765 864 ε
2795 814 2894 880 Qui
2927 825 3103 869 autem
3125 818 3346 886 :edilicagt
3373 835 3532 888 super

1998 899 2395 954 fundamentum
2437 903 2554 969 hoc,
2591 917 2800 968 aurum,
2835 915 3134 974 argentum,
3178 907 3378 976 lapides
3406 927 3531 978 pre-
3579 971 3583 976 η

1999 988 2186 1052 tiosos,
2224 1007 2242 1040 ι
2274 989 2530 1056 triplicem
2557 991 2816 1047 bonorum
2847 995 3090 1049 indicans
3118 996 3277 1050 viam.
3309 996 3534 1064 Subiun—

1997 1076 2073 1144 git
2110 1076 2450 1131 nihilominus
2485 1080 2745 1148 triplicem
2784 1081 2944 1136 etiam
2985 1083 3265 1148 malorum,
3301 1099 3418 1138 cum
3450 1087 3532 1140 di-

1998 1165 2114 1222 cit:
2148 1183 2168 1218 ‹
2208 1166 2395 1236 Ligna,
2445 1167 2681 1236 frenum,
2729 1173 2998 1242 stipulam.
3045 1193 3064 1225 ι
3100 1175 3184 1229 Isti
3232 1190 3360 1246 ergo
3400 1177 3532 1230 terni

1999 1263 2224 1309 statores
2247 1265 2370 1309 sunt
2400 1257 2572 1326 angeli
2605 1274 2826 1328 nequam
2859 1263 2924 1315 de
2952 1264 3188 1317 exercitu
3218 1263 3533 1331 Pharaonis,

1998 1341 2086 1408 qui
2120 1349 2260 1394 stant
2287 1342 2337 1396 in
2385 1343 2747 1412 hujuscemodi
2795 1348 2918 1413 viis,
2958 1351 3307 1406 observantes
3339 1370 3535 1408 unum-

1999 1445 2262 1498 quemque
2289 1441 2531 1486 nostrum
2563 1450 2658 1502 per
2689 1437 2800 1490 haec
2834 1439 2936 1491 iter
2969 1455 3126 1508 agere
3157 1442 3206 1494 in
3235 1453 3531 1508 peccatum,

1999 1531 2131 1583 quos
2161 1519 2419 1590 demergit
2451 1522 2703 1577 Dominus
2735 1526 2784 1578 in
2815 1527 3052 1582 Rubrum
3082 1544 3250 1594 mare,
3273 1541 3328 1585 et
3359 1533 3537 1600 ignitis

1998 1619 2090 1658 eos
2114 1607 2163 1658 in
2188 1607 2370 1675 judicii
2414 1609 2498 1663 die
2537 1610 2782 1667 ﬂuctibus
2814 1615 3002 1679 tradet,
3036 1632 3098 1670 ac
3141 1634 3414 1686 plenarum
3444 1637 3532 1689 pe-

2004 1692 2122 1762 lago
2158 1703 2318 1761 teget,
2360 1698 2403 1751 si
2447 1707 2502 1751 tu
2545 1698 2710 1753 Deum
2741 1717 2970 1772 sequens
3003 1705 3067 1759 de
3107 1719 3290 1762 eorum
3321 1717 3370 1763 te
3397 1719 3540 1778 pote-

280 1782 404 1835 tabo
438 1797 590 1838 eum.
627 1783 827 1837 Altior
869 1799 1134 1852 namque
1165 1782 1469 1838 intellectus
1507 1793 1608 1844 est,
1636 1786 1900 1852 quomodo
1933 1774 1972 1829 Β
2001 1791 2138 1836 state
2167 1785 2516 1840 subtraxeris.

287 1870 527 1924 Christus
556 1882 622 1925 ut
655 1873 838 1927 unius
879 1874 985 1926 Dei
1022 1875 1361 1943 constringat
1392 1884 1444 1926 et
1473 1874 1673 1926 muniat
1704 1875 1899 1928 verita-

299 1969 420 2022 tem,
441 1963 614 2014 Deum
646 1977 821 2016 suum
853 1964 1028 2028 dicit,
1058 1979 1218 2031 quem
1255 1975 1445 2015 natura
1480 1961 1693 2014 Patrem
1725 1974 1898 2015 vocat.

302 2067 324 2100 4
363 2051 506 2105 Deus
524 2061 833 2106 conterens
865 2053 1047 2117 bella,
1077 2052 1334 2105 Dominus
1362 2065 1556 2104 nomen
1579 2060 1659 2104 est
1686 2052 1757 2104 illi
1783 2053 1846 2106 ⁸⁸.
1878 2071 1895 2102 ι

305 2139 444 2194 Nolo
471 2149 650 2208 putes,
673 2142 810 2207 quia
855 2148 1082 2194 tantum
1145 2140 1381 2192 visibiles
1430 2153 1637 2207 pugnas
1677 2139 1906 2193 conterit

313 2229 600 2294 Dominus,
621 2232 719 2286 sed
743 2240 804 2286 et
846 2231 978 2286 illas
1023 2232 1282 2294 conterit,
1309 2245 1426 2298 qum
1465 2229 1618 2283 nobis
1641 2239 1764 2284 sunt
1798 2245 1902 2283 non

324 2319 587 2374 adversus
609 2335 841 2375 carnem
877 2329 945 2374 et
991 2320 1328 2386 sanguinem,
1358 2319 1449 2372 sed
1482 2319 1736 2372 adversus
1763 2319 1908 2386 prin-

329 2409 544 2476 cipatus
571 2419 625 2462 et
650 2417 962 2477 potestates
997 2408 1134 2478 (10),
1167 2416 1220 2461 et
1249 2407 1504 2461 adversus
1540 2408 1721 2460 mundi
1753 2408 1905 2472 huius

325 2508 578 2552 rectores
625 2499 990 2552 tenebrarum
1050 2498 1238 2549 harum
1291 2494 1352 2546 ⁸⁸.
1390 2513 1409 2546 ι
1464 2495 1722 2548 Dominus
1763 2497 1905 2548 enim

322 2602 534 2640 nomen
585 2599 672 2640 est
711 2586 816 2650 illi,
852 2604 872 2636 ι
922 2593 982 2639 et
1015 2599 1122 2638 non
1172 2592 1255 2638 est
1303 2583 1407 2636 ulla
1444 2593 1709 2647 creatura,
1760 2583 1908 2648 cujus

330 2676 607 2730 Dominus
641 2691 750 2729 non
781 2675 875 2729 sit.

392 2766 454 2820 3.
495 2784 521 2818 ‹
553 2766 866 2834 Quadrigas
891 2764 1214 2826 Pharaonis,
1242 2770 1296 2815 et
1327 2762 1616 2816 exercitum
1649 2758 1762 2827 ejus
1786 2773 1908 2828 pro-

314 2856 450 2921 iecit
479 2855 543 2908 in
590 2869 770 2907 mare.
819 2852 1040 2906 Electos
1087 2863 1425 2914 aseensores,
1458 2860 1639 2903 ternos
1680 2859 1910 2903 statores

318 2925 600 2999 demersit
624 2943 681 2996 in
710 2941 959 2995 Rubrum
991 2955 1140 2993 mare
1163 2938 1232 2990 ⁴⁰.
1267 2957 1287 2990 ο
1318 2939 1526 2992 Pharao
1558 2940 1701 2992 velut
1728 2947 1909 3005 poten-

317 3035 429 3088 tior
457 3035 518 3088 in
556 3032 790 3093 malitia,
816 3041 874 3085 et
909 3045 1134 3100 regnum
1171 3029 1425 3096 nequitia:
1452 3037 1658 3090 tenens,
1688 3029 1908 3097 quadri-

2066 1871 2119 1921 4.
2152 1890 2170 1921 ι
2211 1872 2528 1928 Deciderunt
2574 1877 2626 1929 in
2689 1877 3006 1946 profundum
3058 1885 3208 1950 quasi
3245 1883 3380 1953 lapis
3404 1887 3469 1939 ⁸³.
3511 1906 3530 1939 θ

2001 1958 2176 2023 Quare
2237 1961 2551 2017 deciderunt
2601 1967 2654 2019 in
2704 1968 3021 2034 profundum
3069 1981 3316 2040 tanquam
3364 1975 3540 2041 lapis?

2000 2045 2132 2111 Quia
2163 2064 2265 2101 non
2315 2061 2471 2104 erant
2507 2053 2635 2106 tales
2665 2053 2883 2122 lapides,
2935 2057 3002 2111 de
3046 2061 3236 2127 quibus
3287 2066 3536 2117 suscitari

2003 2143 2214 2202 possent
2245 2136 2340 2189 ﬁlii
2378 2137 2638 2202 Abrahae;
2681 2143 2772 2194 sed
2811 2143 2962 2210 tales,
3002 2146 3090 2212 qui
3140 2159 3381 2202 amarent
3417 2165 3540 2217 pro-

2006 2221 2244 2284 fundum,
2270 2233 2324 2276 et
2358 2223 2613 2290 liquidum
2665 2227 2948 2296 diligerent
2992 2232 3332 2298 elementum,
3376 2237 3426 2289 id
3458 2249 3541 2290 est

2003 2307 2094 2374 qui
2125 2323 2358 2362 amaram
2387 2320 2440 2362 et
2467 2311 2662 2365 ﬂuxam
2704 2317 3038 2380 praesentium
3078 2334 3253 2372 rerum
3287 2335 3540 2389 caperent

2006 2396 2348 2462 voluptatem.
2380 2396 2528 2450 Unde
2557 2409 2610 2450 et
2648 2401 2711 2452 de
2747 2401 2876 2468 ipsis
2914 2403 3108 2456 dicitur
3129 2406 3214 2459 δίε
3252 2429 3269 2458 ι
3303 2409 3537 2462 Demersi

2007 2492 2128 2536 sunt
2163 2492 2409 2552 tanquam
2442 2485 2711 2553 plumbum
2750 2489 2807 2540 in
2853 2506 3042 2558 aquam
3078 2495 3476 2551 validissimam.
3513 2517 3534 2550 ι

2007 2569 2320 2626 Peccatores
2343 2590 2535 2642 graves
2563 2586 2706 2629 sunt.
2754 2576 2989 2648 Denique
3015 2592 3068 2633 et
3101 2581 3354 2650 iniquitas
3383 2601 3542 2653 super

2009 2661 2262 2716 talentum
2315 2665 2510 2732 plumbi
2558 2668 2745 2720 sedere
2775 2679 3124 2735 monstratur,
3158 2674 3294 2726 sicut
3333 2673 3542 2728 Zacha-

2007 2750 2116 2802 rias
2145 2753 2402 2818 propheta
2437 2753 2565 2807 dicit
2603 2770 2618 2808 :
2667 2775 2687 2806 ε
2733 2755 2872 2820 Vidi,
2934 2759 3104 2826 inquit
3147 2761 3211 2826 “,
3263 2763 3540 2818 mulierem

2007 2839 2281 2894 sedentem
2313 2856 2472 2909 super
2501 2844 2753 2898 talentum
2782 2847 3004 2913 plumbi,
3034 2858 3088 2902 et
3113 2851 3220 2903 dixi
3251 2871 3266 2907 :
3304 2853 3432 2918 Qua:
3460 2865 3542 2908 est

2010 2927 2159 2982 haec?
2187 2930 2253 2983 Et
2280 2934 2550 2999 respondit
2586 2951 2599 2986 :
2628 2933 2904 3003 lniquitas.
2939 2954 2956 2986 ι
2985 2937 3110 2992 Inde
3143 2948 3224 2993 est
3247 2954 3373 3009 ergo
3399 2945 3541 3010 quod

2011 3016 2177 3085 iniqui
2208 3019 2434 3073 demersi
2469 3030 2591 3074 sunt
2625 3023 2676 3074 in
2720 3023 3058 3088 profundum,
3091 3027 3229 3080 sicut
3267 3029 3540 3096 plumbum

315 3138 419 3192 με
455 3122 599 3189 agn.
639 3119 760 3174 Non
792 3120 872 3173 im
901 3120 1039 3173 satis
1067 3127 1151 3172 est
1180 3132 1342 3170 unum
1368 3132 1560 3185 equum
1591 3118 1904 3181 ascendere,
1933 3099 1976 3154 C
2011 3105 2062 3158 in
2091 3122 2282 3174 aquam
2314 3110 2712 3166 validissimam.
2757 3115 2938 3169 Sancti
2968 3124 3146 3169 autem
3192 3133 3296 3171 non
3335 3120 3542 3174 demer-

318 3212 418 3264 sed
455 3211 657 3278 plures
685 3207 848 3262 simul
891 3209 1084 3275 agitat,
1128 3206 1307 3273 plures
1339 3205 1496 3258 simul
1540 3203 1710 3272 plagis
1739 3213 1909 3257 tortos

315 3299 584 3353 verberis
611 3298 780 3366 cogit.
810 3295 1180 3362 Quoscunque
1211 3293 1409 3346 videris
1453 3293 1505 3344 in
1549 3292 1756 3344 luxuria
1796 3301 1909 3344 tur-

320 3393 542 3460 piores,
578 3388 634 3440 in
662 3386 993 3440 crudelitate
1045 3384 1325 3450 suaviores,
1351 3383 1401 3434 in
1445 3382 1668 3434 avaritia
1719 3381 1904 3432 tetrio-

317 3494 430 3540 res,
456 3479 516 3530 in
546 3477 826 3543 impietate
841 3471 1252 3542 ﬂagitiosiores,
1275 3471 1408 3541 scito
1439 3469 1535 3523 hos
1557 3471 1622 3522 de
1641 3468 1910 3536 quadrigis

321 3581 448 3621 esse
479 3564 834 3626 Pharaonis;
871 3561 1004 3628 ipsis
1034 3559 1388 3625 sedet,'ipsos
1429 3558 1608 3612 currui
1646 3572 1742 3610 suo
1788 3557 1910 3610 sub-

317 3655 531 3723 iungit,
579 3654 638 3706 in
695 3652 828 3719 ipsis
877 3649 1055 3703 fertur
1106 3657 1163 3702 et
1206 3647 1416 3712 volitat,
1463 3657 1514 3700 et
1561 3661 1657 3713 per
1702 3655 1910 3712 apertos

323 3745 606 3799 scelerum
635 3754 864 3808 campos
904 3736 1097 3791 elfusis
1125 3747 1218 3788 eos
1264 3736 1372 3802 agit
1414 3736 1653 3788 habenis.
1690 3734 1826 3786 Sunt
1857 3742 1912 3786 et

324 3833 425 3886 alii
458 3832 622 3886 electi
647 3840 1003 3888 ascensores,
1027 3825 1185 3878 electi
1214 3825 1332 3877 sine
1359 3823 1516 3876 dubio
1539 3824 1604 3876 ad
1628 3821 1907 3874 malitiam.

328 3921 504 3992 ιω
528 3920 638 3973 Sed
652 3917 768 3985 jam
791 3919 861 3972 de
881 3913 1268 3969 ascensoribus
1290 3927 1447 3980 supra
1471 3911 1703 3966 diximus
1730 3926 1744 3963 :
1770 3925 1911 3963 nunc

324 4013 506 4065 etiam
531 4008 623 4077 qui
644 4015 772 4062 sunt
789 4005 938 4059 terni
957 4011 1193 4058 statores
1211 4001 1502 4056 videamus.
1519 3999 1647 4053 Mihi
1669 4000 1911 4052 videntur

332 4097 490 4153 terni
513 4104 742 4150 statores
765 4110 868 4164 pro
887 4109 957 4147 eo
976 4092 1108 4155 dici,
1128 4091 1269 4159 quod
1293 4090 1486 4158 triplex
1509 4097 1588 4142 est
1611 4089 1912 4142 hominibus

329 4184 606 4256 peccandi
621 4183 724 4236 via.
741 4183 855 4235 Aut
884 4181 1032 4234 enim
1066 4179 1120 4231 in
1162 4178 1322 4242 facto,
1356 4186 1449 4229 aut
1474 4177 1525 4229 in
1557 4176 1720 4239 dicto,
1747 4175 1909 4228 autin

328 4274 669 4346 cegitatione
684 4280 969 4341 peccatur.
988 4267 1056 4322 Et
1076 4267 1198 4322 ideo
1219 4267 1353 4321 terni
1371 4276 1601 4320 statores
1613 4280 1707 4332 per
1731 4264 1912 4331 singu-

332 4365 414 4420 ιω
433 4376 688 4432 quosque
703 4361 992 4422 dicuntur,
1015 4357 1108 4424 qui
1132 4366 1240 4408 tres
1263 4355 1390 4410 istas
1409 4355 1460 4407 in
1484 4353 1636 4408 nobis
1655 4350 1908 4444 peccandi
1942 4393 1984 4444 Β

327 4453 631 4508 obsideant
655 4449 798 4511 vias,
813 4457 870 4500 et
890 4445 1240 4513 speculentur
1263 4457 1494 4510 semper.
1514 4451 1674 4508 atque
1704 4442 1756 4493 in
1782 4440 1909 4493 insi-

329 4546 430 4599 diis
449 4547 649 4610 agant,
665 4547 731 4590 ut
747 4546 842 4589 aut
857 4535 945 4588 ille
965 4549 1034 4587 ex
1049 4533 1247 4587 misero
1259 4531 1474 4584 homine
1491 4544 1785 4584 sermonem
1801 4543 1910 4581 ma-

330 4632 438 4684 lum
485 4630 701 4693 eliciat,
738 4625 942 4679 autille
977 4625 1215 4690 iniquum
1252 4635 1386 4688 opus
1431 4625 1772 4685 extorqueat,
1819 4628 1913 4670 aut

329 4718 417 4770 ille
439 4716 848 4782 cogitationem
882 4712 1170 4780 pessimam
1196 4709 1382 4774 rapiat.
1411 4707 1641 4772 Denique
1657 4714 1709 4757 et
1727 4719 1907 4757 semen

327 4807 483 4860 verbi
515 4804 618 4858 Dei
663 4803 758 4856 ubi
803 4802 949 4854 cadit
993 4809 1047 4852 et
1096 4799 1328 4864 deperit,
1363 4795 1553 4861 triplex
1591 4792 1912 4847 describitur

323 4899 486 4951 locus
509 4895 583 4948 ⁸³.
615 4892 775 4947 Unus
807 4905 965 4944 secus
990 4890 1129 4941 viam
1175 4885 1426 4946 refertur,
1455 4883 1546 4951 qui
1571 4881 1911 4970 conculcatur

316 4991 391 5040 ab
420 4984 792 5044 horninibus;
824 4981 958 5034 alios
982 4980 1035 5032 in
1066 4976 1272 5045 spinis;
1301 4973 1435 5026 alios
1475 4974 1526 5026 in
1573 4970 1820 5040 petrosis.
1850 4970 1913 5022 Et

323 5073 653 5128 (contrario
685 5079 835 5122 terra
874 5068 1012 5121 bona
1040 5065 1241 5118 all'erre
1277 5060 1468 5114 dicitur
1503 5058 1765 5125 triplicem
1805 5055 1916 5107 fiu-

387 5209 437 5240 ⁸⁷
468 5205 644 5260 Joan.
687 5217 783 5265 xx,
808 5200 894 5252 l7.

317 5278 365 5312 ⁸³
407 5275 601 5328 Exod.
651 5286 750 5330 xv,
803 5269 854 5320 5.

313 5347 359 5382 δ’
389 5343 652 5398 Malacb.
683 5353 772 5400 Ill,
798 5338 851 5390 3.

385 5458 521 5530 (ω)
552 5454 735 5530 aliis.
769 5469 807 5530 ι.
833 5449 1187 5530 venerea?!
1215 5446 1588 5530 PPi‘E?Ei‘.‘.‘ES-.:
1625 5506 1644 5530 ε

388 5505 444 5594 ii
466 5505 519 5595 ii
552 5505 895 5595 ’νεηεὶηάείτη
929 5505 1021 5595 9³ιῖ
1059 5505 1920 5595 εἴη,ξ’τξζξῗίίβέηξῖάηξὲἰιῖἵῗέτ,..9ο

305 5572 598 5653 hoc-loco
636 5572 859 5643 consule
896 5572 1271 5640 clarissimum
1303 5572 1544 5627 [litetiunt
1574 5572 1919 5640 Origeniauo-

2009 3205 2226 3262 guntur,
2257 3199 2348 3251 sed
2373 3199 2648 3252 ambulant
2675 3217 2834 3270 super
2863 3218 3048 3272 aquas,
3078 3207 3202 3271 quia
3231 3206 3374 3262 leves
3396 3219 3543 3270 sunt,

2008 3291 2062 3336 et
2093 3285 2296 3352 peccati
2337 3286 2570 3352 pondere
2611 3303 2713 3341 non
2759 3302 3067 3358 gravantur.
3096 3293 3334 3361 Denique
3368 3297 3545 3350 Domi-

2010 3387 2110 3426 nus
2151 3381 2206 3426 et
2253 3373 2498 3427 Salvator
2541 3386 2723 3430 noster
2766 3392 2926 3445 super
2956 3393 3122 3447 aquas
3159 3384 3542 3438 ambulavit“.

2009 3460 2124 3528 Ipse
2149 3472 2229 3515 est
2258 3464 2397 3514 enim
2427 3465 2516 3530 qui
2550 3478 2673 3517 vere
2713 3477 2988 3534 peccatum
3030 3472 3215 3523 nescit.
3242 3473 3546 3528 Ambulavit

2009 3557 2063 3599 et
2091 3546 2382 3615 discipulus
2417 3549 2534 3616 ejus
2565 3549 2773 3614 Petrus,
2804 3553 2926 3606 licet
2948 3555 3220 3622 paululum
3251 3562 3549 3626 trepidave-

2013 3635 2101 3687 rit.
2132 3635 2244 3688 Non
2277 3638 2420 3690 enim
2443 3645 2622 3691 tantus
2646 3651 2858 3714 erat'ac
2887 3643 3026 3706 talis,
3051 3643 3139 3712 qui
3173 3644 3303 3697 nihil
3332 3649 3548 3701 omnino

2011 3722 2076 3774 de
2105 3722 2280 3790 specie
2308 3723 2507 3790 plumbi
2545 3727 2595 3777 in
2631 3739 2691 3779 se
2733 3727 2954 3781 haberet
2984 3730 3286 3784 admislum.
3329 3731 3544 3798 Habuit,

2013 3810 2138 3864 licet
2161 3827 2371 3880 parum.
2396 3811 2622 3882 Propter
2638 3815 2778 3882 quod
2803 3816 2930 3869 dicit
2955 3818 3022 3870 ad
3043 3833 3163 3870 eum
3193 3820 3443 3876 Dominus
3458 3823 3502 3854 "
3529 3837 3547 3876 ε

2015 3917 2038 3951 ε
2070 3901 2286 3954 Modica:
2318 3900 2460 3963 ﬁdei,
2491 3917 2658 3970 quare
2687 3905 3024 3959 dubitasti?»
3047 3906 3249 3962 Idcirco
3273 3909 3435 3978 igitur
3457 3913 3546 3980 qui

2012 3989 2188 4043 salvus
2220 3990 2298 4052 lit,
2325 4005 2419 4057 per
2457 3991 2632 4059 ignem
2670 3991 2850 4046 salvus
2891 3993 2968 4058 lit,
2997 4003 3054 4048 ut
3090 3996 3133 4048 si
3163 3997 3290 4065 quid
3319 3999 3456 4053 forte
3483 4001 3550 4055 de

2011 4071 2186 4144 specie
2207 4078 2407 4144 plumbi
2431 4078 2679 4132 habuerit
2699 4079 3009 4144 admistum,
3047 4079 3097 4133 id
3126 4082 3262 4149 ignis
3291 4084 3551 4152 decoquat

2011 4175 2065 4218 et
2096 4165 2344 4229 resolvat,
2384 4175 2442 4218 ut
2488 4164 2790 4220 eﬂiciantur
2843 4182 3029 4222 omnes
3074 4185 3261 4222 aurum
3307 4173 3500 4224 bonum
3531 4192 3548 4227 :

2011 4254 2138 4321 quia
2172 4269 2357 4307 aurum
2392 4263 2547 4309 terra:
2580 4255 2722 4310 illius
2751 4257 2946 4311 bonum
2987 4271 3106 4312 esse
3135 4257 3352 4324 dicitur,
3388 4276 3548 4329 quam

2013 4342 2244 4396 habituri
2281 4350 2406 4396 sunt
2452 4344 2648 4407 sancti,
2703 4353 2758 4397 et
2808 4345 2946 4398 sicut
2983 4343 3173 4398 fornax
3216 4350 3402 4415 probat
3451 4364 3547 4401 au-

2013 4445 2130 4482 rum
2160 4430 2227 4492 ‘8,
2269 4431 2346 4484 sic
2407 4431 2648 4485 homines
2707 4432 2880 4500 iustos
2933 4435 3177 4489 tentatio.
3223 4435 3549 4491 Veniendum

2013 4528 2095 4572 est
2123 4533 2249 4587 ergo
2276 4518 2524 4572 omnibus
2551 4520 2617 4572 ad
2646 4521 2819 4588 ignem
2849 4520 2988 4591 (ll),
3023 4523 3338 4578 veniendum
3369 4536 3452 4579 est
3485 4527 3550 4579 ad

2014 4607 2399 4661 conﬂatorium.
2432 4608 2591 4661 Sedet
2637 4609 2779 4662 enim
2826 4610 3103 4677 Dominus,
3147 4623 3200 4666 et
3243 4614 3456 4679 condiat,
3499 4625 3553 4668 et

2014 4705 2202 4764 purgat
2230 4696 2366 4751 ﬁlios
2405 4696 2538 4750 Juda
2564 4698 2630 4752 “.
2670 4697 2772 4752 Sed
2815 4710 2871 4754 et
2910 4700 3038 4755 illuc
3085 4718 3205 4755 cum
3251 4703 3482 4767 venitur,
3507 4706 3551 4757 si

2015 4785 2134 4852 quis
2164 4785 2327 4837 multa
2358 4799 2517 4852 opera
2546 4786 2712 4851 bona,
2743 4795 2798 4841 et
2840 4802 3026 4856 parum
3069 4789 3271 4855 aliquid
3304 4790 3553 4856 iniquita-

2015 4877 2083 4928 tis
2133 4875 2392 4940 attulerit,
2439 4877 2565 4931 illud
2611 4894 2794 4945 parum
2847 4890 3096 4948 tanquam
3135 4879 3404 4946 plumbum
3445 4879 3551 4945 i'gni

2017 4966 2298 5019 resolvitur
2348 4980 2412 5019 ac
2457 4978 2736 5034 purgatur,
2779 4977 2834 5022 et
2871 4977 3036 5021 totum
3087 4977 3327 5022 remanet
3363 4982 3549 5019 aurum

2020 5070 2227 5122 purum.
2263 5055 2325 5106 Et
2357 5056 2400 5108 si
2440 5057 2560 5124 quis
2593 5057 2714 5124 plus
2753 5057 2878 5110 illuc
2904 5058 3100 5125 plumbi
3135 5057 3406 5118 detulerit,
3435 5054 3552 5121 plus

984 5194 1229 5252 “Exod.
1277 5205 1367 5253 xv,
1391 5193 1443 5244 5.
1516 5193 1558 5223 ³⁹
1587 5189 1783 5258 Ephes.
1824 5205 1899 5247 vr,

2006 5227 2012 5241 .
2088 5189 2131 5220 ’⁵ο
2162 5189 2326 5242 Exod.
2359 5204 2446 5258 xv,
2486 5188 2545 5258 4.
2613 5189 2654 5218 δι
2686 5188 2866 5241 Matth.
2893 5202 3008 5258 χω.
3029 5254 3042 5258 _
3068 5187 3112 5258 ‘_'
3147 5185 3316 5239 lCor.
3343 5199 3426 5258 tu,

946 5268 991 5299 “
1022 5267 1157 5320 ibid.
1203 5260 1295 5312 10.
1370 5260 1411 5289 ¹⁶³
1441 5259 1605 5314 Zach.
1636 5256 1703 5322 'v,
1725 5258 1773 5308 7.
1850 5257 1893 5288 ’⁵⁸

2006 5258 2100 5311 tth.
2147 5272 2255 5312 xtv.
2329 5258 2374 5290 ⁸⁷
2404 5256 2590 5310 Matth.
2639 5271 2750 5321 xlv,
2786 5258 2873 5310 51.

2945 5256 2990 5286 ⁸⁸
3025 5254 3196 5308 lCor.
3232 5265 3313 5307 ut.
3347 5251 3410 5302 η
3465 5250 3552 5302 15.

2022 5458 2133 5495 rimi
2175 5443 2311 5499 libro
2334 5440 2588 5506 secundo,
2615 5438 2908 5508 quaestione
2937 5431 3234 5497 undecima,
3267 5441 3414 5482 nutu.
3443 5424 3480 5480 2
3512 5449 3565 5494 ει

2023 5525 2182 5580 seqq;
