3922 6222
393 357 530 412 357

1647 351 1712 406 IN
1753 347 2033 405 EXODUM
2075 345 2353 404 llOMlLlA
2389 350 2471 404 Vl.

3533 344 3636 398 33S

389 472 821 541 interpretantur
851 465 900 514 ει
923 457 1163 516 ηιοδὶἵεε
1212 469 1371 537 (15),
1418 487 1538 526 cum
1572 472 1752 524 vident
1803 471 2001 525 moveri
2032 468 2078 523 Α
2106 475 2157 518 ct
2186 469 2386 519 creavit
2409 477 2459 519 te
2485 475 2536 518 et
2567 458 2849 532 acquisivit
2881 465 2969 516 te?
3001 483 3018 514 ι
3050 463 3269 518 Videtur
3304 462 3445 516 enim
3473 461 3637 514 tinus-

388 575 599 628 regna
645 571 748 617 sua.
794 545 984 614 θιὶῖὲπῖ
1030 547 1310 620 fortem,
1365 569 1422 613 et
1479 574 1605 614 vasa
1665 559 1778 625 ejus
1815 561 1996 626 diripi.

385 667 418 700 ι
484 649 691 702 Veniat
712 657 826 712 ergo
850 651 1002 706 super
1032 653 1145 694 eos
1181 646 1370 700 timor
1413 658 1470 702 et
1505 658 1704 702 tremor
1741 651 2003 717 magnitu-

379 739 572 793 dinis
604 734 801 791 brachii
835 728 1013 784 tui"'.
1050 747 1068 779 ι
1103 732 1267 797 Quid
1304 737 1502 791 timent
1531 739 1824 792 dmmoncs?
1869 740 2002 803 Quid

379 828 718 882 tremunt?
743 827 861 879 Sine
885 814 1045 874 dubio
1070 836 1321 879 crucem
1351 829 1574 892 Christi,
1605 829 1656 881 in
1687 845 1786 896 qua
1817 831 2002 880 trium—

375 917 582 982 phati
618 925 766 974 sunt,
793 914 842 965 in
868 924 968 980 qna
997 914 1158 965 exuti
1208 923 1346 968 sunt
1386 917 1711 983 principatus
1743 932 1921 970 eorum
1952 926 2004 970 et

369 1013 758 1069 potestates.
787 1003 963 1054 Timor
1003 1013 1142 1067 ergo
1181 1011 1240 1054 et
1285 1013 1486 1057 tremor
1528 1006 1680 1058 cadet
1705 1020 1861 1073 super
1888 1021 2000 1070 eos,

369 1107 541 1143 cum
575 1096 801 1162 signum
824 1092 878 1143 in
902 1090 1055 1143 nobis
1088 1090 1342 1146 viderint
1367 1098 1542 1148 crucis
1567 1095 1792 1148 ﬁdeliter
1819 1096 2001 1160 fixum,

369 1191 446 1233 et
491 1182 952 1251 magnitudinem
988 1180 1206 1234 brachii
1242 1183 1411 1246 illius,
1439 1185 1578 1250 quod
1628 1183 1883 1238 Dominus
1910 1199 2005 1239 ex-

369 1273 624 1338 pandit
676 1271 730 1324 in
767 1285 944 1333 cruce,
981 1271 1128 1322 sicut
1155 1271 1296 1324 dicit
1320 1274 1405 1324 3’:
1442 1291 1459 1322 ι
1493 1272 1624 1326 Tota
1663 1275 1746 1326 die
1777 1277 2003 1341 expandi

373 1375 632 1413 uiantis
666 1373 820 1413 meas
845 1360 909 1412 ad
936 1357 1193 1426 populum
1223 1375 1331 1412 non
1363 1361 1690 1426 credentem,
1719 1371 1769 1414 ct
1798 1373 2008 1416 contra-

372 1450 710 1502 dicentem
745 1449 899 1502 mihi.
934 1467 952 1498 ι
993 1447 1108 1501 Non
1146 1458 1196 1501 te
1233 1465 1364 1514 ergo
1404 1450 1558 1505 aliter
1593 1452 1875 1515 timebunt,
1909 1468 2005 1506 nec

373 1537 585 1591 aliter
615 1546 834 1590 tremor
863 1548 983 1590 ltltlS
1006 1537 1191 1590 veniet
1219 1551 1382 1605 super
1412 1554 1528 1601 eos,
1573 1539 1672 1592 nisi
1711 1543 1924 1594 videant
1954 1543 2003 1594 in

377 1633 452 1678 te
519 1640 764 1679 crucem
813 1625 1061 1690 Christi,
1107 1626 1210 1679 nisi
1258 1636 1314 1679 et
1357 1636 1408 1680 tu
1452 1629 1655 1694 poteris
1689 1630 1866 1681 dicere
1904 1631 1946 1660 ⁶⁰
1989 1647 2004 1683 :

385 1733 412 1764 ι
466 1716 622 1768 Mihi
673 1724 863 1767 autem
905 1717 1048 1768 absit
1084 1715 1338 1784 gloriari,
1374 1717 1473 1768 nisi
1510 1718 1559 1769 in
1605 1732 1760 1771 cruce
1793 1718 1998 1771 Domini

387 1805 521 1857 mei
554 1803 700 1856 Jesu
730 1803 960 1866 Christi,
991 1819 1086 1870 per
1111 1819 1270 1870 quem
1295 1804 1423 1856 mihi
1461 1806 1688 1860 mundus
1714 1808 2001 1862 cruciﬁxus

410 1904 521 1954 est,
557 1903 620 1946 et
662 1906 768 1961 ego
805 1893 1031 1944 mundo.
1067 1911 1086 1942 ι

487 1983 545 2035 9.
593 1999 614 2032 ε
648 1981 817 2034 Fiant
847 1991 1108 2049 tanquam
1151 1983 1289 2049 lapis
1319 1983 1487 2038 donec
1517 1993 1751 2038 transeat
1776 1986 2000 2054 populus

413 2080 572 2132 tuus,
624 2070 896 2135 Domine,
954 2071 1124 2123 donec
1177 2079 1417 2126 transeat
1463 2074 1688 2140 p0pulus
1733 2084 1852 2127 tuus
1893 2077 1997 2140 hic,

415 2176 588 2226 quem
625 2159 922 2227 acquisisti
949 2159 1016 2211 “.
1060 2179 1078 2210 ›
1110 2161 1252 2214 Fieri
1291 2172 1542 2229 tanquam
1586 2162 1856 2232 lapidem,
1896 2183 1997 2219 non

412 2259 505 2305 est
533 2259 738 2302 natura
765 2263 892 2302 esse
917 2248 1172 2316 lapidem.
1202 2248 1314 2302 Non
1352 2252 1490 2302 enim
1531 2251 1701 2316 fieret,
1735 2253 1835 2305 nisi
1861 2256 2001 2322 quod

419 2355 532 2392 non
561 2350 711 2391 erat.
746 2337 868 2392 Hoc
911 2348 1134 2406 propter
1166 2338 1284 2391 illos
1324 2339 1571 2404 dicimus,
1602 2342 1690 2408 qui
1723 2343 1874 2396 malae
1905 2360 1999 2397 na-

417 2437 561 2481 tura:
593 2428 975 2490 Pharaonem,
1028 2427 1127 2481 vel.
1156 2427 1439 2496 Egyptios
1490 2431 1675 2483 dicunt
1732 2431 1917 2498 fuisse,
1948 2443 2001 2486 et

418 2531 536 2567 non
560 2530 630 2567 ex
654 2515 876 2567 arbitrii
914 2514 1168 2567 libertate
1197 2515 1248 2565 in
1279 2514 1379 2567 hoc
1408 2530 1527 2569 esse
1557 2517 1814 2570 deductos
1841 2535 1854 2582 ;
1907 2521 1998 2572 sed

414 2614 470 2656 et
498 2613 731 2671 propter
759 2618 877 2664 eos,
904 2603 996 2670 qui
1034 2612 1334 2654 creatorem
1379 2605 1540 2656 Deum
1579 2617 1839 2660 accusant
1885 2618 2001 2661 tan-

414 2707 592 2761 quam
629 2706 864 2753 sarvum,
895 2692 1040 2758 quod
1077 2693 1319 2745 homines
1366 2703 1536 2747 vertat
1583 2695 1632 2746 in
1669 2696 1890 2764 lapides.
1933 2698 1999 2751 Hi

411 2797 555 2850 ergo
605 2782 936 2849 priusquam
982 2779 1373 2846 blasphement,
1417 2784 1765 2838 considerent
1790 2801 1996 2840 summa

411 2871 746 2930 libratione,
801 2883 926 2936 quae
973 2869 1177 2936 scripta
1231 2875 1391 2920 sunt.
1431 2868 1546 2923 Non
1597 2876 1736 2926 enim
1807 2875 1938 2927 dixit
1981 2894 1994 2928 :

413 2981 435 3013 ι
485 2959 665 3014 Fiant
696 2969 962 3025 tanquam
992 2958 1127 3025 lapis
1147 2996 1162 3020 ,
1194 2976 1212 3008 ι
1247 2969 1300 3012 et
1323 2962 1512 3022 tacuit,
1539 2963 1630 3017 sed
1658 2975 1864 3031 tempus
1885 2977 1996 3018 sta--

2108 557 2333 623 quisque
2369 556 2494 608 illud
2526 557 2821 622 acquirere,
2869 555 3009 621 quod
3040 570 3141 608 non
3174 554 3274 607 fuit
3307 569 3482 608 suum.
3510 552 3636 605 Inde

2108 646 2332 713 denique
2366 655 2417 699 et
2461 644 2696 698 haeretici
2729 645 2912 697 dicunt
2941 645 3004 696 de
3035 643 3342 706 Salvatore,
3374 643 3496 710 quia
3531 658 3634 696 non

2105 744 2260 786 erant
2281 734 2385 798 sui,
2417 749 2553 801 quos
2586 734 2892 802 acquisivit.
2917 733 3050 786 Dato
3077 735 3269 786 etenim
3293 734 3466 800 pretio
3490 746 3635 785 mer-

2107 832 2254 876 ratus
2286 832 2364 876 est
2400 822 2642 876 homines
2675 838 2808 891 quos
2824 823 3047 877 Creator
3068 822 3282 875 fecerat.
3325 822 3391 874 Et
3428 831 3633 874 certum

2104 921 2208 974 est,
2237 912 2407 974 aiunt,
2442 928 2869 980 unumquemque
2912 929 3016 966 non
3067 912 3194 965 illud
3236 925 3436 972 emere,
3493 911 3632 977 quod

2104 1015 2255 1052 suum
2308 1011 2409 1054 est.
2473 1003 2756 1070 Apostolus
2801 1003 2940 1054 enim
2987 1003 3059 1054 ait
3091 1002 3136 1031 “
3167 1019 3179 1052 :
3212 1019 3229 1050 ι
3264 999 3439 1054 Pretio
3468 1001 3630 1065 empti

2102 1090 2249 1143 estis.
2282 1107 2300 1140 ι
2334 1091 2436 1144 Sed
2467 1093 2586 1143 audi
2619 1092 2746 1158 quid
2776 1091 2902 1143 dicit
2944 1077 3199 1157 propheta
3231 1089 3275 1120 “
3305 1105 3318 1141 :
3351 1107 3368 1137 ι
3396 1087 3633 1141 Peccatis

2104 1181 2297 1232 vestris
2327 1179 2613 1231 venundati
2653 1179 2805 1240 estis,
2843 1186 2895 1229 et
2925 1192 3020 1242 pro
3043 1175 3412 1245 iniquitatibus
3442 1177 3634 1230 vestris

2105 1269 2277 1322 dimisi
2307 1278 2529 1321 matrem
2559 1277 2810 1320 vestram.
2841 1286 2859 1318 ι
2887 1266 3046 1319 Vides
3076 1281 3223 1335 ergo,
3247 1267 3369 1332 quia
3399 1268 3489 1321 Dei
3517 1268 3636 1334 qui-

2105 1360 2220 1412 dem
2276 1368 2521 1413 creatura
2567 1374 2753 1412 omnes
2810 1373 3034 1421 sumus,
3084 1358 3450 1423 unusquisque
3512 1373 3635 1412 vero

2105 1449 2334 1514 peccatis
2360 1449 2468 1502 suis
2495 1449 2851 1510 venundatur,
2893 1457 2944 1501 et
2995 1462 3091 1514 pro
3125 1446 3489 1513 iniquitatibus
3522 1447 3635 1500 suis

2105 1551 2133 1586 a
2177 1536 2391 1602 proprio
2439 1545 2680 1588 creature
2725 1536 2969 1588 discedit.
2999 1533 3089 1586 Dei
3125 1534 3289 1602 igitur
3333 1547 3519 1586 sumus
3554 1547 3635 1587 se-

2114 1626 2342 1675 ettndutn
2374 1625 2512 1690 quod
2548 1627 2612 1676 ab
2651 1639 2714 1676 co
2741 1626 2904 1676 creati
2935 1639 3138 1676 sumus.
3177 1621 3358 1675 Eﬂ‘ecti
3384 1637 3509 1676 vero
3541 1638 3635 1676 su-

2107 1725 2224 1763 mus
2249 1713 2383 1763 servi
2412 1711 2640 1772 diaboli,
2673 1712 2958 1763 sccumlum
2992 1711 3130 1777 quod
3159 1712 3392 1778 peccatis
3432 1712 3632 1764 nostris

2107 1801 2387 1853 venundati
2427 1817 2627 1855 suums.
2658 1800 2882 1854 Veniens
2916 1811 3089 1851 autem
3137 1799 3379 1854 Christus
3407 1800 3633 1852 redemit

2105 1905 2200 1944 nos
2225 1905 2344 1944 cum
2390 1894 2713 1944 serviremus
2757 1892 2830 1944 illi
2874 1892 3110 1951 domino,
3151 1889 3233 1942 cui
3273 1891 3632 1960 nosmetipsos

2105 1984 2373 2048 peccando
2413 1980 2765 2033 vcndidimus.
2805 1980 2867 2031 Et
2896 1981 2967 2032 ita
3002 1981 3209 2032 videtur
3234 1990 3484 2046 tanquam
3513 1995 3637 2033 suos

2107 2072 2314 2138 quidem
2345 2071 2631 2136 recepisse,
2655 2085 2787 2136 quos
2821 2078 3118 2130 creaverat,
3153 2077 3403 2135 tanquam
3436 2068 3637 2122 alienos

2105 2170 2278 2212 autem
2323 2160 2652 2226 acquisisse,
2718 2161 2843 2225 quia
2914 2156 3144 2209 alienum
3205 2157 3305 2210 sibi
3363 2157 3634 2209 dominum

2105 2250 2214 2302 sive
2241 2249 2504 2310 errando,
2550 2247 2662 2300 sive
2703 2246 2970 2313 peccando
3015 2247 3388 2312 qumsiverant.
3429 2245 3492 2298 Et
3527 2245 3636 2298 for-

2108 2347 2246 2390 tasse
2293 2345 2435 2388 recte
2462 2336 2676 2404 quidem
2705 2336 2894 2388 dicitur
2934 2335 3223 2388 redemisse
3247 2350 3341 2387 nos
3363 2334 3632 2399 Christus,

2105 2427 2192 2492 qui
2246 2424 2472 2492 pretium
2525 2424 2691 2477 nostri
2742 2422 3049 2489 sanguinem
3101 2437 3251 2475 suum
3297 2423 3458 2477 dedit.
3497 2423 3633 2488 Quid

2105 2515 2208 2566 tale
2251 2523 2427 2567 autem
2458 2521 2513 2566 ιιι
2546 2528 2640 2568 nos
2671 2521 3005 2564 mercaretur
3047 2512 3207 2565 etiam
3261 2511 3500 2566 diabolus
3534 2514 3628 2566 de-

2103 2603 2221 2656 dit?
2250 2603 2406 2670 Ergo,
2447 2603 2488 2654 si
2523 2601 2770 2661 videtur,
2812 2599 3071 2652 ausculta.
3121 2599 3492 2663 Hutnicidium,
3541 2617 3638 2670 pe-

2103 2693 2259 2745 cuuia
2322 2691 2515 2744 diaboli
2560 2701 2661 2745 cst.
2716 2688 2806 2741 llle
2847 2687 2986 2739 enim
3041 2692 3108 2744 ab
3163 2690 3318 2743 initio
3366 2691 3631 2746 homicida

2103 2791 2184 2835 est
2216 2781 2280 2833 ⁸⁷.
2314 2781 2508 2835 Fecisti
2543 2783 2920 2846 homicidium,
2957 2782 3152 2836 diaboli
3188 2782 3464 2850 pecuniam
3511 2796 3631 2834 sus-

2103 2872 2315 2938 cepisti.
2375 2872 2727 2935 Adulterium,
2777 2873 2969 2924 diaboli
3010 2872 3235 2940 pecunia
3284 2880 3388 2924 est.
3426 2870 3629 2924 Diaboli

2101 2962 2242 3013 enim
2269 2962 2322 3013 in
2358 2976 2422 3014 eo
2451 2961 2623 3027 imago
2662 2969 2742 3012 est
2777 2970 2829 3012 et
2865 2953 3268 3029 superscriptio.
3305 2959 3628 3015 Commisisti

410 3051 548 3114 tuit,
608 3059 667 3103 et
720 3062 1042 3102 mensuram
1084 3050 1550 3106 condcmnationis
1599 3054 1854 3107 decernit.
1910 3056 1996 3108 Ait
2023 3075 2064 3130 α
2102 3052 2456 3116 adulterium,
2500 3049 2753 3118 accepisti
2789 3049 2988 3102 diaboli
3032 3052 3316 3104 numisma.
3371 3049 3627 3112 Furtum,

409 3139 574 3192 enim
618 3153 634 3188 :
674 3155 694 3186 ι
730 3137 921 3190 Donec
972 3146 1218 3190 transeat
1263 3139 1488 3206 p0pulus
1528 3150 1666 3204 tuus,
1701 3141 1937 3195 Domine.
1972 3162 1990 3193 ι

407 3223 542 3291 Quo
563 3226 787 3278 scilicet
817 3234 940 3292 post
971 3227 1256 3278 transitum
1281 3227 1458 3293 populi
1485 3242 1588 3280 non
1618 3229 1724 3280 sint
1750 3237 1996 3298 tanquam

408 3314 665 3382 lapides.
701 3311 761 3364 In
797 3327 910 3380 quo
937 3312 1069 3364 mihi
1111 3313 1324 3365 videtur
1357 3313 1646 3380 prapbetim
1678 3316 1874 3382 aliquid
1915 3317 1996 3369 la-

412 3415 567 3458 tere.
608 3402 786 3454 Video
825 3401 972 3453 enim
1026 3400 1153 3468 quia
1191 3402 1342 3469 prior
1369 3402 1612 3469 populus,
1638 3405 1723 3472 qui
1748 3406 1846 3460 fuit
1876 3419 1998 3464 ante

408 3509 545 3554 nos,
578 3491 760 3544 factus
786 3500 872 3544 est
903 3499 1158 3557 tanquam
1201 3490 1336 3558 lapis
1379 3491 1546 3546 durus
1577 3503 1631 3546 et
1671 3495 1994 3552 incredulus.

409 3582 636 3635 Verum
678 3594 788 3633 non
819 3587 1071 3638 eatenus.
1122 3588 1180 3631 ut
1233 3581 1285 3632 in
1338 3580 1528 3647 lapidis
1574 3593 1760 3637 natura
1791 3601 1998 3652 perma-

409 3680 574 3736 neat,
603 3669 705 3723 sed
741 3669 918 3721 donec
955 3677 1194 3721 transeat
1233 3670 1456 3737 p0pulus
1492 3671 1600 3736 hic,
1641 3675 1866 3741 populus
1913 3677 1999 3730 hic

411 3774 584 3828 quem
654 3756 928 3813 Dominus
990 3755 1276 3822 acquisivit
1302 3754 1412 3822 (16)
1441 3772 1452 3806 :
1477 3777 1493 3807 ι
1519 3759 1741 3814 Οωρίιειε
1763 3765 1904 3816 enim
1929 3781 1996 3818 ex

411 3858 582 3916 parte
619 3845 861 3912 contigit
893 3846 945 3897 in
977 3843 1138 3898 lsrael
1169 3863 1190 3895 ι
1226 3847 1518 3900 secundum
1560 3863 1777 3903 carnem
1800 3890 1814 3913 ,
1851 3871 1868 3900 ι
1902 3853 1998 3905 do-

409 3953 520 3992 nec
562 3936 734 4004 150
759 3934 1046 4002 plenitudo
1076 3933 1314 4002 gentium
1341 3936 1693 3990 subintroiret
1720 3939 1785 3991 ⁶¹.
1816 3958 1834 3990 ι
1864 3940 1995 3994 Cum

407 4029 574 4081 enim
600 4026 894 4092 plenitudo
926 4025 1170 4091 gentium
1207 4025 1612 4090 subintraverit,
1655 4036 1780 4080 tunc
1829 4030 1993 4082 etiam

405 4115 616 4169 omnis
640 4113 829 4175 Israel,
862 4113 953 4180 qui
981 4127 1078 4180 per
1110 4113 1506 4168 incredulitatis
1544 4117 1793 4169 duritiam
1828 4118 1998 4174 lactus

396 4205 612 4260 fuerat
649 4204 788 4254 sicut
818 4203 980 4269 lapis,
1008 4201 1323 4254 salvabitur.
1349 4203 1509 4256 Etvis
1534 4204 1708 4257 videre
1729 4209 1996 4273 quomodo

385 4291 771 4350 salvabitur?
799 4309 818 4341 ι
858 4289 1059 4343 Potens
1094 4297 1198 4353 est,
1227 4291 1399 4358 inquit
1432 4291 1498 4356 ”,
1543 4292 1678 4347 Deus
1717 4294 1783 4348 de
1810 4293 1994 4362 lapidi-

2099 3139 2290 3193 l‘alsum
2321 3140 2703 3205 testimonium,
2739 3140 3028 3208 rapacitas,
3073 3140 3348 3205 violentia,
3383 3141 3493 3194 hare
3515 3154 3630 3192 om-

2099 3232 2183 3283 nia
2227 3229 2420 3283 diaboli
2468 3243 2663 3282 census
2700 3239 2802 3288 est.
2836 3237 2888 3280 et
2927 3229 3121 3282 diaboli
3154 3230 3452 3283 thesaurus.
3487 3229 3629 3282 Talis

2096 3321 2237 3372 enim
2262 3319 2486 3386 pecunia
2520 3318 2584 3371 de
2610 3315 2725 3384 ejus
2761 3325 2972 3388 moneta
3007 3318 3264 3386 procedit.
3311 3317 3422 3371 Hac
3469 3319 3629 3384 igitur

2095 3410 2318 3476 pecunia
2347 3409 2476 3461 emit
2517 3409 2638 3472 ille,
2687 3426 2819 3478 quos
2859 3411 3008 3470 emit,
3041 3417 3093 3460 et
3131 3406 3290 3460 eﬂicit
3314 3407 3416 3460 sibi
3445 3421 3628 3460 servos

2096 3511 2314 3561 omnes,
2367 3498 2456 3563 qui
2497 3497 2562 3550 de
2618 3497 2980 3565 hujuscemodi
3036 3509 3195 3549 censu
3245 3495 3360 3560 ejus
3402 3503 3624 3561 quantu-

2096 3586 2414 3652 lumcunque
2436 3587 2787 3654 susceperint.
2810 3585 3000 3638 Verum
3024 3599 3122 3652 ego
3143 3597 3349 3646 vereor,
3374 3596 3442 3635 ne
3466 3584 3624 3634 etiam

2097 3673 2304 3740 aliquos
2332 3675 2394 3726 de
2419 3675 2738 3735 astantibus,
2763 3687 2897 3740 quos
2921 3674 3208 3736 noscimus,
3231 3672 3469 3726 diabolus
3491 3688 3627 3726 mer-

2095 3769 2248 3816 cetur
2279 3760 2505 3823 occulte,
2555 3775 2619 3812 ne
2655 3761 2813 3812 etiam
2857 3759 3122 3826 aliquibus
3153 3767 3455 3812 nostrorum
3486 3759 3626 3811 hanc

2096 3849 2402 3918 pecuniam,
2428 3865 2588 3917 quam
2622 3847 3275 3914 supra_enumeravimus,
3310 3847 3539 3913 ingerat,
3569 3857 3624 3900 et

2098 3941 2253 3993 faciat
2298 3939 2414 3991 illos
2437 3953 2644 3991 rursum
2681 3950 2828 3997 suos,
2863 3945 2916 3988 et
2949 3949 3154 3987 rursum
3183 3950 3281 4002 pro
3313 3935 3390 3988 eis
3421 3935 3625 3988 tabulas

2096 4030 2396 4090 servitutis,
2422 4039 2473 4080 et
2499 4028 2699 4094 peccati
2741 4027 3152 4094 chirographum
3195 4026 3416 4088 scribat,
3465 4033 3626 4092 atque

2096 4118 2395 4172 inunisceat
2431 4117 2601 4170 servis
2633 4117 2722 4169 Dei
2744 4131 2855 4179 eos,
2898 4130 3033 4184 quos
3074 4115 3278 4184 peccati
3324 4113 3495 4182 pretio
3523 4113 3621 4168 sibi

2096 4207 2288 4260 fecerit
2313 4222 2516 4261 servos.
2549 4207 2692 4260 Solet
2716 4209 2879 4270 enim,
2905 4208 3026 4274 quia
3062 4205 3305 4259 inimicus
3334 4204 3491 4257 homo
3519 4211 3620 4268 est,

2100 4297 2275 4350 tritico
2314 4297 2539 4351 miscere
2575 4299 2798 4351 zizania.
2834 4299 2895 4350 Et
2923 4307 3096 4349 tamen
3119 4295 3163 4347 si
3198 4295 3318 4361 quis
3351 4294 3488 4347 ferte
3527 4295 3626 4349 ltu-

378 4387 508 4439 bus
549 4381 686 4434 istis
739 4378 1014 4432 suscitare
1072 4376 1210 4431 filios
1251 4378 1499 4433 Abrahm.
1531 4398 1550 4430 ι
1606 4381 1820 4436 Manent
1865 4361 1992 4453 ergo
2024 4361 2389 4456 l)juscemodi
2449 4390 2723 4454 pecuniam
2768 4401 2796 4438 a
2840 4385 3048 4440 diabolo
3091 4387 3340 4450 deceptus
3397 4383 3622 4450 accepit,

372 4472 632 4543 lapides
691 4482 864 4530 nunc,
916 4469 1090 4521 donec
1137 4476 1375 4521 transeat
1421 4469 1642 4536 populus
1693 4480 1832 4534 tuus,
1885 4473 1992 4527 Do-

368 4564 559 4618 mine
589 4599 609 4622 ,
657 4555 895 4624 populus
953 4563 1078 4605 tuus
1127 4553 1212 4606 hic
1269 4569 1424 4621 quem
1470 4556 1764 4623 acquisisti.
1807 4560 1910 4614 Sed
1947 4563 1994 4616 si

363 4657 522 4721 ipse
558 4647 848 4698 Dominus
890 4653 1111 4695 creator
1157 4651 1240 4695 est
1291 4643 1552 4705 omnium,
1589 4647 1866 4702 videndqu
1908 4660 1990 4704 est

358 4736 704 4812 quomodo
737 4733 826 4785 hic
858 4731 1167 4797 acquisisse
1201 4731 1429 4796 dicatur,
1457 4745 1575 4798 qua:
1608 4751 1702 4787 sua
1742 4752 1858 4791 esse
1887 4755 1989 4793 non

358 4829 652 4886 dtilrium
687 4831 794 4875 est.
845 4821 1056 4874 Dicitur
1098 4830 1154 4873 et
1201 4822 1254 4874 in
1286 4819 1390 4873 alio
1433 4824 1641 4876 cantico
1668 4826 1992 4883 Deuterono-

364 4919 500 4982 alii
546 4914 604 4944 ab
645 4929 664 4968 εγ
703 4927 722 4959 ι
765 4909 963 4962 Nonne
992 4909 1085 4962 hic
1128 4909 1242 4974 ipse
1283 4910 1420 4964 Deus
1449 4920 1589 4975 tuus,
1616 4914 1704 4980 qui
1749 4915 1874 4972 fecit
1915 4931 1984 4987 te,

1095 5069 1145 5098 δ’
1174 5065 1278 5120 lsa.
1299 5083 1417 5131 va,
1438 5070 1492 5120 2.

1077 5135 1126 5164 ⁸⁵
1161 5134 1182 5185 ι
1215 5135 1333 5188 Cor.
1365 5151 1455 5201 vit,
1479 5137 1566 5190 25.

448 5075 541 5108 ⁸³·
575 5069 762 5125 Exod.
790 5085 882 5129 xv,
910 5067 1003 5120 16.

351 5150 419 5183 οδ
470 5143 660 5195 Deut.
690 5152 870 5198 χχχιι,
895 5135 951 5191 6.

352 5226 519 5274 ειν,
554 5209 654 5261 22.

452 5304 588 5375 (l5)
611 5290 1427 5375 Irthabitnnlespltqngnn,qui
1447 5300 1718 5375 mutabiles
1739 5305 1992 5371 interpre—

354 5358 579 5430 ιαιῖιωί
605 5379 661 5424 et
686 5365 969 5422 mobiles.
1009 5360 1060 5410 Α
1106 5358 1296 5438 radice
1326 5358 1408 5418 ..υ
1449 5368 1596 5438 movit
1624 5385 1724 5422 sese
1745 5411 1758 5432 ,
1801 5358 1992 5438 vitatus,

349 5449 617 5516 agi/am
667 5439 809 5507 [υίιν
853 5433 1840 5516 ⁸ἲὲ,ΡιῗῗέἶίὶδὶῖΡΒΡὲἔρηὶνίθτιπειπί,
1869 5433 1995 5516 ςιιιοέ

346 5492 654 5585 .660
667 5492 681 5507 .
697 5492 935 5578 P0559"
949 5492 989 5585 t"
1009 5492 1556 5585 rganpfilniobiles
1582 5492 1658 5585 vel
1682 5492 1988 5585 itttttabiles.

847 5558 1507 5650 itl_.Le-§_iﬁi:§‘ll.ell_t‘z_liisn
1549 5573 1697 5627 radici
1872 5558 1992 5650 ἐξὲξ

313 5622 994 5735 ιέῖὲῗέἱῗῑὲῖὸὑνανίιν
1042 5622 1312 5691 subiacet
1334 5635 1446 5702 una
1714 5622 1855 5712 γεεῑῶ
1887 5622 1990 5696 ea.

1567 5071 1609 5102 ⁶⁰
1641 5071 1808 5130 Calai.
1835 5095 1903 5138 τι,
1926 5085 2005 5138 14,

1680 5144 1724 5174 ⁸⁸
1750 5143 1848 5200 lsa.
1892 5139 1942 5215 t.,
1969 5156 2018 5206 1.

2091 4493 2194 4534 non
2243 4489 2624 4542 usquequaque
2671 4475 2960 4544 desperet;
3021 4474 3327 4527 misericors
3362 4472 3506 4526 enim
3542 4483 3624 4526 est

2089 4575 2142 4620 et
2183 4566 2467 4618 miserator
2503 4565 2788 4624 Dominus.
2833 4573 2887 4618 et
2929 4575 3190 4620 creatum
3231 4579 3344 4618 sua:
3384 4578 3487 4617 non
3516 4562 3625 4616 vult

2089 4655 2446 4720 mortem,sed
2477 4662 2532 4706 ut
2553 4662 2916 4718 convertatur,
2943 4663 2996 4708 et
3020 4655 3162 4707 vivat
3188 4654 3252 4704 ⁸⁸.
3285 4652 3620 4717 Ρωιιὶιεηιιο,

2088 4745 2281 4809 ﬂendo,
2317 4744 2695 4798 satisfaciendo
2738 4744 2914 4798 deleat
2965 4745 3105 4812 quod
3161 4744 3456 4798 admissum
3514 4751 3619 4794 est.

2093 4835 2233 4887 Dicit
2277 4835 2418 4887 enim
2472 4835 2730 4901 propheta
2757 4833 2821 4896 θ’,
2853 4835 2976 4900 quia
3016 4851 3034 4883 ‹
3070 4833 3114 4886 si
3145 4845 3433 4886 conversus
3471 4831 3617 4899 inge-

2093 4923 2311 4988 mueris,
2357 4931 2481 4976 tunc
2531 4924 2708 4978 salvus
2753 4927 2882 4979 eris.
2906 4943 2924 4976 ι
2961 4922 3124 4977 Paulo
3158 4922 3318 4976 latius
3351 4919 3620 4989 progressi

3167 5085 3209 5116 ⁸³
3239 5082 3420 5136 Matth.
3447 5085 3530 5144 tit,
3557 5079 3610 5132 9.

2081 5089 2123 5118 °‘
2150 5088 2310 5140 Exod.
2346 5103 2435 5149 xv,
2463 5087 2546 5142 l6.
2641 5087 2684 5118 ⁶²
2709 5087 2859 5139 Rom.
2889 5103 2962 5146 ιιι,
2985 5087 3079 5138 25.
3167 5087 3209 5116 ⁸³
3239 5087 3420 5136 Matth.
3447 5087 3530 5144 tit,
3557 5087 3610 5132 υ.

2127 5158 2168 5187 ⁸⁷
2193 5157 2341 5198 .lnun-
2383 5171 2493 5198 νιιι-
2539 5155 2624 5198 LL
2735 5156 2778 5186 ⁸⁸
2806 5155 2993 5198 Ezech-
3045 5167 3232 5198 XXXIII-
3259 5152 3343 5198 ΙΙ.
3449 5147 3491 5178 ⁸³
3509 5145 3610 5198 188.

2127 5158 2168 5187 ⁸⁷
2193 5157 2344 5211 Juan.
2383 5171 2495 5220 vttt,
2539 5155 2624 5207 Μ.

2641 5087 2684 5118 ⁶²
2709 5085 2859 5139 Rom.
2889 5103 2962 5146 xi.
2985 5086 3079 5138 25.

2735 5156 2778 5186 ⁸⁸
2802 5155 2993 5208 Ezeeh.
3044 5167 3232 5215 χχχιιι,
3259 5152 3343 5202 Η.

2095 5329 2250 5372 natm.
2285 5313 2437 5380 cujus
2465 5313 2648 5365 incola:
2678 5325 2795 5363 cum
2829 5310 2896 5361 ob
2923 5308 3082 5361 maris
3121 5303 3367 5356 viciniam
3407 5311 3616 5380 merca-

2097 5389 2226 5432 turae
2252 5372 2414 5434 dediti
2450 5380 2664 5441 fuerint,
2701 5379 2820 5429 inde
2843 5386 2980 5462 pun,
3007 5380 3274 5428 mercator,
3307 5372 3611 5462 negotia-tor.

2164 5469 2272 5538 (l6)
2307 5469 2554 5538 Dominus
2592 5452 2880 5538 acquisivit.
2924 5463 3030 5518 Vox
3072 5457 3316 5510 Dentium
3354 5455 3405 5507 in
3454 5452 3614 5508 editis

2095 5534 2311 5600 omissa,
2349 5537 2610 5604 reperitur
2648 5534 2699 5586 in
2734 5546 2856 5584 mss.
