3922 6244
252 280 353 333 539

1671 275 1988 333 ORIGENIS

3552 249 3682 303 ste
3702 316 3721 327 ί

252 407 455 457 sumus,
485 392 609 449 dum
640 394 885 449 volumus
909 409 1179 465 exponere
1198 396 1464 465 quomodo
1497 396 1634 449 Deus
1663 410 1780 464 quze
1808 400 1855 455 Α
1883 395 2136 458 eilicitur,
2168 409 2236 449 ne
2266 394 2361 447 tibi
2409 391 2615 462 aliquid
2647 389 2829 445 desit.
2889 382 3053 439 Audi
3088 388 3173 435 et
3216 367 3691 465 Paulum-di-

252 499 346 537 sua
375 490 501 537 sunt
534 484 743 537 dicatur
779 486 1088 552 acquirere,
1140 498 1193 540 et
1230 480 1496 540 redimere
1536 485 1782 539 Christus

250 574 510 644 sanguine
538 574 771 642 pretioso
807 589 942 644 quos
984 585 1192 631 emerat
1227 575 1468 631 diabolus
1507 575 1595 628 viii
1634 590 1783 649 Amer—

250 665 380 718 cede
412 664 637 732 peccati.

317 754 406 808 10.
443 772 461 805 ι
496 754 761 811 inducens
796 755 975 823 planta
1011 770 1107 811 eos
1155 756 1207 809 in
1244 766 1425 810 monte
1452 755 1783 810 haereditatis

249 848 353 894 tuae
378 839 445 896 ⁷⁸.
478 859 497 892 ι
551 841 666 896 Non
698 843 808 896 vult
854 858 952 897 nos
988 843 1125 896 Deus
1159 844 1209 897 in
1259 843 1488 914 Egypto
1521 844 1780 913 plantare,

249 945 348 984 nec
381 931 434 984 in
474 930 692 999 dejectis
721 941 775 988 et
805 932 855 985 in
890 932 1181 987 humilibus
1206 933 1360 1000 iacis,
1392 934 1484 987 sed
1514 935 1566 993 in
1601 941 1784 986 monte

251 1019 577 1073 haereditatis
611 1034 719 1075 suat
763 1018 872 1073 vult
904 1020 1148 1087 plantare
1195 1035 1331 1089 quos
1380 1021 1601 1090 plantat.
1647 1021 1780 1075 Tum

251 1115 503 1175 praeterea
561 1110 702 1178 quod
744 1109 892 1162 addit
931 1127 945 1163 :
997 1127 1017 1160 ι
1057 1109 1313 1165 inducens
1363 1110 1540 1178 planta
1596 1125 1723 1175 eos;
1757 1129 1776 1162 ο

250 1211 378 1249 num
410 1196 504 1250 tibi
537 1196 748 1250 videtur
782 1205 1035 1265 tanquam
1065 1197 1130 1251 de
1159 1198 1339 1268 pueris
1363 1198 1561 1264 dicere,
1582 1199 1671 1267 qui
1702 1197 1784 1251 in-

248 1288 513 1339 ducuntur
535 1284 599 1340 ad
629 1285 842 1340 scholas
861 1323 877 1349 ,
908 1285 1231 1340 inducuntur
1259 1285 1327 1338 ad
1358 1284 1588 1353 litteras,
1625 1285 1782 1339 indu-

250 1386 447 1430 cuntur
474 1376 543 1430 ad
577 1390 787 1431 onmem
823 1375 1181 1430 eruditionem
1204 1375 1232 1429 τ
1258 1375 1501 1446 lnteliige
1535 1391 1662 1446 ergo
1688 1390 1784 1445 per

255 1466 389 1532 haec,
405 1465 451 1519 si
478 1473 657 1520 tamen
680 1463 847 1520 habes
873 1479 1030 1519 aures
1057 1464 1329 1529 audiendi,
1355 1465 1618 1533 quomodo
1643 1465 1785 1521 Deus

250 1554 455 1622 plantat
494 1575 507 1608 :
548 1567 615 1608 ne
671 1553 811 1609 forte
862 1568 981 1607 cum
1033 1554 1186 1609 audis
1244 1569 1369 1609 eum
1424 1554 1677 1609 inducere
1731 1562 1786 1607 et

252 1643 510 1710 plantare,
544 1653 696 1710 putes
724 1657 845 1697 eum
876 1643 1008 1699 licus
1051 1643 1105 1698 in
1148 1653 1312 1712 terra,
1345 1652 1437 1697 aut
1466 1644 1568 1697 alia
1600 1644 1783 1712 hujus-

251 1729 458 1784 cemodi
521 1730 749 1800 virgulta
802 1730 1051 1800 deﬁgere.
1088 1731 1222 1784 Audi
1260 1740 1314 1785 et
1352 1731 1475 1785 alibi
1512 1733 1785 1800 quomodo

252 1821 458 1888 plantat
509 1820 670 1875 Deus.
731 1819 993 1891 PrOpheta
1066 1822 1196 1875 dicit
1249 1822 1337 1875 7‘:
1378 1839 1398 1873 ‹
1453 1821 1664 1875 Vineam
1717 1837 1782 1875 ex

219 1907 483 1977 .Egypto
514 1908 860 1975 transtulisti,
903 1917 957 1963 et
1000 1909 1243 1979 expulisti
1278 1919 1482 1979 gentes,
1529 1921 1584 1965 et
1630 1912 1784 1978 plan-

255 1998 375 2051 tasti
405 2011 549 2051 eam.
576 1997 824 2051 Pervium
855 1998 956 2052 iter
989 1998 1163 2053 fecisti
1214 2008 1339 2052 ante
1367 2014 1505 2062 eam,
1535 2000 1782 2069 plantasti

253 2081 459 2141 radices
509 2087 647 2156 ejus,
690 2098 743 2142 et
788 2088 1001 2155 replesti
1044 2098 1268 2142 terram.
1317 2088 1537 2159 Operuit
1575 2097 1786 2144 montes

252 2176 437 2229 umbra
466 2177 614 2243 ejus,
660 2186 714 2231 et
748 2177 968 2231 arbusta
1005 2177 1120 2246 ejus
1149 2177 1340 2231 cedros
1382 2179 1495 2233 Dei.
1528 2196 1548 2230 ι
1580 2179 1783 2232 Adver-

253 2267 361 2319 tisti
395 2266 503 2334 jam
531 2266 798 2335 quomodo
832 2266 1038 2333 plantat
1086 2267 1223 2321 Deus
1247 2307 1262 2333 ,
1302 2250 1379 2320 et‘
1400 2266 1487 2320 ubi
1544 2267 1787 2336 plantat?

250 2354 365 2411 Non
399 2355 604 2423 plantat
636 2356 691 2409 in
722 2340 1097 2421 vallibus,‘sed
1140 2357 1194 2410 in
1239 2357 1510 2411 montibus
1559 2359 1785 2414 excelsis

252 2458 309 2500 cl.
341 2446 658 2501 sublimibus
695 2447 849 2502 locis.
875 2448 1019 2514 Quos
1055 2448 1197 2502 enim
1227 2449 1404 2507 educit
1433 2451 1499 2505 de
1532 2449 1782 2521 Egypto,

251 2549 385 2604 quos
416 2536 483 2589 de
507 2533 709 2589 sarculo
729 2535 947 2590 adducit
968 2537 1034 2590 ad
1057 2536 1234 2601 iidem,
1266 2551 1368 2591 non
1411 2536 1522 2591 vult
1552 2553 1645 2592 eos
1681 2539 1783 2593 itc-

254 2638 371 2676 rum
412 2624 464 2677 in
502 2622 790 2677 humilibus
831 2621 1134 2688 collocare,
1177 2624 1271 2678 sed
1325 2626 1783 2679 conversationem

251 2727 436 2766 eorum
474 2712 589 2766 vult
626 2727 747 2768 esse
786 2711 1087 2767 sublimem.
1128 2712 1254 2774 Vult
1293 2727 1392 2768 nos
1432 2714 1484 2768 in
1518 2714 1786 2773 montibus

255 2800 520 2862 habitare,
573 2800 666 2853 sed
716 2800 769 2853 in
817 2799 945 2867 ipsis
1000 2798 1346 2855 nihilominus
1378 2801 1649 2857 montibus
1679 2817 1783 2859 non

252 2887 367 2941 vult
392 2902 491 2942 nos
516 2902 675 2956 super
695 2896 887 2943 terram
912 2896 1119 2957 repere,
1146 2903 1246 2943 nec
1271 2889 1406 2943 ultra
1435 2889 1546 2943 vult
1572 2892 1783 2945 vineam

1882 483 2159 537 centem"
2191 500 2204 536 :
2243 499 2261 533 ι
2299 481 2393 535 Dei
2420 460 2786 547 agricultura,
2826 473 2938 528 Dei
2968 465 3375 526 aediﬁcatio
3425 460 3683 514 estis.»

1881 577 2030 642 Quod
2061 590 2191 645 ergo
2224 575 2364 629 istud
2400 580 2483 627 est
2509 569 2993 627 sauctimonium,
3028 557 3232 627 quod
3276 566 3432 607 non
3471 560 3686 645 man?

1882 633 2357 719 hominisvfactttm
2408 666 2514 724 est,
2563 658 2663 713 sed
2722 653 3010 708 manibus
3070 633 3695 737 Detnvﬂgtmﬁf

1880 755 2016 807 Audi
2049 751 2373 822 sapientiam
2404 721 2679 803 dicentem
2706 743 2786 806 ",
2822 740 2973 810 quia
3013 753 3038 787 ι
3078 725 3505 826 aediﬁcavit
3551 721 3687 826 sibi

1882 816 2126 895 domum.
2165 858 2187 890 ι
2217 838 2327 906 Ego
2353 846 2532 891 autem
2566 835 2673 888 hoe
2706 832 2779 885 de
2813 823 3324 883 incarnatione
3394 816 3689 906 Domini

1881 929 2082 984 rectius
2108 898 2514 994 intelligendum
2546 930 2702 993 puto.
2764 916 2900 971 Non
2932 911 3108 966 enim
3158 919 3405 961 manu
3451 898 3695 994 horni-

1881 1035 2005 1073 num
2040 1018 2237 1070 facttnn
2268 990 2377 1079 est,
2407 1013 2459 1067 id
2485 990 2593 1074 est,
2625 1022 2737 1062 non
2765 1017 2952 1074 opere
2969 1003 3308 1055 humano
3333 990 3691 1060 templum

1881 1107 2061 1162 carnis
2096 1105 2394 1161 :edilicatur
2424 1103 2477 1155 in
2506 1099 2758 1169 virgine,
2799 1093 2937 1159 sed,
2970 1091 3157 1145 sicut
3220 1082 3693 1169 praedixerat

1881 1196 2069 1252 Daniel
2100 1195 2172 1257 ⁷⁸,
2199 1194 2340 1261 lapis
2368 1192 2488 1249 sine
2514 1167 2779 1246 manibus
2814 1183 3077 1239 excisus
3110 1174 3409 1236 crevit,
3470 1179 3545 1225 et
3584 1167 3692 1222 fa-

1882 1296 1999 1340 ctus
2029 1294 2112 1340 est
2135 1296 2289 1338 mons
2318 1294 2571 1350 magnus.
2591 1276 2744 1331 istud
2778 1284 2873 1329 est
2902 1264 3482 1326 sanctimoniam
3522 1274 3689 1314 car-

1883 1378 1966 1430 nis
1999 1381 2306 1443 assumptte,
2337 1379 2393 1427 et
2414 1371 2534 1424 sine
2561 1363 2934 1430 manibus,id
2960 1366 3063 1416 est.
3119 1356 3429 1423 absque
3463 1363 3691 1443 opere

1884 1441 2278 1528 hominum—de
2310 1469 2494 1517 monte
2526 1459 2786 1514 humanae
2814 1462 3062 1509 natura
3100 1457 3183 1503 et
3224 1441 3679 1500 substantiae

1885 1551 2068 1606 carnis
2090 1549 2361 1604 excisum;

1952 1642 2041 1696 l5.
2079 1656 2099 1698 ς
2138 1637 2386 1701 Domine,
2412 1635 2506 1703 qui
2531 1647 2736 1701 regnas
2764 1630 2823 1684 in
2868 1626 3244 1688 saeculum,
3293 1631 3372 1678 et
3432 1621 3511 1676 in
3557 1634 3689 1675 sa-

1883 1731 2086 1791 cnlum,
2110 1736 2167 1782 et
2195 1727 2375 1781 adhuc
2401 1726 2470 1777 ⁷⁸.
2507 1742 2526 1775 ι
2559 1721 2795 1788 Quoties
2845 1718 2908 1771 in
2959 1713 3320 1771 saeculum
3384 1710 3685 1773 dicitur,

1883 1816 2159 1885 longitudo
2194 1813 2410 1884 quidem
2455 1809 2745 1877 temporis,
2791 1806 2900 1860 sed
2946 1816 3108 1858 esse
3180 1801 3371 1854 linis
3425 1800 3690 1867 aliqui.

1884 1910 2173 1969 indicatur,
2208 1913 2263 1958 et
2295 1902 2338 1957 si
2387 1903 2439 1955 in
2485 1900 2632 1952 aliud
2686 1895 2977 1952 saeculum
3031 1893 3377 1958 dicatur,
3425 1890 3688 1958 aliquis

1883 2000 1998 2054 sine
2026 1995 2190 2050 dubio
2217 1992 2430 2061 longior
2465 1988 2712 2058 quidem,
2747 1995 2953 2039 tamen
2982 1985 3306 2053 ponitur
3349 1982 3575 2045 linis;
3615 1989 3690 2033 et

1883 2088 2098 2158 quoties
2127 2082 2324 2138 saecula
2358 2080 2682 2137 stnculorum
2721 2077 3178 2140 nominantur,
3222 2072 3565 2127 fortasse
3603 2071 3688 2124 ii-

1885 2188 1970 2233 cet
1991 2177 2206 2244 ignotus
2234 2171 2410 2237 nobis,
2436 2178 2617 2223 tamen
2651 2181 2682 2220 a
2709 2166 2831 2218 Deo
2860 2174 3161 2219 statutus
3210 2164 3502 2232 aliquis
3543 2173 3687 2218 ter-

1884 2267 2060 2320 minus
2086 2262 2378 2330 indicatur.
2414 2257 2566 2324 Quod
2600 2269 2735 2308 vero
2761 2254 2925 2307 addit
2958 2252 3023 2307 in
3068 2254 3221 2307 hoc
3263 2252 3444 2308 loco
3487 2271 3508 2309 :
3537 2271 3565 2305 ι
3615 2263 3684 2306 et

1884 2356 2084 2413 adhuc,
2121 2371 2142 2404 ι
2178 2350 2381 2405 nullum
2426 2360 2649 2401 sensum
2696 2344 2937 2397 termini
2972 2343 3299 2410 ali-cujus
3349 2355 3485 2399 aut
3522 2345 3685 2399 ﬁnis

1884 2445 2121 2512 reliquit.
2146 2438 2515 2507 Quodcunque
2550 2435 2699 2490 enim
2727 2432 2871 2487 illud
2900 2433 3377 2504 cogitaveris,
3423 2435 3499 2488 in
3544 2448 3687 2504 quo

1884 2534 2042 2588 linem
2094 2539 2248 2598 putes
2295 2540 2454 2595 posse
2512 2525 2853 2588 consistere,
2913 2540 3203 2594 semper
3285 2525 3425 2580 tibi
3503 2526 3677 2582 dicit

1883 2636 2063 2679 sermo
2095 2618 2478 2690 propheticus:
2512 2635 2532 2668 ‹
2564 2616 2633 2670 Εῑ
2664 2617 2879 2681 adhuc,
2920 2636 2944 2669 ι
2980 2616 3179 2671 velut
3215 2616 3285 2671 si
3332 2617 3685 2687 loquatur

1884 2713 1949 2765 ad
1981 2721 2050 2775 te,
2080 2717 2135 2764 et
2162 2709 2309 2762 dicat
2342 2722 2355 2758 :
2384 2703 2550 2758 Putas
2576 2705 2629 2757 in
2656 2703 2935 2758 sacculum
2972 2704 3224 2759 seculi
3275 2705 3673 2760 Dominum

1884 2795 2266 2867 regnaturum?
2296 2812 2316 2845 ι
2367 2791 2436 2845 Ει
2478 2789 2929 2846 adituc.»Putas
2959 2791 3025 2846 in
3095 2793 3385 2847 mula
3432 2808 3669 2848 saecu-

1884 2886 2096 2942 lorum?
2135 2903 2153 2936 ‹
2189 2882 2257 2937 Et
2287 2882 2465 2936 adhuc
2499 2882 2640 2951 (l7).
2686 2900 2708 2932 ι
2743 2880 2816 2935 Et
2840 2884 3510 2954 quomodocunque
3569 2886 3677 2939 di-

253 2990 403 3028 suam
435 2975 580 3029 humi
622 2974 852 3047 dejectos
898 2975 1097 3033 habere
1130 2974 1361 3039 fructus,
1405 2976 1499 3030 sed
1533 2977 1645 3029 vult
1674 2977 1787 3045 pal-
1813 2989 1855 3046 ο
1889 2976 2032 3031 xeris
2060 2973 2187 3028 illud
2222 2972 2288 3025 de
2330 2970 2481 3039 regni
2518 2969 2638 3036 ejus
2662 2968 2895 3038 spatiis,
2944 2984 3248 3042 semper
3290 2976 3433 3031 tibi
3504 2977 3685 3033 dicit

255 3066 418 3120 mites
446 3064 560 3134 ejus
596 3080 806 3122 sursum
838 3065 983 3128 duci,
1015 3065 1068 3117 in
1101 3063 1210 3118 aito
1232 3064 1499 3129 collocari,
1534 3066 1789 3124 traduces

255 3152 394 3219 lteri,
418 3162 472 3207 et
510 3154 753 3213 traduces
793 3168 898 3207 non
937 3153 992 3211 in
1040 3152 1444 3223 quibuscunque
1496 3154 1787 3213 humilibus

256 3242 554 3306 arboribus.
592 3243 684 3297 scd
735 3243 786 3296 in
837 3240 1066 3295 excelsis
1115 3247 1168 3294 et
1217 3241 1268 3295 in
1308 3241 1584 3299 altissimis
1614 3244 1789 3299 cedris

258 3330 370 3384 Dei.
411 3330 609 3388 Cedros
661 3331 752 3389 Dei
789 3345 887 3405 ego
914 3334 1200 3403 prophetas
1232 3339 1287 3386 et
1316 3333 1583 3399 apostolos
1615 3342 1744 3401 puto
1767 3375 1786 3400 ,

256 3420 455 3488 quibus
491 3435 590 3475 nos
628 3421 672 3475 si
701 3420 1050 3491 adjungamur
1077 3422 1204 3479 vitis
1248 3437 1404 3491 quam
1454 3423 1521 3477 de
1554 3421 1787 3491 Egypto

259 3509 529 3564 transtulit
555 3510 712 3578 Deus,
743 3519 795 3566 et
823 3527 919 3579 per
946 3526 1147 3568 ramos
1172 3527 1355 3569 eorum
1384 3513 1568 3567 'nostri
1601 3515 1789 3583 palmi-

259 3611 340 3653 tes
374 3597 754 3663 diﬂ'undantur,
786 3608 945 3669 atque
992 3602 1122 3669 ipsis
1154 3601 1324 3655 innixi
1360 3602 1605 3656 traduces
1641 3617 1786 3670 quae-

256 3691 377 3741 dam
405 3687 694 3742 ciliciamur
727 3690 1004 3745 cbaritatis
1029 3691 1094 3743 ad
1123 3689 1348 3744 invicem
1396 3691 1622 3745 vinculis
1651 3707 1785 3745 con-

255 3778 400 3842 nexi,
429 3778 656 3832 fructum
685 3779 801 3833 sine
825 3779 984 3833 dubio
1010 3779 1292 3848 plurimum
1321 3779 1623 3835 ail‘eremus.
1651 3780 1783 3835 Nam

260 3884 282 3916 ο
313 3866 489 3920 omnis
536 3867 696 3920 arbor
736 3881 853 3935 quae
899 3883 1004 3921 non
1038 3866 1166 3924 facit
1200 3867 1432 3923 fructum
1456 3869 1656 3924 bonum
1691 3885 1786 3925 ex-

254 3955 479 4019 cidetur,
512 3963 566 4009 et
594 3956 645 4008 in
677 3956 849 4024 ignem
885 3956 1129 4011 mittetur
1154 3958 1220 4012 ⁷².
1249 3974 1269 4007 ι

324 4040 412 4094 Η.
446 4058 471 4092 ε
504 4041 559 4093 in
582 4049 880 4108 preparata
904 4034 1230 4099 habitatione
1259 4051 1368 4107 tua,
1393 4058 1548 4111 quam
1584 4059 1788 4113 pracpa-

172 4172 175 4173 ν
254 4128 409 4195 rasti,
439 4128 662 4182 Domine
689 4126 756 4178 ⁷⁸.
786 4144 807 4177 ι
854 4125 983 4180 Vide
1007 4128 1286 4185 clementis
1316 4129 1528 4183 Domini
1572 4130 1782 4184 bonita-

257 4226 384 4281 tem,
416 4229 520 4268 non
549 4214 662 4266 vult
696 4223 745 4268 te
771 4212 1022 4267 inducere
1054 4214 1120 4268 ad
1148 4213 1405 4281 laborem,
1434 4231 1538 4271 non
1582 4219 1694 4271 vult
1730 4227 1787 4272 ut

255 4307 370 4373 ipse
397 4303 499 4356 tibi
520 4300 688 4355 iacias
718 4301 1098 4367 habitaculum,
1115 4301 1226 4370 jam
1257 4313 1307 4357 te
1327 4305 1393 4357 ad
1434 4314 1785 4374 praeparatam

255 4390 473 4445 deducit
532 4389 937 4445 habitationem.
991 4390 1125 4445 Audi
1182 4392 1348 4447 Deum
1402 4394 1663 4448 dicentem
1728 4395 1783 4450 in

254 4477 541 4549 Evangelia
568 4477 658 4531 ἐς
688 4494 708 4529 ι
741 4477 844 4532 Alii
879 4476 1273 4547 laboraverunt,
1298 4488 1352 4534 et
1378 4496 1471 4536 vos
1500 4480 1553 4535 in
1578 4480 1786 4537 labores

252 4581 437 4621 eorum
470 4564 751 4619 introistis.
782 4582 804 4616 ι

322 4653 408 4706 12.
448 4670 473 4703 ι
506 4650 943 4717 Sanctimonium,
981 4652 1224 4716 Domine,
1259 4654 1398 4721 quod
1445 4668 1784 4721 praeparave-

253 4751 379 4797 runt
400 4755 591 4797 manus
626 4752 728 4795 tua:
760 4741 829 4794 ⁷⁸.
866 4756 886 4792 ι
921 4738 1367 4805 Sanctimonium,
1401 4742 1551 4810 151
1587 4744 1785 4798 dicitur

255 4829 657 4886 tabernaculum
693 4829 809 4894 Dei,
839 4826 924 4883 vel
958 4829 1209 4898 templum
1230 4830 1298 4883 ab
1323 4843 1387 4883 eo
1418 4830 1558 4898 quod
1586 4832 1784 4885 sancti-

253 4921 377 4973 tlcat
403 4918 738 4972 accedentes.
768 4917 880 4973 Hoc
915 4934 1021 4973 non
1065 4919 1198 4973 dicit
1225 4933 1387 4972 manu
1432 4919 1665 4974 hominis
1698 4920 1781 4974 fa-

251 5018 419 5074 ctum,
443 5007 537 5062 sed
566 5020 724 5061 manu
763 5006 876 5060 Dei.
905 5005 1042 5073 Quid
1068 5007 1237 5077 ergo?
1275 5008 1501 5076 Propter
1524 5017 1577 5062 te
1641 5006 1782 5062 Deus

246 5106 303 5150 et
350 5096 583 5168 plantat,
627 5100 682 5149 et
724 5095 972 5162 aediﬁcat,
1002 5096 1235 5167 agricola
1265 5097 1509 5165 eilicitur,
1544 5107 1782 5156 structor

314 5304 691 5381 "_l§xod_._x_v_,_
718 5305 803 5358 l7.
878 5300 1091 5381 ’ξρετιὲ
1119 5315 1313 5381 axx“,
1349 5300 1402 5354 9.
1443 5303 1520 5381 _"
1542 5301 1726 5381 hiat-th.
1760 5319 1854 5368 vn,
1882 5306 1970 5381 l_9‘.
2059 5310 2125 5381 1'
2146 5308 2316 5381 ιξκοάς
2350 5323 2443 5373 κν,
2473 5310 2562 5381 Π)
2638 5312 2687 5345 ’⁸
2718 5314 2881 5374 ³0311.
2902 5334 2986 5381 ιν.
3012 5322 3098 5381 58

256 5385 338 5434 sv,
373 5374 459 5425 Π.
532 5372 625 5428 "l
653 5362 776 5429 Cor.
805 5388 888 5438 ut,
918 5372 974 5426 9.
1047 5370 1091 5401 "
1118 5368 1275 5422 Prov.
1300 5362 1394 5434 ἠ,
1437 5371 1488 5423 l.
1561 5371 1606 5403 ⁷⁸
1637 5370 1769 5425 Dan.

2084 5377 2104 5408 °
2159 5376 2331 5429 Exod.
2369 5362 2464 5446 xv,
2491 5362 2580 5438 178V.
2654 5362 3123 5456 “Vibi-diriiltm
3152 5400 3216 5435 ιι

1887 3066 2147 3138 propheta
2177 3077 2193 3115 :
2228 3077 2248 3111 ι
2281 3059 2348 3114 Et
2381 3054 2582 3113 adhuc.
2627 3076 2651 3112 ι

1956 3152 2044 3207 M.
2080 3167 2100 3201 ι
2134 3148 2398 3214 Quoniam
2428 3146 2654 3201 intravit
2682 3145 2992 3215 equitatus
3028 3148 3471 3212 Pharaonis
3512 3172 3678 3213 cum

1889 3239 2161 3311 quadrigis
2194 3245 2250 3290 et
2280 3235 2667 3290 ascensoribus
2704 3235 2761 3289 in
2798 3237 3082 3293 medium
3154 3256 3415 3311 mare.
3453 3256 3533 3302 el
3572 3248 3681 3303 in-

1886 3331 2040 3386 duxit
2066 3341 2229 3396 super
2257 3338 2348 3379 eos
2384 3323 2648 3397 Dominus
2682 3337 2867 3392 aquas
2906 3328 3156 3383 maris.
3200 3331 3383 3388 Filii
3430 3346 3677 3391 autem

1887 3422 2051 3479 lsrael
2079 3417 2495 3473 ambulaverunt
2520 3430 2619 3484 per
2645 3416 2860 3470 siccum
2897 3419 2959 3471 in
3000 3422 3252 3480 medio
3292 3431 3494 3484 mari
3535 3429 3671 3485 ⁸⁸.»

1885 3515 1953 3569 Ει
1978 3523 2030 3566 tu
2052 3511 2097 3565 si
2128 3508 2266 3562 illius
2290 3505 2455 3560 lsrael
2485 3518 2568 3569 es,
2590 3515 2749 3573 potes
2782 3508 3122 3564 ambulare
3177 3530 3329 3582 per
3390 3521 3676 3576 siccum

1886 3605 1939 3658 in
1960 3601 2134 3657 medio
2158 3597 2313 3653 mari.
2349 3596 2407 3651 Si
2437 3594 2609 3650 fueris
2639 3596 2697 3649 in
2720 3590 2911 3652 medio
2948 3603 3279 3664 nationis
3317 3627 3572 3681 prava
3603 3625 3678 3673 et

1886 3704 2147 3762 perversae
2174 3688 2314 3743 sicut
2357 3686 2542 3740 lumen
2589 3684 2726 3764 solis
2758 3687 3010 3742 verbum
3048 3694 3236 3750 vita:
3277 3705 3678 3761 continens

1886 3781 1951 3832 ad
1980 3777 2224 3846 gloriam,
2257 3781 2435 3843 potest
2464 3772 2578 3825 ﬁeri
2612 3781 2677 3826 ut
2708 3773 2763 3825 in
2789 3775 2990 3830 medio
3020 3792 3524 3847 peccatorum
3567 3793 3677 3849 in-

1886 3869 2161 3923 cedentem
2203 3872 2256 3918 te
2303 3876 2407 3916 non
2459 3860 2713 3914 infundat
2756 3862 2974 3918 humor
3026 3878 3369 3942 peccati,
3432 3892 3678 3949 potest

1890 3958 2005 4012 ﬁeri
2039 3967 2098 4011 ut
2119 3961 2485 4009 transeuntem
2518 3960 2572 4006 te
2601 3966 2700 4021 per
2728 3951 2886 4007 hunc
2918 3961 3277 4020 mundum
3325 3971 3534 4027 nulla
3596 3974 3678 4029 li-

1886 4047 2084 4101 bidinis
2136 4043 2277 4097 unda
2336 4047 2641 4108 respergat,
2689 4039 2879 4095 nullus
2930 4048 3368 4113 cupiditatis
3448 4074 3676 4122 aestus

1886 4136 2156 4189 verberet.
2189 4131 2288 4197 Qui
2316 4138 2495 4184 autem
2526 4127 2821 4198 Egyptius
2852 4142 2948 4186 est
2969 4145 3036 4188 et
3073 4147 3440 4212 sequitur
3482 4152 3676 4211 Pha-

1888 4237 2133 4284 raonem,
2167 4220 2252 4274 ille
2278 4219 2539 4272 vitiorum
2579 4216 2847 4273 ﬂuctibus
2872 4227 3243 4294 mergitur.
3295 4237 3450 4305 Qui
3494 4259 3677 4302 vero

1820 4291 1862 4351 D
1889 4311 2131 4379 sequitur
2154 4306 2453 4372 Christum,
2487 4314 2543 4359 et
2577 4305 2724 4360 sicut
2775 4308 2899 4376 ipse
2934 4291 3381 4394 alﬁbulavi'l‘;
3405 4291 3675 4393 “u'av'e‘;

1886 4401 2000 4496 ipse
2033 4396 2291 4459 ambulat,
2323 4395 2768 4496 aquai-cipimus
2794 4397 3248 4496 tiunt_dextra
3285 4415 3668 4496 laevaque,

1883 4489 1998 4556 ipse
2029 4495 2207 4541 autem
2239 4484 2414 4539 media
2446 4485 2533 4537 via
2562 4484 2771 4539 incedit
2795 4502 2903 4556 per
2930 4492 3239 4556 siccum.
3315 4508 3492 4567 Non
3514 4484 3674 4572 ’ἀεί

1882 4576 2045 4630 clinat
2072 4574 2139 4678 ad
2162 4574 2471 4678 dexteram,
2502 4587 2679 4678 neque
2708 4574 2778 4628 ad
2823 4577 3205 4678 sinistram,
3265 4610 3679 4678 usquequo

1882 4672 2039 4753 exeat
2062 4662 2127 4716 ad
2162 4662 2488 4753 libertatem,
2527 4669 2611 4753 οιΑ
2632 4660 2902 4732 hymnum
2942 4670 3281 4737 victoriae
3346 4660 3676 4753 60min;

1878 4752 2141 4807 concinat
2186 4750 2438 4847 dicens"
2467 4766 2481 4802 :
2512 4766 2532 4800 ι
2571 4748 2875 4809 Cantemus
2929 4755 3275 4836 Domino.
3334 4748 3672 4847 gloriose

1883 4841 2024 4931 enim
2053 4838 2445 4894 honoriﬁcatus
2472 4847 2579 4931 est,
2614 4857 2633 4890 ι
2670 4853 2770 4931 per
2793 4841 2999 4900 Jesum
3051 4838 3465 4926 Christi-nm
3516 4838 3666 4931 Do:

1878 4929 2082 4982 minum
2113 4938 2380 4993 nostrum,
2409 4928 2498 4983 cui
2528 4936 2612 4983 est
2638 4928 2841 4999 gloria,
2876 4942 2937 4989 et
2964 4935 3362 5012 imperium
3404 4961 3483 5019 in
3529 4928 3673 5025 δέ.

1876 5017 1993 5075 cuia
2025 5017 2365 5071 saeculorum.
2395 5017 2593 5072 Amen.

2078 5310 2125 5408 ζ’
2146 5308 2316 5415 litat;
2473 5310 2562 5415 ‘3.-
2638 5312 2705 5415 ἲ.
2718 5314 2881 5415 ³ξτῑιειι-
2902 5322 3123 5415 ’νλΞθ-
3153 5400 3211 5415 -.
3286 5341 3372 5415 τε·
3405 5346 3661 5415 sm.

3296 5411 3536 5488 unm,
3582 5411 3661 5485 5;

319 5520 429 5589 (l7)
452 5520 618 5579 Putas
638 5525 693 5580 in
711 5524 902 5581 uacula
925 5520 1283 5580 seculorum?
1311 5518 1381 5574 Et
1403 5520 1610 5593 adhuc.
1660 5520 1783 5579 Haec
1811 5525 1864 5580 in
1890 5535 2045 5585 antea
2072 5527 2228 5585 editis
2250 5529 2603 5605 omittuntur,
2631 5539 2728 5597 sed
2752 5541 3040 5603 habentur
3070 5550 3140 5608 in
3180 5572 3393 5624 mu.
