3922 6280
1619 379 1684 433 1N
1723 378 2006 434 EXODUM
2044 376 2320 432 HOMILIA
2353 376 2458 431 νη.
3523 375 3629 428 543

2019 501 2062 554 Α
2093 509 2333 548 amarum
2365 495 2560 561 quippe
2606 493 2705 546 hoc
2734 493 2896 546 sentit
2922 492 2984 547 'et
3012 508 3278 563 asperum.
3315 514 3330 546 ι
3363 495 3422 549 Si
3458 494 3624 559 enim,

2088 583 2261 651 inquit
2295 583 2582 650 Apostolus
2605 582 2672 647 ⁸⁵,
2694 595 2814 648 quae
2846 581 3102 646 destruxi,
3138 585 3250 636 haec
3272 583 3466 637 iterum
3494 599 3625 638 rea:-

369 367 463 439 lut
1232 411 1238 415 -

919 482 1242 546 llOMlLlA
1305 498 1430 552 \‘ll.

720 584 782 640 De
804 576 1159 634 ωηατίωάίηε
1214 601 1392 655 aqua:
1431 587 1674 642 Meri-lue.

435 678 470 731 i
491 719 510 731 .
555 677 691 732 Post
710 672 968 730 transitum
1001 671 1203 725 maris
1250 674 1466 744 Rubri,
1498 688 1553 732 et
1593 679 1865 748 magniﬁci
1895 692 1983 730 se-

351 778 549 822 creta
583 765 838 840 mysterii,
863 767 978 832 post
1001 758 1225 815 choros
1249 774 1310 818 et
1351 776 1622 836 tympana,
1658 777 1776 836 post
1806 769 1985 819 trium-

347 856 591 922 phales
626 860 866 928 hymnos,
887 848 1097 903 venitur
1124 851 1200 904 ad
1226 852 1531 910 Merrham.
1559 857 1782 910 Merrhze
1805 866 1982 909 autem

341 962 526 1014 aqua
560 965 697 1002 erat
717 959 909 1005 amara,
941 955 1102 1009 quam
1137 960 1257 998 non
1292 957 1506 1014 poterat
1534 947 1758 1016 populus
1785 947 1876 1000 Dei
1907 947 1984 1000 bi-

343 1038 551 1090 bere.
589 1037 745 1102 Quid
778 1047 896 1104 ergo
928 1040 1047 1101 post
1084 1040 1250 1087 tanta
1280 1045 1337 1088 et
1376 1045 1484 1088 tam
1513 1036 1735 1089 miriﬁca
1763 1035 1980 1088 mirabi-

335 1123 424 1175 lia
466 1127 560 1177 ad
602 1139 830 1176 amaras
873 1135 1035 1190 aquas
1083 1128 1144 1172 et
1192 1123 1501 1188 periculum
1551 1123 1668 1177 sitis
1702 1123 1982 1176 adducitur

336 1214 642 1280 populus
702 1213 838 1266 Dei?
894 1212 982 1264 Ait
1031 1211 1185 1264 enim
1241 1213 1288 1243 ⁸³
1335 1229 1348 1264 :
1402 1229 1421 1261 ι
1461 1211 1528 1266 Et
1581 1222 1844 1266 venerunt
1889 1212 1981 1266 lilii

332 1300 554 1356 Israel
606 1303 672 1355 in
711 1292 999 1363 Merrham,
1031 1308 1089 1353 et
1130 1315 1239 1354 non
1276 1308 1529 1369 poterant
1567 1315 1760 1368 aquam
1798 1302 1982 1356 bibere

331 1392 425 1444 tle
469 1391 760 1455 Mcrrha,
792 1391 915 1458 quia
951 1405 1140 1443 amara
1161 1399 1305 1455 erat,
1342 1401 1395 1445 et
1435 1400 1650 1460 propter
1668 1391 1770 1444 hoc
1803 1390 1984 1458 appel-

330 1479 559 1534 latum
593 1490 697 1536 est
724 1496 920 1536 nomen
968 1481 1074 1533 loci
1114 1479 1263 1534 illius
1291 1481 1613 1534 amaritudo.
1651 1499 1670 1530 ι
1705 1479 1808 1532 Sed
1852 1480 1978 1548 quid

318 1571 538 1625 addit
592 1581 732 1638 post
765 1570 922 1624 haec?
962 1587 981 1619 ι
1030 1569 1320 1632 Clamavit,
1361 1569 1533 1636 inquit
1565 1569 1630 1632 ⁸³,
1674 1567 1875 1636 Moyses
1913 1567 1979 1620 ad

346 1657 731 1725 Dominum,
758 1668 812 1712 et
832 1658 1072 1712 ostendit
1105 1658 1183 1711 illi
1222 1658 1481 1712 Dominus
1509 1657 1728 1726 lignum,
1758 1666 1811 1709 et
1836 1657 1979 1708 misit

337 1748 518 1803 illud
547 1750 610 1803 in
644 1764 880 1817 aquam,
907 1760 964 1803 et
995 1749 1134 1802 facta
1168 1757 1253 1801 est
1283 1748 1453 1801 dulcis
1488 1763 1648 1814 aqua.
1673 1747 1738 1800 Et
1779 1747 1872 1810 ibi,
1904 1747 1978 1798 in-

2083 673 2264 734 dilico,
2289 671 2752 738 prmvaricatorem
2787 683 2871 722 me
2899 670 3185 724 constituo.
3221 689 3239 722 ι
3274 671 3328 724 ln
3358 673 3462 724 hac
3489 686 3621 738 ergo

2083 764 2436 815 amaritudine
2479 761 2729 825 Merrbae,
2781 761 2833 815 id
2873 771 2954 815 est
2999 761 3050 814 in
3095 763 3192 816 ista
3226 762 3400 816 littera
3455 763 3618 830 legis,

2081 853 2258 918 posuit
2285 852 2420 906 Dens
2441 852 2678 920 justitias
2706 861 2760 905 et
2791 852 3113 906 testimonia.
3147 852 3259 906 Non
3289 854 3381 907 tibi
3407 853 3506 906 hoc
3537 855 3618 905 vi-

2080 940 2236 994 detur
2265 943 2461 1007 dicere,
2491 942 2616 1010 quia
2642 943 2788 998 velut
2823 944 2875 997 iu
2923 941 3140 997 vasculo
3171 945 3424 1010 quodam,
3462 944 3532 995 ita
3565 945 3616 997 iu

2080 1031 2214 1100 legis
2262 1033 2440 1086 littera
2496 1035 2767 1102 sapientiae
2809 1043 2862 1089 et
2893 1034 3128 1089 scientiae
3185 1048 3295 1088 sua:
3339 1035 3618 1087 thesauros

2081 1120 2378 1174 condiderit
2414 1121 2592 1176 Dcus?
2621 1123 2730 1176 lloc
2775 1131 2857 1176 est
2889 1137 3016 1191 ergo
3041 1123 3180 1191 quod
3210 1122 3342 1177 dicit
3365 1123 3410 1154 ⁸⁸
3443 1140 3455 1174 :
3497 1140 3516 1172 ‹
3551 1122 3618 1175 Et

2084 1208 2153 1262 ibi
2207 1209 2386 1275 posuit
2434 1211 2483 1263 ei
2535 1209 2672 1264 Deus
2702 1212 2937 1278 justitias
2983 1218 3036 1265 et
3086 1211 3410 1266 testimonia.
3452 1229 3470 1262 ι
3507 1209 3616 1264 Hoc

2083 1304 2198 1351 erat
2224 1299 2361 1364 quod
2397 1308 2449 1352 et
2475 1299 2754 1368 Apostolus
2781 1301 2993 1354 dicebat
3028 1302 3072 1332 ³⁷
3106 1317 3119 1355 :
3156 1319 3174 1352 ‹
3214 1301 3481 1356 Habemus
3521 1316 3616 1353 au-

2086 1397 2188 1440 tem
2223 1387 2528 1442 thesaurum
2561 1391 2704 1442 hunc
2727 1390 2777 1440 in
2814 1389 2954 1442 vasis
2979 1389 3250 1452 fictilibus,
3272 1398 3330 1442 ut
3366 1389 3611 1443 sublimi-

2082 1484 2162 1528 tas
2192 1475 2403 1530 virtutis
2430 1476 2521 1530 Dei
2549 1477 2638 1540 sit,
2675 1486 2730 1529 et
2758 1491 2862 1530 non
2885 1491 2950 1532 ex
2980 1478 3152 1530 nobis.
3192 1495 3210 1528 ι
3242 1477 3311 1532 Ut
3340 1493 3466 1547 ergo
3491 1492 3615 1544 pos-

2078 1566 2149 1617 sit
2173 1565 2280 1618 bibi
2306 1580 2445 1634 aqua
2476 1567 2588 1620 haec
2619 1569 2682 1620 de
2710 1566 2944 1630 Mcrrha,
2984 1569 3221 1622 ostendit
3247 1568 3386 1622 Deus
3415 1569 3612 1636 lignum

2078 1654 2216 1721 quod
2248 1653 2490 1707 mittatur
2514 1655 2566 1706 in
2607 1669 2746 1719 eam,
2787 1655 2965 1724 utqui
3003 1656 3197 1709 biberit
3225 1669 3290 1709 ne
3328 1657 3608 1718 moriatur,

2077 1757 2180 1794 non
2225 1742 2631 1796 amaritudinem
2679 1744 2894 1797 sentiat.
2938 1743 3090 1799 Unde
3123 1754 3353 1810 constat,
3388 1745 3530 1812 quod
3564 1745 3610 1797 si

351 1838 526 1905 quit,
563 1838 761 1904 posuit
800 1837 878 1890 illi
923 1836 1070 1889 Deus
1096 1833 1334 1902 justitias
1363 1841 1416 1888 et
1446 1833 1663 1899 judicia.
1697 1852 1714 1884 ι
1745 1832 1844 1896 Ibi,
1882 1833 1969 1886 ubi
2006 1819 2046 1871 Β
2075 1832 2191 1897 quis
2220 1831 2332 1883 sine
2381 1831 2523 1900 ligno
2547 1831 2686 1897 vita),
2719 1833 2768 1886 id
2830 1841 2912 1887 est
2957 1833 3072 1888 sine
3121 1834 3376 1902 mysterio
3409 1835 3609 1898 crucis,

379 1928 742 1988 amaritudo,
776 1925 873 1978 ubi
922 1924 1065 1986 sitis,
1109 1932 1166 1978 et
1203 1925 1343 1992 quod
1378 1932 1457 1978 est
1494 1925 1730 1991 gravius,
1775 1923 1890 1976 sitis
1921 1923 1973 1975 in

382 2015 745 2069 abundantia
777 2029 1072 2082 aquarum,
1107 2013 1180 2066 ibi
1216 2013 1395 2080 posuit
1419 2012 1465 2066 ci
1495 2012 1631 2065 Deus
1657 2011 1892 2078 justitias
1922 2019 1977 2064 et

374 2105 624 2173 judicia.
659 2105 823 2157 Alius
870 2118 978 2157 non
1006 2111 1128 2158 erat
1179 2104 1330 2157 locus
1360 2102 1588 2168 dignior,
1625 2103 1817 2168 aptior,
1848 2101 1974 2154 ube-

383 2195 524 2259 rior,
556 2207 730 2263 quam
756 2192 887 2255 iste,
928 2193 982 2244 in
1015 2206 1127 2260 quo
1170 2189 1474 2242 amaritudo
1521 2189 1644 2241 est?
1674 2189 1807 2240 Tutn
1853 2202 1968 2253 pro-

376 2294 577 2350 pterea
609 2281 762 2350 quod
789 2281 933 2334 dixit
960 2297 974 2332 :
1011 2298 1030 2330 ι
1072 2280 1324 2334 Ostendit
1356 2279 1428 2331 illi
1459 2277 1717 2330 Dominus
1748 2275 1971 2344 ligiium,

379 2383 440 2428 et
473 2374 632 2426 misit
664 2372 804 2425 illud
839 2372 895 2425 in
924 2386 1146 2439 aquam,
1179 2379 1232 2423 et
1269 2369 1406 2422 facta
1435 2376 1516 2422 est
1542 2367 1710 2423 dulcis
1737 2382 1907 2435 aqua;
1950 2386 1967 2418 ι

377 2463 592 2515 mirum
625 2461 926 2514 admodum
964 2469 1070 2521 est,
1117 2467 1178 2511 ut
1229 2459 1366 2512 Deus
1418 2458 1617 2525 lignum
1664 2457 1973 2510 ostenderet

376 2551 587 2620 Moysi,
623 2550 774 2616 quod
813 2549 1057 2601 mitteret
1085 2548 1140 2600 in
1164 2562 1376 2615 aquam.
1407 2555 1459 2600 et
1481 2547 1678 2600 faceret
1707 2560 1823 2598 eam
1854 2545 1971 2598 dul-

371 2653 524 2694 cem.
555 2636 797 2692 Eﬂicere
855 2637 1001 2690 Deus
1034 2651 1229 2703 aquam
1277 2635 1480 2688 dulcem
1537 2635 1653 2687 sine
1686 2634 1827 2702 ligno
1863 2649 1967 2688 non

373 2729 649 2796 poterat?
674 2728 791 2779 Aut
838 2723 1055 2793 Moyses
1090 2723 1363 2778 nesciebat
1398 2724 1621 2790 lignum,
1657 2733 1716 2774 ut
1746 2723 1794 2775 ei
1826 2719 1969 2777 Deus

373 2815 753 2871 ostenderet?
784 2815 895 2868 Sed
932 2815 1227 2867 videndum
1261 2819 1342 2864 est
1371 2811 1500 2878 quid
1550 2810 1758 2880 decoris
1788 2812 1840 2864 in
1885 2811 1967 2864 his

373 2903 627 2956 interior
653 2902 861 2956 habeat
890 2915 1102 2954 sensus.
1131 2897 1242 2970 Ego
1263 2907 1391 2966 puto
1419 2900 1559 2966 quod
1597 2899 1676 2951 lex
1712 2899 1755 2951 si
1780 2914 1968 2952 secun-

369 2991 509 3042 dum
549 2991 806 3043 litteram
842 2990 1197 3057 suscipiatur,
1229 2990 1358 3041 satis
1406 3003 1588 3040 amara
1630 2988 1717 3054 sit,
1749 2997 1805 3042 et
1849 2988 1962 3055 ipsa

362 3083 438 3134 sit
475 3080 739 3134 Merrha.
773 3079 914 3146 Quid
950 3079 1092 3132 enim
1126 3085 1235 3131 tam
1280 3094 1542 3142 amarum,
1573 3092 1728 3145 quam
1749 3087 1805 3130 ut
1829 3092 1960 3145 puer
1985 3116 2026 3172 Ο

360 3179 578 3222 octava
617 3168 712 3222 die
743 3167 1196 3222 circumcisionis
1224 3167 1418 3220 vulnus
1460 3166 1708 3233 accipiat,
1737 3176 1789 3220 et
1817 3167 1960 3232 rigo-

363 3273 494 3311 rem
528 3258 677 3312 ferri
715 3268 907 3312 tenera
944 3255 1188 3324 patiatur
1229 3255 1493 3308 infanitia?
1520 3254 1775 3307 Amarum
1807 3255 1956 3319 satis,

361 3361 420 3402 et
450 3362 824 3416 peramarum
861 3356 949 3402 eSt
979 3346 1287 3415 hujusmodi
1320 3345 1570 3413 poculum
1601 3343 1752 3413 legis,
1781 3344 1959 3396 intan-

359 3449 490 3492 tum
519 3446 584 3490 ut
609 3436 853 3505 populus
887 3435 1006 3501 Dei,
1043 3449 1146 3488 non
1190 3434 1277 3488 ille
1309 3434 1396 3502 qui
1433 3435 1485 3486 in
1517 3433 1698 3502 Moyse
1723 3434 1958 3500 baptiza-

358 3541 457 3584 tus
487 3537 584 3583 est
611 3527 667 3580 in
701 3525 841 3578 mari
881 3535 934 3578 et
964 3525 1016 3577 in
1045 3523 1208 3586 nube,
1241 3525 1331 3576 sed
1364 3524 1462 3575 iste
1488 3525 1576 3590 qui
1603 3525 1654 3576 in
1687 3526 1875 3591 spiritu
1903 3535 1956 3579 et

355 3634 512 3688 aqua
559 3616 888 3686 baptizatus
904 3621 1010 3677 est,
1040 3627 1146 3665 non
1169 3612 1339 3680 possit
1365 3611 1548 3664 bibere
1577 3611 1641 3664 de
1666 3613 1766 3666 ista
1785 3629 1951 3681 aqua;

353 3710 460 3762 sed
493 3722 570 3761 ne
595 3716 834 3775 gustare
856 3704 1075 3772 quidem
1108 3703 1173 3754 de
1229 3700 1660 3755 circumcisionis
1701 3703 1955 3754 amaritu-

355 3798 495 3850 dine
518 3802 736 3862 potest,
774 3806 954 3858 neque
995 3790 1292 3843 hostiarum
1347 3787 1490 3840 ferre
1541 3789 1950 3842 amaritudinem

352 3883 538 3945 valet,
582 3895 690 3934 nec
719 3878 952 3933 Sabbati
981 3877 1408 3931 observantiam.
1462 3877 1516 3930 Si
1548 3892 1676 3931 vero
1709 3880 1954 3932 ostendat

350 3974 513 4026 Deus
574 3972 791 4038 lignum
821 3967 966 4035 quod
999 3966 1230 4019 mittitur
1259 3967 1310 4018 iu
1341 3967 1479 4020 hanc
1517 3969 1947 4032 amaritudinem,

346 4073 415 4113 ut
441 4059 641 4113 dulcis
677 4072 814 4125 aqua
847 4057 945 4110 ﬁat
971 4055 1125 4125 legis,
1151 4065 1324 4123 p0test
1353 4055 1417 4108 de
1446 4055 1531 4107 illa
1563 4057 1763 4110 bibere.
1799 4057 1950 4122 Quod

341 4160 439 4206 est
464 4149 632 4203 istud
667 4147 890 4216 lignum,
917 4149 1063 4216 quod
1088 4145 1348 4199 Dominus
1369 4149 1606 4201 ostendit
1635 4149 1835 4217 Moysi?
1853 4149 1950 4202 Sa-

337 4241 552 4296 lomon
593 4240 792 4292 edocet
842 4252 971 4300 nos,
1007 4251 1129 4289 cum
1187 4235 1319 4290 dicit
1363 4237 1428 4288 de
1480 4237 1765 4303 sapientia,
1819 4239 1943 4304 quia

334 4349 354 4382 ι
393 4332 641 4399 lignum
673 4327 803 4379 vitae
825 4335 910 4379 est
936 4325 1188 4379 omnibus
1213 4325 1656 4392 amplectentibus
1691 4340 1807 4378 eam
1841 4326 1939 4379 ⁸⁸.»

2073 1920 2184 1972 sine
2214 1919 2316 1972 {ide
2353 1921 2574 1985 Christi,
2605 1922 2722 1976 sine
2769 1923 3121 1992 intelligentia
3157 1925 3388 1993 spiritali
3425 1925 3610 1979 bibere

2072 2007 2298 2062 voluerit
2332 2008 2553 2078 delegis
2580 2011 2780 2075 littera,
2816 2027 2909 2080 per
2939 2014 3350 2068 amaritudinem
3389 2014 3609 2066 nimiam

2071 2099 2345 2152 morietur.
2376 2099 2499 2153 llaec
2545 2100 2719 2154 sciens
2768 2101 2962 2155 Paulus
3003 2103 3274 2171 apostolus
3300 2105 3511 2158 dicebat
3538 2103 3605 2169 ⁸⁸,

2071 2187 2193 2254 quia
2223 2205 2242 2239 ι
2273 2189 2453 2241 littera
2485 2190 2699 2244 occidit.
2745 2209 2763 2242 ι
2801 2190 2910 2246 lloc
2931 2200 3012 2246 est
3044 2203 3228 2261 aperte
3252 2195 3448 2258 dicere,
3483 2195 3608 2262 quia

2072 2290 2205 2343 aqua
2237 2277 2461 2334 Merrlue
2495 2279 2712 2340 occidit,
2739 2281 2781 2333 si
2828 2296 2929 2335 non
2958 2291 3159 2335 mutata
3210 2283 3424 2337 bibatur
3449 2292 3502 2338 et
3549 2284 3604 2336 in

2071 2366 2406 2422 dulcedinem
2437 2385 2590 2424 versa
2627 2370 2805 2423 fuerit.
2853 2362 2860 2368 ”

2140 2457 2195 2512 2.
2229 2459 2332 2511 Sed
2379 2460 2504 2524 quid
2532 2461 2780 2516 addidit?
2829 2463 3115 2531 Postquam
3151 2465 3326 2524 posuit
3357 2465 3431 2518 illi
3465 2466 3604 2522 Deus

2063 2543 2298 2610 jnstitias
2335 2555 2391 2600 et
2422 2547 2618 2616 judicia
2661 2569 2673 2604 :
2722 2568 2742 2600 ι
2791 2551 2855 2604 Ει
2893 2553 2983 2616 ibi,
3037 2553 3207 2621 inquit
3234 2554 3301 2618 θ’,
3360 2554 3603 2608 tentabat

2067 2649 2185 2686 eum
2216 2636 2398 2690 dicens
2432 2652 2444 2687 :
2481 2637 2536 2691 Si
2566 2640 2744 2693 auditu
2775 2641 3012 2696 audieris
3039 2657 3222 2697 vocem
3269 2643 3477 2697 Domini
3508 2644 3600 2699 Dei

2069 2723 2163 2786 tui,
2194 2734 2248 2778 et
2270 2741 2387 2794 quae
2408 2726 2622 2794 placent
2649 2745 2830 2783 coram
2887 2731 2977 2785 illo
2997 2729 3244 2797 'feceris,
3285 2742 3338 2785 et
3367 2733 3601 2786 audieris

2067 2824 2328 2880 pra-cepta
2362 2815 2480 2883 ejus
2505 2824 2560 2868 et
2599 2818 2938 2884 custodieris,
2973 2833 3186 2872 omnem
3236 2819 3598 2873 inﬁrmitatem

2066 2915 2222 2966 quam
2251 2902 2559 2957 induxeram
2594 2905 2877 2974 Egyptiis,
2911 2920 3015 2960 non
3052 2907 3297 2962 inducam
3339 2923 3499 2976 super
3523 2917 3595 2964 te.

2065 2987 2172 3056 Ego
2206 2991 2345 3042 enim
2393 3006 2510 3045 sum
2550 2993 2805 3048 Dominus
2835 2995 2975 3050 Deus
3004 3004 3146 3058 tuus,
3175 3000 3262 3066 qui
3297 3013 3426 3053 sano
3459 3008 3529 3056 te.
3570 3020 3594 3055 ο

2069 3073 2284 3129 Videtur
2340 3078 2468 3132 mihi
2521 3094 2626 3147 quo
2669 3092 2954 3150 prospectu
2997 3084 3133 3137 datm
3181 3085 3290 3139 sint
3335 3086 3598 3154 justiﬁca—

2065 3165 2255 3229 tiones,
2281 3176 2335 3220 et
2358 3167 2584 3236 judicia,
2623 3179 2676 3224 et
2703 3173 3008 3226 testimonia
3053 3173 3186 3241 legis
3214 3189 3504 3244 exponere,
3533 3187 3595 3231 ut

2065 3263 2314 3316 tentaret.
2363 3258 2554 3325 inquit,
2585 3274 2678 3313 eos
2712 3261 2850 3315 Deus
2889 3263 2943 3338 ‘si
2987 3263 3233 3318 audirent
3261 3279 3443 3319 vocem
3491 3267 3595 3319 Do-

2059 3342 2208 3404 mini,
2232 3353 2284 3395 et
2309 3358 2427 3411 quae
2459 3347 2865 3410 mandabantur,
2884 3351 3231 3407 custodirent.
3264 3352 3396 3406 Nam
3426 3367 3594 3422 quau-

2061 3441 2170 3484 tum
2199 3435 2262 3484 ad
2298 3434 2526 3498 priorem
2572 3437 2821 3504 p0pulum
2863 3447 3090 3505 spectat,
3141 3442 3266 3508 quid
3317 3443 3396 3497 eis
3440 3445 3588 3509 boni,

2058 3530 2150 3572 aut
2201 3519 2428 3588 perfecti
2494 3525 2953 3578 murmurantibus
2996 3535 3049 3579 et
3095 3531 3588 3587 contradicentibus

2058 3609 2440 3662 mandaretur?
2496 3609 2732 3679 Denique
2784 3611 2940 3678 paulo
2983 3622 3104 3676 post
3145 3616 3306 3669 etiam
3348 3619 3415 3672 ad
3449 3620 3588 3674 idola

2056 3706 2464 3760 convertuntur,
2497 3707 2550 3752 et
2578 3698 2726 3751 obliti
2759 3700 3139 3754 beneﬁciorum
3182 3711 3235 3756 et
3263 3705 3584 3762 mirabilium

2057 3785 2148 3838 Dei
2193 3796 2352 3852 caput
2375 3787 2523 3839 vituli
2577 3796 2839 3840 statuunt.
2893 3789 3179 3858 Propterea
3222 3806 3348 3860 ergo
3391 3796 3587 3851 dantur

2053 3873 2130 3925 eis
2169 3882 2450 3940 praecepta,
2478 3873 2528 3926 in
2560 3874 2749 3940 quibus
2775 3882 3064 3929 tententur.
3089 3875 3217 3933 lude
3241 3890 3325 3934 est
3358 3885 3498 3950 quod
3529 3893 3585 3938 et

2053 3974 2148 4028 per
2184 3960 2511 4014 Ezechieletn
2541 3961 2852 4029 pr0phetam
2885 3962 3014 4016 dicit
3038 3963 3294 4021 Dominus
3310 3969 3375 4022 ad
3405 3972 3581 4037 eos",

2051 4051 2175 4118 quia
2211 4066 2229 4099 ι
2256 4050 2376 4102 dedi
2413 4051 2564 4103 vobis
2593 4058 2876 4118 praecepta,
2926 4061 2981 4104 et
3023 4053 3434 4120 iustificationes
3478 4075 3585 4116 non

2051 4141 2238 4203 bonas,
2271 4141 2322 4193 in
2345 4140 2536 4207 quibus
2562 4156 2664 4194 non
2700 4141 2890 4192 vivetis
2923 4141 2973 4193 in
3014 4147 3110 4199 eis.
3150 4162 3169 4196 ι
3197 4147 3412 4203 Tentati
3441 4151 3585 4206 enim

2053 4230 2104 4282 in
2131 4234 2413 4299 praeceptis
2451 4232 2658 4287 Domini
2705 4248 2808 4287 non
2849 4237 3194 4290 inveniuntur
3223 4241 3428 4295 lideles.
3461 4241 3584 4298 Ideo

2047 4321 2188 4372 enim
2226 4339 2244 4370 ι
2283 4322 2559 4375 inventum
2605 4334 2688 4378 est
2734 4327 2812 4379 eis
2853 4329 3156 4382 mandatum
3189 4331 3329 4397 quod
3371 4340 3487 4384 erat
3515 4334 3582 4386 ad

324 4419 385 4471 Si
427 4430 590 4482 ergo
631 4412 848 4480 lignum
889 4411 1172 4479 sapientia:
1223 4411 1471 4464 Christus
1524 4412 1742 4465 missum
1786 4413 1948 4466 fuerit
1981 4423 2023 4476 ι)
2049 4411 2229 4475 vitam,
2257 4414 2358 4466 hoc
2393 4429 2509 4468 esse
2535 4416 2600 4468 ad
2633 4427 2854 4469 mortem
2890 4419 2964 4481 εις
3002 4436 3020 4469 ι
3058 4421 3181 4488 quia
3217 4435 3376 4474 unum
3423 4431 3583 4490 atque

315 4505 372 4556 in
417 4503 592 4568 lege,
624 4507 686 4548 et
726 4495 1034 4549 ostenderit
1077 4496 1236 4548 nobis
1273 4498 1545 4562 qumnodo
1584 4497 1811 4566 intelligi
1854 4500 1948 4553 de-

306 4595 457 4647 beat
499 4586 900 4646 circumcisio,
930 4588 1203 4651 quomodo
1248 4587 1504 4649 Sabbata,
1537 4590 1806 4653 quomodo
1859 4588 1942 4641 lex

297 4683 511 4750 lepra:
543 4677 840 4732 servanda
876 4676 969 4738 sit,
1000 4676 1233 4744 qualiter
1257 4677 1440 4729 mundi
1471 4686 1522 4729 et
1544 4677 1803 4730 immundi
1832 4679 1943 4734 dis-

289 4777 560 4829 crimen
599 4767 906 4828 habeatur,
945 4773 1073 4818 tunc
1105 4764 1329 4818 efﬁcitur
1359 4779 1497 4833 aqua
1555 4763 1778 4820 Merrhze
1817 4769 1939 4821 dul-

281 4865 422 4925 cis,
461 4867 534 4912 et
576 4854 913 4907 amaritudo
945 4853 1140 4906 littera:
1170 4853 1298 4920 legis
1324 4855 1655 4906 convertitur
1675 4855 1728 4907 in
1759 4857 1939 4910 dulce-

277 4953 527 5007 dinem
567 4941 973 5010 intelligentia:
999 4939 1162 5006 152
1196 4941 1467 5008 spiritalis,
1506 4951 1560 4994 et
1596 4952 1720 4996 tunc
1766 4954 1940 5012 potest

274 5041 535 5096 bibere
570 5030 820 5101 pOpulus
848 5029 968 5082 Dei.
1002 5027 1062 5080 Si
1093 5028 1238 5079 cnim
1265 5044 1366 5081 non
1390 5030 1800 5096 interpretentur
1829 5034 1938 5088 haec

274 5122 713 5198 spiritaliter,
766 5117 1014 5186 populus
1071 5115 1168 5181 qui
1217 5115 1354 5168 idola
1409 5118 1721 5185 dereliquit,
1764 5130 1818 5174 et
1869 5125 1936 5176 ad

275 5222 512 5273 Deum
552 5208 837 5281 confugit,
872 5207 922 5261 si
958 5205 1165 5258 audiat
1204 5204 1368 5272 legem
1395 5205 1458 5260 de
1489 5209 1765 5263 sacrificiis
1803 5225 1938 5278 pra}.

277 5305 663 5375 cipientem,
701 5295 989 5353 continuo
1032 5289 1245 5356 refugit
1271 5301 1322 5344 et
1361 5308 1464 5345 non
1497 5307 1670 5360 petest
1703 5297 1886 5353 bibere
1917 5317 1930 5352 ε

376 5419 436 5448 η
463 5415 649 5474 Exod.
712 5427 812 5477 xv,
875 5407 982 5477 25-

271 5490 335 5524 ⁸³
373 5489 421 5544 ll
449 5490 584 5546 Cor.
609 5501 702 5552 ιιι,
739 5480 806 5534 6.

342 5645 471 5726 (ιε)
501 5642 706 5705 Alias,
760 5647 783 5684 ι
828 5627 897 5681 in
939 5617 1180 5687 quibus
1217 5632 1314 5674 non
1339 5622 1478 5680 vivat
1508 5628 1557 5684 in
1586 5633 1670 5690 eis.
1699 5655 1723 5688 ».

1071 5404 1124 5434 ει
1154 5405 1305 5484 ibid"
1494 5411 1712 5484 εἶρε-ον.
1748 5431 1830 5480 ιιι,
1864 5419 1949 5474 l8.

2062 5425 2066 5452 ί
2094 5424 2267 5479 Galat.
2298 5441 2358 5484 ιι.
2393 5427 2474 5478 18.
2550 5428 2594 5458 ⁸⁸
2622 5428 2788 5483 Exod.
2819 5446 2904 5484 xv.
2928 5429 3017 5480 25.

901 5476 954 5505 ⁸ο
994 5469 1192 5524 Exod.
1227 5469 1308 5538 xv,
1340 5475 1407 5527 25
1436 5485 1488 5531 et
1509 5477 1592 5535 26.
1662 5483 1702 5513 ⁹⁰
1725 5469 1948 5541 Hcecil..-

2518 5469 3128 5561 vin-{thgrll-a‘i'ucb.
3164 5469 3320 5555 1.1-1.3.

2044 4503 2180 4556 idem
2227 4504 2532 4556 mandatum
2562 4505 2603 4556 si
2633 4514 2893 4569 servetur,
2929 4508 3128 4573 vitam;
3172 4511 3218 4564 si
3251 4525 3354 4564 non
3390 4525 3579 4565 serve-

2045 4599 2147 4654 tur,
2169 4599 2388 4658 generat
2421 4602 2666 4646 mortem.
2697 4591 2996 4648 Secundum
3024 4596 3123 4651 hoc
3149 4614 3279 4668 ergo
3301 4604 3440 4668 quod
3473 4616 3581 4656 non

2041 4679 2378 4734 servantibus
2407 4690 2625 4749 generat
2647 4695 2892 4750 mortem,
2913 4689 3158 4744 dicuntur
3190 4695 3440 4749 mandata
3474 4711 3578 4748 non

2041 4769 2199 4833 bona,
2238 4769 2288 4821 in
2313 4771 2504 4836 quibus
2533 4788 2636 4825 non
2666 4772 2846 4827 vivant
2873 4777 2922 4828 in
2950 4778 3029 4831 eis
3054 4778 3186 4847 (l8).
3205 4780 3307 4834 Sed
3333 4782 3456 4850 quia
3487 4783 3581 4835 ad-

2046 4861 2259 4913 miscuit
2287 4861 2364 4914 eis
2399 4860 2599 4930 lignum
2629 4863 2803 4918 crucis
2827 4865 3047 4930 Christi,
3078 4876 3132 4921 et
3162 4869 3212 4921 in
3245 4871 3576 4926 dulcedinem

2046 4963 2201 5002 versa
2231 4959 2374 5015 sunt,
2403 4959 2456 5005 et
2484 4953 2798 5020 spiritaliter
2831 4954 3101 5008 intellecta
3132 4968 3442 5024 servantur,
3478 4975 3574 5012 ea-

2043 5038 2163 5088 dem
2192 5037 2301 5105 ipsa
2328 5041 2573 5092 mandata
2601 5042 2724 5095 vita:
2763 5043 3098 5112 appellantur
3140 5063 3153 5098 :
3200 5047 3338 5099 sicut
3371 5055 3424 5101 et
3450 5047 3577 5101 alibi

2043 5126 2166 5178 dicit
2193 5127 2236 5160 ⁹¹
2265 5145 2277 5181 :
2312 5146 2329 5178 ι
2360 5129 2518 5194 Audi,
2547 5131 2728 5196 Israel,
2750 5135 3002 5191 mandata
3039 5137 3179 5188 vitae.
3218 5155 3236 5185 ι
3268 5136 3371 5189 Sed
3395 5136 3574 5188 vidca-

2043 5231 2160 5270 mus
2183 5217 2305 5284 quid
2338 5218 2416 5271 eis
2445 5221 2776 5288 promittitur
2801 5224 2845 5278 si
2869 5234 3175 5277 serventur.
3212 5246 3230 5274 ι
3266 5222 3344 5286 Si,
3375 5223 3566 5288 inquit,

2041 5305 2379 5360 servaveritis
2406 5318 2672 5378 praecepta
2696 5326 2830 5376 mea,
2865 5329 2969 5367 non
3015 5312 3257 5366 inducam
3305 5319 3568 5374 supervos

3091 5427 3134 5456 ⁸⁷
3173 5426 3211 5477 ll
3247 5425 3372 5492 (lor.
3405 5439 3482 5492 tv,
3511 5421 3566 5479 7.
