  <div class='ocr_page' id='page_1' title='image "/cluster/home/n/w/nwhite01/storage/ocr_20150623/12 (Origen; pt. 2)/nyp.33433081862272/179.png"; bbox 0 0 3922 6250; ppageno 0'>
   <div class='ocr_carea' id='block_1_1' title="bbox 284 300 392 382">
    <p class='ocr_par' dir='ltr' id='par_1_1' title="bbox 284 300 392 382">
     <span class='ocr_line' id='line_1_1' title="bbox 284 300 392 382; baseline -0.009 -30"><span class='ocrx_word' id='word_1_1' title='bbox 284 300 392 382; x_wconf 34' lang='grc'><strong>,343</strong></span> 
     </span>
    </p>
   </div>
   <div class='ocr_carea' id='block_1_2' title="bbox 1733 291 2044 347">
    <p class='ocr_par' dir='ltr' id='par_1_2' title="bbox 1733 291 2044 347">
     <span class='ocr_line' id='line_1_2' title="bbox 1733 291 2044 347; baseline -0.006 -1"><span class='ocrx_word' id='word_1_2' title='bbox 1733 291 2044 347; x_wconf 76' lang='lat' dir='ltr'><strong>ORIGENIS</strong></span> 
     </span>
    </p>
   </div>
   <div class='ocr_carea' id='block_1_3' title="bbox 3644 254 3779 313">
    <p class='ocr_par' dir='ltr' id='par_1_3' title="bbox 3644 254 3779 313">
     <span class='ocr_line' id='line_1_3' title="bbox 3644 254 3779 313; baseline -0.015 -1"><span class='ocrx_word' id='word_1_3' title='bbox 3644 254 3779 313; x_wconf 66' lang='lat' dir='ltr'><strong>3N</strong></span> 
     </span>
    </p>
   </div>
   <div class='ocr_carea' id='block_1_4' title="bbox 292 379 3774 481">
    <p class='ocr_par' dir='ltr' id='par_1_4' title="bbox 292 379 3774 481">
     <span class='ocr_line' id='line_1_4' title="bbox 292 379 3774 481; baseline -0.005 -14"><span class='ocrx_word' id='word_1_4' title='bbox 292 427 476 467; x_wconf 87' lang='lat' dir='ltr'><strong>omnes</strong></span> <span class='ocrx_word' id='word_1_5' title='bbox 498 412 857 481; x_wconf 74' lang='lat' dir='ltr'><strong>zegritudines,</strong></span> <span class='ocrx_word' id='word_1_6' title='bbox 889 421 1021 479; x_wconf 86' lang='lat' dir='ltr'><strong>quas</strong></span> <span class='ocrx_word' id='word_1_7' title='bbox 1043 409 1222 464; x_wconf 78' lang='lat' dir='ltr'><strong>induxi</strong></span> <span class='ocrx_word' id='word_1_8' title='bbox 1247 410 1514 480; x_wconf 65' lang='lat' dir='ltr'><strong>Egyptiis</strong></span> <span class='ocrx_word' id='word_1_9' title='bbox 1535 412 1598 464; x_wconf 78' lang='lat'><strong>&quot;.</strong></span> <span class='ocrx_word' id='word_1_10' title='bbox 1629 429 1646 460; x_wconf 72' lang='grc' dir='ltr'><strong><em>ι</em></strong></span> <span class='ocrx_word' id='word_1_11' title='bbox 1682 411 1814 475; x_wconf 85' lang='lat' dir='ltr'><strong>Quid</strong></span> <span class='ocrx_word' id='word_1_12' title='bbox 1844 416 1890 470; x_wconf 81' lang='grc' dir='ltr'><strong>Α</strong></span> <span class='ocrx_word' id='word_1_13' title='bbox 1918 412 2118 465; x_wconf 88' lang='lat' dir='ltr'><strong>decima</strong></span> <span class='ocrx_word' id='word_1_14' title='bbox 2149 411 2232 464; x_wconf 88' lang='lat' dir='ltr'><strong>die</strong></span> <span class='ocrx_word' id='word_1_15' title='bbox 2262 408 2486 472; x_wconf 87' lang='lat' dir='ltr'><strong>mensis,</strong></span> <span class='ocrx_word' id='word_1_16' title='bbox 2521 399 2930 459; x_wconf 79' lang='lat' dir='ltr'><strong>mnrmuravit</strong></span> <span class='ocrx_word' id='word_1_17' title='bbox 2969 387 3311 464; x_wconf 72' lang='lat' dir='ltr'><strong>populus</strong></span> <span class='ocrx_word' id='word_1_18' title='bbox 3370 379 3774 481; x_wconf 52' lang='grc' dir='ltr'><strong>θίξνετευηι</strong></span> 
     </span>
    </p>
   </div>
   <div class='ocr_carea' id='block_1_5' title="bbox 290 498 1816 572">
    <p class='ocr_par' dir='ltr' id='par_1_5' title="bbox 290 498 1816 572">
     <span class='ocr_line' id='line_1_5' title="bbox 290 498 1816 572; baseline -0.003 -16"><span class='ocrx_word' id='word_1_19' title='bbox 290 517 416 572; x_wconf 84' lang='lat' dir='ltr'><strong>ergo</strong></span> <span class='ocrx_word' id='word_1_20' title='bbox 449 502 655 555; x_wconf 88' lang='lat' dir='ltr'><strong>videtur</strong></span> <span class='ocrx_word' id='word_1_21' title='bbox 671 502 884 554; x_wconf 90' lang='lat' dir='ltr'><strong>dicere?</strong></span> <span class='ocrx_word' id='word_1_22' title='bbox 906 500 948 553; x_wconf 98' lang='lat' dir='ltr'><strong>si</strong></span> <span class='ocrx_word' id='word_1_23' title='bbox 983 498 1102 566; x_wconf 83' lang='lat' dir='ltr'><strong>quis</strong></span> <span class='ocrx_word' id='word_1_24' title='bbox 1125 509 1298 552; x_wconf 84' lang='lat' dir='ltr'><strong>servet</strong></span> <span class='ocrx_word' id='word_1_25' title='bbox 1326 501 1591 563; x_wconf 89' lang='lat' dir='ltr'><strong>mandata,</strong></span> <span class='ocrx_word' id='word_1_26' title='bbox 1625 500 1816 552; x_wconf 90' lang='lat' dir='ltr'><strong>nullam</strong></span> 
     </span>
    </p>
   </div>
   <div class='ocr_carea' id='block_1_6' title="bbox 291 587 1819 659">
    <p class='ocr_par' dir='ltr' id='par_1_6' title="bbox 291 587 1819 659">
     <span class='ocr_line' id='line_1_6' title="bbox 291 587 1819 659; baseline -0.001 -15"><span class='ocrx_word' id='word_1_27' title='bbox 291 593 661 658; x_wconf 79' lang='lat' dir='ltr'><strong>a-gritudinem</strong></span> <span class='ocrx_word' id='word_1_28' title='bbox 701 592 966 659; x_wconf 87' lang='lat' dir='ltr'><strong>patiatur?</strong></span> <span class='ocrx_word' id='word_1_29' title='bbox 1009 591 1106 644; x_wconf 92' lang='lat' dir='ltr'><strong>hoc</strong></span> <span class='ocrx_word' id='word_1_30' title='bbox 1135 599 1234 653; x_wconf 91' lang='lat' dir='ltr'><strong>est,</strong></span> <span class='ocrx_word' id='word_1_31' title='bbox 1266 603 1439 656; x_wconf 86' lang='lat' dir='ltr'><strong>neque</strong></span> <span class='ocrx_word' id='word_1_32' title='bbox 1480 587 1691 655; x_wconf 89' lang='lat' dir='ltr'><strong>febriat,</strong></span> <span class='ocrx_word' id='word_1_33' title='bbox 1730 604 1819 642; x_wconf 81' lang='lat' dir='ltr'><strong>ne-</strong></span> 
     </span>
    </p>
   </div>
   <div class='ocr_carea' id='block_1_7' title="bbox 289 677 1816 747">
    <p class='ocr_par' dir='ltr' id='par_1_7' title="bbox 289 677 1816 747">
     <span class='ocr_line' id='line_1_7' title="bbox 289 677 1816 747; baseline -0.003 -15"><span class='ocrx_word' id='word_1_34' title='bbox 289 695 394 747; x_wconf 87' lang='lat' dir='ltr'><strong>que</strong></span> <span class='ocrx_word' id='word_1_35' title='bbox 429 679 560 732; x_wconf 87' lang='lat' dir='ltr'><strong>alios</strong></span> <span class='ocrx_word' id='word_1_36' title='bbox 589 679 803 732; x_wconf 83' lang='lat' dir='ltr'><strong>dolores</strong></span> <span class='ocrx_word' id='word_1_37' title='bbox 849 678 1096 745; x_wconf 92' lang='lat' dir='ltr'><strong>corporis</strong></span> <span class='ocrx_word' id='word_1_38' title='bbox 1147 677 1328 730; x_wconf 86' lang='lat' dir='ltr'><strong>ferat?</strong></span> <span class='ocrx_word' id='word_1_39' title='bbox 1364 677 1474 729; x_wconf 88' lang='lat' dir='ltr'><strong>Non</strong></span> <span class='ocrx_word' id='word_1_40' title='bbox 1529 686 1653 745; x_wconf 92' lang='lat' dir='ltr'><strong>puto</strong></span> <span class='ocrx_word' id='word_1_41' title='bbox 1679 679 1816 744; x_wconf 87' lang='lat' dir='ltr'><strong>quod</strong></span> 
     </span>
    </p>
   </div>
   <div class='ocr_carea' id='block_1_8' title="bbox 290 766 1818 836">
    <p class='ocr_par' dir='ltr' id='par_1_8' title="bbox 290 766 1818 836">
     <span class='ocr_line' id='line_1_8' title="bbox 290 766 1818 836; baseline -0.002 -16"><span class='ocrx_word' id='word_1_42' title='bbox 290 771 401 822; x_wconf 80' lang='lat' dir='ltr'><strong>haec</strong></span> <span class='ocrx_word' id='word_1_43' title='bbox 439 769 546 822; x_wconf 83' lang='lat' dir='ltr'><strong>sint</strong></span> <span class='ocrx_word' id='word_1_44' title='bbox 578 783 693 835; x_wconf 72' lang='lat' dir='ltr'><strong>qum</strong></span> <span class='ocrx_word' id='word_1_45' title='bbox 727 768 1102 836; x_wconf 89' lang='lat' dir='ltr'><strong>promittautur</strong></span> <span class='ocrx_word' id='word_1_46' title='bbox 1131 767 1305 820; x_wconf 83' lang='lat' dir='ltr'><strong>divina</strong></span> <span class='ocrx_word' id='word_1_47' title='bbox 1331 766 1577 819; x_wconf 86' lang='lat' dir='ltr'><strong>mandata</strong></span> <span class='ocrx_word' id='word_1_48' title='bbox 1601 781 1818 818; x_wconf 86' lang='lat' dir='ltr'><strong>servan-</strong></span> 
     </span>
    </p>
   </div>
   <div class='ocr_carea' id='block_1_9' title="bbox 290 851 1817 922">
    <p class='ocr_par' dir='ltr' id='par_1_9' title="bbox 290 851 1817 922">
     <span class='ocr_line' id='line_1_9' title="bbox 290 851 1817 922; baseline 0.001 -18"><span class='ocrx_word' id='word_1_49' title='bbox 290 853 449 907; x_wconf 91' lang='lat' dir='ltr'><strong>tibus.</strong></span> <span class='ocrx_word' id='word_1_50' title='bbox 481 854 728 922; x_wconf 79' lang='lat' dir='ltr'><strong>Alioquin</strong></span> <span class='ocrx_word' id='word_1_51' title='bbox 757 854 954 908; x_wconf 91' lang='lat' dir='ltr'><strong>indicio</strong></span> <span class='ocrx_word' id='word_1_52' title='bbox 981 855 1131 908; x_wconf 92' lang='lat' dir='ltr'><strong>nobis</strong></span> <span class='ocrx_word' id='word_1_53' title='bbox 1163 861 1244 907; x_wconf 89' lang='lat' dir='ltr'><strong>est</strong></span> <span class='ocrx_word' id='word_1_54' title='bbox 1269 851 1732 917; x_wconf 85' lang='lat' dir='ltr'><strong>Jobjustissimus,</strong></span> <span class='ocrx_word' id='word_1_55' title='bbox 1764 863 1817 906; x_wconf 85' lang='lat' dir='ltr'><strong>et</strong></span> 
     </span>
    </p>
   </div>
   <div class='ocr_carea' id='block_1_10' title="bbox 287 928 1817 1013">
    <p class='ocr_par' dir='ltr' id='par_1_10' title="bbox 287 928 1817 1013">
     <span class='ocr_line' id='line_1_10' title="bbox 287 928 1817 1013; baseline 0.001 -17"><span class='ocrx_word' id='word_1_56' title='bbox 287 945 451 998; x_wconf 88' lang='lat' dir='ltr'><strong>totius</strong></span> <span class='ocrx_word' id='word_1_57' title='bbox 522 943 736 1013; x_wconf 89' lang='lat' dir='ltr'><strong>pietatis</strong></span> <span class='ocrx_word' id='word_1_58' title='bbox 793 943 1318 1003; x_wconf 87' lang='lat' dir='ltr'><strong>observantissimus,</strong></span> <span class='ocrx_word' id='word_1_59' title='bbox 1374 928 1495 1010; x_wconf 84' lang='lat' dir='ltr'><strong>quia</strong></span> <span class='ocrx_word' id='word_1_60' title='bbox 1554 959 1584 996; x_wconf 93' lang='lat' dir='ltr'><strong>a</strong></span> <span class='ocrx_word' id='word_1_61' title='bbox 1644 943 1817 1010; x_wconf 87' lang='lat' dir='ltr'><strong>capite</strong></span> 
     </span>
    </p>
   </div>
   <div class='ocr_carea' id='block_1_11' title="bbox 286 1032 1813 1101">
    <p class='ocr_par' dir='ltr' id='par_1_11' title="bbox 286 1032 1813 1101">
     <span class='ocr_line' id='line_1_11' title="bbox 286 1032 1813 1101; baseline 0.003 -17"><span class='ocrx_word' id='word_1_62' title='bbox 286 1049 456 1101; x_wconf 90' lang='lat' dir='ltr'><strong>usque</strong></span> <span class='ocrx_word' id='word_1_63' title='bbox 489 1035 553 1087; x_wconf 89' lang='lat' dir='ltr'><strong>ad</strong></span> <span class='ocrx_word' id='word_1_64' title='bbox 592 1035 752 1100; x_wconf 86' lang='lat' dir='ltr'><strong>pedes</strong></span> <span class='ocrx_word' id='word_1_65' title='bbox 786 1034 1018 1101; x_wconf 78' lang='lat' dir='ltr'><strong>repletur</strong></span> <span class='ocrx_word' id='word_1_66' title='bbox 1049 1035 1224 1088; x_wconf 90' lang='lat' dir='ltr'><strong>ulcere</strong></span> <span class='ocrx_word' id='word_1_67' title='bbox 1262 1035 1517 1100; x_wconf 88' lang='lat' dir='ltr'><strong>pessimo.</strong></span> <span class='ocrx_word' id='word_1_68' title='bbox 1571 1032 1681 1086; x_wconf 92' lang='lat' dir='ltr'><strong>Non</strong></span> <span class='ocrx_word' id='word_1_69' title='bbox 1734 1035 1813 1088; x_wconf 89' lang='lat' dir='ltr'><strong>his</strong></span> 
     </span>
    </p>
   </div>
   <div class='ocr_carea' id='block_1_12' title="bbox 284 1122 1811 1190">
    <p class='ocr_par' dir='ltr' id='par_1_12' title="bbox 284 1122 1811 1190">
     <span class='ocr_line' id='line_1_12' title="bbox 284 1122 1811 1190; baseline -0.001 -14"><span class='ocrx_word' id='word_1_70' title='bbox 284 1137 468 1176; x_wconf 89' lang='lat' dir='ltr'><strong>carere</strong></span> <span class='ocrx_word' id='word_1_71' title='bbox 499 1124 746 1176; x_wconf 90' lang='lat' dir='ltr'><strong>dicuntur</strong></span> <span class='ocrx_word' id='word_1_72' title='bbox 779 1123 1200 1184; x_wconf 82' lang='lat' dir='ltr'><strong>inﬁrmitatibus,</strong></span> <span class='ocrx_word' id='word_1_73' title='bbox 1227 1122 1316 1190; x_wconf 89' lang='lat' dir='ltr'><strong>qui</strong></span> <span class='ocrx_word' id='word_1_74' title='bbox 1349 1123 1597 1175; x_wconf 87' lang='lat' dir='ltr'><strong>mandata</strong></span> <span class='ocrx_word' id='word_1_75' title='bbox 1629 1131 1811 1176; x_wconf 90' lang='lat' dir='ltr'><strong>custo-</strong></span> 
     </span>
    </p>
   </div>
   <div class='ocr_carea' id='block_1_13' title="bbox 287 1209 1812 1278">
    <p class='ocr_par' dir='ltr' id='par_1_13' title="bbox 287 1209 1812 1278">
     <span class='ocr_line' id='line_1_13' title="bbox 287 1209 1812 1278; baseline 0 -16"><span class='ocrx_word' id='word_1_76' title='bbox 287 1211 458 1272; x_wconf 87' lang='lat' dir='ltr'><strong>diunt,</strong></span> <span class='ocrx_word' id='word_1_77' title='bbox 492 1211 585 1264; x_wconf 85' lang='lat' dir='ltr'><strong>sed</strong></span> <span class='ocrx_word' id='word_1_78' title='bbox 636 1226 741 1264; x_wconf 88' lang='lat' dir='ltr'><strong>non</strong></span> <span class='ocrx_word' id='word_1_79' title='bbox 797 1212 1068 1265; x_wconf 87' lang='lat' dir='ltr'><strong>habebunt</strong></span> <span class='ocrx_word' id='word_1_80' title='bbox 1125 1209 1240 1264; x_wconf 85' lang='lat' dir='ltr'><strong>illas</strong></span> <span class='ocrx_word' id='word_1_81' title='bbox 1287 1210 1624 1264; x_wconf 78' lang='lat' dir='ltr'><strong>infirmitates</strong></span> <span class='ocrx_word' id='word_1_82' title='bbox 1679 1225 1812 1278; x_wconf 89' lang='lat' dir='ltr'><strong>quas</strong></span> 
     </span>
    </p>
   </div>
   <div class='ocr_carea' id='block_1_14' title="bbox 281 1298 1810 1369">
    <p class='ocr_par' dir='ltr' id='par_1_14' title="bbox 281 1298 1810 1369">
     <span class='ocr_line' id='line_1_14' title="bbox 281 1298 1810 1369; baseline 0.001 -19"><span class='ocrx_word' id='word_1_83' title='bbox 281 1298 519 1366; x_wconf 63' lang='lat' dir='ltr'><strong>ngyptii</strong></span> <span class='ocrx_word' id='word_1_84' title='bbox 553 1301 769 1354; x_wconf 90' lang='lat' dir='ltr'><strong>habent.</strong></span> <span class='ocrx_word' id='word_1_85' title='bbox 802 1301 1063 1368; x_wconf 66' lang='lat' dir='ltr'><strong>Egyptus</strong></span> <span class='ocrx_word' id='word_1_86' title='bbox 1094 1317 1326 1369; x_wconf 83' lang='lat' dir='ltr'><strong>namque</strong></span> <span class='ocrx_word' id='word_1_87' title='bbox 1356 1301 1583 1354; x_wconf 90' lang='lat' dir='ltr'><strong>mundus</strong></span> <span class='ocrx_word' id='word_1_88' title='bbox 1615 1301 1810 1368; x_wconf 78' lang='lat' dir='ltr'><strong>figura-</strong></span> 
     </span>
    </p>
   </div>
   <div class='ocr_carea' id='block_1_15' title="bbox 280 1379 1811 1459">
    <p class='ocr_par' dir='ltr' id='par_1_15' title="bbox 280 1379 1811 1459">
     <span class='ocr_line' id='line_1_15' title="bbox 280 1379 1811 1459; baseline 0.003 -20"><span class='ocrx_word' id='word_1_89' title='bbox 280 1388 404 1440; x_wconf 88' lang='lat' dir='ltr'><strong>liter</strong></span> <span class='ocrx_word' id='word_1_90' title='bbox 435 1390 751 1457; x_wconf 84' lang='lat' dir='ltr'><strong>appellatur.</strong></span> <span class='ocrx_word' id='word_1_91' title='bbox 783 1379 1013 1459; x_wconf 89' lang='lat' dir='ltr'><strong>Diligere</strong></span> <span class='ocrx_word' id='word_1_92' title='bbox 1039 1405 1168 1459; x_wconf 81' lang='lat' dir='ltr'><strong>ergo</strong></span> <span class='ocrx_word' id='word_1_93' title='bbox 1212 1392 1490 1454; x_wconf 89' lang='lat' dir='ltr'><strong>mundum,</strong></span> <span class='ocrx_word' id='word_1_94' title='bbox 1529 1401 1582 1444; x_wconf 84' lang='lat' dir='ltr'><strong>et</strong></span> <span class='ocrx_word' id='word_1_95' title='bbox 1609 1406 1668 1444; x_wconf 89' lang='lat' dir='ltr'><strong>ea</strong></span> <span class='ocrx_word' id='word_1_96' title='bbox 1696 1406 1811 1458; x_wconf 66' lang='lat' dir='ltr'><strong>quae</strong></span> 
     </span>
    </p>
   </div>
   <div class='ocr_carea' id='block_1_16' title="bbox 283 1478 1812 1548">
    <p class='ocr_par' dir='ltr' id='par_1_16' title="bbox 283 1478 1812 1548">
     <span class='ocr_line' id='line_1_16' title="bbox 283 1478 1812 1548; baseline 0.002 -20"><span class='ocrx_word' id='word_1_97' title='bbox 283 1478 334 1528; x_wconf 93' lang='lat' dir='ltr'><strong>in</strong></span> <span class='ocrx_word' id='word_1_98' title='bbox 377 1479 572 1532; x_wconf 89' lang='lat' dir='ltr'><strong>mundo</strong></span> <span class='ocrx_word' id='word_1_99' title='bbox 602 1488 746 1543; x_wconf 91' lang='lat' dir='ltr'><strong>sunt,</strong></span> <span class='ocrx_word' id='word_1_100' title='bbox 773 1479 1052 1548; x_wconf 68' lang='lat' dir='ltr'><strong>Egyptius</strong></span> <span class='ocrx_word' id='word_1_101' title='bbox 1080 1480 1300 1547; x_wconf 84' lang='lat' dir='ltr'><strong>languor</strong></span> <span class='ocrx_word' id='word_1_102' title='bbox 1327 1489 1431 1533; x_wconf 89' lang='lat' dir='ltr'><strong>est.</strong></span> <span class='ocrx_word' id='word_1_103' title='bbox 1479 1479 1599 1533; x_wconf 90' lang='lat' dir='ltr'><strong>Dies</strong></span> <span class='ocrx_word' id='word_1_104' title='bbox 1627 1479 1812 1532; x_wconf 82' lang='lat' dir='ltr'><strong>obser-</strong></span> 
     </span>
    </p>
   </div>
   <div class='ocr_carea' id='block_1_17' title="bbox 280 1567 1808 1636">
    <p class='ocr_par' dir='ltr' id='par_1_17' title="bbox 280 1567 1808 1636">
     <span class='ocr_line' id='line_1_17' title="bbox 280 1567 1808 1636; baseline 0.004 -24"><span class='ocrx_word' id='word_1_105' title='bbox 280 1579 424 1624; x_wconf 81' lang='lat' dir='ltr'><strong>\are.</strong></span> <span class='ocrx_word' id='word_1_106' title='bbox 448 1575 498 1618; x_wconf 94' lang='lat' dir='ltr'><strong>et</strong></span> <span class='ocrx_word' id='word_1_107' title='bbox 523 1581 746 1630; x_wconf 87' lang='lat' dir='ltr'><strong>menses,</strong></span> <span class='ocrx_word' id='word_1_108' title='bbox 775 1574 830 1620; x_wconf 88' lang='lat' dir='ltr'><strong>et</strong></span> <span class='ocrx_word' id='word_1_109' title='bbox 856 1576 1116 1634; x_wconf 81' lang='lat' dir='ltr'><strong>tempora,</strong></span> <span class='ocrx_word' id='word_1_110' title='bbox 1141 1569 1290 1635; x_wconf 91' lang='lat' dir='ltr'><strong>signa</strong></span> <span class='ocrx_word' id='word_1_111' title='bbox 1321 1568 1607 1636; x_wconf 85' lang='lat' dir='ltr'><strong>requirere,</strong></span> <span class='ocrx_word' id='word_1_112' title='bbox 1627 1567 1808 1620; x_wconf 73' lang='lat' dir='ltr'><strong>stella~</strong></span> 
     </span>
    </p>
   </div>
   <div class='ocr_carea' id='block_1_18' title="bbox 279 1654 1806 1725">
    <p class='ocr_par' dir='ltr' id='par_1_18' title="bbox 279 1654 1806 1725">
     <span class='ocr_line' id='line_1_18' title="bbox 279 1654 1806 1725; baseline 0 -19"><span class='ocrx_word' id='word_1_113' title='bbox 279 1669 395 1706; x_wconf 91' lang='lat' dir='ltr'><strong>rum</strong></span> <span class='ocrx_word' id='word_1_114' title='bbox 449 1656 692 1707; x_wconf 84' lang='lat' dir='ltr'><strong>cursibus</strong></span> <span class='ocrx_word' id='word_1_115' title='bbox 743 1656 1048 1718; x_wconf 66' lang='lat' dir='ltr'><strong>adhaerere,</strong></span> <span class='ocrx_word' id='word_1_116' title='bbox 1094 1654 1374 1725; x_wconf 60' lang='lat' dir='ltr'><strong>tEgyptius</strong></span> <span class='ocrx_word' id='word_1_117' title='bbox 1434 1656 1655 1723; x_wconf 82' lang='lat' dir='ltr'><strong>languor</strong></span> <span class='ocrx_word' id='word_1_118' title='bbox 1705 1665 1806 1708; x_wconf 88' lang='lat' dir='ltr'><strong>est.</strong></span> 
     </span>
    </p>
   </div>
   <div class='ocr_carea' id='block_1_19' title="bbox 277 1739 1808 1812">
    <p class='ocr_par' dir='ltr' id='par_1_19' title="bbox 277 1739 1808 1812">
     <span class='ocr_line' id='line_1_19' title="bbox 277 1739 1808 1812; baseline 0.001 -18"><span class='ocrx_word' id='word_1_119' title='bbox 277 1739 557 1796; x_wconf 83' lang='lat' dir='ltr'><strong>Deservire</strong></span> <span class='ocrx_word' id='word_1_120' title='bbox 598 1744 775 1797; x_wconf 84' lang='lat' dir='ltr'><strong>carnis</strong></span> <span class='ocrx_word' id='word_1_121' title='bbox 819 1743 1058 1806; x_wconf 72' lang='lat' dir='ltr'><strong>luntrim,</strong></span> <span class='ocrx_word' id='word_1_122' title='bbox 1099 1755 1152 1797; x_wconf 93' lang='lat' dir='ltr'><strong>et</strong></span> <span class='ocrx_word' id='word_1_123' title='bbox 1187 1745 1544 1812; x_wconf 72' lang='lat' dir='ltr'><strong>voluptatibus</strong></span> <span class='ocrx_word' id='word_1_124' title='bbox 1597 1759 1808 1811; x_wconf 81' lang='lat' dir='ltr'><strong>operam</strong></span> 
     </span>
    </p>
   </div>
   <div class='ocr_carea' id='block_1_20' title="bbox 281 1833 1810 1902">
    <p class='ocr_par' dir='ltr' id='par_1_20' title="bbox 281 1833 1810 1902">
     <span class='ocr_line' id='line_1_20' title="bbox 281 1833 1810 1902; baseline 0.003 -20"><span class='ocrx_word' id='word_1_125' title='bbox 281 1834 430 1894; x_wconf 82' lang='lat' dir='ltr'><strong>dare,</strong></span> <span class='ocrx_word' id='word_1_126' title='bbox 463 1847 654 1886; x_wconf 87' lang='lat' dir='ltr'><strong>vacare</strong></span> <span class='ocrx_word' id='word_1_127' title='bbox 681 1834 904 1895; x_wconf 90' lang='lat' dir='ltr'><strong>deliciis,</strong></span> <span class='ocrx_word' id='word_1_128' title='bbox 940 1833 1226 1902; x_wconf 60' lang='lat' dir='ltr'><strong>.‘Egyptius</strong></span> <span class='ocrx_word' id='word_1_129' title='bbox 1271 1835 1490 1902; x_wconf 91' lang='lat' dir='ltr'><strong>languor</strong></span> <span class='ocrx_word' id='word_1_130' title='bbox 1521 1845 1626 1888; x_wconf 89' lang='lat' dir='ltr'><strong>est.</strong></span> <span class='ocrx_word' id='word_1_131' title='bbox 1651 1833 1810 1888; x_wconf 88' lang='lat' dir='ltr'><strong>Caret</strong></span> 
     </span>
    </p>
   </div>
   <div class='ocr_carea' id='block_1_21' title="bbox 277 1920 1805 1990">
    <p class='ocr_par' dir='ltr' id='par_1_21' title="bbox 277 1920 1805 1990">
     <span class='ocr_line' id='line_1_21' title="bbox 277 1920 1805 1990; baseline 0.002 -20"><span class='ocrx_word' id='word_1_132' title='bbox 277 1934 404 1986; x_wconf 83' lang='lat' dir='ltr'><strong>ergo</strong></span> <span class='ocrx_word' id='word_1_133' title='bbox 434 1921 516 1972; x_wconf 71' lang='lat' dir='ltr'><strong>his</strong></span> <span class='ocrx_word' id='word_1_134' title='bbox 539 1920 932 1975; x_wconf 75' lang='lat' dir='ltr'><strong>infirmitatibus</strong></span> <span class='ocrx_word' id='word_1_135' title='bbox 957 1931 1010 1973; x_wconf 88' lang='lat' dir='ltr'><strong>et</strong></span> <span class='ocrx_word' id='word_1_136' title='bbox 1031 1921 1393 1990; x_wconf 82' lang='lat' dir='ltr'><strong>languoribus,</strong></span> <span class='ocrx_word' id='word_1_137' title='bbox 1426 1923 1516 1990; x_wconf 92' lang='lat' dir='ltr'><strong>qui</strong></span> <span class='ocrx_word' id='word_1_138' title='bbox 1561 1923 1805 1976; x_wconf 86' lang='lat' dir='ltr'><strong>mandata</strong></span> 
     </span>
    </p>
   </div>
   <div class='ocr_carea' id='block_1_22' title="bbox 277 2007 524 2060">
    <p class='ocr_par' dir='ltr' id='par_1_22' title="bbox 277 2007 524 2060">
     <span class='ocr_line' id='line_1_22' title="bbox 277 2007 524 2060; baseline 0 -2"><span class='ocrx_word' id='word_1_139' title='bbox 277 2007 524 2060; x_wconf 80' lang='lat' dir='ltr'><strong>custodit.</strong></span> 
     </span>
    </p>
   </div>
   <div class='ocr_carea' id='block_1_23' title="bbox 345 2094 1807 2165">
    <p class='ocr_par' dir='ltr' id='par_1_23' title="bbox 345 2094 1807 2165">
     <span class='ocr_line' id='line_1_23' title="bbox 345 2094 1807 2165; baseline 0.001 -17"><span class='ocrx_word' id='word_1_140' title='bbox 345 2095 399 2148; x_wconf 75' lang='grc'><strong>5.</strong></span> <span class='ocrx_word' id='word_1_141' title='bbox 448 2094 571 2148; x_wconf 89' lang='lat' dir='ltr'><strong>Post</strong></span> <span class='ocrx_word' id='word_1_142' title='bbox 619 2096 732 2149; x_wconf 67' lang='lat' dir='ltr'><strong>haec</strong></span> <span class='ocrx_word' id='word_1_143' title='bbox 774 2097 920 2160; x_wconf 88' lang='lat' dir='ltr'><strong>dicit,</strong></span> <span class='ocrx_word' id='word_1_144' title='bbox 945 2097 1070 2165; x_wconf 86' lang='lat' dir='ltr'><strong>quia</strong></span> <span class='ocrx_word' id='word_1_145' title='bbox 1101 2115 1119 2147; x_wconf 74' lang='grc' dir='ltr'><strong>ε</strong></span> <span class='ocrx_word' id='word_1_146' title='bbox 1159 2106 1419 2151; x_wconf 90' lang='lat' dir='ltr'><strong>venerunt</strong></span> <span class='ocrx_word' id='word_1_147' title='bbox 1445 2098 1496 2150; x_wconf 91' lang='lat' dir='ltr'><strong>in</strong></span> <span class='ocrx_word' id='word_1_148' title='bbox 1529 2097 1716 2162; x_wconf 86' lang='lat' dir='ltr'><strong>llclim,</strong></span> <span class='ocrx_word' id='word_1_149' title='bbox 1753 2109 1807 2152; x_wconf 92' lang='lat' dir='ltr'><strong>et</strong></span> 
     </span>
    </p>
   </div>
   <div class='ocr_carea' id='block_1_24' title="bbox 277 2185 1804 2253">
    <p class='ocr_par' dir='ltr' id='par_1_24' title="bbox 277 2185 1804 2253">
     <span class='ocr_line' id='line_1_24' title="bbox 277 2185 1804 2253; baseline 0.001 -16"><span class='ocrx_word' id='word_1_150' title='bbox 277 2193 434 2238; x_wconf 90' lang='lat' dir='ltr'><strong>erant</strong></span> <span class='ocrx_word' id='word_1_151' title='bbox 467 2185 535 2236; x_wconf 89' lang='lat' dir='ltr'><strong>ibi</strong></span> <span class='ocrx_word' id='word_1_152' title='bbox 566 2185 839 2238; x_wconf 88' lang='lat' dir='ltr'><strong>duodecim</strong></span> <span class='ocrx_word' id='word_1_153' title='bbox 873 2185 1046 2238; x_wconf 87' lang='lat' dir='ltr'><strong>fontes</strong></span> <span class='ocrx_word' id='word_1_154' title='bbox 1075 2200 1361 2252; x_wconf 89' lang='lat' dir='ltr'><strong>aquarum,</strong></span> <span class='ocrx_word' id='word_1_155' title='bbox 1387 2195 1441 2238; x_wconf 95' lang='lat' dir='ltr'><strong>et</strong></span> <span class='ocrx_word' id='word_1_156' title='bbox 1468 2187 1804 2253; x_wconf 81' lang='lat' dir='ltr'><strong>septuaginta</strong></span> 
     </span>
    </p>
   </div>
   <div class='ocr_carea' id='block_1_25' title="bbox 274 2275 1804 2342">
    <p class='ocr_par' dir='ltr' id='par_1_25' title="bbox 274 2275 1804 2342">
     <span class='ocr_line' id='line_1_25' title="bbox 274 2275 1804 2342; baseline 0.002 -16"><span class='ocrx_word' id='word_1_157' title='bbox 274 2276 496 2328; x_wconf 84' lang='lat' dir='ltr'><strong>arbores</strong></span> <span class='ocrx_word' id='word_1_158' title='bbox 508 2275 875 2341; x_wconf 75' lang='lat' dir='ltr'><strong>palmarum&quot;.</strong></span> <span class='ocrx_word' id='word_1_159' title='bbox 890 2292 908 2325; x_wconf 74' lang='grc' dir='ltr'><strong><em>ι</em></strong></span> <span class='ocrx_word' id='word_1_160' title='bbox 929 2275 1158 2328; x_wconf 86' lang='lat' dir='ltr'><strong>Putasne</strong></span> <span class='ocrx_word' id='word_1_161' title='bbox 1175 2276 1330 2328; x_wconf 89' lang='lat' dir='ltr'><strong>habet</strong></span> <span class='ocrx_word' id='word_1_162' title='bbox 1347 2276 1542 2342; x_wconf 89' lang='lat' dir='ltr'><strong>aliquid</strong></span> <span class='ocrx_word' id='word_1_163' title='bbox 1561 2276 1804 2337; x_wconf 86' lang='lat' dir='ltr'><strong>rationis,</strong></span> 
     </span>
    </p>
   </div>
   <div class='ocr_carea' id='block_1_26' title="bbox 275 2363 1806 2432">
    <p class='ocr_par' dir='ltr' id='par_1_26' title="bbox 275 2363 1806 2432">
     <span class='ocr_line' id='line_1_26' title="bbox 275 2363 1806 2432; baseline 0.001 -18"><span class='ocrx_word' id='word_1_164' title='bbox 275 2364 416 2429; x_wconf 90' lang='lat' dir='ltr'><strong>quod</strong></span> <span class='ocrx_word' id='word_1_165' title='bbox 445 2378 548 2416; x_wconf 92' lang='lat' dir='ltr'><strong>non</strong></span> <span class='ocrx_word' id='word_1_166' title='bbox 581 2374 703 2418; x_wconf 87' lang='lat' dir='ltr'><strong>ante</strong></span> <span class='ocrx_word' id='word_1_167' title='bbox 735 2364 787 2420; x_wconf 91' lang='lat' dir='ltr'><strong>in</strong></span> <span class='ocrx_word' id='word_1_168' title='bbox 818 2363 986 2416; x_wconf 86' lang='lat' dir='ltr'><strong>Helim</strong></span> <span class='ocrx_word' id='word_1_169' title='bbox 1015 2363 1228 2418; x_wconf 88' lang='lat' dir='ltr'><strong>ducitur</strong></span> <span class='ocrx_word' id='word_1_170' title='bbox 1257 2363 1500 2432; x_wconf 91' lang='lat' dir='ltr'><strong>populus,</strong></span> <span class='ocrx_word' id='word_1_171' title='bbox 1533 2363 1617 2415; x_wconf 93' lang='lat' dir='ltr'><strong>ubi</strong></span> <span class='ocrx_word' id='word_1_172' title='bbox 1653 2372 1806 2416; x_wconf 91' lang='lat' dir='ltr'><strong>erant</strong></span> 
     </span>
    </p>
   </div>
   <div class='ocr_carea' id='block_1_27' title="bbox 277 2453 1807 2521">
    <p class='ocr_par' dir='ltr' id='par_1_27' title="bbox 277 2453 1807 2521">
     <span class='ocr_line' id='line_1_27' title="bbox 277 2453 1807 2521; baseline -0.001 -14"><span class='ocrx_word' id='word_1_173' title='bbox 277 2453 555 2507; x_wconf 88' lang='lat' dir='ltr'><strong>duodecim</strong></span> <span class='ocrx_word' id='word_1_174' title='bbox 597 2454 768 2507; x_wconf 82' lang='lat' dir='ltr'><strong>fontes</strong></span> <span class='ocrx_word' id='word_1_175' title='bbox 793 2468 1078 2520; x_wconf 81' lang='lat' dir='ltr'><strong>aquarum,</strong></span> <span class='ocrx_word' id='word_1_176' title='bbox 1119 2455 1312 2521; x_wconf 87' lang='lat' dir='ltr'><strong>quibus</strong></span> <span class='ocrx_word' id='word_1_177' title='bbox 1335 2454 1465 2507; x_wconf 87' lang='lat' dir='ltr'><strong>nihil</strong></span> <span class='ocrx_word' id='word_1_178' title='bbox 1497 2455 1807 2507; x_wconf 79' lang='lat' dir='ltr'><strong>amaritudi-</strong></span> 
     </span>
    </p>
   </div>
   <div class='ocr_carea' id='block_1_28' title="bbox 277 2543 1801 2611">
    <p class='ocr_par' dir='ltr' id='par_1_28' title="bbox 277 2543 1801 2611">
     <span class='ocr_line' id='line_1_28' title="bbox 277 2543 1801 2611; baseline -0.001 -14"><span class='ocrx_word' id='word_1_179' title='bbox 277 2543 362 2597; x_wconf 89' lang='lat' dir='ltr'><strong>nis</strong></span> <span class='ocrx_word' id='word_1_180' title='bbox 388 2543 578 2605; x_wconf 89' lang='lat' dir='ltr'><strong>iucrat,</strong></span> <span class='ocrx_word' id='word_1_181' title='bbox 611 2543 718 2598; x_wconf 92' lang='lat' dir='ltr'><strong>imo</strong></span> <span class='ocrx_word' id='word_1_182' title='bbox 747 2543 922 2610; x_wconf 85' lang='lat' dir='ltr'><strong>potius</strong></span> <span class='ocrx_word' id='word_1_183' title='bbox 967 2544 1058 2598; x_wconf 89' lang='lat' dir='ltr'><strong>ubi</strong></span> <span class='ocrx_word' id='word_1_184' title='bbox 1105 2552 1223 2598; x_wconf 87' lang='lat' dir='ltr'><strong>erat</strong></span> <span class='ocrx_word' id='word_1_185' title='bbox 1264 2544 1547 2597; x_wconf 76' lang='lat' dir='ltr'><strong>amcenitas</strong></span> <span class='ocrx_word' id='word_1_186' title='bbox 1576 2543 1801 2611; x_wconf 92' lang='lat' dir='ltr'><strong>plurima</strong></span> 
     </span>
    </p>
   </div>
   <div class='ocr_carea' id='block_1_29' title="bbox 274 2631 1802 2698">
    <p class='ocr_par' dir='ltr' id='par_1_29' title="bbox 274 2631 1802 2698">
     <span class='ocr_line' id='line_1_29' title="bbox 274 2631 1802 2698; baseline -0.001 -14"><span class='ocrx_word' id='word_1_187' title='bbox 274 2645 342 2684; x_wconf 80' lang='lat' dir='ltr'><strong>ex</strong></span> <span class='ocrx_word' id='word_1_188' title='bbox 379 2631 640 2684; x_wconf 86' lang='lat' dir='ltr'><strong>densitate</strong></span> <span class='ocrx_word' id='word_1_189' title='bbox 694 2631 1028 2698; x_wconf 81' lang='lat' dir='ltr'><strong>palmarum;</strong></span> <span class='ocrx_word' id='word_1_190' title='bbox 1078 2632 1170 2685; x_wconf 87' lang='lat' dir='ltr'><strong>sed</strong></span> <span class='ocrx_word' id='word_1_191' title='bbox 1214 2632 1385 2697; x_wconf 90' lang='lat' dir='ltr'><strong>primo</strong></span> <span class='ocrx_word' id='word_1_192' title='bbox 1418 2631 1607 2685; x_wconf 90' lang='lat' dir='ltr'><strong>ductus</strong></span> <span class='ocrx_word' id='word_1_193' title='bbox 1631 2643 1712 2684; x_wconf 89' lang='lat' dir='ltr'><strong>est</strong></span> <span class='ocrx_word' id='word_1_194' title='bbox 1739 2632 1802 2683; x_wconf 88' lang='lat' dir='ltr'><strong>ad</strong></span> 
     </span>
    </p>
   </div>
   <div class='ocr_carea' id='block_1_30' title="bbox 276 2717 1802 2788">
    <p class='ocr_par' dir='ltr' id='par_1_30' title="bbox 276 2717 1802 2788">
     <span class='ocr_line' id='line_1_30' title="bbox 276 2717 1802 2788; baseline -0.001 -16"><span class='ocrx_word' id='word_1_195' title='bbox 276 2734 444 2788; x_wconf 89' lang='lat' dir='ltr'><strong>aquas</strong></span> <span class='ocrx_word' id='word_1_196' title='bbox 467 2719 639 2772; x_wconf 89' lang='lat' dir='ltr'><strong>salsas</strong></span> <span class='ocrx_word' id='word_1_197' title='bbox 666 2728 720 2771; x_wconf 91' lang='lat' dir='ltr'><strong>et</strong></span> <span class='ocrx_word' id='word_1_198' title='bbox 770 2733 1002 2782; x_wconf 88' lang='lat' dir='ltr'><strong>amaras,</strong></span> <span class='ocrx_word' id='word_1_199' title='bbox 1047 2719 1238 2786; x_wconf 92' lang='lat' dir='ltr'><strong>quibus</strong></span> <span class='ocrx_word' id='word_1_200' title='bbox 1287 2731 1381 2785; x_wconf 89' lang='lat' dir='ltr'><strong>per</strong></span> <span class='ocrx_word' id='word_1_201' title='bbox 1420 2717 1619 2786; x_wconf 82' lang='lat' dir='ltr'><strong>lignum</strong></span> <span class='ocrx_word' id='word_1_202' title='bbox 1651 2732 1802 2770; x_wconf 76' lang='lat' dir='ltr'><strong>nion-</strong></span> 
     </span>
    </p>
   </div>
   <div class='ocr_carea' id='block_1_31' title="bbox 274 2804 1804 2873">
    <p class='ocr_par' dir='ltr' id='par_1_31' title="bbox 274 2804 1804 2873">
     <span class='ocr_line' id='line_1_31' title="bbox 274 2804 1804 2873; baseline -0.003 -11"><span class='ocrx_word' id='word_1_203' title='bbox 274 2815 504 2862; x_wconf 80' lang='lat' dir='ltr'><strong>stratum</strong></span> <span class='ocrx_word' id='word_1_204' title='bbox 531 2820 558 2858; x_wconf 89' lang='lat' dir='ltr'><strong>a</strong></span> <span class='ocrx_word' id='word_1_205' title='bbox 601 2806 821 2860; x_wconf 91' lang='lat' dir='ltr'><strong>Domino</strong></span> <span class='ocrx_word' id='word_1_206' title='bbox 851 2806 1090 2859; x_wconf 83' lang='lat' dir='ltr'><strong>dulcibus</strong></span> <span class='ocrx_word' id='word_1_207' title='bbox 1127 2804 1346 2871; x_wconf 82' lang='lat' dir='ltr'><strong>eﬂ&#39;ectis,</strong></span> <span class='ocrx_word' id='word_1_208' title='bbox 1383 2814 1562 2873; x_wconf 85' lang='lat' dir='ltr'><strong>postea</strong></span> <span class='ocrx_word' id='word_1_209' title='bbox 1596 2805 1804 2859; x_wconf 84' lang='lat' dir='ltr'><strong>venitur</strong></span> 
     </span>
    </p>
   </div>
   <div class='ocr_carea' id='block_1_32' title="bbox 277 2891 1802 2960">
    <p class='ocr_par' dir='ltr' id='par_1_32' title="bbox 277 2891 1802 2960">
     <span class='ocr_line' id='line_1_32' title="bbox 277 2891 1802 2960; baseline -0.004 -10"><span class='ocrx_word' id='word_1_210' title='bbox 277 2897 345 2950; x_wconf 79' lang='lat' dir='ltr'><strong>ad</strong></span> <span class='ocrx_word' id='word_1_211' title='bbox 369 2893 572 2949; x_wconf 84' lang='lat' dir='ltr'><strong>fontes?</strong></span> <span class='ocrx_word' id='word_1_212' title='bbox 601 2891 657 2948; x_wconf 89' lang='lat' dir='ltr'><strong>Si</strong></span> <span class='ocrx_word' id='word_1_213' title='bbox 690 2893 966 2948; x_wconf 88' lang='lat' dir='ltr'><strong>historiam</strong></span> <span class='ocrx_word' id='word_1_214' title='bbox 998 2894 1165 2948; x_wconf 89' lang='lat' dir='ltr'><strong>solam</strong></span> <span class='ocrx_word' id='word_1_215' title='bbox 1206 2907 1509 2960; x_wconf 86' lang='lat' dir='ltr'><strong>sequamur,</strong></span> <span class='ocrx_word' id='word_1_216' title='bbox 1538 2909 1640 2949; x_wconf 91' lang='lat' dir='ltr'><strong>non</strong></span> <span class='ocrx_word' id='word_1_217' title='bbox 1669 2896 1802 2946; x_wconf 69' lang='lat' dir='ltr'><strong>mul-</strong></span> 
     </span>
    </p>
   </div>
   <div class='ocr_carea' id='block_1_33' title="bbox 277 2981 1875 3072">
    <p class='ocr_par' dir='ltr' id='par_1_33' title="bbox 277 2981 1875 3072">
     <span class='ocr_line' id='line_1_33' title="bbox 277 2981 1875 3072; baseline -0.001 -35"><span class='ocrx_word' id='word_1_218' title='bbox 277 2995 389 3039; x_wconf 91' lang='lat' dir='ltr'><strong>tum</strong></span> <span class='ocrx_word' id='word_1_219' title='bbox 413 2997 507 3037; x_wconf 92' lang='lat' dir='ltr'><strong>nos</strong></span> <span class='ocrx_word' id='word_1_220' title='bbox 535 2983 760 3036; x_wconf 62' lang='lat' dir='ltr'><strong>aediﬁcat</strong></span> <span class='ocrx_word' id='word_1_221' title='bbox 785 2985 926 3037; x_wconf 88' lang='lat' dir='ltr'><strong>scire</strong></span> <span class='ocrx_word' id='word_1_222' title='bbox 952 2982 1017 3035; x_wconf 90' lang='lat' dir='ltr'><strong>ad</strong></span> <span class='ocrx_word' id='word_1_223' title='bbox 1047 2996 1204 3049; x_wconf 92' lang='lat' dir='ltr'><strong>quem</strong></span> <span class='ocrx_word' id='word_1_224' title='bbox 1234 2981 1406 3035; x_wconf 90' lang='lat' dir='ltr'><strong>locum</strong></span> <span class='ocrx_word' id='word_1_225' title='bbox 1441 2983 1612 3050; x_wconf 92' lang='lat' dir='ltr'><strong>primo</strong></span> <span class='ocrx_word' id='word_1_226' title='bbox 1643 2997 1799 3038; x_wconf 87' lang='lat' dir='ltr'><strong>vene-</strong></span> <span class='ocrx_word' id='word_1_227' title='bbox 1833 3016 1875 3072; x_wconf 64' lang='grc' dir='ltr'>ο</span> 
     </span>
    </p>
   </div>
   <div class='ocr_carea' id='block_1_34' title="bbox 279 3071 1805 3138">
    <p class='ocr_par' dir='ltr' id='par_1_34' title="bbox 279 3071 1805 3138">
     <span class='ocr_line' id='line_1_34' title="bbox 279 3071 1805 3138; baseline 0 -10"><span class='ocrx_word' id='word_1_228' title='bbox 279 3075 372 3138; x_wconf 91' lang='lat' dir='ltr'><strong>rit,</strong></span> <span class='ocrx_word' id='word_1_229' title='bbox 403 3081 456 3128; x_wconf 90' lang='lat' dir='ltr'><strong>et</strong></span> <span class='ocrx_word' id='word_1_230' title='bbox 482 3073 547 3125; x_wconf 87' lang='lat' dir='ltr'><strong>ad</strong></span> <span class='ocrx_word' id='word_1_231' title='bbox 597 3085 754 3137; x_wconf 89' lang='lat' dir='ltr'><strong>quem</strong></span> <span class='ocrx_word' id='word_1_232' title='bbox 805 3071 1059 3126; x_wconf 89' lang='lat' dir='ltr'><strong>secundo.</strong></span> <span class='ocrx_word' id='word_1_233' title='bbox 1099 3071 1157 3124; x_wconf 89' lang='lat' dir='ltr'><strong>Si</strong></span> <span class='ocrx_word' id='word_1_234' title='bbox 1189 3086 1316 3127; x_wconf 92' lang='lat' dir='ltr'><strong>vero</strong></span> <span class='ocrx_word' id='word_1_235' title='bbox 1357 3074 1610 3125; x_wconf 88' lang='lat' dir='ltr'><strong>rimemur</strong></span> <span class='ocrx_word' id='word_1_236' title='bbox 1637 3073 1688 3126; x_wconf 90' lang='lat' dir='ltr'><strong>in</strong></span> <span class='ocrx_word' id='word_1_237' title='bbox 1722 3073 1805 3128; x_wconf 92' lang='lat' dir='ltr'><strong>his</strong></span> 
     </span>
    </p>
   </div>
   <div class='ocr_carea' id='block_1_35' title="bbox 277 3161 1807 3233">
    <p class='ocr_par' dir='ltr' id='par_1_35' title="bbox 277 3161 1807 3233">
     <span class='ocr_line' id='line_1_35' title="bbox 277 3161 1807 3233; baseline -0.001 -17"><span class='ocrx_word' id='word_1_238' title='bbox 277 3163 588 3233; x_wconf 86' lang='lat' dir='ltr'><strong>mysterium</strong></span> <span class='ocrx_word' id='word_1_239' title='bbox 617 3163 808 3225; x_wconf 88' lang='lat' dir='ltr'><strong>latens,</strong></span> <span class='ocrx_word' id='word_1_240' title='bbox 835 3161 1132 3215; x_wconf 81' lang='lat' dir='ltr'><strong>invenimus</strong></span> <span class='ocrx_word' id='word_1_241' title='bbox 1161 3162 1401 3215; x_wconf 86' lang='lat' dir='ltr'><strong>ordinem</strong></span> <span class='ocrx_word' id='word_1_242' title='bbox 1450 3162 1591 3216; x_wconf 80' lang='lat' dir='ltr'><strong>ﬁdei.</strong></span> <span class='ocrx_word' id='word_1_243' title='bbox 1629 3163 1807 3216; x_wconf 88' lang='lat' dir='ltr'><strong>Primo</strong></span> 
     </span>
    </p>
   </div>
   <div class='ocr_carea' id='block_1_36' title="bbox 277 3249 1810 3320">
    <p class='ocr_par' dir='ltr' id='par_1_36' title="bbox 277 3249 1810 3320">
     <span class='ocr_line' id='line_1_36' title="bbox 277 3249 1810 3320; baseline -0.001 -13"><span class='ocrx_word' id='word_1_244' title='bbox 277 3253 421 3308; x_wconf 89' lang='lat' dir='ltr'><strong>enim</strong></span> <span class='ocrx_word' id='word_1_245' title='bbox 453 3253 667 3307; x_wconf 89' lang='lat' dir='ltr'><strong>ducitur</strong></span> <span class='ocrx_word' id='word_1_246' title='bbox 689 3250 911 3318; x_wconf 91' lang='lat' dir='ltr'><strong>populus</strong></span> <span class='ocrx_word' id='word_1_247' title='bbox 942 3251 1006 3302; x_wconf 89' lang='lat' dir='ltr'><strong>ad</strong></span> <span class='ocrx_word' id='word_1_248' title='bbox 1042 3249 1279 3305; x_wconf 89' lang='lat' dir='ltr'><strong>litteram</strong></span> <span class='ocrx_word' id='word_1_249' title='bbox 1311 3251 1462 3320; x_wconf 83' lang='lat' dir='ltr'><strong>legis.</strong></span> <span class='ocrx_word' id='word_1_250' title='bbox 1487 3251 1566 3304; x_wconf 88' lang='lat' dir='ltr'><strong>Ab</strong></span> <span class='ocrx_word' id='word_1_251' title='bbox 1599 3251 1696 3307; x_wconf 89' lang='lat' dir='ltr'><strong>hac</strong></span> <span class='ocrx_word' id='word_1_252' title='bbox 1725 3252 1810 3306; x_wconf 92' lang='lat' dir='ltr'><strong>lit-</strong></span> 
     </span>
    </p>
   </div>
   <div class='ocr_carea' id='block_1_37' title="bbox 277 3338 1808 3409">
    <p class='ocr_par' dir='ltr' id='par_1_37' title="bbox 277 3338 1808 3409">
     <span class='ocr_line' id='line_1_37' title="bbox 277 3338 1808 3409; baseline -0.002 -13"><span class='ocrx_word' id='word_1_253' title='bbox 277 3349 396 3398; x_wconf 84' lang='lat' dir='ltr'><strong>tera</strong></span> <span class='ocrx_word' id='word_1_254' title='bbox 419 3341 575 3409; x_wconf 88' lang='lat' dir='ltr'><strong>legis,</strong></span> <span class='ocrx_word' id='word_1_255' title='bbox 604 3341 776 3394; x_wconf 88' lang='lat' dir='ltr'><strong>donec</strong></span> <span class='ocrx_word' id='word_1_256' title='bbox 805 3348 1080 3408; x_wconf 89' lang='lat' dir='ltr'><strong>permanet</strong></span> <span class='ocrx_word' id='word_1_257' title='bbox 1105 3338 1157 3392; x_wconf 90' lang='lat' dir='ltr'><strong>in</strong></span> <span class='ocrx_word' id='word_1_258' title='bbox 1191 3340 1544 3393; x_wconf 87' lang='lat' dir='ltr'><strong>amaritudine</strong></span> <span class='ocrx_word' id='word_1_259' title='bbox 1571 3355 1688 3404; x_wconf 87' lang='lat' dir='ltr'><strong>sua,</strong></span> <span class='ocrx_word' id='word_1_260' title='bbox 1722 3355 1808 3393; x_wconf 88' lang='lat' dir='ltr'><strong>re-</strong></span> 
     </span>
    </p>
   </div>
   <div class='ocr_carea' id='block_1_38' title="bbox 281 3427 1808 3498">
    <p class='ocr_par' dir='ltr' id='par_1_38' title="bbox 281 3427 1808 3498">
     <span class='ocr_line' id='line_1_38' title="bbox 281 3427 1808 3498; baseline -0.001 -14"><span class='ocrx_word' id='word_1_261' title='bbox 281 3431 477 3484; x_wconf 87' lang='lat' dir='ltr'><strong>cedere</strong></span> <span class='ocrx_word' id='word_1_262' title='bbox 497 3445 600 3486; x_wconf 91' lang='lat' dir='ltr'><strong>non</strong></span> <span class='ocrx_word' id='word_1_263' title='bbox 629 3437 835 3498; x_wconf 87' lang='lat' dir='ltr'><strong>potest;</strong></span> <span class='ocrx_word' id='word_1_264' title='bbox 873 3442 996 3481; x_wconf 89' lang='lat' dir='ltr'><strong>cum</strong></span> <span class='ocrx_word' id='word_1_265' title='bbox 1030 3442 1156 3480; x_wconf 90' lang='lat' dir='ltr'><strong>vero</strong></span> <span class='ocrx_word' id='word_1_266' title='bbox 1191 3442 1285 3496; x_wconf 89' lang='lat' dir='ltr'><strong>per</strong></span> <span class='ocrx_word' id='word_1_267' title='bbox 1319 3427 1517 3496; x_wconf 81' lang='lat' dir='ltr'><strong>lignum</strong></span> <span class='ocrx_word' id='word_1_268' title='bbox 1549 3430 1668 3482; x_wconf 73' lang='lat' dir='ltr'><strong>vitze</strong></span> <span class='ocrx_word' id='word_1_269' title='bbox 1694 3430 1808 3483; x_wconf 90' lang='lat' dir='ltr'><strong>dul-</strong></span> 
     </span>
    </p>
   </div>
   <div class='ocr_carea' id='block_1_39' title="bbox 282 3515 1808 3587">
    <p class='ocr_par' dir='ltr' id='par_1_39' title="bbox 282 3515 1808 3587">
     <span class='ocr_line' id='line_1_39' title="bbox 282 3515 1808 3587; baseline 0 -15"><span class='ocrx_word' id='word_1_270' title='bbox 282 3519 364 3572; x_wconf 88' lang='lat' dir='ltr'><strong>cis</strong></span> <span class='ocrx_word' id='word_1_271' title='bbox 396 3518 557 3572; x_wconf 86' lang='lat' dir='ltr'><strong>fuerit</strong></span> <span class='ocrx_word' id='word_1_272' title='bbox 583 3516 792 3582; x_wconf 80' lang='lat' dir='ltr'><strong>eﬂ‘ecta,</strong></span> <span class='ocrx_word' id='word_1_273' title='bbox 822 3525 876 3572; x_wconf 90' lang='lat' dir='ltr'><strong>et</strong></span> <span class='ocrx_word' id='word_1_274' title='bbox 922 3515 1148 3583; x_wconf 87' lang='lat' dir='ltr'><strong>intelligi</strong></span> <span class='ocrx_word' id='word_1_275' title='bbox 1175 3515 1258 3568; x_wconf 78' lang='lat' dir='ltr'><strong>lex</strong></span> <span class='ocrx_word' id='word_1_276' title='bbox 1295 3516 1608 3582; x_wconf 86' lang='lat' dir='ltr'><strong>spiritaliter</strong></span> <span class='ocrx_word' id='word_1_277' title='bbox 1635 3532 1808 3587; x_wconf 67' lang='lat' dir='ltr'><strong>cmpe-</strong></span> 
     </span>
    </p>
   </div>
   <div class='ocr_carea' id='block_1_40' title="bbox 281 3604 1804 3673">
    <p class='ocr_par' dir='ltr' id='par_1_40' title="bbox 281 3604 1804 3673">
     <span class='ocr_line' id='line_1_40' title="bbox 281 3604 1804 3673; baseline -0.002 -11"><span class='ocrx_word' id='word_1_278' title='bbox 281 3607 374 3670; x_wconf 89' lang='lat' dir='ltr'><strong>rit,</strong></span> <span class='ocrx_word' id='word_1_279' title='bbox 406 3615 531 3662; x_wconf 92' lang='lat' dir='ltr'><strong>tunc</strong></span> <span class='ocrx_word' id='word_1_280' title='bbox 565 3607 629 3660; x_wconf 92' lang='lat' dir='ltr'><strong>de</strong></span> <span class='ocrx_word' id='word_1_281' title='bbox 647 3607 820 3660; x_wconf 87' lang='lat' dir='ltr'><strong>Veteri</strong></span> <span class='ocrx_word' id='word_1_282' title='bbox 843 3604 1176 3660; x_wconf 88' lang='lat' dir='ltr'><strong>Testamento</strong></span> <span class='ocrx_word' id='word_1_283' title='bbox 1206 3607 1465 3660; x_wconf 88' lang='lat' dir='ltr'><strong>transitur</strong></span> <span class='ocrx_word' id='word_1_284' title='bbox 1491 3607 1555 3660; x_wconf 91' lang='lat' dir='ltr'><strong>ad</strong></span> <span class='ocrx_word' id='word_1_285' title='bbox 1579 3608 1804 3673; x_wconf 84' lang='lat' dir='ltr'><strong>Novum,</strong></span> 
     </span>
    </p>
   </div>
   <div class='ocr_carea' id='block_1_41' title="bbox 277 3694 1805 3763">
    <p class='ocr_par' dir='ltr' id='par_1_41' title="bbox 277 3694 1805 3763">
     <span class='ocr_line' id='line_1_41' title="bbox 277 3694 1805 3763; baseline -0.001 -12"><span class='ocrx_word' id='word_1_286' title='bbox 277 3705 333 3751; x_wconf 90' lang='lat' dir='ltr'><strong>et</strong></span> <span class='ocrx_word' id='word_1_287' title='bbox 357 3698 566 3754; x_wconf 80' lang='lat' dir='ltr'><strong>venitur</strong></span> <span class='ocrx_word' id='word_1_288' title='bbox 590 3696 655 3750; x_wconf 88' lang='lat' dir='ltr'><strong>ad</strong></span> <span class='ocrx_word' id='word_1_289' title='bbox 683 3694 958 3751; x_wconf 89' lang='lat' dir='ltr'><strong>duodecim</strong></span> <span class='ocrx_word' id='word_1_290' title='bbox 981 3695 1298 3763; x_wconf 89' lang='lat' dir='ltr'><strong>apostolicos</strong></span> <span class='ocrx_word' id='word_1_291' title='bbox 1329 3698 1520 3749; x_wconf 92' lang='lat' dir='ltr'><strong>l&#39;ontes.</strong></span> <span class='ocrx_word' id='word_1_292' title='bbox 1545 3695 1617 3748; x_wconf 91' lang='lat' dir='ltr'><strong>lbi</strong></span> <span class='ocrx_word' id='word_1_293' title='bbox 1645 3697 1805 3750; x_wconf 90' lang='lat' dir='ltr'><strong>etiam</strong></span> 
     </span>
    </p>
   </div>
   <div class='ocr_carea' id='block_1_42' title="bbox 279 3783 1802 3852">
    <p class='ocr_par' dir='ltr' id='par_1_42' title="bbox 279 3783 1802 3852">
     <span class='ocr_line' id='line_1_42' title="bbox 279 3783 1802 3852; baseline -0.002 -10"><span class='ocrx_word' id='word_1_294' title='bbox 279 3784 498 3843; x_wconf 70' lang='lat' dir='ltr'><strong>arbores</strong></span> <span class='ocrx_word' id='word_1_295' title='bbox 548 3784 882 3852; x_wconf 86' lang='lat' dir='ltr'><strong>reperientur</strong></span> <span class='ocrx_word' id='word_1_296' title='bbox 930 3783 1261 3852; x_wconf 88' lang='lat' dir='ltr'><strong>septuaginta</strong></span> <span class='ocrx_word' id='word_1_297' title='bbox 1311 3783 1630 3850; x_wconf 86' lang='lat' dir='ltr'><strong>palmarum.</strong></span> <span class='ocrx_word' id='word_1_298' title='bbox 1690 3785 1802 3839; x_wconf 75' lang='lat' dir='ltr'><strong>Non</strong></span> 
     </span>
    </p>
   </div>
   <div class='ocr_carea' id='block_1_43' title="bbox 275 3871 1806 3942">
    <p class='ocr_par' dir='ltr' id='par_1_43' title="bbox 275 3871 1806 3942">
     <span class='ocr_line' id='line_1_43' title="bbox 275 3871 1806 3942; baseline 0.001 -15"><span class='ocrx_word' id='word_1_299' title='bbox 275 3875 420 3928; x_wconf 88' lang='lat' dir='ltr'><strong>enim</strong></span> <span class='ocrx_word' id='word_1_300' title='bbox 448 3874 548 3928; x_wconf 91' lang='lat' dir='ltr'><strong>soli</strong></span> <span class='ocrx_word' id='word_1_301' title='bbox 575 3874 854 3928; x_wconf 89' lang='lat' dir='ltr'><strong>duodecim</strong></span> <span class='ocrx_word' id='word_1_302' title='bbox 879 3871 1099 3942; x_wconf 84' lang='lat' dir='ltr'><strong>apostoli</strong></span> <span class='ocrx_word' id='word_1_303' title='bbox 1127 3872 1280 3926; x_wconf 87' lang='lat' dir='ltr'><strong>Iidem</strong></span> <span class='ocrx_word' id='word_1_304' title='bbox 1309 3872 1504 3926; x_wconf 90' lang='lat' dir='ltr'><strong>Christi</strong></span> <span class='ocrx_word' id='word_1_305' title='bbox 1547 3875 1806 3941; x_wconf 65' lang='lat' dir='ltr'><strong>praedica-</strong></span> 
     </span>
    </p>
   </div>
   <div class='ocr_carea' id='block_1_44' title="bbox 278 3961 1795 4028">
    <p class='ocr_par' dir='ltr' id='par_1_44' title="bbox 278 3961 1795 4028">
     <span class='ocr_line' id='line_1_44' title="bbox 278 3961 1795 4028; baseline 0.001 -15"><span class='ocrx_word' id='word_1_306' title='bbox 278 3972 492 4025; x_wconf 89' lang='lat' dir='ltr'><strong>verunt,</strong></span> <span class='ocrx_word' id='word_1_307' title='bbox 515 3966 608 4016; x_wconf 84' lang='lat' dir='ltr'><strong>sed</strong></span> <span class='ocrx_word' id='word_1_308' title='bbox 635 3971 688 4016; x_wconf 92' lang='lat' dir='ltr'><strong>et</strong></span> <span class='ocrx_word' id='word_1_309' title='bbox 713 3962 802 4013; x_wconf 89' lang='lat' dir='ltr'><strong>alii</strong></span> <span class='ocrx_word' id='word_1_310' title='bbox 839 3961 1175 4028; x_wconf 87' lang='lat' dir='ltr'><strong>septuaginta</strong></span> <span class='ocrx_word' id='word_1_311' title='bbox 1216 3961 1363 4014; x_wconf 87' lang='lat' dir='ltr'><strong>missi</strong></span> <span class='ocrx_word' id='word_1_312' title='bbox 1396 3962 1462 4014; x_wconf 89' lang='lat' dir='ltr'><strong>ad</strong></span> <span class='ocrx_word' id='word_1_313' title='bbox 1496 3963 1795 4028; x_wconf 76' lang='lat' dir='ltr'><strong>praedican-</strong></span> 
     </span>
    </p>
   </div>
   <div class='ocr_carea' id='block_1_45' title="bbox 278 4045 1808 4112">
    <p class='ocr_par' dir='ltr' id='par_1_45' title="bbox 278 4045 1808 4112">
     <span class='ocr_line' id='line_1_45' title="bbox 278 4045 1808 4112; baseline -0.003 -10"><span class='ocrx_word' id='word_1_314' title='bbox 278 4048 404 4102; x_wconf 89' lang='lat' dir='ltr'><strong>dum</strong></span> <span class='ocrx_word' id='word_1_315' title='bbox 434 4050 655 4106; x_wconf 86' lang='lat' dir='ltr'><strong>verbum</strong></span> <span class='ocrx_word' id='word_1_316' title='bbox 702 4046 795 4098; x_wconf 85' lang='lat' dir='ltr'><strong>Dei</strong></span> <span class='ocrx_word' id='word_1_317' title='bbox 837 4045 1166 4108; x_wconf 88' lang='lat' dir='ltr'><strong>referuntur,</strong></span> <span class='ocrx_word' id='word_1_318' title='bbox 1209 4058 1304 4110; x_wconf 91' lang='lat' dir='ltr'><strong>per</strong></span> <span class='ocrx_word' id='word_1_319' title='bbox 1336 4058 1468 4110; x_wconf 84' lang='lat' dir='ltr'><strong>quos</strong></span> <span class='ocrx_word' id='word_1_320' title='bbox 1499 4045 1702 4112; x_wconf 88' lang='lat' dir='ltr'><strong>palmas</strong></span> <span class='ocrx_word' id='word_1_321' title='bbox 1737 4048 1808 4097; x_wconf 82' lang='lat' dir='ltr'><strong>vi-</strong></span> 
     </span>
    </p>
   </div>
   <div class='ocr_carea' id='block_1_46' title="bbox 279 4133 1808 4202">
    <p class='ocr_par' dir='ltr' id='par_1_46' title="bbox 279 4133 1808 4202">
     <span class='ocr_line' id='line_1_46' title="bbox 279 4133 1808 4202; baseline -0.001 -13"><span class='ocrx_word' id='word_1_322' title='bbox 279 4138 463 4190; x_wconf 66' lang='lat' dir='ltr'><strong>ctoria:</strong></span> <span class='ocrx_word' id='word_1_323' title='bbox 501 4135 696 4192; x_wconf 87' lang='lat' dir='ltr'><strong>Christi</strong></span> <span class='ocrx_word' id='word_1_324' title='bbox 736 4135 964 4186; x_wconf 90' lang='lat' dir='ltr'><strong>mundus</strong></span> <span class='ocrx_word' id='word_1_325' title='bbox 995 4144 1324 4200; x_wconf 90' lang='lat' dir='ltr'><strong>agnosceret.</strong></span> <span class='ocrx_word' id='word_1_326' title='bbox 1355 4133 1467 4187; x_wconf 91' lang='lat' dir='ltr'><strong>Non</strong></span> <span class='ocrx_word' id='word_1_327' title='bbox 1502 4150 1627 4202; x_wconf 85' lang='lat' dir='ltr'><strong>ergo</strong></span> <span class='ocrx_word' id='word_1_328' title='bbox 1661 4136 1808 4189; x_wconf 85' lang='lat' dir='ltr'><strong>sulli-</strong></span> 
     </span>
    </p>
   </div>
   <div class='ocr_carea' id='block_1_47' title="bbox 283 4222 1803 4294">
    <p class='ocr_par' dir='ltr' id='par_1_47' title="bbox 283 4222 1803 4294">
     <span class='ocr_line' id='line_1_47' title="bbox 283 4222 1803 4294; baseline 0 -16"><span class='ocrx_word' id='word_1_329' title='bbox 283 4226 358 4278; x_wconf 91' lang='lat' dir='ltr'><strong>cit</strong></span> <span class='ocrx_word' id='word_1_330' title='bbox 407 4224 602 4294; x_wconf 87' lang='lat' dir='ltr'><strong>populo</strong></span> <span class='ocrx_word' id='word_1_331' title='bbox 630 4223 720 4278; x_wconf 90' lang='lat' dir='ltr'><strong>Dei</strong></span> <span class='ocrx_word' id='word_1_332' title='bbox 753 4237 943 4291; x_wconf 88' lang='lat' dir='ltr'><strong>aquam</strong></span> <span class='ocrx_word' id='word_1_333' title='bbox 973 4222 1197 4280; x_wconf 73' lang='lat' dir='ltr'><strong>Merrha:</strong></span> <span class='ocrx_word' id='word_1_334' title='bbox 1221 4225 1426 4288; x_wconf 87' lang='lat' dir='ltr'><strong>bibere,</strong></span> <span class='ocrx_word' id='word_1_335' title='bbox 1463 4226 1708 4292; x_wconf 88' lang='lat' dir='ltr'><strong>quamvis</strong></span> <span class='ocrx_word' id='word_1_336' title='bbox 1753 4228 1803 4279; x_wconf 93' lang='lat' dir='ltr'><strong>in</strong></span> 
     </span>
    </p>
   </div>
   <div class='ocr_carea' id='block_1_48' title="bbox 1919 473 3770 568">
    <p class='ocr_par' dir='ltr' id='par_1_48' title="bbox 1919 473 3770 568">
     <span class='ocr_line' id='line_1_48' title="bbox 1919 473 3770 568; baseline -0.019 -15"><span class='ocrx_word' id='word_1_337' title='bbox 1919 501 2148 568; x_wconf 80' lang='lat' dir='ltr'><strong>Moysem</strong></span> <span class='ocrx_word' id='word_1_338' title='bbox 2183 500 2406 553; x_wconf 90' lang='lat' dir='ltr'><strong>dicens:</strong></span> <span class='ocrx_word' id='word_1_339' title='bbox 2442 496 2668 550; x_wconf 86' lang='lat' dir='ltr'><strong>Utinam</strong></span> <span class='ocrx_word' id='word_1_340' title='bbox 2707 488 2938 546; x_wconf 85' lang='lat' dir='ltr'><strong>mortui</strong></span> <span class='ocrx_word' id='word_1_341' title='bbox 2975 484 3413 538; x_wconf 81' lang='lat' dir='ltr'><strong>fuissemus</strong></span> <span class='ocrx_word' id='word_1_342' title='bbox 3452 473 3529 568; x_wconf 73' lang='lat' dir='ltr'><strong>in</strong></span> <span class='ocrx_word' id='word_1_343' title='bbox 3584 477 3770 568; x_wconf 79' lang='lat' dir='ltr'><strong>terra</strong></span> 
     </span>
    </p>
   </div>
   <div class='ocr_carea' id='block_1_49' title="bbox 1914 560 3770 660">
    <p class='ocr_par' dir='ltr' id='par_1_49' title="bbox 1914 560 3770 660">
     <span class='ocr_line' id='line_1_49' title="bbox 1914 560 3770 660; baseline -0.019 -14"><span class='ocrx_word' id='word_1_344' title='bbox 1914 560 2165 660; x_wconf 64' lang='lat' dir='ltr'><strong>Egypti,</strong></span> <span class='ocrx_word' id='word_1_345' title='bbox 2219 603 2340 642; x_wconf 90' lang='lat' dir='ltr'><strong>cum</strong></span> <span class='ocrx_word' id='word_1_346' title='bbox 2385 586 2708 640; x_wconf 87' lang='lat' dir='ltr'><strong>sederemus</strong></span> <span class='ocrx_word' id='word_1_347' title='bbox 2755 592 2945 648; x_wconf 88' lang='lat' dir='ltr'><strong>super</strong></span> <span class='ocrx_word' id='word_1_348' title='bbox 3013 571 3220 627; x_wconf 84' lang='lat' dir='ltr'><strong>ollas</strong></span> <span class='ocrx_word' id='word_1_349' title='bbox 3301 560 3574 660; x_wconf 64' lang='lat' dir='ltr'><strong>carnis</strong></span> <span class='ocrx_word' id='word_1_350' title='bbox 3609 599 3632 623; x_wconf 90' lang='lat'><strong>,</strong></span> <span class='ocrx_word' id='word_1_351' title='bbox 3662 565 3770 660; x_wconf 42' lang='grc' dir='ltr'><strong>,ει</strong></span> 
     </span>
    </p>
   </div>
   <div class='ocr_carea' id='block_1_50' title="bbox 1918 651 3768 742">
    <p class='ocr_par' dir='ltr' id='par_1_50' title="bbox 1918 651 3768 742">
     <span class='ocr_line' id='line_1_50' title="bbox 1918 651 3768 742; baseline -0.018 -9"><span class='ocrx_word' id='word_1_352' title='bbox 1918 651 2366 733; x_wconf 65' lang='lat' dir='ltr'><strong>manducaremus</strong></span> <span class='ocrx_word' id='word_1_353' title='bbox 2395 687 2568 742; x_wconf 88' lang='lat' dir='ltr'><strong>panes</strong></span> <span class='ocrx_word' id='word_1_354' title='bbox 2597 673 2664 724; x_wconf 89' lang='lat' dir='ltr'><strong>ad</strong></span> <span class='ocrx_word' id='word_1_355' title='bbox 2695 669 3102 724; x_wconf 84' lang='lat' dir='ltr'><strong>satietatem,</strong></span> <span class='ocrx_word' id='word_1_356' title='bbox 3155 674 3266 727; x_wconf 87' lang='lat' dir='ltr'><strong>qn</strong></span> <span class='ocrx_word' id='word_1_357' title='bbox 3281 655 3551 710; x_wconf 88' lang='lat' dir='ltr'><strong>oniam</strong></span> <span class='ocrx_word' id='word_1_358' title='bbox 3592 651 3768 703; x_wconf 85' lang='lat' dir='ltr'><strong>edu-</strong></span> 
     </span>
    </p>
   </div>
   <div class='ocr_carea' id='block_1_51' title="bbox 1914 743 3764 822">
    <p class='ocr_par' dir='ltr' id='par_1_51' title="bbox 1914 743 3764 822">
     <span class='ocr_line' id='line_1_51' title="bbox 1914 743 3764 822; baseline -0.016 -3"><span class='ocrx_word' id='word_1_359' title='bbox 1914 767 2036 820; x_wconf 77' lang='lat' dir='ltr'><strong>xisti</strong></span> <span class='ocrx_word' id='word_1_360' title='bbox 2074 780 2170 819; x_wconf 91' lang='lat' dir='ltr'><strong>nos</strong></span> <span class='ocrx_word' id='word_1_361' title='bbox 2202 765 2254 818; x_wconf 94' lang='lat' dir='ltr'><strong>in</strong></span> <span class='ocrx_word' id='word_1_362' title='bbox 2287 743 2561 816; x_wconf 80' lang='lat' dir='ltr'><strong>desertum</strong></span> <span class='ocrx_word' id='word_1_363' title='bbox 2594 759 2737 822; x_wconf 92' lang='lat' dir='ltr'><strong>hoc,</strong></span> <span class='ocrx_word' id='word_1_364' title='bbox 2775 765 3012 808; x_wconf 85' lang='lat' dir='ltr'><strong>necare</strong></span> <span class='ocrx_word' id='word_1_365' title='bbox 3056 757 3393 802; x_wconf 86' lang='lat' dir='ltr'><strong>omnem</strong></span> <span class='ocrx_word' id='word_1_366' title='bbox 3446 752 3764 810; x_wconf 74' lang='lat' dir='ltr'><strong>synago-</strong></span> 
     </span>
    </p>
   </div>
   <div class='ocr_carea' id='block_1_52' title="bbox 1915 1017 3774 1102">
    <p class='ocr_par' dir='ltr' id='par_1_52' title="bbox 1915 1017 3774 1102">
     <span class='ocr_line' id='line_1_52' title="bbox 1915 1017 3774 1102; baseline -0.013 -18"><span class='ocrx_word' id='word_1_367' title='bbox 1915 1034 2069 1096; x_wconf 89' lang='lat' dir='ltr'><strong>vcrit,</strong></span> <span class='ocrx_word' id='word_1_368' title='bbox 2098 1042 2154 1086; x_wconf 91' lang='lat' dir='ltr'><strong>et</strong></span> <span class='ocrx_word' id='word_1_369' title='bbox 2185 1034 2425 1098; x_wconf 86' lang='lat' dir='ltr'><strong>ingratus</strong></span> <span class='ocrx_word' id='word_1_370' title='bbox 2459 1029 2626 1082; x_wconf 87' lang='lat' dir='ltr'><strong>fuerit</strong></span> <span class='ocrx_word' id='word_1_371' title='bbox 2655 1025 2975 1080; x_wconf 81' lang='lat' dir='ltr'><strong>beneficiis</strong></span> <span class='ocrx_word' id='word_1_372' title='bbox 3016 1017 3360 1078; x_wconf 83' lang='lat' dir='ltr'><strong>divinis,</strong></span> <span class='ocrx_word' id='word_1_373' title='bbox 3409 1027 3583 1067; x_wconf 87' lang='lat' dir='ltr'><strong>cum</strong></span> 
     </span>
    </p>
   </div>
   <div class='ocr_carea' id='block_1_53' title="bbox 1913 1099 3770 1186">
    <p class='ocr_par' dir='ltr' id='par_1_53' title="bbox 1913 1099 3770 1186">
     <span class='ocr_line' id='line_1_53' title="bbox 1913 1099 3770 1186; baseline -0.013 -10"><span class='ocrx_word' id='word_1_374' title='bbox 1913 1125 2044 1177; x_wconf 83' lang='lat' dir='ltr'><strong>leste</strong></span> <span class='ocrx_word' id='word_1_375' title='bbox 2077 1136 2273 1174; x_wconf 88' lang='lat' dir='ltr'><strong>manna</strong></span> <span class='ocrx_word' id='word_1_376' title='bbox 2307 1120 2650 1186; x_wconf 86' lang='lat' dir='ltr'><strong>susciperet;</strong></span> <span class='ocrx_word' id='word_1_377' title='bbox 2685 1116 2822 1184; x_wconf 89' lang='lat' dir='ltr'><strong>quid</strong></span> <span class='ocrx_word' id='word_1_378' title='bbox 2863 1115 3077 1166; x_wconf 84' lang='lat' dir='ltr'><strong>etiam</strong></span> <span class='ocrx_word' id='word_1_379' title='bbox 3134 1109 3319 1162; x_wconf 83' lang='lat' dir='ltr'><strong>dies</strong></span> <span class='ocrx_word' id='word_1_380' title='bbox 3396 1099 3770 1170; x_wconf 17' lang='lat' dir='ltr'><strong>describi—o</strong></span> 
     </span>
    </p>
   </div>
   <div class='ocr_carea' id='block_1_54' title="bbox 1913 1190 3768 1273">
    <p class='ocr_par' dir='ltr' id='par_1_54' title="bbox 1913 1190 3768 1273">
     <span class='ocr_line' id='line_1_54' title="bbox 1913 1190 3768 1273; baseline -0.012 -11"><span class='ocrx_word' id='word_1_381' title='bbox 1913 1220 2022 1271; x_wconf 90' lang='lat' dir='ltr'><strong>tur,</strong></span> <span class='ocrx_word' id='word_1_382' title='bbox 2051 1210 2100 1260; x_wconf 91' lang='lat' dir='ltr'><strong>in</strong></span> <span class='ocrx_word' id='word_1_383' title='bbox 2136 1223 2240 1273; x_wconf 90' lang='lat' dir='ltr'><strong>qua</strong></span> <span class='ocrx_word' id='word_1_384' title='bbox 2265 1205 2688 1258; x_wconf 86' lang='lat' dir='ltr'><strong>murmuraverit</strong></span> <span class='ocrx_word' id='word_1_385' title='bbox 2728 1202 2992 1271; x_wconf 90' lang='lat' dir='ltr'><strong>populus</strong></span> <span class='ocrx_word' id='word_1_386' title='bbox 3018 1199 3050 1252; x_wconf 84' lang='lat'><strong>?</strong></span> <span class='ocrx_word' id='word_1_387' title='bbox 3099 1215 3128 1248; x_wconf 68' lang='grc' dir='ltr'><strong>α</strong></span> <span class='ocrx_word' id='word_1_388' title='bbox 3196 1195 3604 1252; x_wconf 87' lang='lat' dir='ltr'><strong>Secundo,</strong></span> <span class='ocrx_word' id='word_1_389' title='bbox 3658 1190 3768 1273; x_wconf 40' lang='lat' dir='ltr'><strong>ina:</strong></span> 
     </span>
    </p>
   </div>
   <div class='ocr_carea' id='block_1_55' title="bbox 1911 1263 3769 1366">
    <p class='ocr_par' dir='ltr' id='par_1_55' title="bbox 1911 1263 3769 1366">
     <span class='ocr_line' id='line_1_55' title="bbox 1911 1263 3769 1366; baseline -0.01 -19"><span class='ocrx_word' id='word_1_390' title='bbox 1911 1300 2049 1366; x_wconf 82' lang='lat' dir='ltr'><strong>quit,</strong></span> <span class='ocrx_word' id='word_1_391' title='bbox 2079 1310 2282 1357; x_wconf 88' lang='lat' dir='ltr'><strong>mense,</strong></span> <span class='ocrx_word' id='word_1_392' title='bbox 2321 1293 2728 1362; x_wconf 87' lang='lat' dir='ltr'><strong>quintadecima</strong></span> <span class='ocrx_word' id='word_1_393' title='bbox 2764 1292 2856 1344; x_wconf 89' lang='lat' dir='ltr'><strong>die</strong></span> <span class='ocrx_word' id='word_1_394' title='bbox 2893 1287 3215 1342; x_wconf 84' lang='lat' dir='ltr'><strong>mensis.</strong></span> <span class='ocrx_word' id='word_1_395' title='bbox 3267 1303 3296 1336; x_wconf 66' lang='grc' dir='ltr'><strong><em>ι</em></strong></span> <span class='ocrx_word' id='word_1_396' title='bbox 3358 1280 3579 1346; x_wconf 83' lang='lat' dir='ltr'><strong>Quod</strong></span> <span class='ocrx_word' id='word_1_397' title='bbox 3620 1263 3769 1352; x_wconf 46' lang='lat' dir='ltr'><strong>uti-1</strong></span> 
     </span>
    </p>
   </div>
   <div class='ocr_carea' id='block_1_56' title="bbox 1911 1371 3758 1456">
    <p class='ocr_par' dir='ltr' id='par_1_56' title="bbox 1911 1371 3758 1456">
     <span class='ocr_line' id='line_1_56' title="bbox 1911 1371 3758 1456; baseline -0.007 -19"><span class='ocrx_word' id='word_1_398' title='bbox 1911 1404 2014 1456; x_wconf 87' lang='lat' dir='ltr'><strong>que</strong></span> <span class='ocrx_word' id='word_1_399' title='bbox 2063 1403 2164 1439; x_wconf 88' lang='lat' dir='ltr'><strong>non</strong></span> <span class='ocrx_word' id='word_1_400' title='bbox 2213 1387 2417 1451; x_wconf 91' lang='lat' dir='ltr'><strong>absque</strong></span> <span class='ocrx_word' id='word_1_401' title='bbox 2453 1383 2667 1436; x_wconf 91' lang='lat' dir='ltr'><strong>ratione</strong></span> <span class='ocrx_word' id='word_1_402' title='bbox 2712 1380 3021 1448; x_wconf 84' lang='lat' dir='ltr'><strong>scriptum</strong></span> <span class='ocrx_word' id='word_1_403' title='bbox 3088 1386 3253 1430; x_wconf 88' lang='lat' dir='ltr'><strong>est.</strong></span> <span class='ocrx_word' id='word_1_404' title='bbox 3331 1371 3758 1426; x_wconf 78' lang='lat' dir='ltr'><strong>Recordare</strong></span> 
     </span>
    </p>
   </div>
   <div class='ocr_carea' id='block_1_57' title="bbox 1910 1460 3754 1544">
    <p class='ocr_par' dir='ltr' id='par_1_57' title="bbox 1910 1460 3754 1544">
     <span class='ocr_line' id='line_1_57' title="bbox 1910 1460 3754 1544; baseline -0.012 -13"><span class='ocrx_word' id='word_1_405' title='bbox 1910 1479 1974 1530; x_wconf 87' lang='lat' dir='ltr'><strong>de</strong></span> <span class='ocrx_word' id='word_1_406' title='bbox 2003 1477 2208 1544; x_wconf 80' lang='lat' dir='ltr'><strong>legibus</strong></span> <span class='ocrx_word' id='word_1_407' title='bbox 2237 1473 2453 1526; x_wconf 73' lang='lat' dir='ltr'><strong>Pascha:</strong></span> <span class='ocrx_word' id='word_1_408' title='bbox 2474 1486 2596 1540; x_wconf 66' lang='lat' dir='ltr'><strong>qua:</strong></span> <span class='ocrx_word' id='word_1_409' title='bbox 2627 1471 2840 1537; x_wconf 83' lang='lat' dir='ltr'><strong>scripta</strong></span> <span class='ocrx_word' id='word_1_410' title='bbox 2875 1476 3074 1529; x_wconf 85' lang='lat' dir='ltr'><strong>sunt,</strong></span> <span class='ocrx_word' id='word_1_411' title='bbox 3118 1473 3201 1519; x_wconf 86' lang='lat' dir='ltr'><strong>et</strong></span> <span class='ocrx_word' id='word_1_412' title='bbox 3241 1461 3596 1516; x_wconf 87' lang='lat' dir='ltr'><strong>invenies</strong></span> <span class='ocrx_word' id='word_1_413' title='bbox 3632 1460 3754 1521; x_wconf 85' lang='lat' dir='ltr'><strong>ibi,</strong></span> 
     </span>
    </p>
   </div>
   <div class='ocr_carea' id='block_1_58' title="bbox 1909 1550 3756 1630">
    <p class='ocr_par' dir='ltr' id='par_1_58' title="bbox 1909 1550 3756 1630">
     <span class='ocr_line' id='line_1_58' title="bbox 1909 1550 3756 1630; baseline -0.008 -13"><span class='ocrx_word' id='word_1_414' title='bbox 1909 1567 2008 1619; x_wconf 89' lang='lat' dir='ltr'><strong>hoc</strong></span> <span class='ocrx_word' id='word_1_415' title='bbox 2053 1581 2171 1618; x_wconf 85' lang='lat' dir='ltr'><strong>esse</strong></span> <span class='ocrx_word' id='word_1_416' title='bbox 2203 1575 2416 1630; x_wconf 89' lang='lat' dir='ltr'><strong>tempus</strong></span> <span class='ocrx_word' id='word_1_417' title='bbox 2446 1561 2590 1628; x_wconf 90' lang='lat' dir='ltr'><strong>quod</strong></span> <span class='ocrx_word' id='word_1_418' title='bbox 2642 1559 2924 1613; x_wconf 86' lang='lat' dir='ltr'><strong>statuitur</strong></span> <span class='ocrx_word' id='word_1_419' title='bbox 2979 1557 3074 1610; x_wconf 88' lang='lat' dir='ltr'><strong>ad</strong></span> <span class='ocrx_word' id='word_1_420' title='bbox 3137 1552 3584 1610; x_wconf 82' lang='lat' dir='ltr'><strong>secundum</strong></span> <span class='ocrx_word' id='word_1_421' title='bbox 3627 1550 3756 1603; x_wconf 78' lang='lat' dir='ltr'><strong>Pa-</strong></span> 
     </span>
    </p>
   </div>
   <div class='ocr_carea' id='block_1_59' title="bbox 1909 1644 3752 1720">
    <p class='ocr_par' dir='ltr' id='par_1_59' title="bbox 1909 1644 3752 1720">
     <span class='ocr_line' id='line_1_59' title="bbox 1909 1644 3752 1720; baseline -0.01 -9"><span class='ocrx_word' id='word_1_422' title='bbox 1909 1657 2036 1711; x_wconf 89' lang='lat' dir='ltr'><strong>scha</strong></span> <span class='ocrx_word' id='word_1_423' title='bbox 2070 1646 2368 1708; x_wconf 84' lang='lat' dir='ltr'><strong>faciendum</strong></span> <span class='ocrx_word' id='word_1_424' title='bbox 2409 1652 2492 1705; x_wconf 90' lang='lat' dir='ltr'><strong>his</strong></span> <span class='ocrx_word' id='word_1_425' title='bbox 2519 1651 2611 1720; x_wconf 91' lang='lat' dir='ltr'><strong>qui</strong></span> <span class='ocrx_word' id='word_1_426' title='bbox 2650 1650 2940 1704; x_wconf 89' lang='lat' dir='ltr'><strong>immundi</strong></span> <span class='ocrx_word' id='word_1_427' title='bbox 2978 1649 3055 1700; x_wconf 90' lang='lat' dir='ltr'><strong>in</strong></span> <span class='ocrx_word' id='word_1_428' title='bbox 3105 1647 3393 1700; x_wconf 88' lang='lat' dir='ltr'><strong>anima</strong></span> <span class='ocrx_word' id='word_1_429' title='bbox 3449 1644 3752 1704; x_wconf 79' lang='lat' dir='ltr'><strong>fuerint,</strong></span> 
     </span>
    </p>
   </div>
   <div class='ocr_carea' id='block_1_60' title="bbox 1915 1738 3749 1814">
    <p class='ocr_par' dir='ltr' id='par_1_60' title="bbox 1915 1738 3749 1814">
     <span class='ocr_line' id='line_1_60' title="bbox 1915 1738 3749 1814; baseline -0.006 -15"><span class='ocrx_word' id='word_1_430' title='bbox 1915 1750 1998 1802; x_wconf 92' lang='lat' dir='ltr'><strong>vel</strong></span> <span class='ocrx_word' id='word_1_431' title='bbox 2029 1749 2275 1812; x_wconf 89' lang='lat' dir='ltr'><strong>occupati</strong></span> <span class='ocrx_word' id='word_1_432' title='bbox 2331 1746 2382 1798; x_wconf 91' lang='lat' dir='ltr'><strong>in</strong></span> <span class='ocrx_word' id='word_1_433' title='bbox 2431 1745 2667 1814; x_wconf 87' lang='lat' dir='ltr'><strong>negotiis</strong></span> <span class='ocrx_word' id='word_1_434' title='bbox 2716 1741 3128 1810; x_wconf 85' lang='lat' dir='ltr'><strong>peregrinis.</strong></span> <span class='ocrx_word' id='word_1_435' title='bbox 3190 1738 3346 1804; x_wconf 86' lang='lat' dir='ltr'><strong>Qui</strong></span> <span class='ocrx_word' id='word_1_436' title='bbox 3390 1753 3574 1808; x_wconf 83' lang='lat' dir='ltr'><strong>ergo</strong></span> <span class='ocrx_word' id='word_1_437' title='bbox 3619 1753 3749 1791; x_wconf 85' lang='lat' dir='ltr'><strong>non</strong></span> 
     </span>
    </p>
   </div>
   <div class='ocr_carea' id='block_1_61' title="bbox 1913 1827 3757 1896">
    <p class='ocr_par' dir='ltr' id='par_1_61' title="bbox 1913 1827 3757 1896">
     <span class='ocr_line' id='line_1_61' title="bbox 1913 1827 3757 1896; baseline -0.006 -7"><span class='ocrx_word' id='word_1_438' title='bbox 1913 1837 2130 1889; x_wconf 87' lang='lat' dir='ltr'><strong>fuerunt</strong></span> <span class='ocrx_word' id='word_1_439' title='bbox 2157 1833 2412 1887; x_wconf 89' lang='lat' dir='ltr'><strong>immundi</strong></span> <span class='ocrx_word' id='word_1_440' title='bbox 2448 1834 2502 1887; x_wconf 92' lang='lat' dir='ltr'><strong>in</strong></span> <span class='ocrx_word' id='word_1_441' title='bbox 2533 1833 2739 1894; x_wconf 87' lang='lat' dir='ltr'><strong>anima,</strong></span> <span class='ocrx_word' id='word_1_442' title='bbox 2788 1830 2882 1883; x_wconf 79' lang='lat' dir='ltr'><strong>vel</strong></span> <span class='ocrx_word' id='word_1_443' title='bbox 2933 1844 3080 1883; x_wconf 89' lang='lat' dir='ltr'><strong>non</strong></span> <span class='ocrx_word' id='word_1_444' title='bbox 3142 1829 3383 1894; x_wconf 80' lang='lat' dir='ltr'><strong>longe</strong></span> <span class='ocrx_word' id='word_1_445' title='bbox 3432 1827 3757 1896; x_wconf 81' lang='lat' dir='ltr'><strong>peregri-</strong></span> 
     </span>
    </p>
   </div>
   <div class='ocr_carea' id='block_1_62' title="bbox 1915 1917 3745 1991">
    <p class='ocr_par' dir='ltr' id='par_1_62' title="bbox 1915 1917 3745 1991">
     <span class='ocr_line' id='line_1_62' title="bbox 1915 1917 3745 1991; baseline -0.004 -13"><span class='ocrx_word' id='word_1_446' title='bbox 1915 1928 2218 1987; x_wconf 85' lang='lat' dir='ltr'><strong>nabantur,</strong></span> <span class='ocrx_word' id='word_1_447' title='bbox 2253 1922 2662 1991; x_wconf 88' lang='lat' dir='ltr'><strong>quartadecima</strong></span> <span class='ocrx_word' id='word_1_448' title='bbox 2695 1920 2788 1974; x_wconf 87' lang='lat' dir='ltr'><strong>die</strong></span> <span class='ocrx_word' id='word_1_449' title='bbox 2835 1918 3038 1986; x_wconf 85' lang='lat' dir='ltr'><strong>primi</strong></span> <span class='ocrx_word' id='word_1_450' title='bbox 3103 1918 3422 1972; x_wconf 81' lang='lat' dir='ltr'><strong>mensis</strong></span> <span class='ocrx_word' id='word_1_451' title='bbox 3481 1917 3745 1971; x_wconf 78' lang='lat' dir='ltr'><strong>Pascha</strong></span> 
     </span>
    </p>
   </div>
   <div class='ocr_carea' id='block_1_63' title="bbox 1913 2005 3750 2076">
    <p class='ocr_par' dir='ltr' id='par_1_63' title="bbox 1913 2005 3750 2076">
     <span class='ocr_line' id='line_1_63' title="bbox 1913 2005 3750 2076; baseline -0.005 -10"><span class='ocrx_word' id='word_1_452' title='bbox 1913 2017 2172 2066; x_wconf 85' lang='lat' dir='ltr'><strong>fecerunt.</strong></span> <span class='ocrx_word' id='word_1_453' title='bbox 2205 2011 2303 2076; x_wconf 87' lang='lat' dir='ltr'><strong>Qui</strong></span> <span class='ocrx_word' id='word_1_454' title='bbox 2333 2020 2508 2062; x_wconf 88' lang='lat' dir='ltr'><strong>autem</strong></span> <span class='ocrx_word' id='word_1_455' title='bbox 2543 2009 2700 2075; x_wconf 84' lang='lat' dir='ltr'><strong>longe</strong></span> <span class='ocrx_word' id='word_1_456' title='bbox 2738 2005 3447 2074; x_wconf 78' lang='lat' dir='ltr'><strong>peregrinabantur,</strong></span> <span class='ocrx_word' id='word_1_457' title='bbox 3489 2017 3566 2060; x_wconf 88' lang='lat' dir='ltr'><strong>et</strong></span> <span class='ocrx_word' id='word_1_458' title='bbox 3611 2007 3750 2058; x_wconf 82' lang='lat' dir='ltr'><strong>im-</strong></span> 
     </span>
    </p>
   </div>
   <div class='ocr_carea' id='block_1_64' title="bbox 1912 2096 3749 2167">
    <p class='ocr_par' dir='ltr' id='par_1_64' title="bbox 1912 2096 3749 2167">
     <span class='ocr_line' id='line_1_64' title="bbox 1912 2096 3749 2167; baseline -0.004 -9"><span class='ocrx_word' id='word_1_459' title='bbox 1912 2105 2091 2158; x_wconf 91' lang='lat' dir='ltr'><strong>mundi</strong></span> <span class='ocrx_word' id='word_1_460' title='bbox 2123 2113 2297 2167; x_wconf 89' lang='lat' dir='ltr'><strong>erant,</strong></span> <span class='ocrx_word' id='word_1_461' title='bbox 2327 2101 2620 2155; x_wconf 89' lang='lat' dir='ltr'><strong>secundum</strong></span> <span class='ocrx_word' id='word_1_462' title='bbox 2653 2097 2876 2151; x_wconf 84' lang='lat' dir='ltr'><strong>Pascha</strong></span> <span class='ocrx_word' id='word_1_463' title='bbox 2912 2097 2981 2150; x_wconf 89' lang='lat' dir='ltr'><strong>in</strong></span> <span class='ocrx_word' id='word_1_464' title='bbox 3027 2097 3184 2151; x_wconf 86' lang='lat' dir='ltr'><strong>hoc</strong></span> <span class='ocrx_word' id='word_1_465' title='bbox 3244 2105 3600 2166; x_wconf 76' lang='lat' dir='ltr'><strong>tempore</strong></span> <span class='ocrx_word' id='word_1_466' title='bbox 3647 2096 3749 2152; x_wconf 82' lang='lat' dir='ltr'><strong>fa-</strong></span> 
     </span>
    </p>
   </div>
   <div class='ocr_carea' id='block_1_65' title="bbox 1910 2185 3746 2260">
    <p class='ocr_par' dir='ltr' id='par_1_65' title="bbox 1910 2185 3746 2260">
     <span class='ocr_line' id='line_1_65' title="bbox 1910 2185 3746 2260; baseline -0.003 -15"><span class='ocrx_word' id='word_1_467' title='bbox 1910 2192 2080 2253; x_wconf 88' lang='lat' dir='ltr'><strong>ciunt,</strong></span> <span class='ocrx_word' id='word_1_468' title='bbox 2113 2207 2220 2260; x_wconf 82' lang='lat' dir='ltr'><strong>quo</strong></span> <span class='ocrx_word' id='word_1_469' title='bbox 2258 2199 2312 2243; x_wconf 90' lang='lat' dir='ltr'><strong>et</strong></span> <span class='ocrx_word' id='word_1_470' title='bbox 2339 2203 2533 2244; x_wconf 89' lang='lat' dir='ltr'><strong>manna</strong></span> <span class='ocrx_word' id='word_1_471' title='bbox 2565 2189 2633 2240; x_wconf 88' lang='lat' dir='ltr'><strong>de</strong></span> <span class='ocrx_word' id='word_1_472' title='bbox 2661 2186 2808 2240; x_wconf 60' lang='lat' dir='ltr'><strong>caelo</strong></span> <span class='ocrx_word' id='word_1_473' title='bbox 2851 2185 3283 2240; x_wconf 85' lang='lat' dir='ltr'><strong>descendit.</strong></span> <span class='ocrx_word' id='word_1_474' title='bbox 3329 2186 3415 2240; x_wconf 90' lang='lat' dir='ltr'><strong>In</strong></span> <span class='ocrx_word' id='word_1_475' title='bbox 3459 2188 3580 2239; x_wconf 87' lang='lat' dir='ltr'><strong>die</strong></span> <span class='ocrx_word' id='word_1_476' title='bbox 3610 2204 3746 2254; x_wconf 87' lang='lat' dir='ltr'><strong>quo</strong></span> 
     </span>
    </p>
   </div>
   <div class='ocr_carea' id='block_1_66' title="bbox 1911 2275 3739 2348">
    <p class='ocr_par' dir='ltr' id='par_1_66' title="bbox 1911 2275 3739 2348">
     <span class='ocr_line' id='line_1_66' title="bbox 1911 2275 3739 2348; baseline 0 -16"><span class='ocrx_word' id='word_1_477' title='bbox 1911 2283 2138 2348; x_wconf 89' lang='lat' dir='ltr'><strong>primum</strong></span> <span class='ocrx_word' id='word_1_478' title='bbox 2170 2280 2374 2334; x_wconf 90' lang='lat' dir='ltr'><strong>Pascha</strong></span> <span class='ocrx_word' id='word_1_479' title='bbox 2420 2278 2500 2342; x_wconf 78' lang='lat' dir='ltr'><strong>fit,</strong></span> <span class='ocrx_word' id='word_1_480' title='bbox 2529 2291 2636 2330; x_wconf 94' lang='lat' dir='ltr'><strong>non</strong></span> <span class='ocrx_word' id='word_1_481' title='bbox 2673 2275 2990 2330; x_wconf 81' lang='lat' dir='ltr'><strong>descendit</strong></span> <span class='ocrx_word' id='word_1_482' title='bbox 3043 2291 3343 2330; x_wconf 88' lang='lat' dir='ltr'><strong>manna</strong></span> <span class='ocrx_word' id='word_1_483' title='bbox 3399 2278 3495 2331; x_wconf 83' lang='lat' dir='ltr'><strong>de</strong></span> <span class='ocrx_word' id='word_1_484' title='bbox 3535 2278 3739 2339; x_wconf 64' lang='lat' dir='ltr'><strong>caelo.</strong></span> 
     </span>
    </p>
   </div>
   <div class='ocr_carea' id='block_1_67' title="bbox 1911 2362 3744 2434">
    <p class='ocr_par' dir='ltr' id='par_1_67' title="bbox 1911 2362 3744 2434">
     <span class='ocr_line' id='line_1_67' title="bbox 1911 2362 3744 2434; baseline -0.001 -12"><span class='ocrx_word' id='word_1_485' title='bbox 1911 2369 2003 2422; x_wconf 86' lang='lat' dir='ltr'><strong>sed</strong></span> <span class='ocrx_word' id='word_1_486' title='bbox 2053 2371 2102 2420; x_wconf 91' lang='lat' dir='ltr'><strong>in</strong></span> <span class='ocrx_word' id='word_1_487' title='bbox 2140 2369 2239 2420; x_wconf 91' lang='lat' dir='ltr'><strong>hoc</strong></span> <span class='ocrx_word' id='word_1_488' title='bbox 2283 2382 2388 2434; x_wconf 89' lang='lat' dir='ltr'><strong>quo</strong></span> <span class='ocrx_word' id='word_1_489' title='bbox 2440 2364 2741 2420; x_wconf 88' lang='lat' dir='ltr'><strong>secundmn</strong></span> <span class='ocrx_word' id='word_1_490' title='bbox 2807 2362 3065 2416; x_wconf 79' lang='lat' dir='ltr'><strong>Pascha</strong></span> <span class='ocrx_word' id='word_1_491' title='bbox 3143 2365 3265 2420; x_wconf 65' lang='lat' dir='ltr'><strong>ﬁt.</strong></span> <span class='ocrx_word' id='word_1_492' title='bbox 3345 2367 3744 2421; x_wconf 78' lang='lat' dir='ltr'><strong>Videamus</strong></span> 
     </span>
    </p>
   </div>
   <div class='ocr_carea' id='block_1_68' title="bbox 1909 2448 3739 2524">
    <p class='ocr_par' dir='ltr' id='par_1_68' title="bbox 1909 2448 3739 2524">
     <span class='ocr_line' id='line_1_68' title="bbox 1909 2448 3739 2524; baseline 0.001 -16"><span class='ocrx_word' id='word_1_493' title='bbox 1909 2471 2035 2524; x_wconf 88' lang='lat' dir='ltr'><strong>ergo</strong></span> <span class='ocrx_word' id='word_1_494' title='bbox 2083 2469 2222 2507; x_wconf 93' lang='lat' dir='ltr'><strong>nunc</strong></span> <span class='ocrx_word' id='word_1_495' title='bbox 2255 2454 2376 2521; x_wconf 91' lang='lat' dir='ltr'><strong>quis</strong></span> <span class='ocrx_word' id='word_1_496' title='bbox 2413 2454 2486 2506; x_wconf 90' lang='lat' dir='ltr'><strong>sit</strong></span> <span class='ocrx_word' id='word_1_497' title='bbox 2531 2453 2582 2504; x_wconf 92' lang='lat' dir='ltr'><strong>in</strong></span> <span class='ocrx_word' id='word_1_498' title='bbox 2620 2453 2706 2504; x_wconf 91' lang='lat' dir='ltr'><strong>his</strong></span> <span class='ocrx_word' id='word_1_499' title='bbox 2744 2448 3351 2520; x_wconf 77' lang='lat' dir='ltr'><strong>ordo‘mysterii.</strong></span> <span class='ocrx_word' id='word_1_500' title='bbox 3413 2454 3739 2510; x_wconf 82' lang='lat' dir='ltr'><strong>Primqu</strong></span> 
     </span>
    </p>
   </div>
   <div class='ocr_carea' id='block_1_69' title="bbox 1908 2540 3741 2609">
    <p class='ocr_par' dir='ltr' id='par_1_69' title="bbox 1908 2540 3741 2609">
     <span class='ocr_line' id='line_1_69' title="bbox 1908 2540 3741 2609; baseline 0.002 -14"><span class='ocrx_word' id='word_1_501' title='bbox 1908 2543 2109 2596; x_wconf 85' lang='lat' dir='ltr'><strong>Pascha</strong></span> <span class='ocrx_word' id='word_1_502' title='bbox 2163 2541 2322 2609; x_wconf 88' lang='lat' dir='ltr'><strong>primi</strong></span> <span class='ocrx_word' id='word_1_503' title='bbox 2375 2540 2559 2608; x_wconf 89' lang='lat' dir='ltr'><strong>populi</strong></span> <span class='ocrx_word' id='word_1_504' title='bbox 2607 2548 2716 2593; x_wconf 84' lang='lat' dir='ltr'><strong>est.</strong></span> <span class='ocrx_word' id='word_1_505' title='bbox 2747 2541 3151 2594; x_wconf 83' lang='lat' dir='ltr'><strong>Secundum</strong></span> <span class='ocrx_word' id='word_1_506' title='bbox 3221 2541 3561 2608; x_wconf 80' lang='lat' dir='ltr'><strong>Pascha,</strong></span> <span class='ocrx_word' id='word_1_507' title='bbox 3617 2560 3741 2600; x_wconf 80' lang='lat' dir='ltr'><strong>no-</strong></span> 
     </span>
    </p>
   </div>
   <div class='ocr_carea' id='block_1_70' title="bbox 1909 2628 3736 2704">
    <p class='ocr_par' dir='ltr' id='par_1_70' title="bbox 1909 2628 3736 2704">
     <span class='ocr_line' id='line_1_70' title="bbox 1909 2628 3736 2704; baseline 0.002 -18"><span class='ocrx_word' id='word_1_508' title='bbox 1909 2643 2080 2686; x_wconf 90' lang='lat' dir='ltr'><strong>strum</strong></span> <span class='ocrx_word' id='word_1_509' title='bbox 2110 2641 2211 2684; x_wconf 89' lang='lat' dir='ltr'><strong>est.</strong></span> <span class='ocrx_word' id='word_1_510' title='bbox 2241 2628 2350 2683; x_wconf 87' lang='lat' dir='ltr'><strong>Nos</strong></span> <span class='ocrx_word' id='word_1_511' title='bbox 2379 2629 2523 2682; x_wconf 87' lang='lat' dir='ltr'><strong>enim</strong></span> <span class='ocrx_word' id='word_1_512' title='bbox 2554 2628 2762 2682; x_wconf 79' lang='lat' dir='ltr'><strong>fuimus</strong></span> <span class='ocrx_word' id='word_1_513' title='bbox 2791 2629 3134 2683; x_wconf 87' lang='lat' dir='ltr'><strong>immundi</strong></span> <span class='ocrx_word' id='word_1_514' title='bbox 3167 2631 3248 2685; x_wconf 91' lang='lat' dir='ltr'><strong>in</strong></span> <span class='ocrx_word' id='word_1_515' title='bbox 3288 2634 3586 2701; x_wconf 86' lang='lat' dir='ltr'><strong>anima,</strong></span> <span class='ocrx_word' id='word_1_516' title='bbox 3619 2636 3736 2704; x_wconf 87' lang='lat' dir='ltr'><strong>qui</strong></span> 
     </span>
    </p>
   </div>
   <div class='ocr_carea' id='block_1_71' title="bbox 1909 2717 3736 2791">
    <p class='ocr_par' dir='ltr' id='par_1_71' title="bbox 1909 2717 3736 2791">
     <span class='ocr_line' id='line_1_71' title="bbox 1909 2717 3736 2791; baseline 0.002 -16"><span class='ocrx_word' id='word_1_517' title='bbox 1909 2723 2217 2776; x_wconf 88' lang='lat' dir='ltr'><strong>colebamus</strong></span> <span class='ocrx_word' id='word_1_518' title='bbox 2241 2719 2442 2785; x_wconf 92' lang='lat' dir='ltr'><strong>lignum</strong></span> <span class='ocrx_word' id='word_1_519' title='bbox 2473 2728 2526 2772; x_wconf 91' lang='lat' dir='ltr'><strong>et</strong></span> <span class='ocrx_word' id='word_1_520' title='bbox 2555 2717 2821 2784; x_wconf 90' lang='lat' dir='ltr'><strong>lapidem,</strong></span> <span class='ocrx_word' id='word_1_521' title='bbox 2856 2727 2918 2770; x_wconf 89' lang='lat' dir='ltr'><strong>et</strong></span> <span class='ocrx_word' id='word_1_522' title='bbox 2956 2718 3432 2787; x_wconf 83' lang='lat' dir='ltr'><strong>ignorantes</strong></span> <span class='ocrx_word' id='word_1_523' title='bbox 3485 2726 3736 2791; x_wconf 82' lang='lat' dir='ltr'><strong>Deum,</strong></span> 
     </span>
    </p>
   </div>
   <div class='ocr_carea' id='block_1_72' title="bbox 1907 2804 3736 2875">
    <p class='ocr_par' dir='ltr' id='par_1_72' title="bbox 1907 2804 3736 2875">
     <span class='ocr_line' id='line_1_72' title="bbox 1907 2804 3736 2875; baseline 0.003 -13"><span class='ocrx_word' id='word_1_524' title='bbox 1907 2809 1990 2862; x_wconf 92' lang='lat' dir='ltr'><strong>his</strong></span> <span class='ocrx_word' id='word_1_525' title='bbox 2019 2810 2106 2875; x_wconf 88' lang='lat' dir='ltr'><strong>qui</strong></span> <span class='ocrx_word' id='word_1_526' title='bbox 2134 2817 2322 2860; x_wconf 86' lang='lat' dir='ltr'><strong>natura</strong></span> <span class='ocrx_word' id='word_1_527' title='bbox 2352 2821 2455 2859; x_wconf 93' lang='lat' dir='ltr'><strong>non</strong></span> <span class='ocrx_word' id='word_1_528' title='bbox 2479 2815 2636 2857; x_wconf 87' lang='lat' dir='ltr'><strong>erant</strong></span> <span class='ocrx_word' id='word_1_529' title='bbox 2667 2805 2741 2857; x_wconf 89' lang='lat' dir='ltr'><strong>dii</strong></span> <span class='ocrx_word' id='word_1_530' title='bbox 2767 2804 3302 2863; x_wconf 83' lang='lat' dir='ltr'><strong>serviebamus.</strong></span> <span class='ocrx_word' id='word_1_531' title='bbox 3338 2811 3496 2865; x_wconf 81' lang='lat' dir='ltr'><strong>Nos</strong></span> <span class='ocrx_word' id='word_1_532' title='bbox 3522 2815 3736 2868; x_wconf 83' lang='lat' dir='ltr'><strong>etiam</strong></span> 
     </span>
    </p>
   </div>
   <div class='ocr_carea' id='block_1_73' title="bbox 1909 2895 3737 2968">
    <p class='ocr_par' dir='ltr' id='par_1_73' title="bbox 1909 2895 3737 2968">
     <span class='ocr_line' id='line_1_73' title="bbox 1909 2895 3737 2968; baseline 0.005 -17"><span class='ocrx_word' id='word_1_533' title='bbox 1909 2913 2143 2960; x_wconf 88' lang='lat' dir='ltr'><strong>eramus,</strong></span> <span class='ocrx_word' id='word_1_534' title='bbox 2175 2897 2264 2965; x_wconf 86' lang='lat' dir='ltr'><strong>qui</strong></span> <span class='ocrx_word' id='word_1_535' title='bbox 2291 2896 2445 2964; x_wconf 85' lang='lat' dir='ltr'><strong>longe</strong></span> <span class='ocrx_word' id='word_1_536' title='bbox 2470 2895 3032 2963; x_wconf 71' lang='lat' dir='ltr'><strong>peregrinabantur,</strong></span> <span class='ocrx_word' id='word_1_537' title='bbox 3092 2899 3195 2952; x_wconf 84' lang='lat' dir='ltr'><strong>de</strong></span> <span class='ocrx_word' id='word_1_538' title='bbox 3245 2903 3531 2968; x_wconf 84' lang='lat' dir='ltr'><strong>quibus</strong></span> <span class='ocrx_word' id='word_1_539' title='bbox 3569 2906 3737 2960; x_wconf 78' lang='lat' dir='ltr'><strong>dicit</strong></span> 
     </span>
    </p>
   </div>
   <div class='ocr_carea' id='block_1_74' title="bbox 1909 2982 3734 3063">
    <p class='ocr_par' dir='ltr' id='par_1_74' title="bbox 1909 2982 3734 3063">
     <span class='ocr_line' id='line_1_74' title="bbox 1909 2982 3734 3063; baseline 0.004 -25"><span class='ocrx_word' id='word_1_540' title='bbox 1909 2987 2194 3053; x_wconf 84' lang='lat' dir='ltr'><strong>Apostolus</strong></span> <span class='ocrx_word' id='word_1_541' title='bbox 2221 2986 2264 3016; x_wconf 71' lang='grc' dir='ltr'><strong>θ’</strong></span> <span class='ocrx_word' id='word_1_542' title='bbox 2293 2999 2308 3036; x_wconf 88' lang='lat'><strong>:</strong></span> <span class='ocrx_word' id='word_1_543' title='bbox 2337 2984 2462 3050; x_wconf 88' lang='lat' dir='ltr'><strong>quia</strong></span> <span class='ocrx_word' id='word_1_544' title='bbox 2506 2982 2710 3035; x_wconf 82' lang='lat' dir='ltr'><strong>fuimus</strong></span> <span class='ocrx_word' id='word_1_545' title='bbox 2764 2999 2783 3032; x_wconf 72' lang='grc' dir='ltr'>ι</span> <span class='ocrx_word' id='word_1_546' title='bbox 2826 2983 3157 3051; x_wconf 88' lang='lat' dir='ltr'><strong>hospites</strong></span> <span class='ocrx_word' id='word_1_547' title='bbox 3221 3000 3303 3044; x_wconf 89' lang='lat' dir='ltr'><strong>et</strong></span> <span class='ocrx_word' id='word_1_548' title='bbox 3362 2994 3734 3063; x_wconf 76' lang='lat' dir='ltr'><strong>peregrini</strong></span> 
     </span>
    </p>
   </div>
   <div class='ocr_carea' id='block_1_75' title="bbox 1910 3071 3735 3144">
    <p class='ocr_par' dir='ltr' id='par_1_75' title="bbox 1910 3071 3735 3144">
     <span class='ocr_line' id='line_1_75' title="bbox 1910 3071 3735 3144; baseline 0.002 -14"><span class='ocrx_word' id='word_1_549' title='bbox 1910 3084 2345 3131; x_wconf 87' lang='lat' dir='ltr'><strong>testamentorum</strong></span> <span class='ocrx_word' id='word_1_550' title='bbox 2375 3071 2486 3135; x_wconf 91' lang='lat' dir='ltr'><strong>Dei,</strong></span> <span class='ocrx_word' id='word_1_551' title='bbox 2515 3087 2667 3138; x_wconf 82' lang='lat' dir='ltr'><strong>spem</strong></span> <span class='ocrx_word' id='word_1_552' title='bbox 2693 3087 2803 3126; x_wconf 91' lang='lat' dir='ltr'><strong>non</strong></span> <span class='ocrx_word' id='word_1_553' title='bbox 2833 3074 3227 3144; x_wconf 82' lang='lat' dir='ltr'><strong>habentes,</strong></span> <span class='ocrx_word' id='word_1_554' title='bbox 3267 3091 3353 3136; x_wconf 86' lang='lat' dir='ltr'><strong>et</strong></span> <span class='ocrx_word' id='word_1_555' title='bbox 3396 3084 3560 3138; x_wconf 87' lang='lat' dir='ltr'><strong>sine</strong></span> <span class='ocrx_word' id='word_1_556' title='bbox 3597 3087 3735 3140; x_wconf 78' lang='lat' dir='ltr'><strong>Deo</strong></span> 
     </span>
    </p>
   </div>
   <div class='ocr_carea' id='block_1_76' title="bbox 1909 3159 3736 3230">
    <p class='ocr_par' dir='ltr' id='par_1_76' title="bbox 1909 3159 3736 3230">
     <span class='ocr_line' id='line_1_76' title="bbox 1909 3159 3736 3230; baseline 0.001 -10"><span class='ocrx_word' id='word_1_557' title='bbox 1909 3168 1962 3220; x_wconf 90' lang='lat' dir='ltr'><strong>in</strong></span> <span class='ocrx_word' id='word_1_558' title='bbox 2003 3167 2102 3219; x_wconf 88' lang='lat' dir='ltr'><strong>hec</strong></span> <span class='ocrx_word' id='word_1_559' title='bbox 2133 3163 2329 3216; x_wconf 89' lang='lat' dir='ltr'><strong>mundo</strong></span> <span class='ocrx_word' id='word_1_560' title='bbox 2378 3169 2652 3214; x_wconf 88' lang='lat' dir='ltr'><strong>errantes.</strong></span> <span class='ocrx_word' id='word_1_561' title='bbox 2695 3179 2713 3211; x_wconf 72' lang='grc' dir='ltr'><strong>ι</strong></span> <span class='ocrx_word' id='word_1_562' title='bbox 2752 3159 3261 3223; x_wconf 80' lang='lat' dir='ltr'><strong>Verumtamen</strong></span> <span class='ocrx_word' id='word_1_563' title='bbox 3315 3188 3468 3227; x_wconf 90' lang='lat' dir='ltr'><strong>non</strong></span> <span class='ocrx_word' id='word_1_564' title='bbox 3522 3177 3736 3230; x_wconf 73' lang='lat' dir='ltr'><strong>datur</strong></span> 
     </span>
    </p>
   </div>
   <div class='ocr_carea' id='block_1_77' title="bbox 1907 3251 3728 3332">
    <p class='ocr_par' dir='ltr' id='par_1_77' title="bbox 1907 3251 3728 3332">
     <span class='ocr_line' id='line_1_77' title="bbox 1907 3251 3728 3332; baseline 0.007 -23"><span class='ocrx_word' id='word_1_565' title='bbox 1907 3268 2101 3309; x_wconf 88' lang='lat' dir='ltr'><strong>manna</strong></span> <span class='ocrx_word' id='word_1_566' title='bbox 2128 3254 2194 3308; x_wconf 89' lang='lat' dir='ltr'><strong>dc</strong></span> <span class='ocrx_word' id='word_1_567' title='bbox 2224 3251 2361 3306; x_wconf 76' lang='lat' dir='ltr'><strong>crelo</strong></span> <span class='ocrx_word' id='word_1_568' title='bbox 2387 3251 2440 3304; x_wconf 92' lang='lat' dir='ltr'><strong>in</strong></span> <span class='ocrx_word' id='word_1_569' title='bbox 2473 3251 2562 3302; x_wconf 89' lang='lat' dir='ltr'><strong>illa</strong></span> <span class='ocrx_word' id='word_1_570' title='bbox 2595 3251 2706 3316; x_wconf 90' lang='lat' dir='ltr'><strong>die,</strong></span> <span class='ocrx_word' id='word_1_571' title='bbox 2745 3267 2854 3319; x_wconf 91' lang='lat' dir='ltr'><strong>qua</strong></span> <span class='ocrx_word' id='word_1_572' title='bbox 2888 3254 3219 3320; x_wconf 84' lang='lat' dir='ltr'><strong>primum</strong></span> <span class='ocrx_word' id='word_1_573' title='bbox 3277 3261 3582 3320; x_wconf 81' lang='lat' dir='ltr'><strong>Pascha</strong></span> <span class='ocrx_word' id='word_1_574' title='bbox 3626 3267 3728 3332; x_wconf 80' lang='lat' dir='ltr'><strong>ﬁt,</strong></span> 
     </span>
    </p>
   </div>
   <div class='ocr_carea' id='block_1_78' title="bbox 1907 3341 3732 3419">
    <p class='ocr_par' dir='ltr' id='par_1_78' title="bbox 1907 3341 3732 3419">
     <span class='ocr_line' id='line_1_78' title="bbox 1907 3341 3732 3419; baseline 0 -21"><span class='ocrx_word' id='word_1_575' title='bbox 1907 3345 2000 3397; x_wconf 86' lang='lat' dir='ltr'><strong>sed</strong></span> <span class='ocrx_word' id='word_1_576' title='bbox 2047 3343 2098 3395; x_wconf 90' lang='lat' dir='ltr'><strong>in</strong></span> <span class='ocrx_word' id='word_1_577' title='bbox 2132 3343 2218 3394; x_wconf 87' lang='lat' dir='ltr'><strong>illa</strong></span> <span class='ocrx_word' id='word_1_578' title='bbox 2248 3357 2349 3407; x_wconf 90' lang='lat' dir='ltr'><strong>qua</strong></span> <span class='ocrx_word' id='word_1_579' title='bbox 2379 3345 2695 3394; x_wconf 89' lang='lat' dir='ltr'><strong>secundum.</strong></span> <span class='ocrx_word' id='word_1_580' title='bbox 2743 3341 2923 3396; x_wconf 83' lang='lat' dir='ltr'><strong>Panis</strong></span> <span class='ocrx_word' id='word_1_581' title='bbox 2967 3347 3186 3402; x_wconf 81' lang='lat' dir='ltr'><strong>enim</strong></span> <span class='ocrx_word' id='word_1_582' title='bbox 3239 3355 3378 3419; x_wconf 75' lang='lat' dir='ltr'><strong>qui</strong></span> <span class='ocrx_word' id='word_1_583' title='bbox 3416 3358 3510 3409; x_wconf 73' lang='lat' dir='ltr'><strong>de</strong></span> <span class='ocrx_word' id='word_1_584' title='bbox 3549 3359 3732 3410; x_wconf 75' lang='grc' dir='ltr'><strong>ςωιο</strong></span> 
     </span>
    </p>
   </div>
   <div class='ocr_carea' id='block_1_79' title="bbox 1905 3429 3730 3503">
    <p class='ocr_par' dir='ltr' id='par_1_79' title="bbox 1905 3429 3730 3503">
     <span class='ocr_line' id='line_1_79' title="bbox 1905 3429 3730 3503; baseline 0.009 -18"><span class='ocrx_word' id='word_1_585' title='bbox 1905 3431 2177 3485; x_wconf 89' lang='lat' dir='ltr'><strong>descendit</strong></span> <span class='ocrx_word' id='word_1_586' title='bbox 2207 3431 2274 3493; x_wconf 72' lang='grc'><strong>’⁸,</strong></span> <span class='ocrx_word' id='word_1_587' title='bbox 2301 3444 2401 3482; x_wconf 91' lang='lat' dir='ltr'><strong>non</strong></span> <span class='ocrx_word' id='word_1_588' title='bbox 2430 3431 2578 3483; x_wconf 89' lang='lat' dir='ltr'><strong>venit</strong></span> <span class='ocrx_word' id='word_1_589' title='bbox 2614 3430 2682 3483; x_wconf 89' lang='lat' dir='ltr'><strong>ad</strong></span> <span class='ocrx_word' id='word_1_590' title='bbox 2719 3429 2866 3495; x_wconf 91' lang='lat' dir='ltr'><strong>illos,</strong></span> <span class='ocrx_word' id='word_1_591' title='bbox 2903 3435 3018 3499; x_wconf 87' lang='lat' dir='ltr'><strong>qui</strong></span> <span class='ocrx_word' id='word_1_592' title='bbox 3060 3439 3416 3503; x_wconf 71' lang='lat' dir='ltr'><strong>pritnanl</strong></span> <span class='ocrx_word' id='word_1_593' title='bbox 3464 3447 3730 3502; x_wconf 83' lang='lat' dir='ltr'><strong>solem-</strong></span> 
     </span>
    </p>
   </div>
   <div class='ocr_carea' id='block_1_80' title="bbox 1905 3519 3728 3595">
    <p class='ocr_par' dir='ltr' id='par_1_80' title="bbox 1905 3519 3728 3595">
     <span class='ocr_line' id='line_1_80' title="bbox 1905 3519 3728 3595; baseline -0.002 -20"><span class='ocrx_word' id='word_1_594' title='bbox 1905 3524 2124 3575; x_wconf 88' lang='lat' dir='ltr'><strong>nitatem</strong></span> <span class='ocrx_word' id='word_1_595' title='bbox 2174 3519 2562 3584; x_wconf 87' lang='lat' dir='ltr'><strong>celebrabant,</strong></span> <span class='ocrx_word' id='word_1_596' title='bbox 2609 3519 2703 3572; x_wconf 90' lang='lat' dir='ltr'><strong>sed</strong></span> <span class='ocrx_word' id='word_1_597' title='bbox 2750 3521 2818 3572; x_wconf 89' lang='lat' dir='ltr'><strong>ad</strong></span> <span class='ocrx_word' id='word_1_598' title='bbox 2878 3537 2998 3575; x_wconf 89' lang='lat' dir='ltr'><strong>nos</strong></span> <span class='ocrx_word' id='word_1_599' title='bbox 3032 3563 3059 3591; x_wconf 85' lang='lat'><strong>,</strong></span> <span class='ocrx_word' id='word_1_600' title='bbox 3117 3531 3260 3595; x_wconf 76' lang='lat' dir='ltr'><strong>qui</strong></span> <span class='ocrx_word' id='word_1_601' title='bbox 3320 3539 3728 3593; x_wconf 60' lang='lat' dir='ltr'><strong>secundam</strong></span> 
     </span>
    </p>
   </div>
   <div class='ocr_carea' id='block_1_81' title="bbox 1905 3606 3454 3685">
    <p class='ocr_par' dir='ltr' id='par_1_81' title="bbox 1905 3606 3454 3680">
     <span class='ocr_line' id='line_1_81' title="bbox 1905 3606 3454 3680; baseline 0.012 -18"><span class='ocrx_word' id='word_1_602' title='bbox 1905 3609 2257 3679; x_wconf 85' lang='lat' dir='ltr'><strong>suscepimus.</strong></span> <span class='ocrx_word' id='word_1_603' title='bbox 2287 3626 2305 3660; x_wconf 82' lang='lat' dir='ltr'><strong>r</strong></span> <span class='ocrx_word' id='word_1_604' title='bbox 2339 3606 2592 3661; x_wconf 86' lang='lat' dir='ltr'><strong>Nostrum</strong></span> <span class='ocrx_word' id='word_1_605' title='bbox 2629 3608 2777 3662; x_wconf 87' lang='lat' dir='ltr'><strong>enim</strong></span> <span class='ocrx_word' id='word_1_606' title='bbox 2809 3609 3069 3668; x_wconf 75' lang='lat' dir='ltr'><strong>Pascha</strong></span> <span class='ocrx_word' id='word_1_607' title='bbox 3126 3621 3454 3680; x_wconf 80' lang='lat' dir='ltr'><strong>inunola</strong></span> 
     </span>
    </p>
   </div>
   <div class='ocr_carea' id='block_1_82' title="bbox 2180 3606 3729 3685">
    <p class='ocr_par' dir='ltr' id='par_1_82' title="bbox 2180 3606 3729 3685">
     <span class='ocr_line' id='line_1_82' title="bbox 2180 3606 3729 3685; baseline 0.017 -25"><span class='ocrx_word' id='word_1_608' title='bbox 2180 3624 2257 3663; x_wconf 91' lang='lat' dir='ltr'><strong>us.</strong></span> <span class='ocrx_word' id='word_1_609' title='bbox 2287 3626 2305 3660; x_wconf 82' lang='lat' dir='ltr'><strong>r</strong></span> <span class='ocrx_word' id='word_1_610' title='bbox 2339 3606 2592 3661; x_wconf 86' lang='lat' dir='ltr'><strong>Nostrum</strong></span> <span class='ocrx_word' id='word_1_611' title='bbox 2629 3608 2777 3662; x_wconf 87' lang='lat' dir='ltr'><strong>enim</strong></span> <span class='ocrx_word' id='word_1_612' title='bbox 2809 3609 3069 3668; x_wconf 75' lang='lat' dir='ltr'><strong>Pascha</strong></span> <span class='ocrx_word' id='word_1_613' title='bbox 3126 3621 3592 3684; x_wconf 68' lang='lat' dir='ltr'><strong>ininaolatus</strong></span> <span class='ocrx_word' id='word_1_614' title='bbox 3622 3643 3729 3685; x_wconf 88' lang='lat' dir='ltr'><strong>est</strong></span> 
     </span>
    </p>
   </div>
   <div class='ocr_carea' id='block_1_83' title="bbox 1905 3696 3729 3773">
    <p class='ocr_par' dir='ltr' id='par_1_83' title="bbox 1905 3696 3729 3773">
     <span class='ocr_line' id='line_1_83' title="bbox 1905 3696 3729 3773; baseline 0.013 -22"><span class='ocrx_word' id='word_1_615' title='bbox 1905 3699 2148 3752; x_wconf 88' lang='lat' dir='ltr'><strong>Christus</strong></span> <span class='ocrx_word' id='word_1_616' title='bbox 2178 3697 2223 3728; x_wconf 71' lang='grc' dir='ltr'><strong>θ’</strong></span> <span class='ocrx_word' id='word_1_617' title='bbox 2251 3735 2265 3760; x_wconf 90' lang='grc'><em>,</em></span> <span class='ocrx_word' id='word_1_618' title='bbox 2299 3715 2317 3748; x_wconf 71' lang='grc' dir='ltr'><strong>ι</strong></span> <span class='ocrx_word' id='word_1_619' title='bbox 2354 3696 2444 3764; x_wconf 89' lang='lat' dir='ltr'><strong>qui</strong></span> <span class='ocrx_word' id='word_1_620' title='bbox 2494 3711 2653 3752; x_wconf 82' lang='lat' dir='ltr'><strong>verus</strong></span> <span class='ocrx_word' id='word_1_621' title='bbox 2709 3697 2876 3752; x_wconf 90' lang='lat' dir='ltr'><strong>nobis</strong></span> <span class='ocrx_word' id='word_1_622' title='bbox 2917 3705 3136 3768; x_wconf 91' lang='lat' dir='ltr'><strong>panis</strong></span> <span class='ocrx_word' id='word_1_623' title='bbox 3206 3713 3307 3765; x_wconf 86' lang='lat' dir='ltr'><strong>de</strong></span> <span class='ocrx_word' id='word_1_624' title='bbox 3369 3719 3567 3771; x_wconf 62' lang='lat' dir='ltr'><strong>caelo</strong></span> <span class='ocrx_word' id='word_1_625' title='bbox 3603 3721 3729 3773; x_wconf 85' lang='lat' dir='ltr'><strong>de-</strong></span> 
     </span>
    </p>
   </div>
   <div class='ocr_carea' id='block_1_84' title="bbox 1905 3783 3726 3872">
    <p class='ocr_par' dir='ltr' id='par_1_84' title="bbox 1905 3783 3726 3872">
     <span class='ocr_line' id='line_1_84' title="bbox 1905 3783 3726 3872; baseline 0.003 -33"><span class='ocrx_word' id='word_1_626' title='bbox 1905 3786 2125 3839; x_wconf 90' lang='lat' dir='ltr'><strong>scendit.</strong></span> <span class='ocrx_word' id='word_1_627' title='bbox 2156 3783 2262 3837; x_wconf 88' lang='lat' dir='ltr'><strong>Sed</strong></span> <span class='ocrx_word' id='word_1_628' title='bbox 2304 3783 2516 3836; x_wconf 84' lang='lat' dir='ltr'><strong>interim</strong></span> <span class='ocrx_word' id='word_1_629' title='bbox 2552 3785 2836 3838; x_wconf 88' lang='lat' dir='ltr'><strong>videamus</strong></span> <span class='ocrx_word' id='word_1_630' title='bbox 2879 3789 3049 3854; x_wconf 87' lang='lat' dir='ltr'><strong>quid</strong></span> <span class='ocrx_word' id='word_1_631' title='bbox 3118 3807 3253 3850; x_wconf 86' lang='lat' dir='ltr'><strong>est</strong></span> <span class='ocrx_word' id='word_1_632' title='bbox 3293 3843 3320 3864; x_wconf 83' lang='lat'><strong>,</strong></span> <span class='ocrx_word' id='word_1_633' title='bbox 3378 3809 3581 3872; x_wconf 68' lang='lat' dir='ltr'><strong>quod</strong></span> <span class='ocrx_word' id='word_1_634' title='bbox 3658 3809 3726 3863; x_wconf 70' lang='grc' dir='ltr'><strong>ξι,</strong></span> 
     </span>
    </p>
   </div>
   <div class='ocr_carea' id='block_1_85' title="bbox 1904 3873 3724 3962">
    <p class='ocr_par' dir='ltr' id='par_1_85' title="bbox 1904 3873 3724 3962">
     <span class='ocr_line' id='line_1_85' title="bbox 1904 3873 3724 3962; baseline 0.01 -35"><span class='ocrx_word' id='word_1_635' title='bbox 1904 3876 2005 3929; x_wconf 88' lang='lat' dir='ltr'><strong>hac</strong></span> <span class='ocrx_word' id='word_1_636' title='bbox 2047 3873 2130 3927; x_wconf 85' lang='lat' dir='ltr'><strong>die</strong></span> <span class='ocrx_word' id='word_1_637' title='bbox 2173 3879 2788 3962; x_wconf 11' lang='lat' dir='ltr'><strong>gestum‘monstratur.</strong></span> <span class='ocrx_word' id='word_1_638' title='bbox 2850 3892 2868 3924; x_wconf 74' lang='grc' dir='ltr'>ι</span> <span class='ocrx_word' id='word_1_639' title='bbox 2927 3876 3565 3957; x_wconf 86' lang='lat' dir='ltr'><strong>Quintadecima.</strong></span> <span class='ocrx_word' id='word_1_640' title='bbox 3613 3898 3724 3962; x_wconf 75' lang='lat' dir='ltr'><strong>in-</strong></span> 
     </span>
    </p>
   </div>
   <div class='ocr_carea' id='block_1_86' title="bbox 1903 3960 3727 4051">
    <p class='ocr_par' dir='ltr' id='par_1_86' title="bbox 1903 3960 3727 4051">
     <span class='ocr_line' id='line_1_86' title="bbox 1903 3960 3727 4051; baseline 0.024 -47"><span class='ocrx_word' id='word_1_641' title='bbox 1903 3964 2078 4032; x_wconf 53' lang='lat' dir='ltr'><strong>quiti,</strong></span> <span class='ocrx_word' id='word_1_642' title='bbox 2113 3962 2198 4014; x_wconf 88' lang='lat' dir='ltr'><strong>die</strong></span> <span class='ocrx_word' id='word_1_643' title='bbox 2244 3960 2444 4013; x_wconf 89' lang='lat' dir='ltr'><strong>mensis</strong></span> <span class='ocrx_word' id='word_1_644' title='bbox 2490 3961 2715 4014; x_wconf 88' lang='lat' dir='ltr'><strong>secundi</strong></span> <span class='ocrx_word' id='word_1_645' title='bbox 2749 3974 3208 4027; x_wconf 78' lang='lat' dir='ltr'><strong>murmuravit</strong></span> <span class='ocrx_word' id='word_1_646' title='bbox 3249 3960 3727 4051; x_wconf 42' lang='lat' dir='ltr'><strong>populum—et</strong></span> 
     </span>
    </p>
   </div>
   <div class='ocr_carea' id='block_1_87' title="bbox 1905 4029 3454 4148">
    <p class='ocr_par' dir='ltr' id='par_1_87' title="bbox 1905 4029 3454 4132">
     <span class='ocr_line' id='line_1_87' title="bbox 1905 4029 3454 4132; baseline 0.012 -27"><span class='ocrx_word' id='word_1_647' title='bbox 1905 4054 2078 4114; x_wconf 76' lang='lat' dir='ltr'><strong>dixit,</strong></span> <span class='ocrx_word' id='word_1_648' title='bbox 2127 4049 2248 4119; x_wconf 75' lang='lat' dir='ltr'><strong>quia</strong></span> <span class='ocrx_word' id='word_1_649' title='bbox 2296 4049 2486 4102; x_wconf 90' lang='lat' dir='ltr'><strong>melius</strong></span> <span class='ocrx_word' id='word_1_650' title='bbox 2530 4048 2708 4102; x_wconf 83' lang='lat' dir='ltr'><strong>fuerat</strong></span> <span class='ocrx_word' id='word_1_651' title='bbox 2758 4065 2862 4106; x_wconf 90' lang='lat' dir='ltr'><strong>nos</strong></span> <span class='ocrx_word' id='word_1_652' title='bbox 2929 4062 3126 4114; x_wconf 82' lang='lat' dir='ltr'><strong>mori</strong></span> <span class='ocrx_word' id='word_1_653' title='bbox 3204 4029 3285 4120; x_wconf 65' lang='lat' dir='ltr'><strong>in</strong></span> <span class='ocrx_word' id='word_1_654' title='bbox 3360 4029 3454 4132; x_wconf 56' lang='grc' dir='ltr'><strong>ΣΕ</strong></span> 
     </span>
    </p>
   </div>
   <div class='ocr_carea' id='block_1_88' title="bbox 2146 4029 3695 4148">
    <p class='ocr_par' dir='ltr' id='par_1_88' title="bbox 2146 4029 3695 4148">
     <span class='ocr_line' id='line_1_88' title="bbox 2146 4029 3695 4148; baseline 0.045 -60"><span class='ocrx_word' id='word_1_655' title='bbox 2146 4049 2248 4119; x_wconf 69' lang='grc' dir='ltr'><strong>ιυίῇ</strong></span> <span class='ocrx_word' id='word_1_656' title='bbox 2296 4049 2486 4102; x_wconf 90' lang='lat' dir='ltr'><strong>melius</strong></span> <span class='ocrx_word' id='word_1_657' title='bbox 2530 4048 2708 4102; x_wconf 85' lang='lat' dir='ltr'><strong>fuerat</strong></span> <span class='ocrx_word' id='word_1_658' title='bbox 2758 4065 2862 4106; x_wconf 90' lang='lat' dir='ltr'><strong>nos</strong></span> <span class='ocrx_word' id='word_1_659' title='bbox 2929 4062 3126 4114; x_wconf 77' lang='lat' dir='ltr'><strong>mOI&#39;i</strong></span> <span class='ocrx_word' id='word_1_660' title='bbox 3204 4029 3285 4120; x_wconf 49' lang='lat' dir='ltr'><strong>il‘l</strong></span> 
     </span>
    </p>
   </div>
   <div class='ocr_carea' id='block_1_89' title="bbox 1906 4122 3727 4238">
    <p class='ocr_par' dir='ltr' id='par_1_89' title="bbox 1906 4122 3727 4238">
     <span class='ocr_line' id='line_1_89' title="bbox 1906 4122 3727 4238; baseline 0.019 -46"><span class='ocrx_word' id='word_1_661' title='bbox 1906 4141 2116 4238; x_wconf 79' lang='lat' dir='ltr'><strong>quando</strong></span> <span class='ocrx_word' id='word_1_662' title='bbox 2140 4139 2456 4238; x_wconf 71' lang='lat' dir='ltr'><strong>sedebamus</strong></span> <span class='ocrx_word' id='word_1_663' title='bbox 2479 4153 2639 4238; x_wconf 56' lang='lat' dir='ltr'><strong>super</strong></span> <span class='ocrx_word' id='word_1_664' title='bbox 2665 4140 2804 4194; x_wconf 74' lang='lat' dir='ltr'><strong>ollas</strong></span> <span class='ocrx_word' id='word_1_665' title='bbox 2831 4147 3150 4238; x_wconf 70' lang='lat' dir='ltr'><strong>cartlium</strong></span> <span class='ocrx_word' id='word_1_666' title='bbox 3167 4195 3189 4209; x_wconf 93' lang='lat'><strong>.</strong></span> <span class='ocrx_word' id='word_1_667' title='bbox 3239 4177 3276 4238; x_wconf 33' lang='grc' dir='ltr'><strong>»Δ</strong></span> 
     </span>
    </p>
   </div>
   <div class='ocr_carea' id='block_1_90' title="bbox 1911 4229 3728 4322">
    <p class='ocr_par' dir='ltr' id='par_1_90' title="bbox 1911 4229 3728 4322">
     <span class='ocr_line' id='line_1_90' title="bbox 1911 4229 3728 4322; baseline -0.001 -38"><span class='ocrx_word' id='word_1_668' title='bbox 1911 4233 2148 4300; x_wconf 83' lang='lat' dir='ltr'><strong>ingratus</strong></span> <span class='ocrx_word' id='word_1_669' title='bbox 2185 4229 2453 4322; x_wconf 77' lang='lat' dir='ltr'><strong>desiderat</strong></span> <span class='ocrx_word' id='word_1_670' title='bbox 2479 4229 2791 4322; x_wconf 53' lang='lat' dir='ltr'><strong>:Egyptum</strong></span> <span class='ocrx_word' id='word_1_671' title='bbox 2817 4271 2833 4296; x_wconf 93' lang='lat'><strong>,</strong></span> <span class='ocrx_word' id='word_1_672' title='bbox 2866 4236 2970 4300; x_wconf 86' lang='lat' dir='ltr'><strong>qui</strong></span> <span class='ocrx_word' id='word_1_673' title='bbox 3038 4229 3483 4322; x_wconf 50' lang='lat' dir='ltr'><strong>Egy&#39;pﬁo&#39;s</strong></span> <span class='ocrx_word' id='word_1_674' title='bbox 3519 4229 3728 4318; x_wconf 49' lang='lat' dir='ltr'><strong>&quot;id&quot;</strong></span> 
     </span>
    </p>
   </div>
   <div class='ocr_carea' id='block_1_91' title="bbox 279 4311 1828 4414">
    <p class='ocr_par' dir='ltr' id='par_1_91' title="bbox 279 4311 1802 4384">
     <span class='ocr_line' id='line_1_91' title="bbox 279 4311 1802 4384; baseline 0.003 -18"><span class='ocrx_word' id='word_1_675' title='bbox 279 4311 610 4370; x_wconf 89' lang='lat' dir='ltr'><strong>dulcedinem</strong></span> <span class='ocrx_word' id='word_1_676' title='bbox 639 4327 788 4366; x_wconf 90' lang='lat' dir='ltr'><strong>versa</strong></span> <span class='ocrx_word' id='word_1_677' title='bbox 814 4313 917 4378; x_wconf 89' lang='lat' dir='ltr'><strong>sit;</strong></span> <span class='ocrx_word' id='word_1_678' title='bbox 964 4316 1208 4383; x_wconf 87' lang='lat' dir='ltr'><strong>quamvis</strong></span> <span class='ocrx_word' id='word_1_679' title='bbox 1238 4330 1334 4384; x_wconf 87' lang='lat' dir='ltr'><strong>per</strong></span> <span class='ocrx_word' id='word_1_680' title='bbox 1365 4317 1565 4384; x_wconf 91' lang='lat' dir='ltr'><strong>lignum</strong></span> <span class='ocrx_word' id='word_1_681' title='bbox 1595 4317 1713 4371; x_wconf 69' lang='lat' dir='ltr'><strong>vita:</strong></span> <span class='ocrx_word' id='word_1_682' title='bbox 1749 4329 1802 4371; x_wconf 87' lang='lat' dir='ltr'><strong>et</strong></span> 
     </span>
    </p>
   </div>
   <div class='ocr_carea' id='block_1_92' title="bbox 2175 4311 3724 4414">
    <p class='ocr_par' dir='ltr' id='par_1_92' title="bbox 2175 4311 3724 4414">
     <span class='ocr_line' id='line_1_92' title="bbox 2175 4311 3724 4414; baseline 0.025 -44"><span class='ocrx_word' id='word_1_683' title='bbox 2243 4319 2442 4414; x_wconf 71' lang='lat' dir='ltr'><strong>Carues</strong></span> <span class='ocrx_word' id='word_1_684' title='bbox 2459 4316 2677 4414; x_wconf 52' lang='lat' dir='ltr'><strong>Egypli</strong></span> <span class='ocrx_word' id='word_1_685' title='bbox 2705 4323 2975 4388; x_wconf 68' lang='grc' dir='ltr'><strong>ι’θιιυίῐίιν</strong></span> <span class='ocrx_word' id='word_1_686' title='bbox 3004 4343 3053 4396; x_wconf 84' lang='lat' dir='ltr'><strong>q</strong></span> <span class='ocrx_word' id='word_1_687' title='bbox 3066 4335 3143 4385; x_wconf 82' lang='lat' dir='ltr'><strong>ui</strong></span> <span class='ocrx_word' id='word_1_688' title='bbox 3161 4311 3724 4414; x_wconf 41' lang='grc' dir='ltr'><strong>Ἲίέεγριὶοέῶλξ</strong></span> 
     </span>
    </p>
   </div>
   <div class='ocr_carea' id='block_1_93' title="bbox 279 4400 1797 4472">
    <p class='ocr_par' dir='ltr' id='par_1_93' title="bbox 279 4400 1797 4472">
     <span class='ocr_line' id='line_1_93' title="bbox 279 4400 1797 4472; baseline 0.001 -17"><span class='ocrx_word' id='word_1_689' title='bbox 279 4400 593 4470; x_wconf 85' lang='lat' dir='ltr'><strong>mysterium</strong></span> <span class='ocrx_word' id='word_1_690' title='bbox 625 4400 798 4454; x_wconf 87' lang='lat' dir='ltr'><strong>crucis</strong></span> <span class='ocrx_word' id='word_1_691' title='bbox 823 4401 998 4454; x_wconf 90' lang='lat' dir='ltr'><strong>omnis</strong></span> <span class='ocrx_word' id='word_1_692' title='bbox 1034 4403 1225 4458; x_wconf 71' lang='lat' dir='ltr'><strong>littera:</strong></span> <span class='ocrx_word' id='word_1_693' title='bbox 1255 4404 1550 4458; x_wconf 85' lang='lat' dir='ltr'><strong>amaritudo</strong></span> <span class='ocrx_word' id='word_1_694' title='bbox 1585 4405 1797 4472; x_wconf 78' lang='lat' dir='ltr'><strong>depulsa</strong></span> 
     </span>
    </p>
   </div>
   <div class='ocr_carea' id='block_1_94' title="bbox 277 4487 1800 4546">
    <p class='ocr_par' dir='ltr' id='par_1_94' title="bbox 277 4487 1800 4546">
     <span class='ocr_line' id='line_1_94' title="bbox 277 4487 1800 4546; baseline 0.003 -4"><span class='ocrx_word' id='word_1_695' title='bbox 277 4490 371 4542; x_wconf 88' lang='lat' dir='ltr'><strong>sit.</strong></span> <span class='ocrx_word' id='word_1_696' title='bbox 403 4487 586 4541; x_wconf 86' lang='lat' dir='ltr'><strong>Solum</strong></span> <span class='ocrx_word' id='word_1_697' title='bbox 609 4498 762 4543; x_wconf 91' lang='lat' dir='ltr'><strong>vetus</strong></span> <span class='ocrx_word' id='word_1_698' title='bbox 791 4489 1200 4544; x_wconf 88' lang='lat' dir='ltr'><strong>instrumentum</strong></span> <span class='ocrx_word' id='word_1_699' title='bbox 1230 4507 1332 4545; x_wconf 94' lang='lat' dir='ltr'><strong>non</strong></span> <span class='ocrx_word' id='word_1_700' title='bbox 1375 4490 1568 4546; x_wconf 78' lang='lat' dir='ltr'><strong>sufﬁcit</strong></span> <span class='ocrx_word' id='word_1_701' title='bbox 1611 4493 1673 4545; x_wconf 90' lang='lat' dir='ltr'><strong>ad</strong></span> <span class='ocrx_word' id='word_1_702' title='bbox 1721 4494 1800 4546; x_wconf 87' lang='lat' dir='ltr'><strong>hi—</strong></span> 
     </span>
    </p>
   </div>
   <div class='ocr_carea' id='block_1_95' title="bbox 278 4576 1801 4636">
    <p class='ocr_par' dir='ltr' id='par_1_95' title="bbox 278 4576 1801 4636">
     <span class='ocr_line' id='line_1_95' title="bbox 278 4576 1801 4636; baseline 0.003 -6"><span class='ocrx_word' id='word_1_703' title='bbox 278 4576 540 4636; x_wconf 86' lang='lat' dir='ltr'><strong>bendum;</strong></span> <span class='ocrx_word' id='word_1_704' title='bbox 565 4576 653 4631; x_wconf 87' lang='lat' dir='ltr'><strong>sed</strong></span> <span class='ocrx_word' id='word_1_705' title='bbox 674 4576 986 4630; x_wconf 89' lang='lat' dir='ltr'><strong>veniendum</strong></span> <span class='ocrx_word' id='word_1_706' title='bbox 1011 4577 1170 4630; x_wconf 86' lang='lat' dir='ltr'><strong>estad</strong></span> <span class='ocrx_word' id='word_1_707' title='bbox 1188 4577 1396 4636; x_wconf 89' lang='lat' dir='ltr'><strong>Novum</strong></span> <span class='ocrx_word' id='word_1_708' title='bbox 1414 4580 1801 4634; x_wconf 88' lang='lat' dir='ltr'><strong>Testamentum</strong></span> 
     </span>
    </p>
   </div>
   <div class='ocr_carea' id='block_1_96' title="bbox 279 4665 1805 4735">
    <p class='ocr_par' dir='ltr' id='par_1_96' title="bbox 279 4665 1805 4735">
     <span class='ocr_line' id='line_1_96' title="bbox 279 4665 1805 4735; baseline 0.004 -18"><span class='ocrx_word' id='word_1_709' title='bbox 279 4665 346 4717; x_wconf 88' lang='lat' dir='ltr'><strong>de</strong></span> <span class='ocrx_word' id='word_1_710' title='bbox 375 4677 480 4731; x_wconf 89' lang='lat' dir='ltr'><strong>quo</strong></span> <span class='ocrx_word' id='word_1_711' title='bbox 511 4665 715 4735; x_wconf 85' lang='lat' dir='ltr'><strong>absque</strong></span> <span class='ocrx_word' id='word_1_712' title='bbox 761 4665 1009 4731; x_wconf 89' lang='lat' dir='ltr'><strong>scrupulo</strong></span> <span class='ocrx_word' id='word_1_713' title='bbox 1039 4667 1259 4730; x_wconf 89' lang='lat' dir='ltr'><strong>bibitur,</strong></span> <span class='ocrx_word' id='word_1_714' title='bbox 1287 4667 1487 4733; x_wconf 88' lang='lat' dir='ltr'><strong>absque</strong></span> <span class='ocrx_word' id='word_1_715' title='bbox 1532 4667 1634 4720; x_wconf 85' lang='lat' dir='ltr'><strong>ulla</strong></span> <span class='ocrx_word' id='word_1_716' title='bbox 1672 4669 1805 4723; x_wconf 78' lang='lat' dir='ltr'><strong>ditii-</strong></span> 
     </span>
    </p>
   </div>
   <div class='ocr_carea' id='block_1_97' title="bbox 279 4751 1797 4823">
    <p class='ocr_par' dir='ltr' id='par_1_97' title="bbox 279 4751 1797 4823">
     <span class='ocr_line' id='line_1_97' title="bbox 279 4751 1797 4823; baseline 0.004 -17"><span class='ocrx_word' id='word_1_717' title='bbox 279 4752 485 4806; x_wconf 90' lang='lat' dir='ltr'><strong>cultale</strong></span> <span class='ocrx_word' id='word_1_718' title='bbox 516 4762 750 4822; x_wconf 89' lang='lat' dir='ltr'><strong>potatur.</strong></span> <span class='ocrx_word' id='word_1_719' title='bbox 790 4751 954 4806; x_wconf 70' lang='lat' dir='ltr'><strong>Judmi</strong></span> <span class='ocrx_word' id='word_1_720' title='bbox 1007 4753 1166 4808; x_wconf 89' lang='lat' dir='ltr'><strong>etiam</strong></span> <span class='ocrx_word' id='word_1_721' title='bbox 1206 4771 1342 4808; x_wconf 80' lang='lat' dir='ltr'><strong>num:</strong></span> <span class='ocrx_word' id='word_1_722' title='bbox 1369 4757 1508 4823; x_wconf 89' lang='lat' dir='ltr'><strong>apud</strong></span> <span class='ocrx_word' id='word_1_723' title='bbox 1535 4755 1797 4812; x_wconf 86' lang='lat' dir='ltr'><strong>Merrham</strong></span> 
     </span>
    </p>
   </div>
   <div class='ocr_carea' id='block_1_98' title="bbox 277 4840 1795 4914">
    <p class='ocr_par' dir='ltr' id='par_1_98' title="bbox 277 4840 1795 4914">
     <span class='ocr_line' id='line_1_98' title="bbox 277 4840 1795 4914; baseline 0.008 -24"><span class='ocrx_word' id='word_1_724' title='bbox 277 4846 424 4906; x_wconf 69' lang='lat' dir='ltr'><strong>sunt,</strong></span> <span class='ocrx_word' id='word_1_725' title='bbox 459 4840 618 4891; x_wconf 88' lang='lat' dir='ltr'><strong>etiam</strong></span> <span class='ocrx_word' id='word_1_726' title='bbox 645 4855 782 4894; x_wconf 90' lang='lat' dir='ltr'><strong>nunc</strong></span> <span class='ocrx_word' id='word_1_727' title='bbox 825 4841 977 4910; x_wconf 78' lang='lat'><strong>153</strong></span> <span class='ocrx_word' id='word_1_728' title='bbox 1019 4843 1252 4898; x_wconf 86' lang='lat' dir='ltr'><strong>assident</strong></span> <span class='ocrx_word' id='word_1_729' title='bbox 1283 4845 1346 4896; x_wconf 90' lang='lat' dir='ltr'><strong>ad</strong></span> <span class='ocrx_word' id='word_1_730' title='bbox 1373 4859 1542 4914; x_wconf 88' lang='lat' dir='ltr'><strong>aquas</strong></span> <span class='ocrx_word' id='word_1_731' title='bbox 1568 4859 1795 4901; x_wconf 86' lang='lat' dir='ltr'><strong>amaras.</strong></span> 
     </span>
    </p>
   </div>
   <div class='ocr_carea' id='block_1_99' title="bbox 280 4925 1798 5002">
    <p class='ocr_par' dir='ltr' id='par_1_99' title="bbox 280 4925 1798 5002">
     <span class='ocr_line' id='line_1_99' title="bbox 280 4925 1798 5002; baseline 0.006 -24"><span class='ocrx_word' id='word_1_732' title='bbox 280 4925 520 4980; x_wconf 90' lang='lat' dir='ltr'><strong>Nondum</strong></span> <span class='ocrx_word' id='word_1_733' title='bbox 550 4930 691 4984; x_wconf 88' lang='lat' dir='ltr'><strong>enim</strong></span> <span class='ocrx_word' id='word_1_734' title='bbox 735 4929 814 4982; x_wconf 87' lang='lat' dir='ltr'><strong>eis</strong></span> <span class='ocrx_word' id='word_1_735' title='bbox 855 4931 993 4983; x_wconf 89' lang='lat' dir='ltr'><strong>Deus</strong></span> <span class='ocrx_word' id='word_1_736' title='bbox 1023 4933 1255 4984; x_wconf 88' lang='lat' dir='ltr'><strong>ostendit</strong></span> <span class='ocrx_word' id='word_1_737' title='bbox 1282 4932 1503 5000; x_wconf 84' lang='lat' dir='ltr'><strong>lignum,</strong></span> <span class='ocrx_word' id='word_1_738' title='bbox 1535 4947 1629 5001; x_wconf 87' lang='lat' dir='ltr'><strong>per</strong></span> <span class='ocrx_word' id='word_1_739' title='bbox 1662 4936 1798 5002; x_wconf 92' lang='lat' dir='ltr'><strong>quod</strong></span> 
     </span>
    </p>
   </div>
   <div class='ocr_carea' id='block_1_100' title="bbox 278 5015 1804 5090">
    <p class='ocr_par' dir='ltr' id='par_1_100' title="bbox 278 5015 1804 5090">
     <span class='ocr_line' id='line_1_100' title="bbox 278 5015 1804 5090; baseline 0.008 -25"><span class='ocrx_word' id='word_1_740' title='bbox 278 5015 459 5070; x_wconf 91' lang='lat' dir='ltr'><strong>dulces</strong></span> <span class='ocrx_word' id='word_1_741' title='bbox 473 5016 660 5072; x_wconf 78' lang='lat' dir='ltr'><strong>fierent</strong></span> <span class='ocrx_word' id='word_1_742' title='bbox 675 5031 821 5090; x_wconf 70' lang='lat' dir='ltr'><strong>aqua:</strong></span> <span class='ocrx_word' id='word_1_743' title='bbox 839 5017 1091 5083; x_wconf 87' lang='lat' dir='ltr'><strong>ipsorum.</strong></span> <span class='ocrx_word' id='word_1_744' title='bbox 1111 5018 1315 5072; x_wconf 90' lang='lat' dir='ltr'><strong>Etenim</strong></span> <span class='ocrx_word' id='word_1_745' title='bbox 1340 5021 1580 5088; x_wconf 67' lang='lat' dir='ltr'><strong>praedixit</strong></span> <span class='ocrx_word' id='word_1_746' title='bbox 1597 5022 1674 5075; x_wconf 84' lang='lat' dir='ltr'><strong>eis</strong></span> <span class='ocrx_word' id='word_1_747' title='bbox 1690 5037 1804 5090; x_wconf 90' lang='lat' dir='ltr'><strong>pro-</strong></span> 
     </span>
    </p>
   </div>
   <div class='ocr_carea' id='block_1_101' title="bbox 277 5101 1798 5180">
    <p class='ocr_par' dir='ltr' id='par_1_101' title="bbox 277 5101 1798 5180">
     <span class='ocr_line' id='line_1_101' title="bbox 277 5101 1798 5180; baseline 0.004 -24"><span class='ocrx_word' id='word_1_748' title='bbox 277 5102 436 5168; x_wconf 83' lang='lat' dir='ltr'><strong>pheta</strong></span> <span class='ocrx_word' id='word_1_749' title='bbox 460 5107 527 5171; x_wconf 80' lang='lat'><strong>&quot;,</strong></span> <span class='ocrx_word' id='word_1_750' title='bbox 556 5106 705 5174; x_wconf 63' lang='lat' dir='ltr'><strong>quia:</strong></span> <span class='ocrx_word' id='word_1_751' title='bbox 729 5101 831 5156; x_wconf 87' lang='lat' dir='ltr'><strong>nisi</strong></span> <span class='ocrx_word' id='word_1_752' title='bbox 850 5107 1203 5170; x_wconf 86' lang='lat' dir='ltr'><strong>credideritis,</strong></span> <span class='ocrx_word' id='word_1_753' title='bbox 1227 5123 1393 5176; x_wconf 91' lang='lat' dir='ltr'><strong>neque</strong></span> <span class='ocrx_word' id='word_1_754' title='bbox 1419 5110 1736 5180; x_wconf 84' lang='lat' dir='ltr'><strong>intelligetis.</strong></span> <span class='ocrx_word' id='word_1_755' title='bbox 1779 5131 1798 5162; x_wconf 74' lang='grc' dir='ltr'><strong><em>ι</em></strong></span> 
     </span>
    </p>
   </div>
   <div class='ocr_carea' id='block_1_102' title="bbox 345 5194 1802 5264">
    <p class='ocr_par' dir='ltr' id='par_1_102' title="bbox 345 5194 1802 5264">
     <span class='ocr_line' id='line_1_102' title="bbox 345 5194 1802 5264; baseline 0.003 -16"><span class='ocrx_word' id='word_1_756' title='bbox 345 5194 396 5248; x_wconf 76' lang='grc' dir='ltr'><strong>ι.</strong></span> <span class='ocrx_word' id='word_1_757' title='bbox 418 5196 545 5249; x_wconf 79' lang='lat' dir='ltr'><strong>Post</strong></span> <span class='ocrx_word' id='word_1_758' title='bbox 573 5196 684 5250; x_wconf 65' lang='lat' dir='ltr'><strong>haec</strong></span> <span class='ocrx_word' id='word_1_759' title='bbox 705 5196 954 5264; x_wconf 89' lang='lat' dir='ltr'><strong>scriptum</strong></span> <span class='ocrx_word' id='word_1_760' title='bbox 977 5207 1054 5249; x_wconf 89' lang='lat' dir='ltr'><strong>est</strong></span> <span class='ocrx_word' id='word_1_761' title='bbox 1088 5199 1134 5230; x_wconf 79' lang='lat'>“</span> <span class='ocrx_word' id='word_1_762' title='bbox 1168 5217 1182 5252; x_wconf 89' lang='lat'><strong>:</strong></span> <span class='ocrx_word' id='word_1_763' title='bbox 1210 5217 1228 5249; x_wconf 73' lang='grc' dir='ltr'>ί</span> <span class='ocrx_word' id='word_1_764' title='bbox 1255 5198 1310 5252; x_wconf 81' lang='lat' dir='ltr'><strong>in</strong></span> <span class='ocrx_word' id='word_1_765' title='bbox 1349 5201 1580 5253; x_wconf 88' lang='lat' dir='ltr'><strong>secundo</strong></span> <span class='ocrx_word' id='word_1_766' title='bbox 1604 5216 1802 5263; x_wconf 87' lang='lat' dir='ltr'><strong>mense,</strong></span> 
     </span>
    </p>
   </div>
   <div class='ocr_carea' id='block_1_103' title="bbox 279 5283 1804 5357">
    <p class='ocr_par' dir='ltr' id='par_1_103' title="bbox 279 5283 1804 5357">
     <span class='ocr_line' id='line_1_103' title="bbox 279 5283 1804 5357; baseline 0.005 -23"><span class='ocrx_word' id='word_1_767' title='bbox 279 5283 469 5351; x_wconf 87' lang='lat' dir='ltr'><strong>inquit,</strong></span> <span class='ocrx_word' id='word_1_768' title='bbox 547 5295 826 5355; x_wconf 84' lang='lat' dir='ltr'><strong>postquam</strong></span> <span class='ocrx_word' id='word_1_769' title='bbox 858 5287 920 5340; x_wconf 91' lang='lat' dir='ltr'><strong>dc</strong></span> <span class='ocrx_word' id='word_1_770' title='bbox 945 5285 1177 5357; x_wconf 58' lang='lat' dir='ltr'><strong>[Egypto</strong></span> <span class='ocrx_word' id='word_1_771' title='bbox 1201 5289 1418 5356; x_wconf 81' lang='lat' dir='ltr'><strong>profecti</strong></span> <span class='ocrx_word' id='word_1_772' title='bbox 1452 5298 1599 5352; x_wconf 86' lang='lat' dir='ltr'><strong>sunt,</strong></span> <span class='ocrx_word' id='word_1_773' title='bbox 1623 5289 1804 5356; x_wconf 86' lang='lat' dir='ltr'><strong>quinta</strong></span> 
     </span>
    </p>
   </div>
   <div class='ocr_carea' id='block_1_104' title="bbox 339 5419 2430 5570">
    <p class='ocr_par' dir='ltr' id='par_1_104' title="bbox 339 5419 2430 5570">
     <span class='ocr_line' id='line_1_104' title="bbox 339 5419 2430 5524; baseline 0.008 -27"><span class='ocrx_word' id='word_1_774' title='bbox 339 5419 392 5475; x_wconf 21' lang='lat' dir='ltr'><strong>I&quot;</strong></span> <span class='ocrx_word' id='word_1_775' title='bbox 421 5445 587 5502; x_wconf 78' lang='lat' dir='ltr'><strong>Exod.</strong></span> <span class='ocrx_word' id='word_1_776' title='bbox 617 5465 706 5515; x_wconf 77' lang='lat' dir='ltr'><strong>xv,</strong></span> <span class='ocrx_word' id='word_1_777' title='bbox 737 5452 823 5504; x_wconf 80' lang='lat'><strong>26.</strong></span> <span class='ocrx_word' id='word_1_778' title='bbox 895 5451 1120 5514; x_wconf 73' lang='lat' dir='ltr'><strong>“-ibid.,</strong></span> <span class='ocrx_word' id='word_1_779' title='bbox 1151 5451 1239 5503; x_wconf 85' lang='lat'><strong>27.</strong></span> <span class='ocrx_word' id='word_1_780' title='bbox 1315 5448 1358 5482; x_wconf 73' lang='lat'><strong>”</strong></span> <span class='ocrx_word' id='word_1_781' title='bbox 1385 5451 1483 5504; x_wconf 87' lang='lat' dir='ltr'><strong>lsa.</strong></span> <span class='ocrx_word' id='word_1_782' title='bbox 1515 5465 1585 5502; x_wconf 86' lang='lat' dir='ltr'><strong>vn</strong></span> <span class='ocrx_word' id='word_1_783' title='bbox 1609 5493 1622 5514; x_wconf 93' lang='lat'><strong>,</strong></span> <span class='ocrx_word' id='word_1_784' title='bbox 1657 5452 1710 5504; x_wconf 87' lang='lat'><strong>9.</strong></span> <span class='ocrx_word' id='word_1_785' title='bbox 1796 5453 1839 5484; x_wconf 80' lang='lat'>&quot;</span> <span class='ocrx_word' id='word_1_786' title='bbox 1871 5453 2034 5506; x_wconf 83' lang='lat' dir='ltr'><strong>Exod.</strong></span> <span class='ocrx_word' id='word_1_787' title='bbox 2064 5470 2174 5517; x_wconf 71' lang='lat' dir='ltr'><strong>xvr,</strong></span> <span class='ocrx_word' id='word_1_788' title='bbox 2209 5461 2260 5520; x_wconf 81' lang='grc' dir='ltr'><strong>ί,</strong></span> <span class='ocrx_word' id='word_1_789' title='bbox 2294 5461 2348 5524; x_wconf 82' lang='lat'><strong>2,</strong></span> <span class='ocrx_word' id='word_1_790' title='bbox 2377 5465 2430 5519; x_wconf 76' lang='grc'><strong>5,</strong></span> 
     </span>
     <span class='ocr_line' id='line_1_105' title="bbox 353 5510 2408 5570; baseline 0.002 -5"><span class='ocrx_word' id='word_1_791' title='bbox 353 5510 519 5570; x_wconf 65' lang='lat' dir='ltr'><strong>[Con</strong></span> <span class='ocrx_word' id='word_1_792' title='bbox 551 5531 609 5570; x_wconf 78' lang='grc' dir='ltr'><strong>ν.</strong></span> <span class='ocrx_word' id='word_1_793' title='bbox 641 5519 691 5570; x_wconf 84' lang='lat'><strong>7.</strong></span> <span class='ocrx_word' id='word_1_794' title='bbox 763 5522 778 5550; x_wconf 78' lang='grc'>⁸</span> <span class='ocrx_word' id='word_1_795' title='bbox 806 5519 972 5570; x_wconf 77' lang='lat' dir='ltr'><strong>Exod.</strong></span> <span class='ocrx_word' id='word_1_796' title='bbox 1009 5534 1118 5570; x_wconf 78' lang='lat' dir='ltr'><strong>xvi.</strong></span> <span class='ocrx_word' id='word_1_797' title='bbox 1165 5519 1212 5570; x_wconf 76' lang='grc' dir='ltr'><strong>ι.</strong></span> <span class='ocrx_word' id='word_1_798' title='bbox 1243 5518 1308 5570; x_wconf 88' lang='lat'><strong>2.</strong></span> <span class='ocrx_word' id='word_1_799' title='bbox 1347 5520 1398 5570; x_wconf 83' lang='grc'><strong>’5.</strong></span> <span class='ocrx_word' id='word_1_800' title='bbox 1485 5521 1503 5549; x_wconf 84' lang='grc'>²</span> <span class='ocrx_word' id='word_1_801' title='bbox 1545 5518 1701 5570; x_wconf 89' lang='lat' dir='ltr'><strong>Num.</strong></span> <span class='ocrx_word' id='word_1_802' title='bbox 1746 5535 1855 5570; x_wconf 78' lang='lat' dir='ltr'><strong>xxi.</strong></span> <span class='ocrx_word' id='word_1_803' title='bbox 1939 5522 1958 5553; x_wconf 88' lang='grc'>³</span> <span class='ocrx_word' id='word_1_804' title='bbox 2003 5522 2018 5570; x_wconf 93' lang='lat' dir='ltr'><strong>l</strong></span> <span class='ocrx_word' id='word_1_805' title='bbox 2053 5525 2176 5570; x_wconf 78' lang='lat' dir='ltr'><strong>Cor-</strong></span> <span class='ocrx_word' id='word_1_806' title='bbox 2226 5543 2252 5570; x_wconf 65' lang='grc' dir='ltr'>κ</span> <span class='ocrx_word' id='word_1_807' title='bbox 2282 5567 2293 5570; x_wconf 75' lang='lat'><strong>-</strong></span> <span class='ocrx_word' id='word_1_808' title='bbox 2343 5534 2408 5570; x_wconf 75' lang='lat' dir='ltr'><strong>in</strong></span> 
     </span>
    </p>
   </div>
   <div class='ocr_carea' id='block_1_105' title="bbox 1545 5534 1855 5574">
    <p class='ocr_par' dir='ltr' id='par_1_105' title="bbox 1545 5534 1855 5574">
     <span class='ocr_line' id='line_1_106' title="bbox 1545 5534 1855 5574; baseline 0.003 -4"><span class='ocrx_word' id='word_1_809' title='bbox 1545 5534 1585 5570; x_wconf 69' lang='grc' dir='ltr'><strong><em>α</em></strong></span> <span class='ocrx_word' id='word_1_810' title='bbox 1595 5534 1622 5569; x_wconf 84' lang='grc' dir='ltr'><strong>ιι</strong></span> <span class='ocrx_word' id='word_1_811' title='bbox 1633 5535 1701 5573; x_wconf 81' lang='grc' dir='ltr'><strong>ιιι.</strong></span> <span class='ocrx_word' id='word_1_812' title='bbox 1746 5535 1855 5574; x_wconf 70' lang='lat' dir='ltr'><strong>XXI.</strong></span> 
     </span>
    </p>
   </div>
   <div class='ocr_carea' id='block_1_106' title="bbox 277 5509 1398 5584">
    <p class='ocr_par' dir='ltr' id='par_1_106' title="bbox 277 5509 1398 5584">
     <span class='ocr_line' id='line_1_107' title="bbox 277 5509 1398 5584; baseline 0.005 -20"><span class='ocrx_word' id='word_1_813' title='bbox 277 5509 323 5544; x_wconf 74' lang='lat'>&quot;</span> <span class='ocrx_word' id='word_1_814' title='bbox 353 5510 519 5570; x_wconf 73' lang='lat' dir='ltr'><strong>lCor.</strong></span> <span class='ocrx_word' id='word_1_815' title='bbox 551 5531 610 5583; x_wconf 83' lang='lat' dir='ltr'><strong>v,</strong></span> <span class='ocrx_word' id='word_1_816' title='bbox 641 5509 703 5574; x_wconf 52' lang='lat'><strong>7.</strong></span> <span class='ocrx_word' id='word_1_817' title='bbox 763 5522 778 5550; x_wconf 79' lang='grc'>⁸</span> <span class='ocrx_word' id='word_1_818' title='bbox 806 5519 972 5574; x_wconf 77' lang='lat' dir='ltr'><strong>Exod.</strong></span> <span class='ocrx_word' id='word_1_819' title='bbox 1009 5509 1118 5584; x_wconf 75' lang='lat' dir='ltr'><strong>xvi,</strong></span> <span class='ocrx_word' id='word_1_820' title='bbox 1165 5519 1212 5583; x_wconf 77' lang='grc' dir='ltr'><strong>ι,</strong></span> <span class='ocrx_word' id='word_1_821' title='bbox 1243 5518 1308 5584; x_wconf 87' lang='lat'><strong>2,</strong></span> <span class='ocrx_word' id='word_1_822' title='bbox 1347 5520 1398 5571; x_wconf 83' lang='grc'><strong>’5.</strong></span> 
     </span>
    </p>
   </div>
   <div class='ocr_carea' id='block_1_107' title="bbox 1905 4407 3720 4502">
    <p class='ocr_par' dir='ltr' id='par_1_107' title="bbox 1905 4407 3720 4502">
     <span class='ocr_line' id='line_1_108' title="bbox 1905 4407 3720 4502; baseline 0.019 -43"><span class='ocrx_word' id='word_1_823' title='bbox 1905 4423 2094 4502; x_wconf 74' lang='lat' dir='ltr'><strong>carnes</strong></span> <span class='ocrx_word' id='word_1_824' title='bbox 2122 4408 2254 4460; x_wconf 89' lang='lat' dir='ltr'><strong>vidit</strong></span> <span class='ocrx_word' id='word_1_825' title='bbox 2305 4407 2469 4502; x_wconf 80' lang='lat' dir='ltr'><strong>maris</strong></span> <span class='ocrx_word' id='word_1_826' title='bbox 2511 4409 2753 4502; x_wconf 80' lang='lat' dir='ltr'><strong>piscibus</strong></span> <span class='ocrx_word' id='word_1_827' title='bbox 2781 4419 2838 4463; x_wconf 90' lang='lat' dir='ltr'><strong>et</strong></span> <span class='ocrx_word' id='word_1_828' title='bbox 2871 4416 3018 4468; x_wconf 63' lang='lat' dir='ltr'><strong>caeli</strong></span> <span class='ocrx_word' id='word_1_829' title='bbox 3098 4407 3438 4493; x_wconf 57' lang='lat' dir='ltr'><strong>alitihns</strong></span> <span class='ocrx_word' id='word_1_830' title='bbox 3476 4407 3720 4502; x_wconf 64' lang='lat' dir='ltr'><strong>duras.</strong></span> 
     </span>
    </p>
   </div>
   <div class='ocr_carea' id='block_1_108' title="bbox 1907 4499 3724 4595">
    <p class='ocr_par' dir='ltr' id='par_1_108' title="bbox 1907 4499 3724 4595">
     <span class='ocr_line' id='line_1_109' title="bbox 1907 4499 3724 4595; baseline 0.022 -46"><span class='ocrx_word' id='word_1_831' title='bbox 1907 4499 1988 4595; x_wconf 77' lang='lat' dir='ltr'><strong>lllu</strong></span> <span class='ocrx_word' id='word_1_832' title='bbox 2000 4513 2279 4595; x_wconf 46' lang='lat' dir='ltr'><strong>ruiur‘ergo</strong></span> <span class='ocrx_word' id='word_1_833' title='bbox 2297 4500 2580 4595; x_wconf 79' lang='lat' dir='ltr'><strong>adversum</strong></span> <span class='ocrx_word' id='word_1_834' title='bbox 2595 4499 2861 4569; x_wconf 77' lang='lat' dir='ltr'><strong>Moysem,</strong></span> <span class='ocrx_word' id='word_1_835' title='bbox 2884 4506 3009 4562; x_wconf 90' lang='lat' dir='ltr'><strong>imo</strong></span> <span class='ocrx_word' id='word_1_836' title='bbox 3033 4517 3474 4586; x_wconf 82' lang='lat' dir='ltr'><strong>adversum</strong></span> <span class='ocrx_word' id='word_1_837' title='bbox 3502 4499 3724 4595; x_wconf 63' lang='lat' dir='ltr'><strong>Dedin</strong></span> 
     </span>
    </p>
   </div>
   <div class='ocr_carea' id='block_1_109' title="bbox 1904 4585 3726 4688">
    <p class='ocr_par' dir='ltr' id='par_1_109' title="bbox 1904 4585 3726 4688">
     <span class='ocr_line' id='line_1_110' title="bbox 1904 4585 3726 4688; baseline 0.021 -52"><span class='ocrx_word' id='word_1_838' title='bbox 1904 4586 2100 4640; x_wconf 86' lang='lat' dir='ltr'><strong>levant.</strong></span> <span class='ocrx_word' id='word_1_839' title='bbox 2127 4585 2229 4688; x_wconf 70' lang='lat' dir='ltr'><strong>Sed</strong></span> <span class='ocrx_word' id='word_1_840' title='bbox 2253 4585 2352 4688; x_wconf 73' lang='lat' dir='ltr'><strong>hoc</strong></span> <span class='ocrx_word' id='word_1_841' title='bbox 2373 4587 2547 4687; x_wconf 62' lang='lat' dir='ltr'><strong>primo</strong></span> <span class='ocrx_word' id='word_1_842' title='bbox 2574 4589 2795 4688; x_wconf 79' lang='lat' dir='ltr'><strong>quidem</strong></span> <span class='ocrx_word' id='word_1_843' title='bbox 2823 4593 3163 4662; x_wconf 86' lang='lat' dir='ltr'><strong>ignoscitn</strong></span> <span class='ocrx_word' id='word_1_844' title='bbox 3179 4627 3250 4679; x_wconf 76' lang='lat' dir='ltr'><strong>r,</strong></span> <span class='ocrx_word' id='word_1_845' title='bbox 3294 4585 3726 4688; x_wconf 49' lang='grc' dir='ltr'><strong>ἱεηοξοξξιῖιί</strong></span> 
     </span>
    </p>
   </div>
   <div class='ocr_carea' id='block_1_110' title="bbox 1903 4675 3724 4778">
    <p class='ocr_par' dir='ltr' id='par_1_110' title="bbox 1903 4675 3724 4778">
     <span class='ocr_line' id='line_1_111' title="bbox 1903 4675 3724 4778; baseline -0.001 1"><span class='ocrx_word' id='word_1_846' title='bbox 1903 4687 1957 4778; x_wconf 54' lang='grc' dir='ltr'><strong>(ἶι</strong></span> <span class='ocrx_word' id='word_1_847' title='bbox 1982 4675 2235 4778; x_wconf 67' lang='lat' dir='ltr'><strong>s.ec&quot;&quot;do’</strong></span> <span class='ocrx_word' id='word_1_848' title='bbox 2263 4675 2508 4778; x_wconf 42' lang='lat' dir='ltr'><strong>(ortasiis</strong></span> <span class='ocrx_word' id='word_1_849' title='bbox 2535 4687 2590 4730; x_wconf 51' lang='lat' dir='ltr'><strong>ei</strong></span> <span class='ocrx_word' id='word_1_850' title='bbox 2619 4681 2778 4733; x_wconf 52' lang='lat' dir='ltr'><strong>temo</strong></span> <span class='ocrx_word' id='word_1_851' title='bbox 2808 4695 2823 4733; x_wconf 68' lang='grc'>³</span> <span class='ocrx_word' id='word_1_852' title='bbox 2873 4697 3025 4739; x_wconf 64' lang='lat' dir='ltr'><strong>ver“</strong></span> <span class='ocrx_word' id='word_1_853' title='bbox 3041 4707 3116 4746; x_wconf 74' lang='grc' dir='ltr'>ιη</span> <span class='ocrx_word' id='word_1_854' title='bbox 3131 4707 3208 4753; x_wconf 85' lang='lat' dir='ltr'><strong>la</strong></span> <span class='ocrx_word' id='word_1_855' title='bbox 3223 4675 3407 4763; x_wconf 58' lang='lat' dir='ltr'><strong>iugn</strong></span> <span class='ocrx_word' id='word_1_856' title='bbox 3544 4675 3724 4778; x_wconf 38' lang='lat' dir='ltr'><strong>inSt-1</strong></span> 
     </span>
    </p>
   </div>
   <div class='ocr_carea' id='block_1_111' title="bbox 1905 4765 3724 4864">
    <p class='ocr_par' dir='ltr' id='par_1_111' title="bbox 1905 4765 3724 4864">
     <span class='ocr_line' id='line_1_112' title="bbox 1905 4765 3724 4864; baseline -0.012 9"><span class='ocrx_word' id='word_1_857' title='bbox 1905 4767 2167 4828; x_wconf 58' lang='lat' dir='ltr'><strong>desmam&#39;</strong></span> <span class='ocrx_word' id='word_1_858' title='bbox 2197 4765 2292 4864; x_wconf 71' lang='lat' dir='ltr'><strong>sed.</strong></span> <span class='ocrx_word' id='word_1_859' title='bbox 2312 4766 2629 4833; x_wconf 58' lang='lat' dir='ltr'><strong>persism&#39;&quot;.</strong></span> <span class='ocrx_word' id='word_1_860' title='bbox 2658 4770 2779 4822; x_wconf 70' lang='grc' dir='ltr'><strong>θυάῖ</strong></span> <span class='ocrx_word' id='word_1_861' title='bbox 2811 4774 2947 4840; x_wconf 84' lang='lat' dir='ltr'><strong>quid</strong></span> <span class='ocrx_word' id='word_1_862' title='bbox 2982 4789 3330 4849; x_wconf 77' lang='lat' dir='ltr'><strong>posthac</strong></span> <span class='ocrx_word' id='word_1_863' title='bbox 3373 4765 3724 4864; x_wconf 40' lang='lat' dir='ltr'><strong>mu—ri&#39;n‘u:</strong></span> 
     </span>
    </p>
   </div>
   <div class='ocr_carea' id='block_1_112' title="bbox 1905 4855 3725 4958">
    <p class='ocr_par' dir='ltr' id='par_1_112' title="bbox 1905 4855 3725 4958">
     <span class='ocr_line' id='line_1_113' title="bbox 1905 4855 3725 4958; baseline 0.006 -12"><span class='ocrx_word' id='word_1_864' title='bbox 1905 4867 2111 4908; x_wconf 57' lang='lat' dir='ltr'><strong>“mem</strong></span> <span class='ocrx_word' id='word_1_865' title='bbox 2140 4855 2386 4923; x_wconf 64' lang='lat' dir='ltr'><strong>populum</strong></span> <span class='ocrx_word' id='word_1_866' title='bbox 2417 4870 2806 4926; x_wconf 72' lang='grc' dir='ltr'><strong>εοιιεειιυειιυτ.</strong></span> <span class='ocrx_word' id='word_1_867' title='bbox 2845 4863 2901 4915; x_wconf 87' lang='lat' dir='ltr'><strong>In</strong></span> <span class='ocrx_word' id='word_1_868' title='bbox 2937 4855 3725 4958; x_wconf 32' lang='lat' dir='ltr'><strong>Numeror&#39;um—vlihro</strong></span> 
     </span>
    </p>
   </div>
   <div class='ocr_carea' id='block_1_113' title="bbox 1903 4946 3725 5061">
    <p class='ocr_par' dir='ltr' id='par_1_113' title="bbox 1903 4946 3725 5061">
     <span class='ocr_line' id='line_1_114' title="bbox 2161 4946 3723 4976; baseline -0.004 -12"><span class='ocrx_word' id='word_1_869' title='bbox 2161 4947 2180 4976; x_wconf 84' lang='lat'><strong>.</strong></span> <span class='ocrx_word' id='word_1_870' title='bbox 2483 4946 2494 4958; x_wconf 93' lang='lat'><strong>.</strong></span> <span class='ocrx_word' id='word_1_871' title='bbox 2643 4951 2654 4962; x_wconf 93' lang='lat'><strong>.</strong></span> <span class='ocrx_word' id='word_1_872' title='bbox 2983 4958 2995 4968; x_wconf 85' lang='grc'><em>,</em></span> <span class='ocrx_word' id='word_1_873' title='bbox 3451 4946 3466 4948; x_wconf 83' lang='grc'><strong>-</strong></span> <span class='ocrx_word' id='word_1_874' title='bbox 3533 4946 3723 4958; x_wconf 66' lang='grc' dir='ltr'><strong>η-.-</strong></span> 
     </span>
     <span class='ocr_line' id='line_1_115' title="bbox 1903 4946 3725 5061; baseline 0 0"><span class='ocrx_word' id='word_1_875' title='bbox 1903 4946 2368 5061; x_wconf 48' lang='grc' dir='ltr'><strong>ΪῩῘῘΪῘἻᾼΕὛῩ</strong></span> <span class='ocrx_word' id='word_1_876' title='bbox 2393 4959 2424 5061; x_wconf 64' lang='grc' dir='ltr'><strong><em>Ῠ</em></strong></span> <span class='ocrx_word' id='word_1_877' title='bbox 2431 4955 3044 5061; x_wconf 52' lang='grc' dir='ltr'><strong>ίω¹1ἷξῗ¹ἱῗῗῗῗ9ῗίῗτ¹⁵</strong></span> <span class='ocrx_word' id='word_1_878' title='bbox 3094 4981 3473 5061; x_wconf 48' lang='lat' dir='ltr'><strong>Finem&quot;</strong></span> <span class='ocrx_word' id='word_1_879' title='bbox 3519 4991 3725 5061; x_wconf 79' lang='grc' dir='ltr'><strong>Αρο-</strong></span> 
     </span>
    </p>
   </div>
   <div class='ocr_carea' id='block_1_114' title="bbox 1898 5033 3724 5137">
    <p class='ocr_par' dir='ltr' id='par_1_114' title="bbox 1898 5033 3724 5137">
     <span class='ocr_line' id='line_1_116' title="bbox 1898 5033 3724 5137; baseline 0.023 -53"><span class='ocrx_word' id='word_1_880' title='bbox 1898 5034 2063 5137; x_wconf 67' lang='lat' dir='ltr'><strong>stolas</strong></span> <span class='ocrx_word' id='word_1_881' title='bbox 2087 5033 2266 5086; x_wconf 91' lang='lat' dir='ltr'><strong>dicens</strong></span> <span class='ocrx_word' id='word_1_882' title='bbox 2291 5034 2312 5064; x_wconf 83' lang='grc'><em>³</em></span> <span class='ocrx_word' id='word_1_883' title='bbox 2343 5050 2358 5086; x_wconf 91' lang='lat'><strong>:</strong></span> <span class='ocrx_word' id='word_1_884' title='bbox 2392 5053 2410 5085; x_wconf 75' lang='grc' dir='ltr'>ι</span> <span class='ocrx_word' id='word_1_885' title='bbox 2445 5035 2632 5105; x_wconf 83' lang='lat' dir='ltr'><strong>Neque</strong></span> <span class='ocrx_word' id='word_1_886' title='bbox 2668 5055 3261 5130; x_wconf 71' lang='lat' dir='ltr'><strong>murmuraveritis,</strong></span> 
     </span>
    </p>
   </div>
   <div class='ocr_carea' id='block_1_115' title="bbox 1899 5097 3697 5226">
    <p class='ocr_par' dir='ltr' id='par_1_115' title="bbox 1899 5097 3697 5226">
     <span class='ocr_line' id='line_1_117' title="bbox 1899 5097 3697 5226; baseline 0.03 -56"><span class='ocrx_word' id='word_1_887' title='bbox 1899 5121 2018 5216; x_wconf 81' lang='lat' dir='ltr'><strong>dam</strong></span> <span class='ocrx_word' id='word_1_888' title='bbox 2050 5134 2235 5173; x_wconf 89' lang='lat' dir='ltr'><strong>eorum</strong></span> <span class='ocrx_word' id='word_1_889' title='bbox 2270 5136 2755 5182; x_wconf 84' lang='lat' dir='ltr'><strong>murmuraverunt</strong></span> <span class='ocrx_word' id='word_1_890' title='bbox 2780 5140 2882 5194; x_wconf 75' lang='lat' dir='ltr'><strong>,,et</strong></span> <span class='ocrx_word' id='word_1_891' title='bbox 2913 5146 2948 5184; x_wconf 86' lang='lat' dir='ltr'><strong>a</strong></span> <span class='ocrx_word' id='word_1_892' title='bbox 2997 5097 3522 5222; x_wconf 42' lang='lat' dir='ltr'><strong>saginat:</strong></span> <span class='ocrx_word' id='word_1_893' title='bbox 3555 5097 3697 5226; x_wconf 59' lang='lat'><strong>(11)::-</strong></span> 
     </span>
    </p>
   </div>
   <div class='ocr_carea' id='block_1_116' title="bbox 1907 5185 3724 5316">
    <p class='ocr_par' dir='ltr' id='par_1_116' title="bbox 1907 5185 3724 5316">
     <span class='ocr_line' id='line_1_118' title="bbox 1907 5185 3724 5289; baseline 0.01 -34"><span class='ocrx_word' id='word_1_894' title='bbox 1907 5206 2104 5260; x_wconf 84' lang='lat' dir='ltr'><strong>iernnt.</strong></span> <span class='ocrx_word' id='word_1_895' title='bbox 2166 5227 2184 5258; x_wconf 68' lang='grc' dir='ltr'><strong>ι</strong></span> <span class='ocrx_word' id='word_1_896' title='bbox 2241 5209 2672 5272; x_wconf 79' lang='lat' dir='ltr'><strong>Murmurantem</strong></span> <span class='ocrx_word' id='word_1_897' title='bbox 2736 5185 3110 5289; x_wconf 45' lang='lat' dir='ltr'><strong>[io-pulum.“</strong></span> <span class='ocrx_word' id='word_1_898' title='bbox 3132 5185 3522 5222; x_wconf 45' lang='lat' dir='ltr'><strong>vclltluus</strong></span> <span class='ocrx_word' id='word_1_899' title='bbox 3563 5185 3724 5240; x_wconf 56' lang='lat' dir='ltr'><strong>per.</strong></span> 
     </span>
     <span class='ocr_line' id='line_1_119' title="bbox 1907 5247 3721 5316; baseline 0.008 -22"><span class='ocrx_word' id='word_1_900' title='bbox 1907 5308 2077 5316; x_wconf 44' lang='lat' dir='ltr'><strong>“hu</strong></span> <span class='ocrx_word' id='word_1_901' title='bbox 2128 5295 2352 5316; x_wconf 29' lang='grc' dir='ltr'><strong>Δημώ</strong></span> <span class='ocrx_word' id='word_1_902' title='bbox 2605 5260 2616 5271; x_wconf 67' lang='grc' dir='ltr'><em>ι</em></span> <span class='ocrx_word' id='word_1_903' title='bbox 2714 5311 2725 5316; x_wconf 84' lang='lat'><strong><em>_</em></strong></span> <span class='ocrx_word' id='word_1_904' title='bbox 3079 5247 3544 5313; x_wconf 66' lang='lat' dir='ltr'><strong>venenatus</strong></span> <span class='ocrx_word' id='word_1_905' title='bbox 3644 5263 3721 5316; x_wconf 81' lang='lat' dir='ltr'><strong>in</strong></span> 
     </span>
    </p>
   </div>
   <div class='ocr_carea' id='block_1_117' title="bbox 1900 5280 3726 5410">
    <p class='ocr_par' dir='ltr' id='par_1_117' title="bbox 1900 5280 3726 5410">
     <span class='ocr_line' id='line_1_120' title="bbox 1900 5280 3726 5410; baseline 0.036 -64"><span class='ocrx_word' id='word_1_906' title='bbox 1900 5308 2082 5348; x_wconf 90' lang='lat' dir='ltr'><strong>eremo</strong></span> <span class='ocrx_word' id='word_1_907' title='bbox 2123 5295 2429 5363; x_wconf 89' lang='lat' dir='ltr'><strong>depascitur</strong></span> <span class='ocrx_word' id='word_1_908' title='bbox 2487 5311 2822 5378; x_wconf 80' lang='lat' dir='ltr'><strong>serpentium</strong></span> <span class='ocrx_word' id='word_1_909' title='bbox 2883 5280 3726 5410; x_wconf 50' lang='lat' dir='ltr'><strong>nlorsus.-W;i.t;::mtll:</strong></span> 
     </span>
    </p>
   </div>
   <div class='ocr_carea' id='block_1_118' title="bbox 2523 5475 2942 5546">
    <p class='ocr_par' dir='ltr' id='par_1_118' title="bbox 2523 5475 2942 5546">
     <span class='ocr_line' id='line_1_121' title="bbox 2523 5475 2942 5546; baseline 0 -14"><span class='ocrx_word' id='word_1_910' title='bbox 2523 5475 2568 5506; x_wconf 65' lang='grc'>⁸⁷</span> <span class='ocrx_word' id='word_1_911' title='bbox 2601 5475 2735 5546; x_wconf 80' lang='lat' dir='ltr'><strong>Eph.</strong></span> <span class='ocrx_word' id='word_1_912' title='bbox 2769 5491 2829 5541; x_wconf 91' lang='lat' dir='ltr'><strong>tt,</strong></span> <span class='ocrx_word' id='word_1_913' title='bbox 2858 5475 2942 5532; x_wconf 63' lang='grc' dir='ltr'><strong>η.</strong></span> 
     </span>
    </p>
   </div>
   <div class='ocr_carea' id='block_1_119' title="bbox 1939 5483 3721 5594">
    <p class='ocr_par' dir='ltr' id='par_1_119' title="bbox 1939 5483 3721 5594">
     <span class='ocr_line' id='line_1_122' title="bbox 1939 5483 3721 5594; baseline 0.005 -19"><span class='ocrx_word' id='word_1_914' title='bbox 1939 5483 2176 5578; x_wconf 50' lang='lat' dir='ltr'><strong>fidit</strong></span> <span class='ocrx_word' id='word_1_915' title='bbox 2209 5483 2430 5594; x_wconf 55' lang='lat' dir='ltr'><strong>aias:</strong></span> <span class='ocrx_word' id='word_1_916' title='bbox 2523 5483 2567 5506; x_wconf 59' lang='grc' dir='ltr'><strong>ν</strong></span> <span class='ocrx_word' id='word_1_917' title='bbox 2601 5483 2735 5546; x_wconf 64' lang='grc' dir='ltr'><strong>εμό</strong></span> <span class='ocrx_word' id='word_1_918' title='bbox 3029 5483 3095 5517; x_wconf 76' lang='grc'><strong><em>’⁸</em></strong></span> <span class='ocrx_word' id='word_1_919' title='bbox 3133 5487 3378 5560; x_wconf 58' lang='grc' dir='ltr'><strong>πολ-ι.</strong></span> <span class='ocrx_word' id='word_1_920' title='bbox 3430 5523 3544 5582; x_wconf 72' lang='grc' dir='ltr'><strong>νε,</strong></span> 
     </span>
    </p>
   </div>
  </div>
