3922 6266
368 369 470 423 547

1784 345 2094 405 ORIGENIS

3599 314 3705 369 518

366 485 502 533 bona
551 491 711 545 opera
760 473 1095 536 recondunt,
1145 471 1234 524 illa
1283 477 1595 539 permanent
1637 481 1804 534 usque
1845 464 1896 516 in
1926 466 1973 520 Α
2001 455 2551 524 iuveneruutangelos
2580 469 2708 508 cum
2753 447 2992 545 ingenti
3040 432 3476 545 claritate-adl
3504 432 3706 545 iet-till-

364 568 682 622 crastinum.

436 657 489 710 6.
528 656 766 722 Denique
813 654 890 707 sic
921 651 1176 719 scriptum
1205 661 1320 712 est,
1353 648 1492 717 quod
1523 647 1612 714 qui
1659 645 1897 698 inﬁdeles

369 747 602 806 fuerunt,
642 762 661 792 ‹
698 749 1062 805 servaverunt,
1097 741 1287 806 inquit,
1313 739 1377 791 de
1415 752 1629 798 manna,
1659 745 1712 790 et
1751 734 1899 788 ebul-

370 831 648 885 lieruntex
676 844 740 882 eo
768 843 997 889 vermes,
1028 837 1080 880 et
1101 826 1423 886 conmutruit
1445 826 1542 878 η.»
1568 825 1696 878 Illud
1725 836 1898 878 autem

369 922 512 989 quod
542 935 638 987 pro
678 920 762 973 die
791 919 1010 972 Sabbati
1043 917 1426 984 reponebatur,
1455 931 1556 969 non
1596 924 1680 969 est
1720 929 1905 968 corru-

373 1019 542 1076 ptum,
576 1021 746 1074 neque
775 1021 982 1059 vermes
1009 1005 1328 1058 ebullieruut
1361 1006 1410 1057 in
1441 1019 1524 1066 eo,
1551 1004 1640 1059 sed
1667 1017 1906 1072 perman-

375 1099 444 1149 sit
471 1094 577 1165 (2i)
607 1096 891 1165 integrum.
919 1093 986 1146 Et
1017 1101 1070 1145 tu
1103 1107 1232 1160 ergo
1263 1093 1305 1145 si
1336 1101 1549 1160 propter
1591 1099 1905 1161 praesentem

374 1187 539 1237 vitam
576 1183 943 1236 tantummodo
977 1191 1029 1236 et
1067 1191 1283 1249 propter
1323 1194 1555 1236 amorem
1585 1180 1761 1234 saeculi
1795 1181 1907 1232 the-

377 1272 631 1331 saurizes,
663 1271 912 1324 continuo
942 1284 1146 1324 vermes
1175 1269 1454 1322 ebulliunt.
1485 1269 1759 1332 Quomodo
1789 1282 1908 1319 ver-

380 1375 494 1415 mes
537 1360 839 1413 ebnlliunt?
885 1359 1022 1411 Audi
1067 1359 1130 1412 de
1186 1358 1576 1425 peccatoribus,
1617 1366 1675 1409 et
1727 1356 1908 1424 iisqui

380 1463 616 1519 praesens
647 1448 896 1502 saeuiunt
926 1448 1185 1516 diligunt,
1216 1463 1334 1514 quae
1365 1448 1436 1500 sit
1475 1447 1746 1514 prophetae
1790 1461 1912 1498 scn-

385 1540 580 1593 tentia:
613 1555 632 1587 ι
659 1537 866 1591 Vermis
887 1537 1049 1600 enim,
1073 1537 1265 1604 inquit,
1287 1552 1472 1590 eorum
1499 1552 1604 1589 non
1633 1536 1909 1599 morietur,

383 1637 438 1679 et
465 1627 601 1695 ignis
616 1641 800 1680 eorum
824 1641 928 1680 non
945 1627 1310 1695 exstinguetur
1328 1627 1388 1678 ”.
1418 1645 1436 1677 ι
1455 1626 1542 1679 Isti
1565 1634 1686 1678 sunt
1711 1638 1914 1678 vermes

374 1730 520 1782 quos
543 1726 760 1783 generat
782 1716 1027 1778 avaritia,
1050 1715 1135 1768 isti
1165 1724 1291 1767 sunt
1315 1729 1522 1768 vermes
1543 1729 1676 1782 quos
1697 1723 1916 1782 generat

389 1804 696 1857 divitiarum
729 1817 867 1858 caeca
901 1804 1163 1872 cupiditas
1195 1804 1260 1858 iis
1301 1805 1390 1872 qui
1422 1805 1619 1858 habent
1644 1803 1915 1872 pecunias,

387 1901 443 1944 et
468 1891 710 1945 videntes
757 1891 812 1944 in
854 1892 1175 1946 necessitate
1220 1891 1417 1946 fratres
1466 1907 1629 1958 suos,
1670 1891 1922 1945 claudunt

393 1980 461 2033 ab
495 1980 575 2035 eis
603 1979 809 2034 viscera
837 1995 954 2034 sua.
979 1982 1262 2050 Propterea
1291 1992 1345 2036 et
1368 1980 1655 2051 Apostolus
1683 1980 1810 2033 dicit
1832 1979 1875 2011 ¹⁸
1903 1995 1918 2032 :

397 2083 420 2116 ι
450 2067 708 2122 Divitibus
729 2077 905 2122 autem
928 2070 1084 2135 hujus
1113 2070 1290 2124 saeculi
1313 2071 1542 2137 praecipe
1566 2084 1668 2121 non
1701 2068 1924 2136 superbe

394 2172 588 2224 sapere
611 2197 627 2224 ,
680 2173 852 2226 neque
893 2174 1110 2227 sperare
1145 2161 1196 2213 in
1238 2161 1443 2214 incerto
1477 2159 1804 2222 divitiarum,
1832 2157 1925 2211 sed

397 2245 586 2298 divites
611 2245 721 2298 sint
750 2247 800 2299 in
833 2246 1084 2314 operibus
1110 2247 1281 2309 bonis,
1313 2247 1472 2300 facile
1503 2247 1755 2310 tribuant,
1782 2261 1928 2299 com-

397 2332 701 2395 municent,
727 2341 780 2386 et
809 2334 1168 2387 thesaurizeut
1207 2333 1305 2388 sibi
1339 2347 1522 2385 veram
1553 2333 1736 2385 vitam.
1768 2348 1786 2381 ι
1825 2329 1930 2383 Sed

399 2419 528 2472 dicit
574 2419 767 2484 aliquis
805 2436 820 2472 :
868 2421 924 2474 Si
976 2435 1171 2474 manna
1210 2421 1430 2474 verbum
1475 2419 1567 2472 Dei
1605 2432 1724 2474 esse
1770 2417 1928 2480 dicis,

401 2508 668 2574 quo‘modo
697 2523 907 2563 vermes
951 2509 1248 2563 facit?Nee
1291 2509 1506 2562 aliunde
1544 2509 1677 2560 ﬁunt
1724 2520 1934 2560 vermes

403 2594 457 2646 in
491 2595 662 2661 nobis,
688 2596 790 2649 nisi
818 2612 883 2650 ex
911 2598 1075 2651 verbo
1103 2598 1214 2651 Dei.
1252 2597 1339 2651 Sic
1365 2598 1505 2650 enim
1541 2597 1670 2650 dicit
1707 2597 1819 2664 ipse
1845 2597 1886 2630 ¹⁹
1915 2611 1930 2649 :

408 2699 430 2732 ι
460 2682 570 2736 Nisi
619 2687 878 2738 venissem
929 2697 982 2739 et
1012 2687 1221 2740 locutus
1253 2688 1331 2740 eis
1379 2687 1594 2739 fuissem
1615 2722 1631 2747 ,
1662 2693 1935 2752 peccatum

409 2784 512 2822 non
541 2770 816 2826 haberent.
848 2790 867 2823 ι
902 2772 1025 2826 Post
1049 2783 1348 2842 susceptum
1377 2788 1502 2842 ergo
1528 2774 1740 2827 verbum
1769 2774 1861 2828 Dei
1888 2774 1935 2828 si

411 2857 530 2924 quis
554 2868 770 2926 peccat,
799 2861 1026 2915 efﬁcitur
1054 2864 1103 2916 ei
1138 2865 1308 2931 ipsum
1334 2865 1557 2918 verbum
1589 2864 1814 2926 vermis,
1843 2865 1936 2932 qui

412 2949 530 3017 ejus
549 2964 754 3017 semper
781 2951 1163 3006 conscientiam
1190 2951 1377 3017 fodiat,
1404 2960 1458 3007 et
1485 2966 1679 3006 arcana
1707 2954 1940 3021 pectoris

411 3033 529 3101 ejus
555 3033 724 3088 rodat.

486 3123 536 3175 7.
565 3122 668 3177 Sed
699 3125 824 3192 quid
850 3141 948 3180 nos
964 3127 1138 3180 adhuc
1167 3127 1393 3196 amplius
1420 3128 1574 3180 docet
1606 3141 1780 3182 sermo
1808 3130 1934 3182 divi-

416 3228 518 3271 nus
536 3214 612 3266 ὀἳ
629 3231 648 3265 ι
674 3215 818 3270 Etad
840 3231 1131 3285 vesperam,
1153 3219 1344 3286 inquit,
1364 3220 1543 3273 scietis
1561 3221 1684 3288 quia
1706 3235 1803 3288 ego
1825 3234 1941 3274 sum

419 3305 710 3372 Dominus,
745 3323 904 3362 mane
951 3318 1132 3362 autem
1174 3309 1422 3363 videbitis
1469 3311 1796 3378 maiestatem
1844 3313 1948 3365 Do-

420 3395 573 3448 mini.
605 3414 623 3447 ι
656 3397 720 3450 Ει
742 3396 809 3450 de
843 3399 944 3452 hoc
981 3397 1136 3451 velim
1177 3397 1306 3451 mihi
1337 3396 1504 3451 Judaei
1545 3400 1944 3466 responderent,

423 3485 687 3551 quomodo
765 3488 833 3542 ad
910 3503 1192 3558 vesperam
1271 3489 1574 3556 agnoscitur
1650 3488 1946 3551 Dominus,

425 3587 582 3627 mane
627 3583 800 3629 autem
852 3578 1065 3631 videtur
1110 3578 1361 3646 maiestas
1409 3578 1542 3644 ejus.
1592 3577 1694 3632 Ubi
1754 3577 1952 3631 Domi-

426 3675 527 3716 nus
549 3664 758 3730 agnitus
789 3673 872 3719 est
910 3665 975 3718 ad
997 3679 1298 3734 vesperam,
1326 3675 1382 3718 et
1416 3666 1531 3733 ejus
1560 3664 1811 3732 majestas
1839 3667 1948 3720 visa

426 3760 511 3805 est
556 3767 712 3808 mane
749 3755 771 3807 ?
813 3755 1151 3823 Respondete
1211 3755 1364 3809 nobis
1425 3755 1518 3822 qui
1562 3754 1843 3808 erudimini
1887 3755 1952 3808 ab

429 3841 652 3896 infantia
716 3858 881 3910 usque
941 3844 1006 3897 ad
1066 3852 1389 3898 senectutem
1428 3856 1638 3909 semper
1693 3841 1955 3896 discentes

433 3929 586 3999 155
609 3940 662 3985 et
693 3946 964 3999 nunquam
997 3933 1060 3985 ad
1085 3932 1360 3985 scientiam
1383 3931 1622 3984 veritatis
1643 3929 1958 3996 pervenien-

431 4022 568 4074 tes“
603 4037 618 4074 :
659 4021 837 4085 Quare
876 4036 980 4074 non
1009 4021 1300 4088 iutelligitis
1323 4021 1435 4073 haec
1463 4018 1771 4087 prophetice
1805 4019 1907 4071 diei
1936 4021 1959 4071 ?

431 4110 536 4164 Sed
570 4110 619 4164 si
643 4111 724 4163 vis
753 4111 851 4162 ista
884 4108 1196 4174 intelligere,
1227 4123 1330 4160 non
1351 4116 1510 4174 potes
1537 4108 1636 4161 nisi
1662 4123 1754 4175 per
1784 4110 1960 4164 Evan-

431 4200 644 4264 gelium.
674 4199 750 4251 lbi
780 4211 1008 4263 namque
1037 4197 1270 4248 invenies
1300 4197 1552 4263 scriptum
1578 4198 1644 4261 ",
1664 4199 1784 4265 quia
1821 4218 1840 4250 ι
1876 4217 1961 4256 vc-

433 4301 587 4353 spere
623 4286 862 4348 Sabbati,
884 4299 1004 4352 quas
1028 4285 1246 4337 lucescit
1276 4283 1326 4336 in
1359 4285 1527 4351 prima
1557 4286 1958 4351 Sabbati,venit

432 4376 598 4428 Maria
645 4375 950 4442 Magdalene
991 4383 1044 4426 et
1073 4373 1235 4426 Maria
1264 4372 1443 4426 Jacobi
1471 4373 1534 4424 ad
1577 4375 1872 4443 sepulcrum
1903 4389 1957 4431 et

435 4465 756 4518 invenerunt
787 4463 1012 4530 lapidem
1042 4462 1333 4515 revolutum
1373 4477 1403 4514 a
1443 4474 1804 4517 monumento.
1837 4483 1856 4516 ι
1883 4464 1960 4520 lbi

435 4555 616 4607 audies
648 4562 802 4606 terra:
844 4560 1045 4604 motum
1080 4549 1297 4616 factum,
1329 4561 1670 4607 monumenta
1698 4551 1957 4620 disrupta,

435 4645 796 4700 centurionem
845 4651 897 4695 et
952 4641 1142 4694 milites
1192 4643 1281 4710 qui
1332 4642 1397 4696 ad
1449 4641 1744 4697 custodiam
1802 4643 1961 4710 positi

435 4745 609 4798 erant,
666 4736 901 4788 dicentes
923 4733 1004 4786 “z
1041 4749 1060 4782 ι
1096 4733 1232 4786 Vere
1274 4733 1361 4786 hic
1405 4731 1572 4785 Filius
1616 4730 1706 4784 Dei
1755 4739 1890 4783 erat.
1933 4749 1953 4782 ι

435 4825 658 4894 Agnitus
673 4837 802 4891 ergo
827 4830 909 4876 est
929 4836 1024 4890 per
1059 4821 1171 4875 haec
1201 4822 1254 4875 in
1287 4835 1506 4889 vespera
1531 4820 1810 4882 Dominus,
1833 4820 1960 4887 quia

439 4916 552 4983 ipse
576 4912 828 4966 Dominus
853 4919 931 4963 est
958 4909 1166 4978 agnitus
1196 4911 1248 4961 in
1288 4909 1484 4961 virtute
1532 4906 1956 4962 resurrectionis.

438 5005 546 5061 Sed
571 5003 834 5072 quomodo
873 5016 1028 5055 mane
1073 5001 1241 5071 gloria
1269 4999 1384 5065 ejus
1413 5001 1525 5052 visa
1553 5008 1636 5052 est
1657 4999 1679 5050 ?
1701 4996 1831 5052 Cum
1869 5013 1961 5051 ve-

410 5097 642 5151 vnissent
663 5095 779 5149 aliae
823 5094 1074 5148 mulieres
1103 5094 1272 5163 prima
1311 5091 1530 5146 Sabbati
1574 5090 1730 5144 valde
1780 5103 1959 5151 mane,

510 5237 554 5268 ’°
590 5236 753 5289 Exod.
797 5249 909 5290 ΠΙ.
935 5233 1025 5288 20.
1097 5232 1138 5262 ¹⁷
1169 5230 1269 5284 lsa.
1303 5243 1456 5292 LXVI,
1488 5227 1578 5278 24.
1651 5226 1693 5258 ¹⁸
1728 5224 1906 5277 lTim.
1938 5223 2158 5292 ‘vt,i'i,
2194 5220 2260 5274 18
2283 5258 2296 5283 ,
2326 5220 2414 5273 19.

996 5302 1038 5330 ²¹
1081 5299 1265 5351 Matth.
1296 5311 1486 5353 xxvm,
1538 5297 1596 5356 1;
1629 5293 1790 5344 Mare.
1835 5307 1940 5347 xvi.
1985 5293 2047 5354 1;

363 5301 370 5304 ’
441 5308 485 5339 ¹¹
521 5305 558 5356 ΙΙ
587 5305 722 5358 Tim.
750 5317 829 5358 ιιι.
872 5303 924 5354 7.

443 5387 607 5426 xxviii
631 5413 647 5438 ,
688 5371 742 5426 6.
815 5371 859 5402 “
891 5369 1057 5423 Exod.
1085 5381 1195 5432 xvi,
1225 5364 1304 5421 t2.
1377 5363 1423 5392 ³⁸
1449 5361 1600 5414 Joau.
1633 5375 1671 5424 ι,
1703 5359 1787 5412 14.

513 5487 624 5555 (2t)
647 5487 812 5555 Alias,
843 5503 862 5535 ι
891 5491 1180 5555 permanet.
1209 5499 1228 5531 ι
1503 5543 1514 5555 ο
1559 5544 1570 5554 ν
1651 5549 1662 5555 Δ
1924 5523 1927 5525 ,

518 5549 626 5620 (Ἡ)
659 5551 752 5604 Sic
781 5549 942 5614 mss;;
980 5551 1112 5620 alias
1155 5563 1280 5604 vero
1321 5564 1338 5598 ι
1375 5549 1756 5612 suscipiant....
1785 5556 1961 5598 come-

452 5618 666 5678 dant.;..
701 5621 1016 5673 manducent
1041 5618 1064 5670 τ
1099 5635 1118 5667 ι
1501 5655 1508 5662 .

1863 5360 1905 5389 ’⁷
1937 5357 2129 5413 lJoan.
2172 5372 2230 5422 ιι,
2265 5357 2350 5408 19.
2426 5359 2474 5390 ’⁸
2498 5359 2662 5417 Joau.
2693 5380 2771 5431 vt,
2794 5364 2885 5418 '53.

1995 563 2142 603 crum
2187 523 2455 609 sedentes,
2498 554 2556 598 et
2610 544 2876 597 dicentes
2907 538 2966 568 ’⁵
2995 549 3014 587 :
3055 553 3076 584 ι
3131 529 3280 584 Non
3315 532 3419 578 est
3459 523 3584 584 hic,
3619 536 3705 573 re-

1995 637 2224 691 surrexit
2251 651 2279 688 a
2316 635 2557 688 mortuis.
2591 631 2796 686 Venite
2829 636 2894 680 et
2943 624 3168 676 videte
3219 617 3437 670 locum
3475 611 3577 664 ubi
3610 626 3707 678 po-

1998 730 2134 781 situs
2166 736 2301 789 erat,
2325 736 2378 778 et
2407 726 2497 787 ite,
2533 723 2700 776 dicite
2728 716 3060 785 discipulis
3106 710 3258 777 ejus
3317 705 3466 773 quia
3509 716 3704 754 resur-

2000 819 2156 881 rexit,
2185 825 2241 871 et
2274 816 2537 885 praecedet
2570 827 2669 866 vos
2699 813 2756 864 iu
2786 808 3145 886 Galilaeam.
3197 818 3220 850 ι
3263 795 3422 886 Visa
3449 803 3544 848 est
3575 807 3710 861 ergo

2002 920 2155 958 mane
2182 893 2431 970 majeStas
2481 900 2724 964 Domini,
2754 913 2891 952 cum
2949 906 3066 962 per
3127 885 3410 957 angelos
3451 896 3711 937 resurre-

2003 997 2112 1048 etio
2138 996 2378 1047 nuntiata
2411 1001 2515 1047 est.

2061 1087 2112 1139 8.
2152 1085 2378 1137 Additur
2402 1091 2578 1135 autem
2610 1081 2663 1132 in
2705 1073 3244 1143 consequentibus
3289 1084 3306 1121 :
3361 1085 3385 1118 ‹
3427 1064 3710 1133 Vespere,

2005 1173 2178 1241 inquit
2223 1172 2291 1234 ’⁵,
2337 1167 2736 1223 manducabitis
2787 1177 3068 1227 carnem,
3105 1169 3182 1214 et.
3225 1169 3421 1214 mane
3468 1153 3713 1222 replebi-

2010 1263 2138 1314 mini
2169 1261 2416 1330 panibus.
2448 1278 2467 1311 ι
2500 1259 2567 1311 Ει
2598 1259 2667 1311 de
2702 1257 2808 1309 hoc
2835 1253 3021 1307 velim
3054 1251 3260 1311 scire,
3297 1246 3476 1314 quali
3510 1245 3714 1298 ordine

2008 1351 2177 1406 Judmi
2213 1350 2486 1418 prophetae
2519 1348 2661 1400 dicta
2709 1343 3084 1412 suscipiatis.
3134 1337 3315 1405 Quid
3373 1335 3540 1389 enim
3575 1348 3716 1387 cuna

2010 1439 2302 1507 sequentize
2327 1437 2612 1494 videbitur,
2645 1441 2826 1488 utaut
2857 1443 3124 1499 vespere
3167 1441 3416 1482 carnes
3449 1425 3584 1478 sine
3612 1439 3713 1491 pa—

2013 1529 2170 1582 nibus
2207 1525 2500 1580 comedatis
2545 1521 2680 1592 (22),
2711 1530 2808 1575 aut
2840 1534 3023 1573 mane
3065 1531 3280 1584 panes
3308 1517 3554 1582 absque
3590 1512 3714 1582 pul-

2007 1617 2180 1669 menti
2225 1613 2524 1682 adiectione
2573 1610 2933 1664 manducetis
2985 1609 3015 1660 1’
3057 1605 3238 1673 Quid
3280 1605 3347 1658 in
3382 1605 3504 1657 hoc
3539 1604 3714 1657 divini

2017 1705 2273 1766 muneris,
2307 1702 2433 1770 quid
2471 1698 2894 1769 temperamenti
2927 1697 3159 1767 gratia:
3194 1694 3494 1750 cmlestis
3524 1703 3716 1746 osten-

2018 1795 2190 1850 ditis!
2219 1793 2451 1847 lloccine
2494 1801 2576 1846 est
2627 1791 2680 1844 in
2729 1804 2841 1858 quo
2889 1787 3158 1856 agnosci
3207 1787 3418 1846 Deum
3476 1786 3712 1853 ponitis,

2020 1884 2156 1952 quod
2188 1897 2376 1936 carnes
2396 1882 2448 1935 in
2481 1893 2704 1948 vespera
2741 1878 2866 1932 sine
2917 1876 3197 1945 panibus
3242 1878 3660 1931 comedantnr
3689 1872 3714 1926 τ

2020 1973 2086 2026 Ει
2111 1973 2449 2041 maiestatem
2493 1970 2586 2024 Dei
2630 1969 2818 2022 dicitis
2853 1980 3191 2035 apparere,
3229 1965 3287 2019 si
3341 1979 3584 2018 rursum
3617 1979 3714 2032 pa-

2023 2077 2118 2116 nes
2142 2062 2259 2115 sine
2286 2059 2543 2113 carnibus
2582 2055 2960 2111 comedantnr
2990 2055 3020 2107 ?
3054 2054 3184 2108 Sed
3225 2053 3415 2107 vobis
3452 2054 3566 2106 ista
3601 2067 3715 2105 ser-

2025 2159 2166 2213 vate,
2193 2158 2247 2203 et
2267 2151 2332 2204 iis
2355 2152 2444 2218 qui
2467 2147 2820 2216 acquiescunt
2847 2145 3050 2210 vobis,
3088 2154 3156 2199 et
3201 2143 3270 2198 in
3303 2143 3712 2199 coturnicibus

2027 2240 2244 2308 agnosci
2295 2253 2453 2307 posse
2483 2237 2652 2290 Deum
2687 2243 2912 2303 putant.
2944 2232 3072 2287 Nos
3115 2244 3342 2287 autem
3402 2232 3622 2300 quibus
3660 2233 3711 2285 in

2029 2331 2135 2384 ﬁne
2163 2328 2362 2391 saeculi,
2391 2327 2474 2381 vel
2497 2327 2564 2387 ad
2588 2338 2881 2392 vesperam
2918 2323 3168 2388 mundi,
3210 2340 3237 2373 ‹
3270 2321 3553 2377 Verbum
3584 2337 3713 2376 caro

2029 2419 2230 2473 factum
2258 2417 2421 2482 est“,
2445 2435 2466 2469 ι
2490 2418 2540 2470 in
2571 2414 2659 2468 illa
2691 2426 2864 2468 carne
2889 2413 3152 2480 agnosci
3193 2412 3475 2466 dicimus
3514 2411 3711 2478 Deum,

2030 2523 2189 2577 quam
2239 2507 2474 2575 suscepit
2511 2519 2579 2560 ex
2626 2504 2883 2568 Virgine.
2923 2504 3091 2560 Istas
3149 2507 3330 2559 enim
3377 2503 3563 2560 Verbi
3617 2503 3710 2557 Del

2034 2610 2246 2660 carnes,
2270 2609 2441 2664 neque
2471 2607 2631 2648 mane
2657 2593 2880 2662 aliquis,
2911 2608 3121 2662 neque
3154 2596 3436 2649 meridie
3467 2594 3710 2648 mandu-

2033 2687 2188 2750 cavit.
2219 2686 2311 2740 sed
2348 2685 2413 2738 ad
2453 2696 2756 2752 vesperam.
2787 2681 3109 2737 Adventus
3137 2683 3320 2737 enim
3385 2681 3618 2736 Domini
3657 2681 3709 2736 in

2035 2783 2200 2828 carne
2224 2771 2290 2824 ad
2317 2784 2592 2838 vesperam
2629 2768 2812 2821 factus
2837 2777 2930 2821 est
2959 2785 2976 2821 :
3012 2770 3190 2824 sicut
3249 2779 3316 2826 et
3347 2769 3611 2825 Joannes
3640 2770 3716 2822 di-

2037 2865 2110 2917 cit
2131 2862 2174 2893 ’⁷
2205 2879 2220 2916 :
2253 2878 2272 2912 ι
2307 2859 2486 2923 Pueri,
2507 2858 2803 2913 novissima
2831 2859 2976 2912 hora
3001 2868 3128 2914 est.
3161 2879 3186 2911 ι
3211 2860 3345 2914 Sed
3373 2879 3395 2910 ι
3430 2869 3495 2915 et
3526 2875 3709 2924 mane,

2041 2951 2230 3019 inquit,
2273 2948 2603 3016 replebimini
2648 2946 2907 3015 panibus.
2942 2965 2964 2998 ι
3004 2947 3210 3004 Nobis
3253 2959 3318 3004 et
3360 2951 3562 3018 panis,
3597 2964 3715 3001 ver-

1963 3053 2008 3114 c
2039 3043 2161 3096 bum
2193 3039 2283 3092 Dei
2316 3048 2397 3094 est
2445 3037 2576 3108 (25).
2623 3037 2742 3105 Ipse
2789 3037 2945 3090 enim
2997 3039 3192 3105 panis
3252 3041 3465 3104 vivus,
3499 3040 3596 3108 qui
3652 3039 3715 3092 de

2042 3131 2175 3185 ctelo
2228 3129 2521 3194 descendit,
2553 3135 2608 3182 et
2641 3127 2809 3180 vitam
2853 3127 2953 3180 dat
3009 3130 3166 3184 huic
3230 3133 3472 3185 mundo
3505 3131 3577 3184 ".
3609 3129 3714 3183 Sed

2045 3220 2312 3290 quomodo
2359 3219 2495 3272 dicit
2542 3232 2700 3271 mane
2735 3217 2860 3270 dari
2899 3217 3066 3271 hunc
3103 3235 3372 3286 panem,
3422 3237 3560 3275 cum
3619 3221 3716 3274 ad-

2043 3318 2261 3362 ventum
2291 3306 2406 3374 ejus
2437 3307 2490 3360 in
2519 3321 2685 3360 carne
2719 3304 2929 3358 factum
2981 3305 3354 3366 dixerimus
3394 3313 3473 3366 ad
3518 3327 3716 3382 vespe-

2047 3415 2160 3452 ram
2188 3399 2212 3451 ‘I
2240 3397 2351 3451 Hoc
2380 3397 2538 3450 modo
2579 3394 3008 3463 intelligendum
3059 3413 3249 3468 puto,
3282 3406 3453 3472 quod
3503 3404 3577 3456 ad
3626 3418 3718 3456 ve-

2049 3502 2259 3556 speram
2301 3486 2516 3553 quidem
2551 3484 2829 3552 vergentis
2883 3487 3101 3540 mundi
3173 3500 3244 3546 et
3303 3509 3500 3562 prope
3555 3493 3716 3546 ﬁnem

2049 3593 2236 3633 cursus
2265 3579 2344 3631 sui
2370 3577 2527 3646 positi
2554 3577 2813 3630 Dominus
2839 3582 3103 3646 venerit,
3129 3584 3247 3638 sed
3297 3589 3569 3640 adventu
3600 3601 3719 3653 suo,

2052 3668 2302 3736 quoniam
2325 3669 2437 3736 ipse
2463 3677 2544 3722 est
2572 3666 2651 3720 sol
2669 3667 2920 3735 iustitiae,
2943 3684 3180 3726 novum
3210 3676 3610 3731 credentibus
3635 3693 3719 3729 re-

2051 3756 2322 3825 paraverit
2351 3757 2514 3809 diem.
2561 3756 2697 3821 Quia
2744 3771 2878 3823 ergo
2914 3774 3146 3812 novum
3187 3765 3429 3818 mundo
3471 3765 3723 3818 scientia:

2054 3849 2233 3900 lumen
2289 3845 2551 3910 accendit,
2598 3845 2741 3898 diem
2775 3846 2890 3915 (24)
2931 3862 3112 3902 suum
3145 3853 3610 3920 quodammodo
3639 3855 3720 3908 ef-

2057 3938 2182 3991 fecit
2205 3944 2260 3990 et
2293 3950 2446 3988 suum
2477 3948 2636 3987 mane
2671 3945 2936 4003 tanquam
2967 3940 3243 4006 iustitia:
3293 3946 3388 3999 sol
3428 3945 3721 4014 produxit,

2056 4027 2190 4080 etin
2225 4025 2324 4078 hoc
2352 4038 2506 4076 mane
2556 4023 2837 4090 replentur
2885 4028 3158 4094 panibus
3223 4036 3334 4102 qui
3401 4037 3535 4105 ejus
3586 4053 3724 4104 pm-

2058 4122 2208 4180 cepta
2236 4109 2552 4178 suscipiunt.
2586 4107 2700 4164 Nec
2750 4111 2976 4166 mireris
3008 4118 3160 4183 quia
3221 4125 3489 4179 verbum
3541 4127 3637 4180 Dei
3674 4132 3728 4178 et

2057 4216 2184 4256 caro
2214 4201 2432 4264 dicitur,
2471 4207 2524 4253 et
2552 4200 2729 4266 panis,
2755 4208 2810 4252 et
2852 4199 2944 4254 lac
2990 4205 3257 4276 dicitur,
3289 4223 3357 4267 et
3392 4215 3558 4270 olera
3585 4216 3727 4270 dici-

2063 4301 2168 4354 tur,
2202 4298 2256 4343 et
2286 4304 2384 4358 pro
2423 4303 2680 4342 mensura
2731 4288 3133 4362 credentium,
3168 4303 3271 4357 vel
3339 4307 3729 4372 possibilitate

2013 4376 2029 4430 ῗ
2059 4380 2380 4433 sumentium
2414 4376 2626 4431 diverse
2659 4379 3001 4434 nominatur.
3034 4382 3264 4443 Potest
3295 4400 3507 4448 tamen
3537 4403 3596 4449 ει
3627 4395 3728 4448 hoc

2057 4465 2303 4533 intelligi,
2364 4465 2504 4532 quod
2551 4475 2674 4532 post
2731 4472 3235 4530 resurrectionem
3307 4495 3486 4536 suam
3556 4499 3722 4552 quam

2059 4567 2218 4609 mane
2248 4552 2585 4606 ostendimus
2619 4553 2842 4619 factam,
2877 4559 3200 4618 credentes
3256 4571 3594 4638 repleverit
3636 4588 3729 4644 pa-

2064 4643 2240 4702 nibus,
2279 4655 2376 4730 pro
2420 4654 2486 4693 eo
2529 4642 2673 4730 quod
2719 4642 2895 4697 libros
2949 4645 3102 4717 legis
3162 4665 3233 4710 et
3301 4642 3728 4730 prophetarum

2066 4731 2275 4799 ignotos
2297 4727 2446 4796 prius
2471 4736 2528 4781 et
2571 4729 2880 4797 incognitos
2925 4735 3160 4793 dederit
3195 4727 3509 4812 nobis,'et
3533 4751 3604 4804 ad
3643 4750 3729 4804 in-

2065 4819 2414 4876 structionem
2437 4826 2683 4872 nostram
2709 4821 2824 4875 haec
2843 4821 3124 4883 Ecclesia:
3153 4831 3574 4895 instrumenta
3593 4857 3730 4897 con-

2064 4906 2304 4970 cesserit,
2337 4915 2394 4960 ut
2422 4907 2538 4975 ipse
2572 4909 2644 4962 sit
2668 4911 2825 4977 panis
2861 4913 2914 4966 in
2947 4913 3291 4989 Evangelio
3314 4946 3333 4980 :
3354 4933 3561 4985 caeteri
3599 4945 3729 4985 vero

2065 4998 2184 5051 libri
2200 4995 2333 5090 legis
2359 4997 2444 5050 vel
2483 4999 2904 5067 prophetarum,
2937 5005 3026 5090 vel
3065 5007 3504 5082 historiarum,
3538 5021 3728 5090 plures

2065 5083 2315 5154 appellati
2363 5092 2490 5137 sunt
2530 5099 2722 5153 panes,
2756 5101 2825 5141 ex
2875 5089 3082 5156 quibus
3129 5099 3500 5166 repleantur
3531 5083 3630 5172 qui
3659 5116 3727 5156 ex

2526 5223 2571 5254 ‘°
2603 5224 2761 5278 Joan.
2792 5239 2886 5288 xv,
2917 5224 3012 5279 22.

3091 5230 3142 5261 ’θ
3185 5232 3391 5290 Exod.
3427 5253 3557 5293 xw.
3585 5239 3640 5300 ϐ.
3674 5239 3723 5296 7.

2107 5291 2234 5342 Luc.
2295 5304 2456 5348 unt.
2486 5290 2546 5343 2.

2645 5295 2692 5326 ³³
2727 5293 2921 5365 Matth.
2969 5311 3159 5365 xxv",
3213 5301 3318 5358 54.
3431 5307 3487 5340 “
3523 5293 3722 5362 Matth.

2139 5471 2468 5556 (εὸλᾼιίιιβ,
2500 5496 2520 5529 ι
2568 5483 2812 5556 nobisin
2857 5481 3215 5556 quopositus
3237 5495 3333 5539 est
3370 5489 3569 5556 panis,
3591 5503 3722 5545 ver-

2067 5539 2459 5616 litljtj_[)ej_est.
2499 5567 2520 5599 ι
2570 5550 2683 5608 Sed
2719 5570 2845 5610 mss.
2877 5539 2940 5606 'ut
2975 5539 3030 5604 iit
3064 5561 3264 5606 n'ostro
3295 5539 3494 5616 ιοὶιύ.

2139 5607 2250 5677 (Ἡ)
2293 5607 2454 5681 Mss,
2495 5637 2516 5671 ι
2559 5607 2980 5689 dietnnhlias,
3013 5635 3243 5676 unane.
3281 5607 3374 5674 .*“‘
