3922 6228
155 357 230 409 ws
1448 343 1522 398 IN
1561 343 2152 400 EXODUM'IIOMILIA
2188 343 2322 400 VIII.
3344 346 3453 401 τδρ

177 452 432 542 genui???
454 429 698 542 Ῠτθδξηξξξ
719 426 1116 542 ETw“
1169 460 1318 542 ξιοῆ
1350 459 1482 516 sine
1509 465 1813 532 prophetica
1843 471 1888 526 Α
1915 473 2082 519 strum
2126 463 2322 517 ardens
2369 467 2484 514 erat
2514 459 2651 513 intra
2689 475 2817 525 nos,
2851 475 2969 515 cum
3009 461 3240 528 aperiret
3294 462 3450 516 nobis

197 523 316 606 aucto
329 532 508 593 τῖιδίθ
532 615 543 619 _
563 524 765 619 δείξω]
813 523 1112 619 (ὶθθξδωῖλεο
1172 523 1550 604 Ρτωόίχθινέι
1596 523 1822 619 namque
1843 523 1887 526 ﬁ
1921 551 2265 619 Seripturas?
2295 569 2314 602 ι
2342 549 2407 602 Et
2440 549 2559 602 aliis
2585 547 2698 615 ipse
2728 523 2864 614 ignis
2905 559 3012 612 est,
3039 523 3129 616 qui
3157 549 3450 618 conﬁagrat

207 637 354 689 Isaias
406 615 654 686 Ρῐθυὶιθίθ
680 614 788 670 hoc
816 613 981 672 “mdo
1001 618 1052 650 ³³
1086 636 1106 674 ‘-
1154 643 1180 676 ι
1229 631 1562 692 Ascendent
1587 639 1638 692 in
1667 613 1820 693 mon-

229 735 340 786 tam.
377 710 558 768 bibent
596 708 783 763 vinum
807 749 823 776 ,
852 721 1150 782 augentur
1212 736 1534 793 unguento,
1577 747 1598 780 ι
1651 728 1822 784 Trade

243 809 348 862 bare
364 801 531 862 omnia
559 801 809 870 gentibus
842 819 859 854 :
892 804 1209 862 consilium
1267 814 1423 867 enim
1455 816 1664 870 Domini
1703 831 1820 870 om-

247 895 519 967 nipotentis
542 903 625 950 est
645 893 773 948 hoc.
809 894 874 950 Si
925 911 1066 966 ergo
1113 914 1509 972 competenter
1533 915 1587 960 et
1633 920 1820 960 carnes

251 988 312 1042 ad
333 1001 604 1056 vesperam
633 987 1043 1055 accepimus,et
1065 994 1316 1060 panibus
1349 996 1617 1062 replemur
1645 1012 1817 1062 mane,

241 1080 360 1146 quia
393 1094 494 1132 nec
542 1078 799 1147 possibile
841 1091 965 1136 erat
1017 1085 1183 1138 nobis
1215 1101 1382 1140 mane
1421 1101 1613 1140 carnes
1640 1089 1816 1151 edere,

243 1170 472 1222 nondum
500 1169 649 1224 enim
683 1179 895 1240 tempus
923 1183 1072 1240 erat,
1101 1176 1200 1229 sed
1231 1191 1338 1232 nec
1367 1177 1586 1231 meridie
1609 1185 1817 1243 potera-

236 1274 374 1312 mus.
418 1257 523 1312 Vix
555 1260 704 1314 enim
747 1261 922 1330 angeli
944 1262 1119 1317 edunt
1163 1279 1363 1319 carnes
1393 1266 1632 1330 meridie,
1667 1277 1720 1320 et
1745 1268 1818 1320 illi

237 1346 490 1402 fortassis
547 1349 736 1402 ordini
788 1350 1153 1406 meridianum
1220 1355 1535 1409 conceditur
1593 1363 1818 1421 tempus.

231 1434 509 1490 Praeterea
546 1435 606 1490 e't
641 1438 775 1492 illud
829 1439 1135 1508 intelligere
1188 1456 1470 1509 possumus
1515 1442 1655 1510 quod
1698 1443 1814 1494 uni-

230 1527 430 1594 cuique
460 1538 726 1581 nostrum
752 1543 909 1582 mane
930 1539 1036 1595 est,
1067 1539 1123 1583 et
1147 1530 1362 1585 initium
1393 1531 1500 1584 diei
1535 1531 1662 1584 illud
1686 1540 1822 1584 tem-

230 1631 350 1682 pus,
382 1630 499 1683 quo
527 1615 780 1683 primum
804 1615 1194 1683 illuminamur,
1211 1626 1266 1671 et
1287 1619 1354 1672 ad
1383 1619 1551 1672 lucem
1582 1619 1700 1671 ﬁdei
1732 1634 1820 1673 ac-

229 1705 498 1758 cedimus.
519 1705 580 1758 In
599 1705 713 1758 hoc
729 1719 862 1774 ergo
879 1713 1143 1772 tempore,
1162 1721 1268 1772 quo
1285 1705 1457 1759 adhuc
1474 1705 1525 1756 in
1545 1707 1818 1776 principiis

231 1793 356 1846 ﬁdei
384 1793 506 1861 (25‘,
568 1773 1019 1858 sumus,carnes
1050 1796 1208 1849 Verbi
1246 1795 1339 1848 Dei
1389 1773 1664 1849 comedere
1699 1773 1816 1849 non
1853 1773 1889 1825 Β

231 1899 555 1950 possumus,
584 1885 643 1937 id
670 1893 756 1936 est
787 1885 1042 1952 perfectae
1074 1893 1130 1936 et
1152 1894 1537 1938 consummata:
1565 1886 1818 1940 doctrina:

234 1973 478 2024 nondum
528 1985 776 2039 capaces
831 1972 1166 2025 exsistimus.
1201 1971 1305 2028 Sed
1328 1985 1444 2042 post
1474 1975 1626 2041 longa
1661 1989 1817 2027 exer-

233 2062 386 2125 citia,
415 2071 545 2130 post
592 2060 907 2128 profectum
941 2061 1256 2128 plurimum,
1291 2077 1414 2117 cum
1441 2064 1550 2130 jam
1593 2063 1815 2130 proximi

237 2164 429 2204 sumus
463 2151 536 2202 ad
567 2164 887 2216 vesperam,
930 2161 987 2202 et
1035 2149 1100 2201 ad
1130 2149 1301 2216 ipsum
1336 2150 1492 2202 ﬁnem
1535 2152 1818 2218 perfectio»

237 2239 322 2291 nis
350 2253 638 2304 urgemur,
676 2248 810 2292 tunc
835 2238 1050 2292 demum
1075 2237 1346 2292 solidioris
1386 2240 1488 2293 cibi
1512 2250 1568 2294 et
1599 2241 1817 2308 perfecti

241 2329 387 2383 verbi
436 2342 682 2395 capaces
741 2327 860 2380 ﬁeri
897 2342 1202 2395 possumus.
1246 2327 1396 2383 Nunc
1431 2343 1561 2398 ergo
1601 2330 1820 2384 festine-

241 2433 362 2472 mus
386 2418 620 2472 caeleste
645 2432 854 2471 manna
883 2418 1165 2484 suscipere
1191 2433 1208 2470 :
1253 2417 1393 2470 istud
1422 2419 1563 2472 enim
1601 2435 1815 2484 manna,

243 2521 398 2580 prout
445 2512 572 2566 vult
620 2512 883 2580 quisque,
931 2512 1093 2564 talem
1133 2525 1379 2580 saporem
1429 2511 1606 2566 reddit
1642 2511 1695 2564 in
1726 2504 1839 2566 ore

245 2604 378 2667 eius.
413 2603 558 2656 Audi
591 2602 745 2656 enim
776 2613 834 2655 et
883 2602 1168 2655 Dominum
1208 2603 1469 2657 dicentem
1511 2601 1579 2656 iis
1609 2602 1700 2670 qui
1729 2617 1822 2656 ac-

246 2693 433 2746 cedunt
459 2693 531 2745 ad
558 2706 623 2745 se
645 2691 693 2725 “
727 2707 743 2743 :
775 2708 795 2742 ι
823 2689 948 2743 Fiat
977 2690 1074 2744 tibi
1108 2691 1398 2744 secundum
1429 2691 1584 2744 ﬁdem
1614 2699 1814 2744 tuam.»

252 2781 315 2835 Et
337 2790 385 2834 tu
405 2797 542 2851 ergo
572 2780 624 2834 si
658 2779 893 2833 verbum
940 2778 1061 2840 Dei,
1089 2779 1230 2845 quod
1263 2779 1316 2831 in
1348 2778 1587 2832 Ecclesia
1625 2779 1820 2845 praedi-

249 2878 413 2934 catur,
457 2877 575 2923 tota
611 2866 746 2931 ﬁde,
793 2875 906 2919 tota
953 2866 1240 2919 devotione
1268 2866 1557 2933 suscipies,
1603 2865 1694 2918 ﬁet
1724 2867 1817 2920 tibi

253 2959 409 3024 ipsum
454 2959 717 3020 verbum,
750 2954 1114 3023 quodcunque
1157 2954 1452 3009 desideras.
1488 2953 1644 3008 Verbi
1695 2969 1820 3022 gra-

253 3048 346 3110 tia,
389 3047 434 3101 si
484 3044 809 3102 tribularis.
843 3042 1156 3097 consolatur
1205 3053 1256 3096 te
1302 3045 1487 3098 dicens
1532 3043 1575 3073 ³¹
1610 3058 1625 3094 :
1657 3060 1677 3092 ι
1715 3043 1818 3096 Cor

251 3138 534 3189 contritum
597 3143 658 3188 et
709 3131 1054 3186 humiliatum
1099 3131 1240 3186 Deus
1286 3147 1390 3184 non
1445 3132 1670 3198 spernit.
1703 3149 1720 3179 ι
1757 3130 1812 3185 Si

253 3224 435 3280 lauris
455 3240 560 3294 pro
577 3238 680 3293 spe
708 3223 922 3286 futura,
939 3221 1176 3275 cumulat
1191 3221 1284 3274 tibi
1313 3219 1501 3288 gaudia
1528 3221 1712 3274 dicens
1733 3220 1811 3270 ":

255 3333 276 3366 ι
308 3313 588 3370 Latamini
622 3315 679 3366 in
724 3313 959 3366 Domino
1005 3319 1060 3364 et
1090 3310 1354 3364 exsultate
1387 3309 1538 3376 justi.
1577 3328 1595 3360 ι
1630 3309 1683 3361 Si
1709 3310 1816 3362 ira-

247 3407 440 3460 cundus
483 3419 571 3471 es,
615 3403 840 3470 mitigat
889 3408 948 3454 te
989 3391 1174 3453 dicens
1199 3399 1242 3431 ⁵⁸
1275 3417 1292 3456 ε,
1327 3417 1346 3449 ι
1384 3400 1573 3454 Desine
1613 3401 1680 3452 ab
1714 3400 1811 3464 ira,

247 3502 301 3546 et
348 3495 670 3562 derelinque
711 3491 1167 3558 indignationem.
1203 3508 1222 3541 ι
1253 3489 1311 3542 Si
1335 3489 1387 3542 iu
1412 3489 1706 3554 doloribus,
1728 3503 1816 3540 sa-

246 3588 401 3634 natte
431 3582 632 3635 dicens
664 3579 715 3611 “
747 3594 763 3630 :
805 3577 1068 3631 Dominus
1108 3595 1127 3628 ι
1165 3585 1320 3630 sanat
1358 3591 1545 3630 omnes
1592 3576 1813 3644 languo-

246 3682 334 3722 res
359 3681 498 3724 tuos.
538 3687 561 3720 ι
593 3667 656 3722 Si
691 3675 1028 3736 paupertate
1053 3665 1405 3726 consumeris,
1435 3665 1740 3718 consolatur
1765 3674 1814 3717 te

241 3756 423 3812 dicens
454 3759 500 3790 ³⁸
538 3780 551 3812 :
578 3756 854 3812 Dominus
878 3772 898 3804 ι
926 3753 1120 3807 allevat
1141 3753 1203 3806 de
1230 3762 1372 3806 terra
1401 3753 1558 3822 156
1582 3754 1810 3820 inopem,

245 3854 301 3897 rt
317 3847 372 3900 de
390 3857 642 3901 stercore
657 3844 830 3912 erigit
846 3855 1158 3910 pauperem.
1171 3859 1189 3891 ›
1203 3841 1295 3896 Sic
1313 3856 1439 3910 ergo
1458 3857 1648 3894 manna
1669 3841 1836 3894 verbi.

243 3932 341 3987 Dei
361 3938 532 3990 reddit
559 3938 616 3989 in
639 3948 740 3990 ore
765 3944 864 3987 tuo
895 3946 1142 4000 saporem
1162 3929 1534 3998 quemcunque
1562 3930 1810 3984 volueris.

247 4020 365 4077 Hoc
397 4034 575 4077 tamen
606 4027 652 4077 si
680 4023 809 4092 quis
832 4021 1121 4074 inﬁdeliter
1143 4022 1421 4089 suscipiat,
1446 4029 1498 4072 et
1533 4035 1634 4072 non
1672 4035 1814 4072 com-

243 4111 396 4174 edat,
429 4113 522 4164 sed
563 4111 886 4172 abscondat,
921 4124 1134 4164 vermes
1177 4125 1246 4162 ex
1297 4125 1362 4164 eo
1387 4108 1662 4163 ebulliunt.
1712 4109 1815 4161 Pu-

247 4207 409 4253 tasne
465 4213 705 4268 eousque
751 4199 1131 4254 deducendum
1190 4207 1276 4252 est
1324 4203 1545 4253 verbum
1597 4199 1710 4258 Dei,
1757 4208 1814 4249 ut

249 4289 410 4340 etiam
440 4287 640 4342 vermis
690 4289 811 4341 ﬁeri
854 4295 1080 4354 putetur
1110 4285 1272 4340 ?Non
1309 4295 1359 4339 te
1402 4287 1486 4340 hic
1517 4286 1689 4339 turbet
1717 4302 1813 4338 att-

1917 640 2100 707 spinas
2129 639 2194 694 de
2248 646 2390 691 terra
2421 635 2582 699 mala,
2619 635 2670 688 id
2709 645 2791 688 est
2841 635 2929 702 qui
2967 637 3222 704 malignas
3250 639 3450 707 cogita-

1919 729 2089 782 tiones
2119 727 2172 780 in
2193 727 2354 781 corde
2377 724 2662 780 consumit.
2687 723 2755 777 Et
2791 723 2910 778 ideo
2938 725 3302 792 peccatoribus
3330 728 3448 793 qui-

1917 817 2058 880 dem,
2086 829 2260 884 neque
2298 815 2494 869 vermis
2531 827 2760 882 arguens
2787 828 3015 881 unquam
3061 811 3172 880 (26)
3202 816 3468 878 moritur,

1913 920 2089 974 neque
2113 905 2249 972 ignis
2285 917 2516 957 exurens
2545 902 2830 970 aliquando
2860 902 3208 968 restinguitur
3238 919 3253 966 ;
3286 901 3446 968 justis

1916 1006 2090 1049 autem
2119 1004 2173 1046 et
2200 994 2440 1047 ﬁdelibus
2474 1001 2746 1060 permanet
2795 990 2964 1044 dulcis
2991 999 3042 1042 et
3063 990 3268 1042 suavis.
3295 1009 3312 1040 ι
3341 990 3447 1043 Gu-

1916 1093 2052 1136 state
2065 1083 2204 1136 enim
2222 1091 2277 1135 et
2294 1082 2486 1143 videte,
2505 1081 2753 1147 quoniam
2771 1079 2948 1132 suavis
2969 1087 3050 1132 est
3071 1079 3324 1132 Dominus
3340 1079 3405 1137 ³⁸,
3423 1096 3441 1128 ι

1917 1175 2028 1241 ipse
2058 1172 2310 1226 Dominus
2336 1181 2390 1224 et
2416 1170 2666 1224 Salvator
2692 1178 2875 1222 noster
2899 1167 3052 1221 Jesus
3075 1168 3334 1232 Christus,
3358 1167 3446 1220 cui

1914 1271 1994 1317 est
2019 1261 2178 1332 gloria
2207 1269 2262 1315 et
2286 1261 2562 1329 imperium
2594 1258 2644 1310 in
2675 1257 2864 1312 saecula
2901 1255 3231 1309 saeculorum.
3249 1255 3446 1310 Amen.

2463 1367 2736 1423 HOMILIA
2763 1366 2892 1423 VIII.

2396 1458 2470 1511 De
2510 1459 2659 1511 initio
2697 1455 2961 1525 Decalogi.

1985 1550 2036 1602 I.
2063 1547 2248 1605 Omnis
2287 1547 2376 1614 qui
2427 1545 2619 1598 didicit
2642 1553 2985 1598 contemnere
3017 1557 3250 1610 przesens
3275 1556 3452 1596 sarcir-

1916 1637 2047 1698 lum.
2072 1635 2210 1705 quod
2261 1633 2553 1702 ﬁguraliter
2597 1631 2857 1701 Egyptns
2897 1632 3214 1698 appellatur,
3259 1642 3312 1684 et
3341 1645 3441 1698 per

1919 1729 2136 1780 verbum
2166 1724 2282 1787 Dei,
2312 1733 2369 1776 ut
2398 1724 2684 1775 secundum
2725 1719 3029 1787 Scripturas
3057 1721 3253 1783 dicam,
3273 1717 3448 1771 trans;

1916 1817 2052 1868 latus
2070 1823 2170 1876 est,
2196 1820 2248 1866 et
2276 1827 2378 1864 non
2417 1811 2706 1873 invenitur,
2734 1810 2858 1877 quia
2888 1809 2954 1862 ad
3000 1808 3248 1862 saculum
3302 1807 3446 1861 futu-

1917 1919 2032 1957 rum
2073 1900 2293 1955 festinat
2339 1913 2401 1952 ac
2453 1898 2643 1960 tendit,
2671 1898 2737 1949 de
2769 1897 3069 1964 huiusmodi
3101 1896 3276 1948 anima
3319 1895 3447 1948 dicit

1919 1992 2169 2045 Dominus
2199 1991 2242 2020 ⁸³
2277 2004 2290 2040 :
2341 2005 2359 2038 ι
2397 1988 2505 2054 Ego
2546 2001 2660 2039 sum
2709 1987 2962 2039 Dominus
2995 1985 3133 2038 Deus
3175 1993 3316 2046 tuus,
3355 1982 3445 2049 qui

1914 2083 2070 2136 eduxi
2105 2088 2157 2132 te
2178 2079 2244 2132 de
2271 2087 2406 2130 terra
2429 2076 2665 2144 Egypti,
2689 2076 2752 2128 de
2780 2082 2936 2128 demo
2963 2074 3254 2127 servitutis.
3287 2091 3307 2124 ι
3332 2071 3443 2124 Non

1915 2185 2042 2237 ergo
2077 2170 2189 2221 haec
2210 2168 2276 2220 ad
2305 2166 2423 2218 illos
2456 2173 2661 2216 tantum
2701 2164 2966 2227 dicuntur,
2991 2163 3080 2230 qui
3115 2163 3180 2216 de
3223 2159 3447 2229 {Egypto

1915 2258 2132 2326 profecti
2165 2264 2305 2318 sunt,
2328 2255 2418 2307 sed
2442 2253 2606 2305 multo
2629 2253 2796 2319 magis
2813 2253 2878 2304 ad
2911 2262 2978 2313 te,
3009 2251 3096 2318 qui
3127 2265 3265 2302 nunc
3293 2249 3448 2301 audis

1915 2349 2038 2411 ista,
2067 2347 2108 2401 si
2155 2355 2330 2399 tamen
2355 2342 2711 2409 proﬁciscaris
2734 2355 2796 2394 ex
2827 2339 3077 2408 1Egypto,
3095 2348 3149 2392 et
3181 2337 3448 2405 JEgyptiis

1914 2441 2050 2493 ultra
2082 2451 2186 2491 non
2217 2434 2434 2493 servias,
2459 2432 2590 2484 dicit
2624 2432 2734 2484 haec
2761 2431 2927 2484 Deus:
2951 2447 2970 2480 ι
3002 2431 3110 2498 Ego
3135 2444 3248 2480 sum
3268 2427 3448 2480 Domi-

1915 2545 2016 2583 nus
2036 2529 2175 2580 Deus
2201 2535 2342 2585 tuus,
2360 2525 2448 2591 qui
2466 2523 2618 2576 eduxi
2639 2529 2690 2574 te
2714 2521 2780 2573 de
2800 2531 2939 2573 terra
2962 2519 3189 2589 Egypti,
3206 2518 3270 2571 de
3292 2517 3449 2571 domo

1915 2615 2208 2671 servitutis.
2248 2631 2266 2663 ι
2310 2611 2444 2665 Vide
2485 2611 2526 2664 si
2580 2623 2683 2663 non
2731 2609 2943 2676 negotia
2989 2607 3187 2670 saeculi,
3215 2614 3267 2658 et
3296 2612 3447 2658 actus
3477 2608 3500 2619 ‘

1915 2705 2116 2769 carnis,
2147 2704 2336 2756 domus
2372 2708 2454 2753 est
2486 2699 2767 2753 servitutis
2813 2715 2828 2751 :
2865 2699 3003 2750 sicut
3046 2710 3254 2756 rursum
3282 2707 3455 2770 econ-I

1915 2795 2078 2847 trario
2106 2793 2408 2858 relinquere
2437 2787 2736 2850 saecularia,
2771 2797 2826 2840 et
2852 2787 3141 2840 secundum
3184 2783 3346 2836 Deum
3369 2771 3455 2834 vi-'

1913 2897 2060 2945 vere,
2116 2883 2304 2936 domus
2360 2887 2441 2932 est
2487 2877 2770 2939 libertatis,
2810 2877 2946 2930 sicut
2992 2883 3049 2928 et
3101 2873 3351 2926 Dominus
3394 2872 3447 2924 in

1915 2972 2198 3039 Evangelio
2221 2970 2351 3023 dicit
2372 2968 2416 2999 ⁸⁸
2437 2986 2448 3020 :
2470 2984 2490 3016 ι
2526 2967 2582 3020 Si
2606 2966 3008 3034 permanseritis
3034 2965 3085 3016 in
3117 2963 3280 3015 verbo
3307 2959 3456 3024 meo,‘

1844 3078 1884 3136 ς
1917 3076 2012 3114 vos
2033 3059 2328 3128 agnoscctis
2353 3059 2656 3120 veritatem,
2698 3063 2753 3108 et
2783 3054 2984 3107 veritas
3009 3051 3257 3105 liberabit
3295 3065 3443 3104 vos.»

1918 3150 2055 3218 Ergo
2084 3149 2343 3216 IEgyptus
2366 3147 2553 3200 domus
2586 3154 2669 3199 est
2708 3143 3000 3206 servitutis,
3029 3141 3207 3194 Iudaea
3248 3153 3374 3192 vero
3395 3147 3450 3191 et

1917 3235 2234 3300 Jerusalem,
2265 3234 2454 3288 domus
2489 3241 2570 3286 est
2599 3232 2876 3286 libertatis.
2901 3229 3033 3282 Audi
3062 3238 3114 3281 et
3138 3226 3447 3295 Apostolnm

1917 3323 1981 3375 de
2031 3323 2112 3375 his
2159 3320 2446 3373 secundum
2505 3319 2817 3386 sapientiam
2845 3331 2960 3382 quae
2984 3317 3030 3369 ei
3056 3315 3110 3368 in
3149 3315 3451 3368 ministerio

1917 3407 2036 3458 data
2070 3407 2260 3465 fuerat,
2291 3405 2721 3470 pronuntiantem
2753 3419 2765 3454 ε
2803 3421 2821 3453 ι
2857 3404 2984 3466 Qum
3010 3413 3186 3454 autem
3227 3398 3459 3456 sursumi

1917 3503 2014 3554 est,
2042 3494 2209 3562 inquit
2229 3494 2295 3555 δι,
2329 3492 2682 3553 Hierusalem,
2707 3492 2872 3545 libera
2896 3499 2995 3556 est,
3023 3505 3140 3558 quae
3164 3499 3246 3543 est
3279 3499 3454 3543 mater

1917 3582 2150 3633 omnium
2176 3591 2432 3634 nostrum.
2460 3601 2478 3633 ι
2497 3583 2640 3636 Sicut
2657 3594 2784 3647 ergo
2802 3579 3081 3648 Egyptus,
3105 3579 3204 3630 ista
3235 3587 3446 3630 terrena

1915 3671 2208 3738 provincia,
2249 3671 2372 3724 ﬁliis
2402 3671 2564 3724 Israel
2615 3671 2802 3723 domus
2836 3670 3029 3722 dicitur
3063 3667 3352 3730 servitutis,
3381 3667 3449 3716 ad

1917 3759 2364 3826 comparationem
2388 3757 2584 3812 Judzeae
2620 3767 2674 3810 et
2715 3756 3066 3818 Hierusalem,
3100 3769 3218 3821 qua:
3246 3754 3324 3805 eis
3356 3754 3454 3804 do.

1918 3864 2034 3901 mus
2056 3847 2280 3901 emcitnr
2305 3848 2565 3899 libertatis
2599 3861 2612 3896 :
2643 3846 2716 3898 ita
2754 3847 2818 3899 ad
2867 3843 3310 3910 comparationem
3334 3853 3448 3893 etn-

1918 3934 2066 3987 leslis
2099 3935 2454 3998 Hierusalem,
2488 3949 2624 4002 quae,
2658 3943 2719 3986 ut
2748 3936 2820 3987 ita
2862 3933 3054 3990 dicam,
3087 3939 3258 3981 mater
3281 3936 3360 3981 est
3385 3911 3460 3979 li-x

1917 4025 2158 4089 bertatis,
2191 4033 2330 4078 totus
2383 4025 2471 4078 hic
2516 4025 2766 4087 mundus,
2807 4032 2860 4075 et
2900 4020 3076 4074 omnia
3109 4034 3228 4086 qua:
3266 4017 3316 4070 in
3347 4017 3450 4070 hoc

1921 4114 2116 4165 mundo
2153 4123 2296 4176 sunt,
2329 4113 2517 4166 domus
2561 4121 2642 4165 est
2682 4111 2977 4165 servitutis.
3014 4109 3076 4162 Et
3103 4109 3352 4177 quoniam
3383 4107 3454 4160 de

1917 4201 2163 4268 paradiso
2190 4201 2451 4254 libertatis
2476 4214 2570 4265 pro
2607 4213 2761 4268 pruna
2811 4199 3016 4266 peccati
3045 4197 3109 4250 ad
3151 4195 3450 4263 huiusmodi

1919 4297 2132 4342 ventum
2170 4287 2346 4340 fuerat
2396 4287 2728 4351 servitutem,
2771 4287 2970 4340 idcirco
3021 4285 3224 4352 primus
3269 4297 3450 4336 sermo

257 4376 420 4438 ditus,
453 4376 571 4430 audi
602 4375 936 4444 Pr0phetam
986 4389 1051 4428 ex
1101 4388 1330 4442 persona
1381 4375 1588 4428 Domini
1635 4375 1815 4428 dicen-
1847 4394 1890 4447 ι)
1922 4377 2186 4446 Decalogi,
2226 4377 2276 4429 id
2307 4386 2388 4431 est
2413 4377 2584 4445 prima
2617 4377 2989 4429 mandatorum
3016 4375 3106 4426 Dei
3156 4388 3260 4426 vox
3290 4374 3355 4426 de
3389 4371 3454 4425 li-

261 4468 372 4514 tem
390 4463 470 4517 “:
503 4482 522 4514 ι
561 4463 672 4534 Ego
708 4472 893 4516 autem
943 4477 1063 4516 smn
1108 4461 1314 4514 vermis
1351 4471 1405 4514 et
1447 4475 1549 4514 non
1579 4462 1757 4516 homo.
1786 4482 1805 4515 ι

265 4547 412 4604 Sicut
439 4553 576 4606 enim
601 4554 716 4621 ipse
753 4561 840 4606 est
858 4551 950 4619 qni
980 4551 1038 4604 lit
1065 4550 1193 4604 aliis
1233 4549 1288 4602 in
1321 4549 1551 4613 ruinam,
1579 4551 1697 4604 aliis
1721 4567 1815 4604 au-

266 4647 373 4690 tem
397 4641 444 4693 in
471 4643 919 4696 resurrectionem
949 4656 964 4704 ;
999 4639 1074 4693 ita
1102 4647 1161 4693 et
1203 4638 1321 4706 ipse
1352 4647 1434 4692 est
1460 4641 1548 4706 qui
1589 4656 1731 4694 nunc
1758 4643 1810 4695 in

268 4742 453 4782 manna
480 4731 725 4786 ﬁdelibus
756 4730 976 4799 quidem
1008 4728 1246 4783 dulcedo
1276 4726 1473 4790 mellis,
1509 4727 1812 4783 inﬁdelibus

266 4825 435 4871 ante
464 4823 657 4875 vermis
701 4819 956 4873 edicitur.
987 4818 1112 4886 Ipse
1145 4825 1237 4871 est
1291 4816 1433 4868 enim
1481 4831 1656 4870 sermo
1695 4817 1812 4882 Dei,

272 4905 360 4966 ιιιιῑ
394 4906 677 4976 iniquorum
713 4915 924 4962 mentes
954 4905 1164 4973 arguit,
1193 4910 1253 4954 et
1289 4903 1679 4968 correptionum
1707 4904 1815 4972 spi-

273 4992 400 5047 culis
421 5006 746 5063 peccatorum
775 4994 1152 5050 conscientias
1185 4991 1444 5044 terebrat.
1473 4991 1586 5059 Ipse
1620 5000 1702 5046 est
1721 4993 1814 5060 qui

275 5086 330 5129 et
369 5081 488 5149 ignis
530 5086 758 5140 efﬁcitur
807 5083 862 5137 in
916 5082 1186 5138 cordibus
1228 5077 1459 5146 illorum,
1492 5084 1690 5150 quibus
1719 5084 1812 5136 ad-

277 5173 430 5232 aPerit
461 5172 780 5243 Scripturas,
811 5174 906 5241 qui
954 5172 1154 5224 dicunt
1181 5167 1229 5197 ⁸⁷
1270 5183 1284 5217 :
1325 5182 1344 5215 ι
1387 5167 1566 5223 Nonne
1599 5185 1694 5224 cor
1722 5187 1818 5227 no-

341 5279 376 5312 ²⁹
406 5283 498 5338 Isa.
523 5302 650 5340 Lvu.

728 5283 774 5315 ³⁸
801 5280 996 5334 Matth.
1027 5289 1150 5334 vm,
1199 5273 1290 5345 I§.
1366 5275 1407 5345 ξι
1431 5278 1562 5331 Psal.
1595 5297 1650 5339 L.
1687 5283 1771 5334 l7.
1848 5285 1891 5316 ³³
1925 5285 2064 5337 Psal.
2095 5301 2244 5345 χχχι,
2290 5284 2371 5336 Η.

1914 4468 2115 4521 bertate
2145 4463 2434 4532 profertur,
2463 4465 2676 4517 dicens:
2706 4481 2724 4514 ι
2745 4464 2854 4532 Ego
2885 4479 3001 4516 sum
3027 4463 3282 4516 Dominus
3312 4463 3452 4515 Deus

1914 4565 2054 4618 tuus,
2092 4553 2180 4620 qui
2207 4553 2365 4606 eduxi
2397 4560 2448 4606 te
2467 4552 2532 4606 de
2562 4564 2700 4606 terra
2725 4551 2960 4622 Egypti,
2991 4551 3056 4603 de
3098 4550 3255 4603 domo
3284 4548 3452 4603 servi-

1914 4643 2059 4696 tutis.
2095 4659 2114 4693 ι
2150 4641 2298 4694 Hanc
2321 4654 2504 4694 vocem
2534 4641 2586 4694 in
2614 4639 2850 4708 Egypto
2897 4638 3101 4705 positus
3136 4638 3320 4691 audire
3347 4650 3455 4688 non

1914 4729 2384 4801 poteras,etiamsi
2430 4729 2528 4783 tibi
2580 4730 2887 4798 injungatur
2931 4735 2988 4780 nt
3032 4725 3232 4780 Pascha
3265 4726 3458 4789 facias,

1915 4819 2119 4873 etiamsi
2151 4818 2447 4886 accingaris
2475 4817 2683 4872 lumbos
2703 4855 2720 4880 ,
2759 4824 2812 4869 et
2855 4815 3094 4868 sandalia
3140 4814 3371 4881 accipias
3399 4811 3460 4863 in

1913 4911 2152 4981 pedibus,
2184 4911 2392 4964 etiamsi
2417 4911 2622 4978 virgam
2675 4911 2859 4962 teneas
2895 4907 2948 4959 in
2981 4921 3159 4968 manu,
3194 4913 3247 4958 et
3268 4915 3463 4970 azyma

1916 5015 2034 5054 cum
2060 4999 2414 5052 amaritudine
2442 4999 2711 5052 comedas.
2736 4997 2801 5050 Et
2827 4995 2954 5062 quid
2981 4995 3101 5047 dico
3135 4994 3188 5046 in
3224 4991 3466 5058 Aﬂgypto.

1919 5087 2117 5155 positus
2146 5086 2256 5139 hzec
2291 5086 2473 5139 audire
2526 5100 2628 5138 non
2663 5093 2876 5153 poteras
2904 5082 2927 5133 ?
2955 5081 3061 5134 Sed
3093 5093 3160 5133 ne
3189 5080 3309 5129 inde
3337 5077 3460 5140 qni-

1919 5177 2037 5230 dem
2064 5175 2328 5244 profectus
2356 5174 2408 5227 in
2440 5174 2610 5242 prima
2634 5173 2814 5226 statim
2840 5170 3116 5222 mansione
3135 5167 3245 5218 lucc
3271 5160 3471 5212 audire-

2451 5285 2494 5316 ⁸³
2520 5284 2662 5337 Psal.
2691 5296 2854 5336 ιιι(ιί
2873 5319 2888 5341 ,
2919 5279 2970 5330 8.
3046 5278 3092 5309 “
3115 5273 3248 5327 Psal.
3276 5283 3370 5326 ett.
3399 5268 3472 5324 δα

274 5340 458 5422 :Psal.
489 5370 617 5415 cxu,
668 5354 721 5405 7.
800 5352 850 5385 ³⁶
879 5346 1198 5422 Ρδειΐςηκκι,
1236 5340 1287 5390 7·
1364 5343 1543 5402 "Luc.
1583 5365 1734 5414 XMV,
1784 5351 1816 5402 5

1944 5354 1986 5384 ³⁸
2011 5354 2153 5408 Psal.
2186 5340 2379 5416 xixrtt,
2403 5351 2460 5405 8.
2531 5352 2574 5384 ³⁸
2604 5353 2772 5406 Exod.
2810 5340 2903 5411 xx,
2927 5345 2984 5398 2.
3061 5344 3105 5376 ⁵⁸
3145 5343 3294 5394 301m-
3323 5345 3471 5399 νων

273 5409 336 5475 δῘι
377 5423 457 5480 52.
530 5425 575 5456 ⁸⁸
605 5409 804 5478 ΌειΙιιῐ.
849 5431 939 5476 tv,
994 5409 1086 5461 26o

241 5513 406 5630 Am(£5)
443 5521 574 5584 Vox,
627 5535 649 5567 ε
706 5509 863 5574 ﬁdei,
905 5523 926 5556 ι
973 5503 1130 5556 deest
1181 5497 1238 5549 in
1285 5511 1439 5561 antea
1475 5511 1634 5566 editis
1669 5549 1691 5576 ,
1723 5515 1817 5568 sed

356 5608 436 5630 rm-
467 5594 522 5630 in
552 5598 692 5630 mss-

293 5585 436 5655 betur
463 5594 523 5650 in
548 5598 692 5644 mss.

1995 5514 2102 5604 (26)
2137 5516 2298 5582 Αιίδει
2339 5530 2361 5564 ι
2399 5527 2626 5582 arguens
2657 5511 2862 5577 iniqua.
2891 5517 2913 5551 ο
