3922 6256
380 322 472 377 551

380 436 618 505 potuisti.
654 447 752 487 nec
787 433 837 486 in
884 429 1113 485 secunda
1139 467 1154 490 ,
1187 441 1286 479 nec
1322 427 1371 477 in
1421 425 1596 487 tertia,
1647 436 1745 474 nec
1796 435 1915 473 cum
1949 423 1992 475 Α

381 526 637 578 transires
677 523 907 573 l‘rubrnm
943 533 1106 582 mare,
1134 513 1343 569 etiamsi
1367 515 1430 566 ad
1467 513 1730 566 Merrhatn
1762 523 1916 562 vene-

382 614 478 679 ris,
515 623 568 665 et
611 611 770 662 fuerit
807 610 875 660 ibi
929 607 1230 659 amaritudo
1261 604 1313 655 in
1361 602 1692 654 dulcedinem
1742 613 1918 661 versa,

383 692 590 753 etiamsi
621 700 673 752 itt
712 697 878 749 llelim
907 695 1120 746 veneris
1148 693 1212 745 ad
1243 692 1518 745 duodecim
1553 690 1728 740 fontes
1757 702 1920 754 aqua-

383 805 520 850 rtun,
544 797 597 839 et
626 786 961 852 septuaginta
994 783 1211 835 arbores
1235 781 1550 848 palmarum,
1577 777 1784 829 etiamsi
1815 776 1920 827 Ba-

383 875 585 942 phidim
640 871 1003 939 praeterieris,
1051 879 1378 934 cmterosque
1421 865 1686 934 profectus
1735 879 1920 915 ascen-

384 963 528 1015 deris
574 977 588 1013 :
641 961 873 1012 nondum
928 960 994 1010 ad
1058 956 1422 1024 hujuscemodi
1474 955 1638 1006 verba
1699 954 1921 1006 idoneus

378 1051 657 1119 judicaris,
705 1051 798 1103 sed
838 1063 957 1103 eum
1007 1046 1320 1116 perveneris
1373 1045 1438 1098 ad
1484 1053 1712 1096 montem
1771 1042 1917 1094 Sina.

386 1142 560 1194 Multis
589 1155 714 1206 ergo
744 1150 868 1191 ante
908 1139 1180 1192 laboribus
1221 1135 1475 1204 peractis,
1521 1134 1700 1187 multis
1731 1147 1922 1184 terum-

386 1231 470 1282 nis
507 1238 561 1282 et
607 1227 991 1281 teutationibus
1036 1225 1320 1292 superatis,
1363 1224 1449 1274 vix
1503 1221 1784 1287 aliquando
1814 1233 1923 1271 tne-

393 1320 597 1373 reberis
627 1327 889 1384 prwcepta
937 1316 1205 1381 suscipere
1247 1313 1529 1375 libertatis,
1576 1321 1628 1362 et
1681 1311 1860 1361 audire
1892 1324 1921 1360 a

387 1406 648 1459 Domino:
683 1424 700 1454 ι
736 1405 845 1471 Ego
872 1419 989 1456 sum
1015 1403 1263 1456 Dominus
1286 1403 1422 1454 Deus
1456 1410 1597 1462 tuus,
1641 1398 1730 1465 qui
1764 1397 1919 1449 eduxi

391 1504 443 1546 te
471 1495 535 1546 de
561 1504 700 1545 terra
722 1491 960 1560 (Egypti,
985 1490 1050 1542 de
1075 1491 1230 1541 domo
1254 1487 1544 1541 servitutis.
1578 1505 1596 1537 ι
1617 1485 1810 1538 Verum
1840 1486 1922 1537 hic

388 1595 564 1633 sermo
589 1581 818 1632 nondum
851 1591 1028 1630 sermo
1073 1575 1305 1628 tumulati
1338 1585 1436 1638 est,
1467 1574 1558 1627 sed
1585 1574 1702 1636 quis
1741 1572 1921 1638 sitqui

393 1669 627 1732 mandat,
663 1668 916 1720 ostendit.
949 1667 1099 1718 Nune
1136 1679 1264 1732 ergo
1291 1663 1564 1715 videamus
1583 1661 1706 1728 quid
1731 1661 1799 1713 sit
1825 1661 1924 1712 ini-

395 1757 525 1808 tium
552 1757 734 1808 decem
765 1757 1131 1808 mandatorum
1183 1752 1312 1820 legis
1341 1768 1353 1804 :
1386 1759 1439 1802 et
1480 1750 1522 1800 si
1555 1763 1657 1799 non
1691 1746 1929 1824 occurri-

388 1859 507 1897 mus
539 1847 602 1896 ad
638 1845 850 1906 omnia,
886 1845 1034 1897 initia
1056 1843 1263 1905 saltem,
1292 1847 1445 1906 prout
1468 1837 1719 1891 Dominus
1765 1835 1927 1888 dede~

393 1934 486 1999 rit,
521 1936 864 2002 explicemus.

456 2024 513 2077 2.
547 2023 778 2074 Primum
809 2037 932 2090 ergo
979 2021 1280 2074 mandatum
1312 2027 1393 2070 est
1437 2017 1482 2048 ’⁵³
1509 2033 1523 2070 :
1554 2033 1571 2066 t
1608 2015 1720 2068 Non
1773 2023 1930 2066 erunt

391 2111 485 2164 tibi
518 2112 587 2164 dii
618 2111 728 2173 alii,
756 2119 943 2178 praeter
968 2124 1070 2162 me.
1111 2128 1130 2159 ι
1166 2109 1229 2160 Ει
1259 2115 1375 2174 post
1401 2108 1499 2158 hoc
1527 2105 1764 2172 sequitur
1791 2103 1834 2132 ⁸³
1859 2118 1875 2158 :
1905 2121 1923 2152 ι

393 2215 417 2249 ο
457 2199 567 2250 Non
600 2199 766 2250 facies
799 2196 906 2266 (9.7)
955 2198 1048 2250 tibi
1103 2196 1324 2256 idolum,
1355 2209 1524 2260 neque
1551 2194 1707 2245 ullam
1743 2193 1929 2247 simili—

395 2287 655 2342 tudinem.
688 2299 1014 2352 quaecunque
1052 2285 1103 2336 in
1132 2283 1268 2335 caelo
1299 2298 1510 2335 sursum
1546 2291 1688 2346 sunt,
1709 2291 1761 2334 et
1786 2299 1929 2349 qua»

389 2387 598 2439 cunque
628 2373 678 2422 iu
715 2381 852 2424 terra
891 2371 1134 2424 deorsum
1167 2379 1308 2434 sunt,
1344 2377 1398 2421 et
1434 2383 1761 2435 quazcunque
1805 2380 1930 2422 sunt

391 2462 443 2512 in
473 2460 620 2527 aquis
652 2461 836 2510 subtus
863 2467 1078 2517 terram,
1099 2467 1152 2509 et
1193 2473 1294 2508 non
1329 2456 1576 2508 adorabis
1600 2455 1684 2506 illa
1710 2495 1725 2519 ,
1757 2471 1928 2523 neque

391 2545 531 2598 coles
585 2545 690 2596 illa.
752 2545 861 2611 Ego
898 2545 1036 2596 enim
1093 2559 1208 2596 sum
1268 2543 1522 2595 Dominus
1576 2542 1718 2595 Deus
1771 2553 1923 2609 tuus,

392 2632 531 2685 Deus
551 2633 747 2696 zelaus,
776 2633 863 2698 qui
897 2634 1058 2684 reddo
1104 2641 1319 2699 peccata
1355 2640 1562 2698 patrum
1599 2631 1650 2682 in
1683 2632 1842 2692 filios,
1873 2632 1924 2682 in

393 2723 601 2775 tertiam
651 2732 704 2774 ct
758 2732 998 2788 quartam
1056 2723 1361 2789 progeniem
1428 2720 1492 2772 iis
1555 2718 1646 2784 qui
1705 2719 1930 2772 oderunt

395 2826 516 2873 me,
557 2821 610 2864 et
664 2811 864 2863 faciens
921 2809 1340 2862 misericordiam
1383 2808 1433 2860 in
1479 2807 1681 2870 millia,
1727 2807 1791 2859 iis
1836 2808 1936 2873 qui,

394 2899 613 2964 diligunt
656 2914 740 2951 tne
781 2908 833 2952 et
862 2899 951 2966 qui
995 2907 1208 2950 servant
1255 2905 1512 2964 praecepta
1545 2911 1680 2950 mea.
1736 2913 1754 2944 ι
1806 2893 1928 2947 ΙΙᾶιε

1816 297 2126 355 DRIGENIS

3663 262 3773 334 ass

2021 429 2174 481 quem
2227 409 2423 470 omnia,
2459 418 2513 462 et
2541 423 2644 462 nos
2693 420 2802 476 per
2832 406 3075 473 ipsum.
3106 415 3132 448 ι
3200 382 3430 446 Sedet
3473 387 3542 481 in
3576 383 3777 481 multis

2017 503 2135 554 aliis
2167 499 2404 553 invenies
2435 497 2742 564 Scriptum.-
2775 494 2930 548 locis
2976 491 3150 544 deos
3199 478 3560 539 nominari.
3624 475 3777 527 είευι

2017 600 2070 642 et
2099 589 2226 642 alibi
2257 589 2388 640 dicit
2411 587 2453 618 ""
2486 605 2499 639 :
2538 586 2860 651 «Quoniam
2897 577 3254 634 Dominus
3299 582 3605 626 Summus,
3656 574 3777 616 ter-

2021 682 2210 742 ribilis,
2244 688 2295 732 et
2326 693 2420 731 rex
2470 691 2705 742 magnus
2737 687 2921 740 super
2967 678 3236 722 omnes
3299 668 3492 721 deos;
3527 675 3549 706 ι
3591 663 3656 708 et
3682 653 3734 684 ⁸³
3757 669 3775 704 :

2023 787 2040 818 ι
2071 768 2208 822 Deus
2237 769 2456 820 deorum
2490 763 2760 815 Dominus
2792 761 3045 812 loeutus
3081 761 3207 806 est.
3237 765 3262 813 ;
3304 766 3323 798 ι
3357 755 3424 802 et
3516 745 3570 776 δ’
3607 759 3625 772 ⁶
3671 760 3694 794 ι
3719 742 3780 796 ln

2020 856 2196 908 medio
2250 863 2432 906 autem
2485 853 2618 904 deos
2671 848 2978 901 discernit.
3010 863 3036 894 ι
3118 841 3242 892 De
3304 835 3577 891 dominis
3629 833 3780 885 idem

2019 944 2304 1013 Apostolus
2334 942 2466 994 dicit
2491 941 2536 971 ⁵ο
2569 957 2584 992 :
2627 957 2646 988 ι
2674 937 2809 990 Sive
2855 930 3100 993 throni,
3178 927 3341 980 sive
3393 922 3784 978 dominatio-

2021 1048 2136 1095 nes,
2185 1033 2301 1085 sive
2351 1037 2673 1097 potestates,
2721 1024 2916 1077 omnia
2973 1034 3098 1088 per
3157 1018 3417 1082 ipsum,
3454 1021 3526 1066 et
3561 1012 3624 1064 in
3659 1012 3786 1077 ipso

2019 1123 2200 1176 omnia
2257 1130 2442 1174 creata
2489 1127 2636 1170 sunt.
2675 1134 2695 1167 ι
2763 1111 3289 1167 Dominatioues
3343 1113 3570 1157 autem
3639 1100 3785 1154 nihil

2020 1211 2162 1264 aliud
2189 1219 2337 1270 sunt,
2384 1221 2544 1275 quam
2597 1205 2738 1257 ordo
2772 1201 3020 1270 quidam
3066 1208 3137 1250 et
3185 1193 3558 1248 multitudo
3595 1191 3786 1243 domi-

2021 1315 2233 1352 norum.
2275 1299 2330 1351 ln
2362 1313 2493 1366 quo,
2544 1305 2604 1347 ut
2639 1293 2772 1346 mihi
2810 1293 3093 1351 videtur,
3178 1301 3468 1339 sensum
3509 1284 3674 1352 legis
3704 1283 3787 1333 lu-

2021 1390 2280 1442 eidiorem
2312 1387 2434 1439 fecit
2463 1384 2746 1452 apostolus
2782 1380 3031 1434 Paulus.
3071 1379 3265 1432 Tale
3303 1383 3395 1429 est
3427 1375 3605 1428 enim
3631 1375 3787 1442 quod

2023 1478 2202 1528 dicit:
2249 1475 2398 1528 Licet
2422 1474 2532 1526 sint
2576 1472 2734 1525 multi
2787 1469 3015 1525 domini
3085 1467 3219 1535 qui
3308 1466 3454 1519 aliis
3505 1463 3791 1533 gentibus

2022 1565 2384 1624 dominentur,
2417 1570 2471 1615 et
2505 1561 2582 1614 dii
2616 1560 2776 1612 multi
2815 1559 2914 1627 qui
2953 1559 3034 1610 ab
3081 1556 3268 1609 aliis
3321 1555 3651 1617 colantur,
3685 1555 3788 1611 sed

2026 1651 2179 1704 nobis
2209 1666 2344 1703 unus
2375 1651 2536 1712 Deus,
2591 1663 2732 1700 unus
2762 1646 3095 1699 Dominus.
3153 1643 3336 1709 Quid
3371 1655 3600 1696 autem
3636 1658 3780 1694 cau-

2030 1756 2101 1795 sze
2129 1742 2200 1794 sit
2237 1743 2289 1793 in
2323 1740 2428 1792 diis
2459 1739 2664 1802 multis,
2702 1737 2789 1789 vel
2830 1736 3111 1788 dominis
3144 1733 3411 1798 multis,
3451 1733 3509 1786 si
3546 1733 3776 1784 intente

2029 1840 2081 1883 et
2113 1832 2377 1898 patienter
2410 1828 2630 1889 auditis,
2667 1827 2785 1893 ipsa
2813 1840 2922 1878 nos
2956 1823 3309 1890 Scriptura
3353 1822 3605 1889 poterit
3641 1821 3776 1872 edo-

2029 1933 2173 1971 cere.
2210 1919 2298 1970 Ait
2327 1919 2469 1970 enim
2519 1917 2660 1970 idem
2695 1914 2883 1968 Moses
2940 1914 3003 1966 in
3045 1912 3569 1966 Deuteronomii
3624 1925 3773 1965 can-

2032 2009 2238 2060 tico“:
2274 2024 2292 2056 ι
2333 2007 2467 2060 Cum
2509 2006 2800 2066 divideret,
2850 2004 3084 2071 inquit,
3147 2003 3485 2057 Excelsus
3536 2012 3777 2072 gentes,

2030 2107 2080 2149 et
2113 2097 2433 2164 dispergeret
2466 2095 2606 2146 filios
2639 2094 2792 2156 Adae,
2826 2093 3050 2145 statuit
3087 2093 3428 2146 terminos
3463 2093 3772 2160 gentium,

2031 2185 2321 2238 secundum
2377 2197 2664 2235 numerum
2715 2182 3072 2246 angelorum
3116 2183 3272 2247 Dei,
3344 2191 3425 2234 εὶ.
3472 2181 3651 2234 (acu
3705 2190 3800 2233 est

2029 2272 2202 2338 portio
2229 2271 2436 2322 Domini
2468 2270 2701 2336 populus
2731 2269 2858 2336 ejus
2894 2269 3128 2333 Jacnb,
3200 2268 3578 2326 (“uictum

2265 2271 2436 2322 lomini
2468 2270 2701 2336 populus
2731 2269 2858 2336 ejus
2894 2269 3128 2333 Jacob,
3200 2268 3601 2326 ἰιιῐιὶρικιὶιὶξι
3622 2267 3814 2322 hare-

2029 2357 2208 2410 ditatis
2232 2357 2346 2424 ejus
2373 2355 2557 2409 Israel.
2583 2374 2602 2406 ι
2646 2357 2896 2425 Angelos
2949 2357 3165 2425 igitur
3214 2358 3438 2430 (29),
3472 2359 3702 2432 quibus
3733 2376 3821 2418 re-

2028 2446 2230 2514 gendas
2272 2454 2458 2532 gentes
2505 2446 2782 2499 commisit
2823 2446 3172 2512 Excelsus,
3228 2451 3389 2512 vel
3439 2456 3601 2516 deos
3635 2457 3830 2532 appel.

2027 2534 2145 2598 lari,
2171 2544 2225 2586 et
2255 2531 2502 2587 dominos
2552 2543 2807 2598 constat;
2845 2535 2994 2589 deos
3027 2540 3260 2604 quasi
3345 2567 3391 2602 ει
3450 2554 3590 2604 Deo
3620 2531 3808 2616 αξξυς,

2027 2631 2080 2674 et
2111 2623 2352 2675 dominos
2377 2622 2530 2689 quasi
2563 2637 2592 2674 a
2629 2622 2866 2676 Domino
2897 2626 3115 2678 sortiti
3163 2629 3320 2684 sint;
3374 2609 3775 2702 potestatem.

2030 2711 2182 2765 Unde
2227 2719 2278 2761 et
2304 2709 2563 2770 Dominus
2606 2711 2834 2764 dicebat
2869 2715 2946 2766 ad
3001 2717 3286 2784 angelos
3321 2724 3443 2790 qui
3489 2741 3618 2780 non
3652 2743 3782 2782 ser.

2028 2808 2288 2851 vaverunt
2334 2813 2488 2851 suum
2539 2800 2919 2866 principatum
2946 2804 3000 2833 ⁵⁸
3069 2821 3089 2856 :
3167 2824 3190 2856 ι
3228 2807 3375 2876 Ego
3427 2813 3564 2868 dixi
3620 2833 3636 2867 :
3689 2817 3782 2869 Dii

2026 2885 2177 2949 estis,
2226 2893 2279 2938 et
2308 2885 2402 2938 ﬁlii
2435 2885 2647 2940 Excelsi
2681 2901 2912 2942 omnes.
2963 2889 3102 2946 Vos
3152 2904 3389 2951 autem
3450 2911 3528 2956 ut
3595 2903 3784 2958 homi-

393 2987 569 3038 omuia
618 2986 793 3049 simul,
835 2985 1068 3038 nonnulli
1107 2993 1294 3052 putant
1335 2998 1452 3036 esse
1497 2997 1659 3034 unum
1712 2983 1928 3034 manda-
1955 3002 1996 3058 ο
2031 2988 2128 3027 nes
2159 2974 2482 3037 Illoriemini.
2533 2982 2589 3028 οἱ
2619 2975 2766 3029 Sient
2798 2993 2955 3032 unus
2994 2981 3080 3033 de
3136 2985 3580 3057 principibus
3611 2997 3788 3049 cade-

397 3081 526 3123 tutu.
575 3072 722 3136 Quod
759 3073 802 3126 si
846 3075 914 3126 ita
949 3083 1182 3141 putetur,
1217 3086 1321 3124 non
1363 3071 1722 3137 complebitur
1774 3070 1928 3138 157

395 3157 572 3211 decem
617 3175 867 3214 numerus
903 3162 1291 3214 mandatorum.
1334 3160 1394 3210 Et
1437 3159 1523 3212 ubi
1547 3160 1654 3226 jam
1701 3160 1800 3211 erit
1833 3161 1931 3212 De-

394 3246 564 3313 calorgi
617 3249 845 3301 veritas?
879 3248 981 3301 Sed
1023 3249 1069 3300 si
1117 3261 1180 3300 eo
1215 3247 1369 3305 modo
1414 3248 1710 3311 dirimatur,
1743 3262 1848 3314 quo
1877 3257 1932 3300 et

398 3347 496 3386 nos
542 3333 594 3384 in
627 3336 890 3402 superiori
937 3335 1368 3403 pronuntiatione
1396 3334 1754 3396 distinximus,
1792 3334 1932 3386 inte-

395 3434 492 3486 ger
542 3422 720 3475 decem
771 3425 1136 3476 mandatorum
1187 3435 1436 3474 numerus
1487 3423 1780 3488 apparebit.
1843 3422 1932 3474 Est

400 3518 525 3574 ergo
575 3510 798 3576 primum
850 3509 1265 3564 mandatum“:
1317 3508 1470 3561 tNon
1520 3517 1674 3561 erunt
1716 3508 1808 3561 tibi
1856 3510 1929 3562 dii

399 3596 487 3648 alii
534 3609 724 3665 praeter
776 3615 893 3663 nte;
919 3619 937 3650 ι
979 3600 1265 3653 secundum
1296 3613 1424 3650 vero
1448 3599 1491 3628 ³³
1528 3616 1542 3650 :
1581 3616 1599 3648 ι
1624 3597 1735 3649 Non
1770 3598 1932 3652 facies

401 3687 495 3738 tibi
527 3687 741 3750 idolum,
792 3703 960 3755 neque
994 3689 1153 3740 ullam
1182 3687 1604 3752 similitudinetn,
1633 3707 1650 3738 ι
1698 3698 1803 3740 etc.
1843 3688 1931 3739 ln-

397 3774 656 3840 cipiamus
707 3790 832 3844 ergo
871 3792 898 3827 a
953 3778 1124 3844 primo
1155 3777 1420 3830 mandato.
1473 3776 1576 3830 Sed
1621 3787 1674 3829 et
1708 3791 1806 3844 ego
1835 3792 1933 3827 au-

400 3865 528 3916 xilio
575 3866 784 3932 indigeo
833 3867 1000 3932 ipsius
1033 3868 1122 3934 qni
1173 3869 1282 3920 hinc
1317 3868 1568 3933 praecepit
1621 3867 1730 3926 Dei,
1764 3869 1829 3920 ad
1857 3868 1936 3920 tli-

400 3953 652 4014 cendum,
683 3965 736 4005 et
764 3969 856 4005 vos
885 3955 1276 4020 purgatioribus
1304 3955 1468 4021 egetis
1495 3954 1712 4006 auribus
1739 3956 1804 4007 ad
1841 3970 1934 4007 au-

402 4039 673 4091 diendum.
716 4039 771 4092 Si
818 4041 936 4104 quis
985 4056 1112 4108 ergo
1159 4049 1392 4092 vestrum
1439 4041 1599 4092 habet
1643 4055 1796 4094 aures
1840 4056 1934 4094 au-

402 4128 603 4186 diendi,
653 4127 831 4176 audiat
861 4129 1122 4190 quomodo
1167 4128 1363 4178 dictum
1412 4137 1494 4180 est
1539 4145 1553 4180 :
1590 4127 1740 4180 «Non
1777 4141 1934 4184 erunt

407 4214 498 4264 tibi
541 4213 609 4265 dii
657 4214 745 4264 alii
777 4224 966 4279 praeter
1003 4227 1105 4265 tne.
1127 4231 1144 4262 ι
1190 4211 1246 4266 Si
1294 4214 1533 4276 dixisset.
1566 4215 1676 4267 Non
1706 4227 1830 4268 sunt
1860 4220 1930 4272 dii

403 4309 595 4368 praeter
640 4315 742 4363 tne,
777 4301 1070 4353 absolutior
1118 4316 1296 4356 sermo
1325 4303 1610 4355 videretur.
1665 4302 1812 4359 Nunc
1843 4321 1936 4359 au-
1967 4307 2009 4360 Ι)
2040 4314 2253 4372 propter
2293 4321 2412 4358 eum
2461 4308 2549 4374 qui
2595 4309 2735 4362 dixit
2759 4309 2808 4340 “
2842 4329 2855 4365 :

405 4397 509 4441 tem
562 4389 683 4455 quia
733 4390 859 4441 dicit
909 4409 922 4441 :
978 4389 1135 4443 «Non
1180 4399 1336 4444 erunt
1371 4392 1461 4444 tibi
1508 4392 1578 4444 dii
1621 4391 1710 4444 alii
1747 4405 1937 4458 prteter

405 4493 489 4530 tne
515 4478 646 4546 ('28),
672 4497 690 4526 ι
725 4494 828 4530 non
862 4483 1067 4548 negavit
1093 4484 1212 4550 quia
1235 4484 1361 4545 sint,
1392 4483 1482 4535 sed
1513 4498 1578 4536 ne
1609 4482 1682 4534 illi
1711 4484 1818 4536 sint
1850 4488 1937 4539 cui

405 4568 520 4619 hinc
551 4567 724 4618 omnia
773 4579 1027 4636 prmeepta
1078 4573 1290 4634 dantur,
1337 4571 1587 4624 inhibuit.
1628 4571 1761 4625 llinc
1809 4584 1935 4640 puto

406 4656 695 4722 apostolum
731 4655 947 4708 Paulum
995 4660 1285 4726 sumpsisse
1327 4661 1474 4721 illttd,
1529 4662 1668 4728 quod
1717 4663 1782 4714 ad
1832 4663 1936 4714 Co-

406 4744 633 4795 rinthios
684 4746 913 4811 scripsit,
961 4747 1142 4800 dicens
1168 4748 1213 4778 “
1246 4767 1260 4804 :
1302 4767 1320 4798 t
1350 4748 1404 4802 Si
1439 4749 1648 4816 quidem
1683 4761 1802 4808 sunt
1847 4753 1938 4818 qtti

407 4831 656 4883 dicuntur
685 4833 778 4896 dii,
815 4834 927 4887 sive
977 4835 1026 4887 in
1056 4836 1211 4898 coelo,
1241 4837 1351 4890 sive
1400 4838 1450 4889 in
1483 4847 1646 4890 terra.
1671 4855 1692 4888 ι
1754 4839 1818 4891 Ει
1847 4840 1941 4891 ad-

410 4918 487 4970 dit
519 4937 531 4971 :
565 4936 581 4968 ε
611 4918 674 4970 Et
705 4921 844 4972 sicut
877 4931 1000 4973 sunt
1031 4924 1101 4975 dii
1130 4924 1299 4988 multi,
1327 4935 1380 4978 et
1413 4926 1609 4978 domini
1643 4927 1813 4988 multi,
1849 4942 1944 4979 no-

409 5005 490 5058 bis
536 5017 705 5059 tatueu
761 5023 899 5062 unus
926 5010 1063 5064 Deus
1089 5012 1264 5077 Pater,
1296 5029 1357 5067 ex
1397 5029 1501 5079 quo
1538 5015 1740 5078 omnia,
1767 5024 1821 5068 et
1847 5031 1942 5071 nos

409 5107 506 5162 per
537 5095 729 5162 ipsum,
769 5105 823 5150 et
865 5113 1003 5152 unus
1048 5100 1302 5154 Dominus
1345 5101 1500 5154 Jcsus
1545 5101 1805 5164 Christus,
1853 5117 1944 5170 per

477 5210 521 5241 “
554 5210 721 5262 Exod.
745 5227 835 5270 xx,
867 5215 919 5267 5.

413 5359 504 5406 xx,
527 5347 578 5398 ὃ.
652 5348 697 5377 ⁸⁵
724 5349 860 5401 Psal.
889 5365 945 5413 II,
967 5351 1020 5403 8.
1092 5351 1136 5382 ⁸⁵
1158 5350 1310 5404 Joau.
1339 5364 1463 5415 xvn,
1490 5350 1570 5403 ιθ.

483 5435 592 5502 (9.7)
630 5440 794 5501 Alias,
835 5459 853 5491 ι
888 5458 988 5496 non
1029 5443 1208 5496 facias.
1241 5461 1259 5495 ι

488 5505 598 5570 (28)
623 5507 787 5573 Alias,
820 5525 838 5559 t
863 5510 932 5564 dii
965 5509 1140 5565 alieni.
1168 5529 1186 5561 ι

477 5215 521 5241 ⁸³
554 5215 721 5262 Exod.
745 5227 835 5270 xx,
867 5215 919 5267 5.
1021 5215 1066 5245 ⁸³
1094 5216 1220 5270 ibid.
1252 5217 1307 5275 4.
1346 5216 1400 5273 5,
1422 5215 1476 5268 6.
1551 5215 1595 5245 “
1643 5216 1809 5271 Exod.
1864 5233 1953 5276 xx,

409 5275 619 5364 il‘sal.
649 5295 789 5364 ξμιξ.
945 5281 1360 5364 ‘f_Psal_.‘t.xxXI,
1385 5285 1434 5337 1.
1494 5283 1554 5364 ff
1577 5282 1781 5337 Coloss.
1812 5300 1848 5350 t,
1874 5286 1956 5339 lli.

1739 5218 1809 5271 )tl.
1864 5233 1953 5300 xit,
1979 5217 2030 5270 5.
2106 5219 2150 5250 "
2178 5220 2304 5272 ibid.
2329 5222 2382 5275 4.
2458 5225 2552 5282 ⁴⁸1
2588 5235 2721 5296 σοι..
2771 5240 2970 5303 “W5,-
2992 5240 3050 5293 6_
3135 5245 3192 5276 ιτ
3230 5251 3288 5304 Ρ

1739 5299 1781 5336 s.
1812 5300 1848 5350 t,
1874 5286 1956 5339 ib.
2031 5289 2073 5317 ⁵¹
2099 5287 2252 5341 Deut.
2287 5305 2462 5362 xuii,
2489 5298 2549 5364 8,
2579 5305 2643 5363 9,
2675 5330 2690 5346 .
2720 5312 2764 5343 ω
2788 5309 2928 5364 ιιεθι,
2956 5324 3148 5364 ιχχιι.
3199 5320 3272 5364 6,

2031 3065 2184 3153 tis;i
2233 3062 2508 3153 imi-tantes
2575 3062 2793 3116 scilicet
2846 3067 3220 3136 diabolum,
3299 3079 3422 3142 qui
3495 3083 3786 3153 princeps

1985 3203 1994 3210 _
2027 3151 2264 3240 omnium
2294 3149 2492 3240 iactus
2533 3160 2617 3204 est
2648 3154 2713 3205 ad
2760 3153 3023 3210 ruinam.
3083 3159 3284 3217 Unde
3321 3181 3600 3225 constat
3628 3149 3788 3240 quod

2029 3238 2386 3320 exsecrabiles
2432 3238 2553 3292 illos
2603 3239 2735 3293 fecit
2786 3246 3267 3317 praevaricatio,
3336 3270 3480 3312 non
3539 3238 3790 3319 nar—um.

2029 3327 2144 3379 Tibi
2177 3340 2327 3393 ergo,
2352 3341 2406 3416 io
2433 3327 2664 3394 populus
2711 3343 2874 3382 meus
2907 3332 3146 3399 Israel,
3186 3344 3307 3409 qui
3347 3361 3514 3414 pars
3552 3352 3665 3406 Dei
3698 3369 3794 3416 es,

2029 3417 2119 3483 qui
2169 3415 2432 3468 funiculus
2479 3416 2816 3472 lnereditatis
2865 3420 3000 3486 ejus
3075 3426 3380 3488 effectus
3437 3452 3546 3504 es,
3617 3415 3792 3497 (non

2029 3513 2221 3596 erunt,
2279 3504 2450 3571 inquit
2474 3505 2559 3596 “‘3,
2613 3505 2705 3558 alii
2741 3508 2816 3560 dii
2853 3521 3118 3576 praeter
3161 3534 3314 3588 me;
3378 3543 3406 3576 ι
3440 3532 3603 3596 quia
3653 3547 3800 3588 vero

2032 3595 2168 3646 Deus
2197 3609 2330 3647 unus
2358 3603 2437 3646 est
2473 3594 2631 3656 Deus,
2666 3605 2720 3648 et
2759 3611 2894 3651 vere
2929 3603 3259 3663 Dominus
3306 3594 3496 3672 unus
3543 3631 3651 3676 est.
3685 3624 3806 3678 Do-

2031 3683 2224 3736 minus.
2259 3681 2482 3735 Czeteris
2532 3698 2682 3748 vero,
2733 3688 2829 3753 qui
2867 3689 2942 3742 ab
2980 3691 3127 3758 ipso
3155 3707 3388 3758 creati
3423 3722 3620 3778 sunt,
3657 3729 3806 3767 con-

2033 3771 2151 3824 tttlit
2179 3786 2368 3823 nomen
2418 3773 2564 3826 istud
2595 3788 2700 3825 non
2749 3786 2987 3843 natura,
3051 3787 3174 3840 sed
3240 3799 3513 3857 gratia.
3575 3771 3808 3860 verum

2033 3875 2099 3913 ne
2138 3860 2412 3912 existimes
2462 3861 2576 3913 hmc
2615 3867 2932 3918 tantnmad
2996 3870 3182 3928 illum
3217 3881 3365 3936 dici
3421 3886 3662 3956 Israel,
3703 3897 3811 3963 qni

2032 3950 2320 4003 secundum
2369 3964 2586 4042 carnem
2626 3963 2788 4005 natus
2821 3964 2933 4007 est.
2988 3957 3198 4018 Multo
3265 3978 3512 4042 magis
3551 3950 3694 4037 hac
3724 3950 3814 4038 ἰλιι

2035 4049 2084 4093 te
2115 4042 2383 4103 dicuntur,
2424 4041 2512 4107 qui
2565 4041 2730 4094 Israel
2777 4042 3026 4103 euectus
3057 4068 3132 4106 es
3180 4041 3436 4119 mente
3473 4070 3685 4128 Deum
3726 4079 3821 4129 vi-

2033 4131 2226 4193 dendo,
2253 4139 2307 4183 et
2327 4130 2686 4183 circumcisus
2724 4146 2784 4184 es
2815 4137 3022 4203 corde,
3053 4157 3185 4198 non
3229 4165 3503 4214 carne.
3558 4163 3725 4219 Nam
3753 4178 3820 4223 et

2033 4219 2157 4270 siin
2207 4233 2369 4270 carne
2405 4231 2836 4316 gentes-sumus,
2887 4226 2943 4276 in
2996 4235 3239 4298 spiritu
3295 4244 3534 4308 Israel
3571 4219 3799 4316 sumus

2454 4313 2549 4410 5"”
2595 4313 2808 4362 dim“
2842 4329 2856 4365 ³
2896 4313 3090 4373 ‘pe‘e
3125 4339 3163 4376 ³
3208 4345 3334 4386 me
3365 4350 3444 4393 et
3480 4344 3666 4401 dabo
3711 4313 3826 4406 tibi

2037 4404 2219 4496 gentes
2271 4397 2638 4451 [nereditatem
2690 4409 2865 4464 tuam,
2915 4415 2976 4458 et
3039 4397 3614 4490 possessionem"
3634 4397 3826 4496 tua;

2039 4485 2558 4585 term-ittoshterrmn
2600 4489 2676 4585 Et
2700 4502 2932 4560 propter
2985 4513 3136 4557 eum
3207 4517 3341 4579 qui

2040 4573 2182 4625 xit“
2215 4591 2228 4626 :
2263 4573 2484 4638 «Pater,
2530 4579 2714 4631 omnia
2765 4597 2885 4636 mea
2937 4595 3040 4642 tua
3106 4573 3276 4654 sunt

2036 4671 2180 4725 sunt,
2203 4672 2253 4714 et
2279 4662 2607 4728 gloriﬁcatus
2633 4681 2754 4721 sunt
2782 4672 2836 4724 in
2871 4673 2988 4739 his,
3021 4697 3042 4729 ι
3081 4685 3136 4736 si
3177 4662 3675 4763 tarileuvitama

2043 4759 2099 4801 ut
2131 4751 2181 4803 di
2287 4727 2292 4728 ⁷
2385 4753 2394 4761 ·
2544 4770 2552 4779 -
2857 4761 2868 4771 -
2971 4727 2988 4739 ’
3024 4727 3136 4779 1"
3177 4727 3440 4754 “""C"
3484 4727 3584 4760 ἰδ
3638 4727 3827 4780 asas.

2188 4764 2320 4858 3-???
2344 4765 2740 4858 f'il’f'sffse
2779 4760 2897 4858 Pet.
2926 4773 2994 4858 et
3037 4783 3098 4822 In
3151 4773 3503 4847 funiculo
3539 4798 3827 4858 lim-redi-

2039 4839 2162 4938 tatis
2200 4838 2559 4944 ejus-metiri.-
2581 4845 2801 4916 Alioqui
2831 4818 2893 4904 si'
2924 4818 3827 4944 ξηαέέηζξὲζξξυέξξξῗξιζ

2040 4928 2146 4979 sint
2176 4927 2280 5029 tibi.
2316 4927 2413 4994 illi,
2467 4933 2562 4999 qui
2613 4937 2683 4990 ad
2715 4907 2822 4994 hoc
2848 4907 3826 5029 νοοειιίᾘξτξὲῗῖ⁹υῖχὲἐέἓὲῗ

2041 5030 2163 5080 ραι-ς
2193 5015 2306 5080 θεῖ,
2353 5028 2406 5070 et
2449 5030 2696 5086 peccatis
2726 5032 2843 5086 suis
2891 5036 2997 5090 hoc
3042 4994 3820 5126 ηιθτυεϊῐιῖιιῗιυῗεῗιῖὲξ

2041 5114 2392 5172 pergerentur
2417 5125 2516 5177 per
2551 5131 2747 5178 omnes
2775 5133 2985 5193 gentes.
3043 5128 3117 5182 Et
3156 5090 3315 5202 q—u‘i-
3334 5090 3812 5225 1:35:35:

3290 4645 3314 4670 9
3396 4622 3475 4666 et
3519 4627 3640 4673 tua
3683 4638 3828 4678 mea

2675 5264 3436 5390 factitatis,"6:89"
3497 5279 3798 5408 ἲέἓὲοεῗξ

2107 5447 2216 5514 (29)
2243 5448 2383 5512 Vide
2421 5458 2519 5520 lib.
2550 5484 2590 5527 ιι
2638 5479 2857 5555 Οι-ῖςρη.
2881 5485 2972 5539 qu.
2999 5473 3053 5532 5.
