3922 6252
120 5242 129 5385 f

120 5434 141 5509 ί

181 347 262 400 ’δξῦ

200 464 381 516 Iustam

221 560 440 615 peccans
481 532 791 633 ξθτνυδξδί
817 522 1029 633 Ρθθίξξξῖ
1050 525 1108 560 ﬂ
1132 533 1193 600 ³)
1251 557 1391 603 non
1440 522 1565 622 jam‘
1588 522 1854 626 'Aigyptiis
1950 567 2032 612 est
2064 559 2115 612 in
2145 522 2405 614 mundo;
2438 559 2552 615 Non
2586 562 2728 616 enim
2760 522 2935 633 aliqua
2966 522 3045 619 ias
3081 568 3236 621 rebus
3273 581 3491 625 exstan-

228 636 367 697 nalis,
400 621 512 684 sed
554 615 809 721 ρωιιὶὶιξιε
838 616 1102 721 sentibus
1135 615 1460 694 serviunt:
1498 644 1635 712 Ergo
1658 615 1854 699 aiat...
1951 650 2091 704 tibus
2133 650 2427 705 assumitur
2472 651 2697 718 species,
2718 615 2824 706 si
2848 615 3485 721 auia'ipga'sii'iuas

253 731 305 773 ει
320 723 447 778 cm",
485 708 575 781 qui
601 723 700 780 per
729 707 915 804 lesum
941 708 1251 775 Clu-istum
1295 729 1475 784 existi
1505 707 1848 804 de'JEgypto,

404 443 439 490 ι
457 433 519 489 de
544 429 697 486 domo
716 425 1012 496 servitutis,

1472 342 1551 399 IN
1590 346 1870 403 EXODUM
1907 347 2188 404 HOMILIA
2226 351 2354 407 VIII.

3382 367 3491 422 δεμ

1257 466 1519 518 rursum
1548 466 1694 536 (quia
1724 484 1744 518 c
1765 468 1853 535 qui
1882 472 1929 527 Α
1956 469 2065 524 haec
2110 471 2287 526 sciens
2319 473 2623 541 Apostolus,
2671 474 2802 530 dicit
2826 475 2891 541 “,
2925 494 2943 527 α
2963 476 3085 545 quia
3117 478 3313 533 idolum
3351 483 3494 538 nihil

1950 753 2104 793 mens
2141 747 2195 792 et
2238 739 2451 793 curiosa
2503 741 2785 807 repererit.
2846 740 3152 795 Similitudo
3199 759 3328 797 vero
3378 757 3482 808 est,

263 807 402 861 etde
429 804 575 861 domo
612 802 893 856 servitutis
922 804 1171 863 eductus
1203 825 1274 868 es
1305 830 1325 868 :
1376 836 1398 869 ι
1421 819 1537 876 Νοη
1576 802 1733 877 erunt
1758 824 1848 878 tibi
1947 843 2067 882 cum
2115 826 2315 895 aliquid
2369 843 2434 880 ex
2488 802 2578 881 bis
2618 842 2738 895 quae
2784 837 2908 882 sunt
2941 829 3021 882 vel
3071 830 3123 881 in
3155 831 3289 883 caelo
3317 833 3397 885 vel
3429 834 3481 885 in

268 896 336 950 dii
363 896 448 949 alii
476 901 663 962 praeter
693 907 778 947 me
799 893 872 947 ιτ.
896 912 917 946 ι

335 987 389 1040 3.
418 986 549 1041 Post
586 985 701 1043 haec
745 984 1031 1042 videamus
1060 990 1202 1059 quid
1234 994 1413 1052 etiam
1456 1001 1743 1055 secundum
1771 1001 1850 1054 vi-

262 1077 421 1132 detur
471 1078 747 1132 continere
774 1078 1124 1135 mandatum.
1174 1084 1339 1140 «Non
1392 1088 1562 1144 facies
1611 1091 1699 1144 tibi
1744 1091 1847 1159 ipsi

262 1164 491 1231 idolum,
543 1180 725 1234 neque
768 1181 987 1222 omnem
1039 1171 1468 1243 similitudinem
1502 1193 1683 1233 eorum
1731 1194 1847 1247 quae

255 1267 386 1309 sunt
438 1258 491 1310 in
524 1258 695 1322 caelo,
746 1259 835 1313 vel
884 1275 1008 1328 qua:
1055 1263 1112 1316 in
1143 1274 1310 1327 terra.
1339 1269 1421 1322 vel
1449 1286 1567 1338 qua:
1591 1272 1641 1323 in
1672 1275 1843 1339 aquis,

254 1353 314 1399 ct
347 1361 478 1415 qua:
521 1347 722 1401 subtus
752 1356 959 1404 terram
980 1352 1050 1406 ⁸⁸.
1078 1372 1097 1404 ›
1140 1353 1327 1424 Longe
1366 1358 1506 1411 aliud
1532 1369 1654 1415 sunt
1686 1362 1842 1424 idola,-

249 1444 306 1490 et
334 1436 489 1490 aliud
529 1438 631 1502 dii,
666 1438 818 1492 sicut
862 1440 979 1508 ipse
1028 1456 1129 1497 nos
1175 1445 1525 1501 nihilominus
1558 1448 1842 1516 Apostolus

247 1525 437 1578 docet.
473 1524 619 1580 Nam
651 1528 724 1582 de
751 1529 860 1584 diis
885 1530 1027 1585 dixit
1047 1531 1092 1563 "
1126 1549 1142 1585 :
1174 1551 1193 1584 ι
1218 1533 1373 1589 Sicut
1417 1547 1538 1590 sunt
1567 1540 1636 1591 dii
1670 1540 1838 1603 multi,

244 1624 303 1668 et
329 1616 549 1669 domini
601 1617 836 1674 multi.»
882 1619 956 1674 De
1000 1622 1163 1676 idolis
1194 1634 1375 1678 autem
1421 1626 1636 1691 dicit“,
1672 1631 1838 1696 «quia
1937 1633 2096 1686 cultis
2143 1639 2197 1684 et
2249 1628 2558 1691 reconditis,
2609 1626 2897 1693 prohibere
2947 1627 3191 1694 cupiebat
3243 1643 3257 1679 :

245 1704 385 1757 nihil
406 1715 497 1760 est
523 1706 737 1761 idolum
770 1708 827 1760 in
856 1710 1076 1763 mundo.
1105 1730 1124 1762 ι
1161 1711 1309 1766 Unde
1339 1714 1464 1766 mihi
1492 1714 1700 1768 videtur
1731 1732 1835 1769 non

244 1796 579 1850 transitoria
624 1799 750 1851 haec
800 1798 997 1867 legisse

1049 1815 1169 1867 quae
1212 1802 1298 1855 lex
1333 1804 1479 1856 dicit.
1520 1803 1664 1859 Vidit
1694 1806 1835 1860 enim

245 1883 624 1940 dill’erentiam
654 1889 916 1950 deorum,
953 1899 1006 1942 et
1035 1890 1337 1952 idolorum;
1367 1903 1419 1945 et
1447 1909 1654 1948 rursum
1681 1895 1835 1948 dill‘e-

246 1975 488 2027 rentiam
542 1975 855 2039 idolorum,
906 1985 961 2029 et
996 1977 1426 2033 similitudinum.
1475 1981 1606 2036 Nam
1640 1985 1729 2051 qni
1771 1985 1835 2039 de

248 2058 414 2113 idolis
436 2061 582 2114 dixit
614 2060 753 2129 quia
784 2077 895 2115 non
935 2077 1033 2115 sun

248 2147 410 2201 dines
434 2163 542 2201 non
577 2156 734 2202 sunt.
772 2148 880 2202 llic
908 2159 1034 2204 aute

258 2238 365 2290 «οὐ
392 2238 647 2307 ποιήσεις
672 2239 792 2307 (30)
816 2239 1027 2308 σεαυτῷ

251 2325 471 2379 εῶωλον
501 2367 518 2391 ,
598 2328 730 2379 οὐδὲ
823 2329 1027 2392 παντὸς

254 2417 523 2486 ducimus.
583 2436 604 2467 ι
657 2417 828 2469 Ἄλλο
865 2418 1023 2471 εἰδω-

252 2504 367 2570 λον,
394 2509 486 2560 καὶ
517 2508 715 2579 ἕτερον
742 2509 1018 2578 ὁμοίωμα.

268 2596 543 2668 ὀμοεωμα
579 2600 686 2669 μὲν
714 2600 830 2668 γάρ
852 2602 1022 2663 ἐστιν,

258 2686 351 2740 ἐὰν
370 2692 525 2757 ποιῇς
551 2688 766 2758 ἰχθύος,
783 2690 816 2758 ἢ
834 2706 1026 2760 τετρα-

260 2773 428 2837 πόδου,
479 2778 515 2845 ἢ
553 2777 755 2847 θηρίου
797 2777 887 2830 διὰ
929 2796 1021 2831 τε·

259 2867 559 2935 ινουργιας,
597 2868 634 2937 ἤ
669 2867 763 2919 διὰ
796 2869 1021 2938 ζωγρα-

261 2951 380 3019 φίας
418 2955 705 3024 ὁμοίωμα.
786 2956 1020 3010 Εῶωλον

256 3040 330 3104 δὲ,
378 3045 467 3097 ὅσα
509 3045 880 3099 ἀνατυπᾱῦσα
910 3047 1016 3115 ψυ-

258 3130 322 3200 χὴ
364 3138 515 3199 ποιεῖ,
573 3137 682 3188 οὐκ
728 3135 791 3199 ἐξ
837 3138 1017 3208 ὑπαρ-

255 3220 436 3285 χόντων
459 3225 874 3295 πρωτοτύπως”
899 3213 1030 3279 οἷον

254 3308 693 3383 ἀναμεμιγμένον
751 3316 815 3367 τὸ
873 3316 1013 3379 ζῶον

251 3396 354 3451 ἀπὺ
371 3402 664 3472 ἀνθρώπου
694 3406 794 3457 καὶ
815 3406 1010 3459 ἵππου.

1042 2072 1080 2127 t,
1112 2080 1217 2118 non
1257 2067 1401 2120 addit
1429 2069 1550 2136 quia
1583 2070 1833 2125 similitu-

1039 2166 1089 2203 m
1124 2152 1299 2207 dicit:
1528 2144 1532 2151 ’

1100 2242 1141 2308 -ιι
1159 2259 1177 2291 ‹
1200 2242 1312 2296 Non
1328 2243 1487 2298 facies
1503 2245 1593 2299 tibi
1609 2246 1704 2314 ipsi
1721 2246 1831 2301 ido-

1100 2327 1228 2391 lum,
1245 2343 1415 2398 neque
1431 2332 1830 2388 similitudinem

1098 2421 1354 2474 omnium.
1378 2440 1397 2473 ι
1429 2422 1581 2476 Aliud
1602 2433 1684 2478 est
1704 2439 1831 2494 ergo

1101 2508 1281 2564 facere
1322 2511 1541 2577 idolum,
1587 2514 1728 2567 aliud
1756 2518 1831 2569 si-

1099 2599 1471 2657 militudinem.
1549 2603 1615 2657 Et
1663 2605 1830 2673 siqui-

1096 2689 1214 2742 dem
1245 2689 1499 2744 Dor'nittus
1542 2707 1640 2746 nos
1668 2695 1733 2745 ad
1763 2708 1828 2748 ea

1093 2794 1209 2846 quae
1232 2781 1454 2834 dicenda
1478 2791 1603 2837 sunt
1631 2783 1828 2838 illumi-

1093 2884 1221 2924 nare
1243 2872 1509 2940 dignetur,
1533 2888 1631 2940 ego
1649 2875 1726 2927 sic
1742 2891 1826 2928 ar-

1092 2961 1634 3030 bitroraccipiendum
1663 2967 1821 3032 quod,

1091 3050 1236 3102 verbi
1287 3065 1467 3113 causa,
1525 3053 1573 3105 si
1612 3054 1731 3120 quis
1767 3055 1818 3106 in
1849 3070 1891 3129 ο
1926 3058 2089 3110 Ἄλλο.
2104 3060 2437 3128 προσκυνεῖν,
2460 3056 2552 3108 καὶ
2571 3055 2655 3108 ἄλ-

1085 3139 1320 3206 quolibet
1347 3141 1561 3195 metallo
1593 3144 1709 3196 auri
1734 3147 1818 3198 vel

1949 927 2111 981 terra,
2151 918 2229 969 vel
2257 917 2307 969 itt
2340 916 2513 984 aquis,
2562 915 2841 979 formatur,
2872 917 3012 969 sicut
3054 918 3295 985 superius
3341 920 3482 971 dixi-

1947 1021 2083 1058 mus.
2128 1006 2498 1059 Verumtamen
2535 1020 2638 1057 non
2686 1005 2825 1057 sicut
2870 1004 2936 1058 de
2986 1004 3052 1057 iis
3082 1019 3201 1072 quae
3247 1006 3299 1057 in
3341 1014 3482 1059 terra

1943 1104 2067 1148 sunt
2092 1095 2176 1148 vel
2202 1094 2254 1147 in
2278 1095 2411 1147 mari
2435 1093 2872 1147 snnilitndinibus
2894 1092 2946 1144 itt
2977 1099 3226 1160 promptu
3253 1103 3332 1147 est
3357 1107 3484 1162 pro-

1945 1184 2213 1245 nuntiare,
2246 1185 2317 1234 ita
2348 1183 2505 1236 etiam
2535 1181 2600 1235 de
2646 1179 2955 1247 cmlestibus
2987 1192 3003 1232 :
3033 1181 3134 1233 nisi
3181 1180 3227 1233 si
3253 1182 3375 1248 quis
3400 1181 3483 1239 di-,

1942 1282 2028 1326 cat
2066 1274 2128 1325 de
2157 1272 2288 1334 sole,
2316 1280 2371 1325 et
2400 1271 2543 1332 luna,
2579 1278 2633 1322 et
2660 1269 2827 1325 stellis
2856 1269 2959 1323 hoc
2990 1283 3146 1335 posse
3172 1270 3376 1324 sentiri.
3414 1269 3480 1324 Et

1942 1363 2128 1415 horum
2176 1373 2406 1428 namque
2445 1360 2646 1412 fortnas
2676 1359 2979 1425 exprimere
3021 1359 3290 1425 gentilitas
3319 1359 3475 1413 solet.

1942 1451 2043 1506 Sed
2078 1451 2199 1519 quia
2233 1452 2447 1519 Moyses
2496 1449 2736 1503 eruditus
2766 1457 2884 1501 crat
2933 1448 2986 1500 in
3038 1448 3180 1500 outni
3215 1448 3477 1517 sapientia

1938 1542 2332 1612 Egyptiorum,
2359 1540 2520 1592 etiaut
2546 1553 2606 1592 ca
2645 1552 2760 1604 quat
2799 1537 2936 1605 apttd
2972 1537 3089 1590 illos
3115 1546 3272 1589 erant
3305 1538 3356 1589 in
3382 1552 3476 1591 oc—

3314 1639 3473 1690 Sicut,

1943 1720 2079 1775 verbi
2107 1734 2289 1783 causa,
2316 1728 2372 1771 ut
2412 1732 2507 1772 nos
2541 1731 2753 1784 quoque
2793 1717 3232 1785 appellationibus
3260 1726 3475 1771 utamur

1939 1812 2191 1877 ipsorum,
2226 1808 2456 1861 Hecaten
2483 1822 2641 1873 quam
2671 1808 2872 1868 dicunt.
2905 1807 3144 1875 aliasque
3165 1808 3471 1860 dmutonum

1932 1898 2152 1961 formas,
2188 1912 2303 1963 quae
2331 1894 2614 1963 Apostolus
2651 1910 2671 1944 ι
2698 1893 2955 1962 spiritalia
3006 1896 3257 1964 nequitia:
3283 1896 3334 1949 in
3362 1908 3472 1948 cu:-

1930 1986 2194 2040 lestibust
2232 1983 2472 2038 vocat“.
2535 1982 2610 2035 De
2654 1982 2781 2050 ipsis
2815 1985 3076 2048 fortassis,
3116 1995 3181 2039 et
3210 1985 3471 2054 propheta
3571 1977 3590 1991 ’

1930 2076 2061 2129 dicit
2084 2076 2146 2139 “,
2178 2076 2302 2142 quia
2344 2074 2685 2129 «inebriatus
2732 2083 2813 2127 est
2839 2073 3047 2140 gladius
3087 2089 3235 2128 meus
3269 2075 3320 2128 in
3351 2088 3466 2129 cat-

1929 2164 1999 2216 lu.
2027 2183 2045 2214 ι
2089 2164 2179 2217 llis
2227 2164 2368 2217 enint
2412 2161 2602 2215 formis
2647 2171 2701 2214 et
2744 2161 3182 2215 similitudinibus
3215 2161 3467 2216 invocare

1928 2250 2186 2305 daemonia
2215 2251 2383 2303 moris
2431 2257 2512 2302 est
2543 2248 2628 2311 iis,
2658 2248 2850 2314 quibus
2889 2248 3012 2300 talia
3042 2263 3184 2301 cura:
3211 2257 3355 2313 sunt,
3381 2249 3468 2303 vel

1927 2341 1992 2393 ad
2045 2340 2357 2408 repellenda,
2408 2337 2490 2392 vel
2541 2337 2700 2389 etiam
2747 2336 2810 2388 ad
2872 2336 3084 2388 vitanda
3134 2337 3292 2399 mala,
3343 2352 3465 2404 quas

1927 2446 2067 2484 nunc
2100 2444 2276 2483 sermo
2305 2430 2396 2483 Dei
2446 2429 2691 2482 universa
2723 2424 3082 2491 complectens
3130 2425 3285 2478 simul
3315 2426 3466 2493 abiu-

1927 2529 2010 2574 rat
2043 2530 2097 2574 et
2132 2521 2338 2588 abiicit,
2366 2530 2420 2573 et
2451 2535 2556 2573 non
2599 2517 2767 2573 solum
2799 2515 2995 2568 idolum
3030 2514 3144 2568 fieri
3174 2523 3340 2576 vetat,
3367 2516 3460 2568 sed

1925 2618 1977 2664 et
2026 2609 2422 2663 similitudinem
2455 2608 2692 2662 omnium
2722 2618 2837 2672 quae
2872 2602 2925 2656 in
2958 2613 3099 2656 terra
3143 2614 3296 2668 sunt,
3319 2613 3374 2658 et
3404 2603 3460 2656 in

1925 2700 2100 2767 aquis,
2135 2710 2190 2752 et
2218 2701 2269 2751 in
2301 2699 2455 2753 cmlo.

1992 2792 2045 2844 4.
2079 2790 2236 2842 Addit
2280 2801 2455 2841 autent
2506 2796 2559 2839 et
2602 2782 2836 2849 dicilz-l‘
2862 2779 3019 2833 «Non
3067 2779 3319 2835 adorabis
3369 2794 3460 2857 ea,

1928 2898 1947 2930 ι
1970 2880 2041 2931 οὐ
2058 2880 2441 2949 προσκυνήσεις
2455 2877 2653 2936 αὐτοῖς,
2726 2883 2897 2936 neque
2915 2868 3057 2922 coles
3078 2883 3139 2920 ea
3155 2869 3272 2921 ιν.»
3304 2870 3462 2926 Aliud

1922 2969 2038 3021 οὐδὲ
2071 2967 2378 3038 λατρεύσεις
2405 2967 2603 3027 αὐτοῖς.
2630 2983 2648 3014 t
2724 2970 2808 3015 est
2826 2960 3019 3024 colere,
3044 2959 3189 3014 aliud
3214 2963 3465 3023 adorare.

2725 3048 2907 3106 Potest
2952 3047 3071 3114 quis
3113 3046 3460 3104 interdumet

1921 3145 1979 3196 λο
2003 3144 2297 3214 λατρεύειν.
2339 3145 2397 3195 '0
2429 3144 2522 3211 μὲν
2547 3142 2652 3210 γὰρ
2723 3140 2923 3192 invitus
2985 3139 3235 3203 adorare,
3313 3141 3457 3194 sicut

1084 3232 1307 3300 argenti,
1341 3235 1421 3286 vel
1451 3234 1600 3303 ligni,
1635 3238 1713 3289 vel
1743 3238 1818 3289 la-
1920 3235 1978 3297 ἐξ
2012 3234 2135 3302 ὅλης
2178 3234 2351 3302 ψυχῆς
2396 3231 2651 3284 δουλεύων

1084 3317 1638 3388 pidisfaciatspeciem
1660 3320 1817 3390 158
1916 3322 2140 3385 τούτοις,
2174 3323 2231 3374 οὐ
2283 3323 2436 3390 μόνον
2484 3338 2651 3390 προσ-

1084 3405 1443 3474 quadrupedis
1465 3407 1709 3475 alicujus,
1734 3411 1814 3462 vel
1917 3413 2082 3473 κυνεῖ,
2110 3410 2241 3462 ἀλλὰ
2262 3410 2352 3461 καὶ
2383 3408 2644 3477 λατρεύει.

253 3493 527 3557 serpentis,
579 3493 675 3548 vel
710 3494 855 3556 avis,
904 3502 961 3546 et
1009 3503 1212 3547 statuat
1262 3496 1406 3549 illam
1462 3499 1810 3565 adorandum,

249 3587 350 3628 non
374 3579 605 3645 idolum,
666 3584 769 3635 sed
798 3582 1212 3635 similitudinem
1243 3583 1393 3637 fecit.
1451 3584 1541 3640 Vel
1574 3588 1733 3642 etiam
1764 3590 1808 3643 si

248 3664 502 3729 picturam
535 3673 608 3725 ad
642 3673 757 3725 hoc
802 3673 984 3739 ipsum
1017 3680 1239 3740 statuat,
1273 3676 1622 3732 nihilominus
1652 3680 1809 3732 simi-

244 3750 512 3813 litudinem
564 3758 771 3813 fecisse
803 3759 1068 3813 dicendus
1098 3771 1201 3814 est.
1272 3762 1471 3817 Idolum
1511 3780 1637 3818 vero
1681 3766 1809 3823 facit

244 3840 350 3903 ille,
377 3847 467 3913 qui
497 3850 805 3900 secundum
835 3849 1155 3915 Apostttlum
1180 3850 1466 3916 dicentem,
1500 3856 1622 3921 quia
1651 3872 1669 3904 ε
1694 3856 1807 3909 ido-

150 3942 164 3955 ο
238 3928 351 3983 lum
380 3936 519 3988 nihil
545 3947 649 3998 est,
678 3956 698 3989 ι
731 3937 870 3991 facit
895 3940 1041 4006 quod
1069 3956 1176 3994 non
1208 3950 1310 3995 est.
1350 3942 1486 4006 Quid
1516 3953 1600 3996 cst
1626 3952 1802 3998 autem

240 4023 384 4084 quod
413 4039 524 4076 non
553 4026 676 4078 est?
704 4026 936 4094 Species
961 4042 1122 4094 quam
1154 4045 1257 4083 non
1293 4031 1425 4085 vidit
1467 4033 1673 4099 oculus,
1707 4035 1802 4088 sed

239 4105 365 4174 ipse
390 4110 492 4163 sibi
523 4113 733 4167 animus
761 4114 940 4184 fingit.
982 4116 1142 4169 Verbi
1175 4119 1373 4186 gratia,
1406 4128 1466 4171 ut
1490 4121 1532 4173 si
1560 4123 1679 4187 quis
1704 4122 1802 4173 ltu-

241 4204 422 4254 manis
450 4203 703 4256 membris
730 4215 903 4272 caput
933 4207 1105 4266 canis.
1135 4215 1228 4258 aut
1264 4208 1448 4261 arietis
1476 4208 1686 4274 formet,
1718 4211 1799 4264 vel

244 4296 455 4341 rursum
502 4289 557 4342 in
593 4305 701 4343 uno
732 4292 973 4345 hominis
1005 4293 1186 4347 ltabitu
1217 4296 1353 4346 duas
1400 4296 1566 4353 facies
1611 4303 1795 4369 lingat,

246 4383 344 4426 aut
366 4377 594 4433 humano
627 4383 840 4449 pectori
896 4394 1202 4449 postremas
1234 4396 1418 4453 partes
1446 4393 1562 4455 equi
1595 4403 1685 4444 aut
1720 4395 1802 4460 pi-
1837 4379 1877 4432 ο

250 4462 364 4516 scis
391 4465 651 4537 adiungat.
713 4469 843 4525 Ilaec
874 4481 924 4523 et
958 4472 1023 4525 iis
1052 4473 1251 4526 similia
1279 4475 1369 4539 qui
1405 4476 1550 4541 facit,
1585 4496 1687 4534 non
1726 4484 1800 4536 si—

253 4550 610 4621 militudinem,
665 4559 764 4612 sed
818 4560 1022 4614 idolum
1071 4562 1224 4615 facit.
1288 4563 1439 4616 Facit
1479 4569 1616 4621 enim
1656 4572 1795 4638 quod

254 4647 361 4691 non
393 4652 489 4708 est,
534 4659 637 4700 nec
683 4647 852 4700 habet
885 4649 1090 4715 aliquid
1123 4650 1305 4703 simile
1354 4653 1455 4706 sui.
1497 4654 1562 4707 Et
1601 4658 1797 4713 idcirco

833 4749 1022 4791 VBRSIO
1055 4753 1222 4794 NOVA.

325 4817 364 4884 1’
384 4837 404 4869 ι
426 4820 542 4897 Νοιε
562 4826 722 4897 facies
744 4828 841 4879 tibi
864 4829 1082 4889 idolum,
1110 4845 1281 4897 neque
1311 4830 1464 4883 ullius
1503 4834 1801 4891 similitudi-

258 4894 429 4957 ειη.»
464 4892 614 4945 Aliud
651 4896 857 4948 idolum
885 4908 931 4947 et
978 4898 1130 4949 aliud
1176 4892 1489 4950 similitudo.
1531 4900 1796 4957 Similitu-

259 4947 327 5024 ἀρ
353 4957 475 5029 enim
508 4970 581 5012 est
614 4966 664 5014 si
704 4965 886 5028 piscis,
923 4972 1015 5014 aut
1040 4947 1797 5029 quadrupedis,

256 5021 565 5096 ἐέιᾉςιαςιζιιηι
595 5021 821 5081 αηεάιιι
864 5021 1132 5096 pingendo
1182 5021 1404 5092 feceris;
1434 5021 1644 5086 'idolum
1679 5021 1793 5093 ἐρ’νὶ

259 5086 482 5168 σιὲάφιξά
507 5096 707 5170 animus
730 5086 905 5170 eat/ris
937 5086 1060 5170 ᾆςιω
1094 5086 1367 5170 primaria
1384 5086 1481 5152 non
1509 5086 1789 5170 exsistunt:

260 5163 412 5239 ξςιςᾳι
433 5159 531 5239 ipse
547 5164 835 5229 eﬂarman’r
852 5178 873 5215 :
895 5159 1207 5239 cujusmadi
1231 5162 1389 5224 fuerit
1415 5170 1629 5234 animal,
1652 5159 1795 5239 quod

266 5224 429 5275 statim
447 5224 643 5283 [lamiae
671 5242 721 5283 el
757 5246 889 5298 equa
919 5224 1145 5280 constet.

1927 3502 1983 3553 '0
2021 3501 2076 3553 δὲ
2115 3500 2645 3570 καθυποκρινὸμενος,

1913 3590 2004 3642 καὶ
2050 3590 2135 3641 διὰ
2179 3589 2245 3641 τὰ
2290 3588 2412 3658 ἔθνη
2460 3589 2643 3652 ποιῶν,

2722 3230 2958 3283 nonnulli
2990 3229 3200 3300 regibus
3235 3230 3463 3289 adulans

2720 3329 2819 3386 tes,
2851 3337 2971 3374 cunt
2997 3337 3089 3376 eos
3116 3323 3179 3374 ad
3211 3322 3456 3389 hujusce-

2717 3413 2857 3466 modi
2881 3414 3054 3467 studia
3080 3414 3286 3469 deditos
3307 3416 3454 3471 vide-

2717 3506 2846 3568 rint,
2897 3505 3122 3559 adorare
3174 3521 3233 3561 se
3280 3509 3450 3562 simu-

2715 3594 2824 3647 lant
2853 3596 3012 3659 idola,
3054 3611 3173 3649 cum
3209 3598 3260 3651 in
3289 3600 3451 3653 corde

1910 3684 1970 3734 οὐ
1998 3682 2240 3750 λατρεύει
2265 3683 2381 3747 μὲν,
2414 3698 2646 3752 προσκυ·
2717 3684 2949 3753 ipsorum
2972 3697 3173 3741 certum
3206 3689 3294 3752 sit,
3322 3691 3455 3757 quia»

1909 3769 2079 3822 νεῖδέ.
2123 3770 2383 3839 Εὑρήσεις
2401 3770 2457 3820 δὲ
2476 3769 2644 3821 τοιού-
2714 3778 2843 3830 nihil
2874 3788 2955 3832 est
2983 3779 3200 3834 idolum.
3257 3780 3449 3847 Colere

1907 3875 2030 3920 τους
2090 3859 2146 3910 ὲν
2201 3862 2310 3920 τοῖς
2375 3859 2644 3929 Ἀριθμοῖς
2713 3883 2861 3933 vero,
2888 3880 2968 3923 est
3001 3880 3115 3925 toto
3139 3873 3221 3926 Itis
3250 3871 3460 3928 allectus

1907 3949 2281 4021 χαριζομένους
2301 3953 2524 4018 γυναιξὶ,
2549 3956 2639 4007 καὶ
2709 3970 2763 4013 et
2809 3964 2983 4016 studio
3030 3964 3339 4033 mancipari.
3371 3965 3447 4021 U-

1904 4041 2092 4093 εἵδωλα
2125 4044 2567 4110 προσκυνοῦντας.
2712 4057 2791 4102 tru
2802 4066 2956 4119 tuque
2971 4065 3099 4119 ergo
3116 4062 3320 4107 resecat
3336 4068 3451 4107 εει-ο·

1905 4144 1991 4182 mo
2021 4130 2249 4191 divinus,
2306 4140 2362 4184 ut
2388 4148 2556 4200 neque
2603 4135 2794 4191 all‘ectu
2828 4143 2993 4204 colas,
3047 4155 3224 4209 neque
3258 4143 3442 4211 specie

1902 4219 2113 4273 adores.
2192 4220 2473 4277 Sciendum
2521 4231 2718 4289 tamen,
2770 4230 2909 4297 quod
2970 4230 3091 4283 cum
3140 4232 3440 4287 decreveris

1904 4308 2149 4378 prrecepti
2200 4310 2314 4378 ejus
2341 4326 2556 4367 servare
2603 4302 2929 4380 mandatum,
2985 4329 3038 4372 et
3072 4334 3257 4377 omnes
3280 4332 3439 4376 caste-

1906 4414 1993 4452 ros
2028 4401 2154 4453 deos
2196 4410 2249 4454 et
2296 4402 2538 4456 dominos
2589 4407 2884 4473 repudiare,
2937 4418 2991 4461 et
3037 4421 3233 4477 praeter
3274 4426 3434 4464 unum

1907 4490 2067 4542 Deum
2109 4499 2162 4542 et
2192 4491 2469 4544 Dominum
2518 4496 2778 4547 neminem
2816 4497 3013 4551 habere
3054 4500 3132 4552 vel
3161 4499 3322 4554 Deum
3353 4500 3437 4554 vel

1904 4575 2203 4639 Dominum,
2237 4578 2333 4630 Itoc
2375 4589 2455 4632 est
2489 4580 2679 4635 bellum
2729 4585 2844 4638 sine
2870 4584 3072 4640 foedere
3100 4588 3437 4643 denuntiasse

1900 4666 2144 4719 omnibus
2189 4669 2417 4722 creteris.
2474 4671 2605 4722 Cum
2638 4686 2766 4740 ergo
2808 4677 3049 4731 venimus
3096 4677 3162 4731 ad
3209 4680 3433 4747 gratiam

2472 4773 2658 4812 VERSIO
2688 4775 2843 4815 NOVA.

1971 4847 2045 4911 ἦ(
2074 4843 2191 4897 Non
2225 4848 2466 4915 adorabis
2490 4866 2570 4911 ea,
2607 4866 2765 4915 neque
2808 4852 2942 4904 coles
2987 4869 3067 4905 ea.
3095 4872 3113 4904 ι
3170 4854 3327 4905 Aliud
3356 4863 3439 4907 est

1896 4914 2120 4986 adorare
2156 4922 2205 4966 et
2244 4914 2389 4986 aliud
2423 4918 2608 4972 colere.
2650 4914 2789 4972 Nam
2822 4922 2908 4986 qui
2943 4932 3048 4973 toto
3090 4925 3260 4974 animo
3292 4921 3435 4974 hisce

1900 4984 2074 5044 servit,
2111 4998 2211 5033 non
2255 4984 2406 5053 modo
2438 4988 2641 5047 adorat,
2695 4984 2867 5039 verum
2919 4989 3074 5040 etiam
3126 4989 3267 5043 colit.
3327 4988 3434 5053 Qui

1898 5058 2200 5122 autenrrem
2238 5051 2474 5122 simulate
2511 5069 2570 5104 ac
2596 5065 2798 5122 propter
2831 5064 3002 5120 gentes
3045 5057 3188 5122 facit,
3226 5051 3434 5122 nouita-

1897 5116 1957 5167 lil
1995 5118 2219 5184 quidem,
2260 5121 2349 5169 sed
2382 5116 2897 5188 adorat.'Ejusmo'di
2935 5116 3152 5187 reperies
3176 5116 3251 5172 Vin
3307 5120 3431 5171 Nu-

1898 5200 2071 5249 mam,
2094 5188 2180 5253 qui
2211 5199 2264 5239 ut
2296 5186 2598 5240 mulieribus
2619 5186 2851 5256 placeant
2882 5186 3025 5240 idola
3050 5192 3267 5241 adorant

264 5334 1242 5430 .;ftoan-.t:E:ea-_..xe
1290 5341 1650 5430 δ;,.εξιεπ.οιιο
1902 5360 1954 5412 ι.
2028 5361 2117 5415 ιυι
2156 5364 2280 5419 cor.
2499 5366 2551 5419 ες.
2627 5364 2897 5420 «tum.
2971 5355 3437 5423 σειοοτοις

362 5414 462 5470 lies.
489 5430 560 5481 γι,
588 5405 676 5470 12.
758 5412 804 5444 ⁸³
827 5411 934 5462 Isa.
968 5420 1161 5466 κλχιν,
1190 5405 1246 5457 5.
1326 5409 1389 5439 ss.
1412 5413 1578 5472 Exod.
1609 5405 1703 5483 xvx’
1726 5405 1791 5475 κέ.

289 5486 379 5579 (δυ)
406 5512 487 5565 οὐ
522 5506 846 5579 ποίήσεξιςε,
881 5507 994 5577 εἴη·

227 5554 948 5646 ωίιιᾶέοῆὖιίξνάὖῖιίυέἱὶείἱ.

1048 5493 1242 5546 amca
1302 5499 1452 5569 huius
1504 5525 1606 5565 nec
1649 5527 1761 5568 non
1816 5525 2086 5588 sequentis
2131 5524 2409 5594 fragmenti
2453 5527 2610 5578 verba
2661 5526 2935 5585 desumpta
2984 5526 3109 5570 sunt
3146 5530 3177 5568 ο
3216 5513 3441 5571 schedio
