  <div class='ocr_page' id='page_1' title='image "/cluster/home/n/w/nwhite01/storage/ocr_20150623/12 (Origen; pt. 2)/nyp.33433081862272/185.png"; bbox 0 0 3922 6204; ppageno 0'>
   <div class='ocr_carea' id='block_1_1' title="bbox 441 288 548 348">
    <p class='ocr_par' dir='ltr' id='par_1_1' title="bbox 441 288 548 348">
     <span class='ocr_line' id='line_1_1' title="bbox 441 288 548 348; baseline 0.037 -4"><span class='ocrx_word' id='word_1_1' title='bbox 441 288 548 348; x_wconf 75' lang='lat'><strong>355</strong></span> 
     </span>
    </p>
   </div>
   <div class='ocr_carea' id='block_1_2' title="bbox 1875 280 2192 339">
    <p class='ocr_par' dir='ltr' id='par_1_2' title="bbox 1875 280 2192 339">
     <span class='ocr_line' id='line_1_2' title="bbox 1875 280 2192 339; baseline -0.013 0"><span class='ocrx_word' id='word_1_2' title='bbox 1875 280 2192 339; x_wconf 79' lang='lat' dir='ltr'><strong>ORIGEMS</strong></span> 
     </span>
    </p>
   </div>
   <div class='ocr_carea' id='block_1_3' title="bbox 3722 294 3804 354">
    <p class='ocr_par' dir='ltr' id='par_1_3' title="bbox 3722 294 3804 354">
     <span class='ocr_line' id='line_1_3' title="bbox 3722 294 3804 354; baseline 0.073 -6"><span class='ocrx_word' id='word_1_3' title='bbox 3722 294 3804 354; x_wconf 73' lang='lat'><strong>556</strong></span> 
     </span>
    </p>
   </div>
   <div class='ocr_carea' id='block_1_4' title="bbox 440 389 3806 478">
    <p class='ocr_par' dir='ltr' id='par_1_4' title="bbox 440 389 3806 478">
     <span class='ocr_line' id='line_1_4' title="bbox 440 389 3806 478; baseline 0.001 -18"><span class='ocrx_word' id='word_1_4' title='bbox 440 403 712 473; x_wconf 83' lang='lat' dir='ltr'><strong>baptismi,</strong></span> <span class='ocrx_word' id='word_1_5' title='bbox 741 401 1010 458; x_wconf 80' lang='lat' dir='ltr'><strong>universis</strong></span> <span class='ocrx_word' id='word_1_6' title='bbox 1036 399 1152 455; x_wconf 85' lang='lat' dir='ltr'><strong>aliis</strong></span> <span class='ocrx_word' id='word_1_7' title='bbox 1177 401 1280 456; x_wconf 90' lang='lat' dir='ltr'><strong>diis</strong></span> <span class='ocrx_word' id='word_1_8' title='bbox 1318 411 1373 454; x_wconf 95' lang='lat' dir='ltr'><strong>et</strong></span> <span class='ocrx_word' id='word_1_9' title='bbox 1406 401 1638 456; x_wconf 88' lang='lat' dir='ltr'><strong>dominis</strong></span> <span class='ocrx_word' id='word_1_10' title='bbox 1669 405 1983 456; x_wconf 85' lang='lat' dir='ltr'><strong>renuntian-</strong></span> <span class='ocrx_word' id='word_1_11' title='bbox 2011 406 2055 461; x_wconf 77' lang='grc' dir='ltr'><strong>Α</strong></span> <span class='ocrx_word' id='word_1_12' title='bbox 2085 414 2204 452; x_wconf 80' lang='lat' dir='ltr'><strong>nius</strong></span> <span class='ocrx_word' id='word_1_13' title='bbox 2227 398 2292 451; x_wconf 90' lang='lat' dir='ltr'><strong>ad</strong></span> <span class='ocrx_word' id='word_1_14' title='bbox 2325 394 2625 458; x_wconf 88' lang='lat' dir='ltr'><strong>Christum,</strong></span> <span class='ocrx_word' id='word_1_15' title='bbox 2669 407 2802 447; x_wconf 88' lang='lat' dir='ltr'><strong>eum</strong></span> <span class='ocrx_word' id='word_1_16' title='bbox 2861 389 3139 478; x_wconf 74' lang='lat' dir='ltr'><strong>adliue,_</strong></span> <span class='ocrx_word' id='word_1_17' title='bbox 3176 389 3251 436; x_wconf 79' lang='lat' dir='ltr'><strong>ut</strong></span> <span class='ocrx_word' id='word_1_18' title='bbox 3315 392 3662 452; x_wconf 67' lang='lat' dir='ltr'><strong>superius</strong></span> <span class='ocrx_word' id='word_1_19' title='bbox 3701 407 3806 478; x_wconf 75' lang='lat' dir='ltr'><strong>diri,</strong></span> 
     </span>
    </p>
   </div>
   <div class='ocr_carea' id='block_1_5' title="bbox 441 489 1986 558">
    <p class='ocr_par' dir='ltr' id='par_1_5' title="bbox 441 489 1986 558">
     <span class='ocr_line' id='line_1_5' title="bbox 441 489 1986 558; baseline -0.001 -10"><span class='ocrx_word' id='word_1_20' title='bbox 441 503 545 555; x_wconf 88' lang='lat' dir='ltr'><strong>tes,</strong></span> <span class='ocrx_word' id='word_1_21' title='bbox 573 492 741 547; x_wconf 90' lang='lat' dir='ltr'><strong>solum</strong></span> <span class='ocrx_word' id='word_1_22' title='bbox 771 493 1093 546; x_wconf 93' lang='lat' dir='ltr'><strong>conﬁtemur</strong></span> <span class='ocrx_word' id='word_1_23' title='bbox 1126 491 1291 544; x_wconf 90' lang='lat' dir='ltr'><strong>Deum</strong></span> <span class='ocrx_word' id='word_1_24' title='bbox 1321 489 1554 556; x_wconf 81' lang='lat' dir='ltr'><strong>Patrem,</strong></span> <span class='ocrx_word' id='word_1_25' title='bbox 1598 503 1652 547; x_wconf 90' lang='lat' dir='ltr'><strong>et</strong></span> <span class='ocrx_word' id='word_1_26' title='bbox 1688 492 1900 558; x_wconf 80' lang='lat' dir='ltr'><strong>Filium,</strong></span> <span class='ocrx_word' id='word_1_27' title='bbox 1931 502 1986 546; x_wconf 89' lang='lat' dir='ltr'><strong>et</strong></span> 
     </span>
    </p>
   </div>
   <div class='ocr_carea' id='block_1_6' title="bbox 442 585 1984 655">
    <p class='ocr_par' dir='ltr' id='par_1_6' title="bbox 442 585 1984 655">
     <span class='ocr_line' id='line_1_6' title="bbox 442 585 1984 655; baseline 0 -15"><span class='ocrx_word' id='word_1_28' title='bbox 442 587 700 655; x_wconf 73' lang='lat' dir='ltr'><strong>Spiritum</strong></span> <span class='ocrx_word' id='word_1_29' title='bbox 748 595 1019 640; x_wconf 89' lang='lat' dir='ltr'><strong>sanctmn.</strong></span> <span class='ocrx_word' id='word_1_30' title='bbox 1079 585 1184 639; x_wconf 91' lang='lat' dir='ltr'><strong>Sed</strong></span> <span class='ocrx_word' id='word_1_31' title='bbox 1235 586 1335 639; x_wconf 90' lang='lat' dir='ltr'><strong>hoc</strong></span> <span class='ocrx_word' id='word_1_32' title='bbox 1368 587 1699 645; x_wconf 85' lang='lat' dir='ltr'><strong>conﬁtentes.</strong></span> <span class='ocrx_word' id='word_1_33' title='bbox 1737 587 1835 640; x_wconf 85' lang='lat' dir='ltr'><strong>nisi</strong></span> <span class='ocrx_word' id='word_1_34' title='bbox 1875 596 1984 640; x_wconf 86' lang='lat' dir='ltr'><strong>toto</strong></span> 
     </span>
    </p>
   </div>
   <div class='ocr_carea' id='block_1_7' title="bbox 439 673 1983 744">
    <p class='ocr_par' dir='ltr' id='par_1_7' title="bbox 439 673 1983 744">
     <span class='ocr_line' id='line_1_7' title="bbox 439 673 1983 744; baseline 0 -14"><span class='ocrx_word' id='word_1_35' title='bbox 439 677 604 731; x_wconf 88' lang='lat' dir='ltr'><strong>corde</strong></span> <span class='ocrx_word' id='word_1_36' title='bbox 635 675 916 744; x_wconf 82' lang='lat' dir='ltr'><strong>diligamus</strong></span> <span class='ocrx_word' id='word_1_37' title='bbox 960 673 1241 727; x_wconf 90' lang='lat' dir='ltr'><strong>Dominum</strong></span> <span class='ocrx_word' id='word_1_38' title='bbox 1276 675 1440 728; x_wconf 86' lang='lat' dir='ltr'><strong>Deum</strong></span> <span class='ocrx_word' id='word_1_39' title='bbox 1487 685 1746 739; x_wconf 86' lang='lat' dir='ltr'><strong>nostrum,</strong></span> <span class='ocrx_word' id='word_1_40' title='bbox 1777 686 1830 730; x_wconf 89' lang='lat' dir='ltr'><strong>et</strong></span> <span class='ocrx_word' id='word_1_41' title='bbox 1875 686 1983 730; x_wconf 84' lang='lat' dir='ltr'><strong>tota</strong></span> 
     </span>
    </p>
   </div>
   <div class='ocr_carea' id='block_1_8' title="bbox 440 764 1984 833">
    <p class='ocr_par' dir='ltr' id='par_1_8' title="bbox 440 764 1984 833">
     <span class='ocr_line' id='line_1_8' title="bbox 440 764 1984 833; baseline 0.001 -14"><span class='ocrx_word' id='word_1_42' title='bbox 440 766 638 826; x_wconf 88' lang='lat' dir='ltr'><strong>anima,</strong></span> <span class='ocrx_word' id='word_1_43' title='bbox 669 774 722 818; x_wconf 90' lang='lat' dir='ltr'><strong>et</strong></span> <span class='ocrx_word' id='word_1_44' title='bbox 754 773 860 817; x_wconf 85' lang='lat' dir='ltr'><strong>tota</strong></span> <span class='ocrx_word' id='word_1_45' title='bbox 890 765 1086 818; x_wconf 86' lang='lat' dir='ltr'><strong>virtute</strong></span> <span class='ocrx_word' id='word_1_46' title='bbox 1113 764 1484 818; x_wconf 66' lang='lat' dir='ltr'><strong>adhaereamus</strong></span> <span class='ocrx_word' id='word_1_47' title='bbox 1517 765 1637 833; x_wconf 90' lang='lat' dir='ltr'><strong>ipsi,</strong></span> <span class='ocrx_word' id='word_1_48' title='bbox 1669 781 1773 820; x_wconf 91' lang='lat' dir='ltr'><strong>non</strong></span> <span class='ocrx_word' id='word_1_49' title='bbox 1800 781 1984 820; x_wconf 84' lang='lat' dir='ltr'><strong>smnus</strong></span> 
     </span>
    </p>
   </div>
   <div class='ocr_carea' id='block_1_9' title="bbox 441 851 1982 920">
    <p class='ocr_par' dir='ltr' id='par_1_9' title="bbox 441 851 1982 920">
     <span class='ocr_line' id='line_1_9' title="bbox 441 851 1982 920; baseline 0 -14"><span class='ocrx_word' id='word_1_50' title='bbox 441 851 615 906; x_wconf 76' lang='lat' dir='ltr'><strong>ell‘ecti</strong></span> <span class='ocrx_word' id='word_1_51' title='bbox 646 867 771 920; x_wconf 88' lang='lat' dir='ltr'><strong>pars</strong></span> <span class='ocrx_word' id='word_1_52' title='bbox 806 852 1049 916; x_wconf 81' lang='lat' dir='ltr'><strong>Domini;</strong></span> <span class='ocrx_word' id='word_1_53' title='bbox 1080 852 1173 906; x_wconf 91' lang='lat' dir='ltr'><strong>sed</strong></span> <span class='ocrx_word' id='word_1_54' title='bbox 1208 851 1348 905; x_wconf 92' lang='lat' dir='ltr'><strong>velut</strong></span> <span class='ocrx_word' id='word_1_55' title='bbox 1390 853 1440 905; x_wconf 83' lang='lat' dir='ltr'><strong>in</strong></span> <span class='ocrx_word' id='word_1_56' title='bbox 1476 853 1712 906; x_wconf 89' lang='lat' dir='ltr'><strong>conlinio</strong></span> <span class='ocrx_word' id='word_1_57' title='bbox 1753 854 1982 920; x_wconf 90' lang='lat' dir='ltr'><strong>quodam</strong></span> 
     </span>
    </p>
   </div>
   <div class='ocr_carea' id='block_1_10' title="bbox 440 939 1985 1014">
    <p class='ocr_par' dir='ltr' id='par_1_10' title="bbox 440 939 1985 1014">
     <span class='ocr_line' id='line_1_10' title="bbox 440 939 1985 1014; baseline 0.001 -20"><span class='ocrx_word' id='word_1_58' title='bbox 440 942 621 1010; x_wconf 83' lang='lat' dir='ltr'><strong>positi,</strong></span> <span class='ocrx_word' id='word_1_59' title='bbox 652 951 707 994; x_wconf 91' lang='lat' dir='ltr'><strong>et</strong></span> <span class='ocrx_word' id='word_1_60' title='bbox 734 940 854 994; x_wconf 90' lang='lat' dir='ltr'><strong>illos</strong></span> <span class='ocrx_word' id='word_1_61' title='bbox 880 939 1110 1014; x_wconf 82' lang='lat' dir='ltr'><strong>oﬁ‘ensos</strong></span> <span class='ocrx_word' id='word_1_62' title='bbox 1136 941 1391 1007; x_wconf 83' lang='lat' dir='ltr'><strong>patimur,</strong></span> <span class='ocrx_word' id='word_1_63' title='bbox 1419 955 1550 1008; x_wconf 90' lang='lat' dir='ltr'><strong>quos</strong></span> <span class='ocrx_word' id='word_1_64' title='bbox 1585 943 1898 1010; x_wconf 79' lang='lat' dir='ltr'><strong>refugimus,</strong></span> <span class='ocrx_word' id='word_1_65' title='bbox 1933 952 1985 999; x_wconf 79' lang='lat' dir='ltr'><strong>et</strong></span> 
     </span>
    </p>
   </div>
   <div class='ocr_carea' id='block_1_11' title="bbox 442 1029 1987 1098">
    <p class='ocr_par' dir='ltr' id='par_1_11' title="bbox 442 1029 1987 1098">
     <span class='ocr_line' id='line_1_11' title="bbox 442 1029 1987 1098; baseline 0.001 -15"><span class='ocrx_word' id='word_1_66' title='bbox 442 1031 720 1083; x_wconf 90' lang='lat' dir='ltr'><strong>Dominum</strong></span> <span class='ocrx_word' id='word_1_67' title='bbox 749 1030 814 1082; x_wconf 92' lang='lat' dir='ltr'><strong>ad</strong></span> <span class='ocrx_word' id='word_1_68' title='bbox 854 1042 1010 1096; x_wconf 85' lang='lat' dir='ltr'><strong>quem</strong></span> <span class='ocrx_word' id='word_1_69' title='bbox 1037 1029 1373 1097; x_wconf 76' lang='lat' dir='ltr'><strong>confugimus</strong></span> <span class='ocrx_word' id='word_1_70' title='bbox 1421 1031 1709 1098; x_wconf 90' lang='lat' dir='ltr'><strong>propitium</strong></span> <span class='ocrx_word' id='word_1_71' title='bbox 1747 1046 1848 1085; x_wconf 88' lang='lat' dir='ltr'><strong>non</strong></span> <span class='ocrx_word' id='word_1_72' title='bbox 1874 1031 1987 1084; x_wconf 81' lang='lat' dir='ltr'><strong>elli-</strong></span> 
     </span>
    </p>
   </div>
   <div class='ocr_carea' id='block_1_12' title="bbox 437 1118 1986 1190">
    <p class='ocr_par' dir='ltr' id='par_1_12' title="bbox 437 1118 1986 1190">
     <span class='ocr_line' id='line_1_12' title="bbox 437 1118 1986 1190; baseline 0.001 -19"><span class='ocrx_word' id='word_1_73' title='bbox 437 1118 631 1180; x_wconf 89' lang='lat' dir='ltr'><strong>cimus,</strong></span> <span class='ocrx_word' id='word_1_74' title='bbox 661 1131 821 1185; x_wconf 90' lang='lat' dir='ltr'><strong>quem</strong></span> <span class='ocrx_word' id='word_1_75' title='bbox 869 1133 973 1170; x_wconf 92' lang='lat' dir='ltr'><strong>non</strong></span> <span class='ocrx_word' id='word_1_76' title='bbox 1009 1131 1073 1173; x_wconf 81' lang='lat' dir='ltr'><strong>ex</strong></span> <span class='ocrx_word' id='word_1_77' title='bbox 1113 1126 1224 1172; x_wconf 88' lang='lat' dir='ltr'><strong>toto</strong></span> <span class='ocrx_word' id='word_1_78' title='bbox 1270 1126 1323 1171; x_wconf 91' lang='lat' dir='ltr'><strong>et</strong></span> <span class='ocrx_word' id='word_1_79' title='bbox 1358 1118 1568 1188; x_wconf 89' lang='lat' dir='ltr'><strong>integro</strong></span> <span class='ocrx_word' id='word_1_80' title='bbox 1609 1122 1771 1175; x_wconf 80' lang='lat' dir='ltr'><strong>corde</strong></span> <span class='ocrx_word' id='word_1_81' title='bbox 1812 1121 1986 1190; x_wconf 85' lang='lat' dir='ltr'><strong>diligi-</strong></span> 
     </span>
    </p>
   </div>
   <div class='ocr_carea' id='block_1_13' title="bbox 441 1205 1980 1276">
    <p class='ocr_par' dir='ltr' id='par_1_13' title="bbox 441 1205 1980 1276">
     <span class='ocr_line' id='line_1_13' title="bbox 441 1205 1980 1276; baseline 0.002 -17"><span class='ocrx_word' id='word_1_82' title='bbox 441 1221 580 1260; x_wconf 88' lang='lat' dir='ltr'><strong>mus.</strong></span> <span class='ocrx_word' id='word_1_83' title='bbox 625 1207 688 1259; x_wconf 88' lang='lat' dir='ltr'><strong>Et</strong></span> <span class='ocrx_word' id='word_1_84' title='bbox 715 1206 834 1259; x_wconf 86' lang='lat' dir='ltr'><strong>ideo</strong></span> <span class='ocrx_word' id='word_1_85' title='bbox 853 1205 997 1275; x_wconf 88' lang='lat' dir='ltr'><strong>luget</strong></span> <span class='ocrx_word' id='word_1_86' title='bbox 1029 1221 1127 1262; x_wconf 89' lang='lat' dir='ltr'><strong>nos</strong></span> <span class='ocrx_word' id='word_1_87' title='bbox 1169 1209 1426 1276; x_wconf 81' lang='lat' dir='ltr'><strong>propheta</strong></span> <span class='ocrx_word' id='word_1_88' title='bbox 1460 1224 1593 1276; x_wconf 89' lang='lat' dir='ltr'><strong>quos</strong></span> <span class='ocrx_word' id='word_1_89' title='bbox 1620 1209 1764 1264; x_wconf 81' lang='lat' dir='ltr'><strong>videt</strong></span> <span class='ocrx_word' id='word_1_90' title='bbox 1802 1211 1980 1276; x_wconf 86' lang='lat' dir='ltr'><strong>hujus-</strong></span> 
     </span>
    </p>
   </div>
   <div class='ocr_carea' id='block_1_14' title="bbox 438 1294 1983 1360">
    <p class='ocr_par' dir='ltr' id='par_1_14' title="bbox 438 1294 1983 1360">
     <span class='ocr_line' id='line_1_14' title="bbox 438 1294 1983 1360; baseline 0.003 -15"><span class='ocrx_word' id='word_1_91' title='bbox 438 1294 649 1347; x_wconf 88' lang='lat' dir='ltr'><strong>cemodi</strong></span> <span class='ocrx_word' id='word_1_92' title='bbox 698 1294 1058 1348; x_wconf 89' lang='lat' dir='ltr'><strong>inconstantia</strong></span> <span class='ocrx_word' id='word_1_93' title='bbox 1113 1294 1395 1360; x_wconf 75' lang='lat' dir='ltr'><strong>fluctuare,</strong></span> <span class='ocrx_word' id='word_1_94' title='bbox 1443 1307 1499 1350; x_wconf 91' lang='lat' dir='ltr'><strong>et</strong></span> <span class='ocrx_word' id='word_1_95' title='bbox 1537 1298 1666 1351; x_wconf 87' lang='lat' dir='ltr'><strong>dicit</strong></span> <span class='ocrx_word' id='word_1_96' title='bbox 1690 1297 1781 1352; x_wconf 60' lang='grc' dir='ltr'><strong>ἰς</strong></span> <span class='ocrx_word' id='word_1_97' title='bbox 1828 1297 1983 1359; x_wconf 72' lang='lat' dir='ltr'><strong>«Var,</strong></span> 
     </span>
    </p>
   </div>
   <div class='ocr_carea' id='block_1_15' title="bbox 441 1381 1986 1455">
    <p class='ocr_par' dir='ltr' id='par_1_15' title="bbox 441 1381 1986 1455">
     <span class='ocr_line' id='line_1_15' title="bbox 441 1381 1986 1455; baseline 0.003 -20"><span class='ocrx_word' id='word_1_98' title='bbox 441 1381 679 1450; x_wconf 88' lang='lat' dir='ltr'><strong>duplices</strong></span> <span class='ocrx_word' id='word_1_99' title='bbox 707 1385 868 1438; x_wconf 89' lang='lat' dir='ltr'><strong>corde</strong></span> <span class='ocrx_word' id='word_1_100' title='bbox 914 1393 967 1436; x_wconf 91' lang='lat' dir='ltr'><strong>et</strong></span> <span class='ocrx_word' id='word_1_101' title='bbox 1012 1386 1211 1438; x_wconf 89' lang='lat' dir='ltr'><strong>animo.</strong></span> <span class='ocrx_word' id='word_1_102' title='bbox 1235 1402 1253 1434; x_wconf 84' lang='grc'>›</span> <span class='ocrx_word' id='word_1_103' title='bbox 1295 1385 1364 1438; x_wconf 85' lang='grc' dir='ltr'><strong>Ει</strong></span> <span class='ocrx_word' id='word_1_104' title='bbox 1393 1386 1585 1439; x_wconf 90' lang='lat' dir='ltr'><strong>iterum</strong></span> <span class='ocrx_word' id='word_1_105' title='bbox 1607 1387 1650 1418; x_wconf 82' lang='grc'><strong>⁸⁸</strong></span> <span class='ocrx_word' id='word_1_106' title='bbox 1685 1404 1699 1439; x_wconf 92' lang='lat'><strong>:</strong></span> <span class='ocrx_word' id='word_1_107' title='bbox 1739 1405 1758 1438; x_wconf 86' lang='grc'><em>‹</em></span> <span class='ocrx_word' id='word_1_108' title='bbox 1783 1386 1986 1455; x_wconf 87' lang='lat' dir='ltr'><strong>Usque-</strong></span> 
     </span>
    </p>
   </div>
   <div class='ocr_carea' id='block_1_16' title="bbox 437 1473 1999 1542">
    <p class='ocr_par' dir='ltr' id='par_1_16' title="bbox 437 1473 1999 1542">
     <span class='ocr_line' id='line_1_16' title="bbox 437 1473 1999 1542; baseline 0.006 -19"><span class='ocrx_word' id='word_1_109' title='bbox 437 1487 546 1542; x_wconf 86' lang='lat' dir='ltr'><strong>quo</strong></span> <span class='ocrx_word' id='word_1_110' title='bbox 573 1473 889 1527; x_wconf 86' lang='lat' dir='ltr'><strong>claudieatis</strong></span> <span class='ocrx_word' id='word_1_111' title='bbox 932 1473 1174 1542; x_wconf 89' lang='lat' dir='ltr'><strong>utrisque</strong></span> <span class='ocrx_word' id='word_1_112' title='bbox 1208 1475 1432 1542; x_wconf 79' lang='lat' dir='ltr'><strong>genibus</strong></span> <span class='ocrx_word' id='word_1_113' title='bbox 1464 1477 1690 1530; x_wconf 80' lang='lat' dir='ltr'><strong>vestris?</strong></span> <span class='ocrx_word' id='word_1_114' title='bbox 1712 1496 1730 1529; x_wconf 75' lang='grc' dir='ltr'>ι</span> <span class='ocrx_word' id='word_1_115' title='bbox 1792 1477 1895 1532; x_wconf 86' lang='lat' dir='ltr'><strong>Sed</strong></span> <span class='ocrx_word' id='word_1_116' title='bbox 1932 1487 1999 1539; x_wconf 59' lang='lat' dir='ltr'><strong>et,</strong></span> 
     </span>
    </p>
   </div>
   <div class='ocr_carea' id='block_1_17' title="bbox 439 1561 1986 1632">
    <p class='ocr_par' dir='ltr' id='par_1_17' title="bbox 439 1561 1986 1632">
     <span class='ocr_line' id='line_1_17' title="bbox 439 1561 1986 1632; baseline 0.005 -20"><span class='ocrx_word' id='word_1_117' title='bbox 439 1566 712 1629; x_wconf 81' lang='lat' dir='ltr'><strong>apostolus</strong></span> <span class='ocrx_word' id='word_1_118' title='bbox 732 1561 964 1616; x_wconf 84' lang='lat' dir='ltr'><strong>Jacobus</strong></span> <span class='ocrx_word' id='word_1_119' title='bbox 997 1563 1125 1616; x_wconf 90' lang='lat' dir='ltr'><strong>dicit</strong></span> <span class='ocrx_word' id='word_1_120' title='bbox 1148 1564 1191 1594; x_wconf 75' lang='grc'>⁸⁸</span> <span class='ocrx_word' id='word_1_121' title='bbox 1229 1577 1244 1616; x_wconf 90' lang='lat'><strong>:</strong></span> <span class='ocrx_word' id='word_1_122' title='bbox 1281 1582 1298 1614; x_wconf 79' lang='grc' dir='ltr'>ι</span> <span class='ocrx_word' id='word_1_123' title='bbox 1328 1565 1419 1618; x_wconf 84' lang='lat' dir='ltr'><strong>Vir</strong></span> <span class='ocrx_word' id='word_1_124' title='bbox 1449 1565 1643 1632; x_wconf 82' lang='lat' dir='ltr'><strong>duplex</strong></span> <span class='ocrx_word' id='word_1_125' title='bbox 1696 1567 1875 1621; x_wconf 90' lang='lat' dir='ltr'><strong>animo</strong></span> <span class='ocrx_word' id='word_1_126' title='bbox 1905 1567 1986 1620; x_wconf 82' lang='lat' dir='ltr'><strong>in-</strong></span> 
     </span>
    </p>
   </div>
   <div class='ocr_carea' id='block_1_18' title="bbox 439 1651 1979 1722">
    <p class='ocr_par' dir='ltr' id='par_1_18' title="bbox 439 1651 1979 1722">
     <span class='ocr_line' id='line_1_18' title="bbox 439 1651 1979 1722; baseline 0.003 -18"><span class='ocrx_word' id='word_1_127' title='bbox 439 1659 696 1704; x_wconf 84' lang='lat' dir='ltr'><strong>constans</strong></span> <span class='ocrx_word' id='word_1_128' title='bbox 725 1659 808 1704; x_wconf 90' lang='lat' dir='ltr'><strong>est</strong></span> <span class='ocrx_word' id='word_1_129' title='bbox 853 1651 905 1704; x_wconf 89' lang='lat' dir='ltr'><strong>in</strong></span> <span class='ocrx_word' id='word_1_130' title='bbox 940 1652 1188 1706; x_wconf 88' lang='lat' dir='ltr'><strong>omnibus</strong></span> <span class='ocrx_word' id='word_1_131' title='bbox 1230 1653 1392 1710; x_wconf 74' lang='lat' dir='ltr'><strong>viis.i</strong></span> <span class='ocrx_word' id='word_1_132' title='bbox 1457 1653 1650 1708; x_wconf 93' lang='lat' dir='ltr'><strong>Sumus</strong></span> <span class='ocrx_word' id='word_1_133' title='bbox 1695 1670 1821 1722; x_wconf 86' lang='lat' dir='ltr'><strong>ergo</strong></span> <span class='ocrx_word' id='word_1_134' title='bbox 1864 1672 1979 1721; x_wconf 90' lang='lat' dir='ltr'><strong>nos,</strong></span> 
     </span>
    </p>
   </div>
   <div class='ocr_carea' id='block_1_19' title="bbox 437 1737 1982 1811">
    <p class='ocr_par' dir='ltr' id='par_1_19' title="bbox 437 1737 1982 1811">
     <span class='ocr_line' id='line_1_19' title="bbox 437 1737 1982 1811; baseline 0.005 -22"><span class='ocrx_word' id='word_1_135' title='bbox 437 1737 531 1805; x_wconf 85' lang='lat' dir='ltr'><strong>qui</strong></span> <span class='ocrx_word' id='word_1_136' title='bbox 563 1753 666 1790; x_wconf 90' lang='lat' dir='ltr'><strong>non</strong></span> <span class='ocrx_word' id='word_1_137' title='bbox 703 1739 910 1807; x_wconf 89' lang='lat' dir='ltr'><strong>integra</strong></span> <span class='ocrx_word' id='word_1_138' title='bbox 959 1753 1059 1792; x_wconf 90' lang='lat' dir='ltr'><strong>nec</strong></span> <span class='ocrx_word' id='word_1_139' title='bbox 1093 1738 1330 1806; x_wconf 83' lang='lat' dir='ltr'><strong>perfecta</strong></span> <span class='ocrx_word' id='word_1_140' title='bbox 1383 1742 1484 1796; x_wconf 89' lang='lat' dir='ltr'><strong>ﬁde</strong></span> <span class='ocrx_word' id='word_1_141' title='bbox 1517 1744 1791 1811; x_wconf 87' lang='lat' dir='ltr'><strong>sequimur</strong></span> <span class='ocrx_word' id='word_1_142' title='bbox 1819 1745 1982 1798; x_wconf 88' lang='lat' dir='ltr'><strong>Deum</strong></span> 
     </span>
    </p>
   </div>
   <div class='ocr_carea' id='block_1_20' title="bbox 331 1829 1983 1905">
    <p class='ocr_par' dir='ltr' id='par_1_20' title="bbox 331 1829 1983 1905">
     <span class='ocr_line' id='line_1_20' title="bbox 331 1829 1983 1905; baseline 0.006 -26"><span class='ocrx_word' id='word_1_143' title='bbox 331 1894 344 1905; x_wconf 38' lang='grc' dir='ltr'><strong><em>ο</em></strong></span> <span class='ocrx_word' id='word_1_144' title='bbox 439 1837 706 1890; x_wconf 88' lang='lat' dir='ltr'><strong>nostrum,</strong></span> <span class='ocrx_word' id='word_1_145' title='bbox 751 1839 806 1881; x_wconf 91' lang='lat' dir='ltr'><strong>et</strong></span> <span class='ocrx_word' id='word_1_146' title='bbox 852 1829 922 1881; x_wconf 89' lang='lat' dir='ltr'><strong>ab</strong></span> <span class='ocrx_word' id='word_1_147' title='bbox 971 1829 1160 1883; x_wconf 89' lang='lat' dir='ltr'><strong>alienis</strong></span> <span class='ocrx_word' id='word_1_148' title='bbox 1205 1831 1524 1886; x_wconf 86' lang='lat' dir='ltr'><strong>recessimus</strong></span> <span class='ocrx_word' id='word_1_149' title='bbox 1565 1835 1690 1897; x_wconf 89' lang='lat' dir='ltr'><strong>diis,</strong></span> <span class='ocrx_word' id='word_1_150' title='bbox 1738 1835 1880 1888; x_wconf 89' lang='lat' dir='ltr'><strong>velut</strong></span> <span class='ocrx_word' id='word_1_151' title='bbox 1931 1835 1983 1888; x_wconf 93' lang='lat' dir='ltr'><strong>in</strong></span> 
     </span>
    </p>
   </div>
   <div class='ocr_carea' id='block_1_21' title="bbox 441 1918 1982 1991">
    <p class='ocr_par' dir='ltr' id='par_1_21' title="bbox 441 1918 1982 1991">
     <span class='ocr_line' id='line_1_21' title="bbox 441 1918 1982 1991; baseline 0.005 -22"><span class='ocrx_word' id='word_1_152' title='bbox 441 1918 617 1970; x_wconf 89' lang='lat' dir='ltr'><strong>medio</strong></span> <span class='ocrx_word' id='word_1_153' title='bbox 648 1919 878 1984; x_wconf 87' lang='lat' dir='ltr'><strong>quodam</strong></span> <span class='ocrx_word' id='word_1_154' title='bbox 931 1918 1166 1972; x_wconf 90' lang='lat' dir='ltr'><strong>conﬁnio</strong></span> <span class='ocrx_word' id='word_1_155' title='bbox 1215 1921 1369 1985; x_wconf 88' lang='lat' dir='ltr'><strong>positi</strong></span> <span class='ocrx_word' id='word_1_156' title='bbox 1400 1938 1413 1973; x_wconf 91' lang='lat'><strong>:</strong></span> <span class='ocrx_word' id='word_1_157' title='bbox 1446 1931 1499 1974; x_wconf 92' lang='lat' dir='ltr'><strong>et</strong></span> <span class='ocrx_word' id='word_1_158' title='bbox 1529 1923 1594 1976; x_wconf 90' lang='lat' dir='ltr'><strong>ab</strong></span> <span class='ocrx_word' id='word_1_159' title='bbox 1621 1922 1807 1976; x_wconf 86' lang='lat' dir='ltr'><strong>alienis</strong></span> <span class='ocrx_word' id='word_1_160' title='bbox 1833 1925 1982 1991; x_wconf 82' lang='lat' dir='ltr'><strong>quasi</strong></span> 
     </span>
    </p>
   </div>
   <div class='ocr_carea' id='block_1_22' title="bbox 437 2006 1987 2081">
    <p class='ocr_par' dir='ltr' id='par_1_22' title="bbox 437 2006 1987 2081">
     <span class='ocr_line' id='line_1_22' title="bbox 437 2006 1987 2081; baseline 0.006 -21"><span class='ocrx_word' id='word_1_161' title='bbox 437 2006 657 2075; x_wconf 77' lang='lat' dir='ltr'><strong>fugaces</strong></span> <span class='ocrx_word' id='word_1_162' title='bbox 683 2009 953 2072; x_wconf 78' lang='lat' dir='ltr'><strong>caedimur,</strong></span> <span class='ocrx_word' id='word_1_163' title='bbox 978 2017 1029 2062; x_wconf 92' lang='lat' dir='ltr'><strong>et</strong></span> <span class='ocrx_word' id='word_1_164' title='bbox 1051 2023 1078 2061; x_wconf 91' lang='lat' dir='ltr'><strong>a</strong></span> <span class='ocrx_word' id='word_1_165' title='bbox 1103 2020 1284 2063; x_wconf 89' lang='lat' dir='ltr'><strong>nostro</strong></span> <span class='ocrx_word' id='word_1_166' title='bbox 1306 2010 1530 2065; x_wconf 92' lang='lat' dir='ltr'><strong>Domino</strong></span> <span class='ocrx_word' id='word_1_167' title='bbox 1550 2022 1797 2081; x_wconf 87' lang='lat' dir='ltr'><strong>tanquam</strong></span> <span class='ocrx_word' id='word_1_168' title='bbox 1817 2015 1987 2068; x_wconf 88' lang='lat' dir='ltr'><strong>insta-</strong></span> 
     </span>
    </p>
   </div>
   <div class='ocr_carea' id='block_1_23' title="bbox 438 2096 1984 2170">
    <p class='ocr_par' dir='ltr' id='par_1_23' title="bbox 438 2096 1984 2170">
     <span class='ocr_line' id='line_1_23' title="bbox 438 2096 1984 2170; baseline 0.004 -20"><span class='ocrx_word' id='word_1_169' title='bbox 438 2096 575 2150; x_wconf 81' lang='lat' dir='ltr'><strong>biles</strong></span> <span class='ocrx_word' id='word_1_170' title='bbox 599 2105 653 2150; x_wconf 92' lang='lat' dir='ltr'><strong>et</strong></span> <span class='ocrx_word' id='word_1_171' title='bbox 682 2097 824 2150; x_wconf 86' lang='lat' dir='ltr'><strong>dubii</strong></span> <span class='ocrx_word' id='word_1_172' title='bbox 849 2112 952 2150; x_wconf 90' lang='lat' dir='ltr'><strong>non</strong></span> <span class='ocrx_word' id='word_1_173' title='bbox 979 2097 1336 2154; x_wconf 77' lang='lat' dir='ltr'><strong>defendimur.</strong></span> <span class='ocrx_word' id='word_1_174' title='bbox 1366 2100 1556 2153; x_wconf 84' lang='lat' dir='ltr'><strong>Annon</strong></span> <span class='ocrx_word' id='word_1_175' title='bbox 1587 2102 1686 2154; x_wconf 89' lang='lat' dir='ltr'><strong>hoc</strong></span> <span class='ocrx_word' id='word_1_176' title='bbox 1705 2111 1807 2165; x_wconf 84' lang='lat' dir='ltr'><strong>est,</strong></span> <span class='ocrx_word' id='word_1_177' title='bbox 1843 2104 1984 2170; x_wconf 85' lang='lat' dir='ltr'><strong>quod</strong></span> 
     </span>
    </p>
   </div>
   <div class='ocr_carea' id='block_1_24' title="bbox 437 2184 1986 2254">
    <p class='ocr_par' dir='ltr' id='par_1_24' title="bbox 437 2184 1986 2254">
     <span class='ocr_line' id='line_1_24' title="bbox 437 2184 1986 2254; baseline 0.005 -18"><span class='ocrx_word' id='word_1_178' title='bbox 437 2193 493 2236; x_wconf 90' lang='lat' dir='ltr'><strong>et</strong></span> <span class='ocrx_word' id='word_1_179' title='bbox 523 2185 794 2252; x_wconf 77' lang='lat' dir='ltr'><strong>propheta:</strong></span> <span class='ocrx_word' id='word_1_180' title='bbox 825 2184 1141 2251; x_wconf 87' lang='lat' dir='ltr'><strong>spiritaliter</strong></span> <span class='ocrx_word' id='word_1_181' title='bbox 1172 2184 1532 2254; x_wconf 77' lang='lat' dir='ltr'><strong>imaginantur</strong></span> <span class='ocrx_word' id='word_1_182' title='bbox 1570 2188 1634 2240; x_wconf 88' lang='lat' dir='ltr'><strong>de</strong></span> <span class='ocrx_word' id='word_1_183' title='bbox 1659 2189 1986 2243; x_wconf 88' lang='lat' dir='ltr'><strong>amatoribus</strong></span> 
     </span>
    </p>
   </div>
   <div class='ocr_carea' id='block_1_25' title="bbox 440 2271 1983 2347">
    <p class='ocr_par' dir='ltr' id='par_1_25' title="bbox 440 2271 1983 2347">
     <span class='ocr_line' id='line_1_25' title="bbox 440 2271 1983 2347; baseline 0.005 -22"><span class='ocrx_word' id='word_1_184' title='bbox 440 2271 792 2336; x_wconf 77' lang='lat' dir='ltr'><strong>Hierusalem,</strong></span> <span class='ocrx_word' id='word_1_185' title='bbox 821 2287 941 2326; x_wconf 88' lang='lat' dir='ltr'><strong>cum</strong></span> <span class='ocrx_word' id='word_1_186' title='bbox 967 2273 1174 2336; x_wconf 84' lang='lat' dir='ltr'><strong>dicunt,</strong></span> <span class='ocrx_word' id='word_1_187' title='bbox 1206 2275 1330 2342; x_wconf 84' lang='lat' dir='ltr'><strong>quia</strong></span> <span class='ocrx_word' id='word_1_188' title='bbox 1365 2287 1626 2331; x_wconf 83' lang='lat' dir='ltr'><strong>amatores</strong></span> <span class='ocrx_word' id='word_1_189' title='bbox 1655 2279 1726 2331; x_wconf 88' lang='lat' dir='ltr'><strong>tui</strong></span> <span class='ocrx_word' id='word_1_190' title='bbox 1752 2280 1848 2347; x_wconf 87' lang='lat' dir='ltr'><strong>ipsi</strong></span> <span class='ocrx_word' id='word_1_191' title='bbox 1879 2281 1983 2333; x_wconf 88' lang='lat' dir='ltr'><strong>iui-</strong></span> 
     </span>
    </p>
   </div>
   <div class='ocr_carea' id='block_1_26' title="bbox 437 2358 1984 2433">
    <p class='ocr_par' dir='ltr' id='par_1_26' title="bbox 437 2358 1984 2433">
     <span class='ocr_line' id='line_1_26' title="bbox 437 2358 1984 2433; baseline 0.006 -21"><span class='ocrx_word' id='word_1_192' title='bbox 437 2359 560 2414; x_wconf 86' lang='lat' dir='ltr'><strong>mici</strong></span> <span class='ocrx_word' id='word_1_193' title='bbox 584 2358 708 2412; x_wconf 79' lang='lat' dir='ltr'><strong>lacti</strong></span> <span class='ocrx_word' id='word_1_194' title='bbox 733 2371 856 2412; x_wconf 88' lang='lat' dir='ltr'><strong>sunt</strong></span> <span class='ocrx_word' id='word_1_195' title='bbox 881 2361 1074 2414; x_wconf 81' lang='lat' dir='ltr'><strong>tibi&quot;?</strong></span> <span class='ocrx_word' id='word_1_196' title='bbox 1095 2360 1169 2413; x_wconf 91' lang='lat' dir='ltr'><strong>Ita</strong></span> <span class='ocrx_word' id='word_1_197' title='bbox 1191 2377 1320 2430; x_wconf 86' lang='lat' dir='ltr'><strong>ergo</strong></span> <span class='ocrx_word' id='word_1_198' title='bbox 1345 2364 1581 2433; x_wconf 89' lang='lat' dir='ltr'><strong>intellige</strong></span> <span class='ocrx_word' id='word_1_199' title='bbox 1602 2375 1654 2419; x_wconf 91' lang='lat' dir='ltr'><strong>et</strong></span> <span class='ocrx_word' id='word_1_200' title='bbox 1671 2371 1859 2420; x_wconf 67' lang='lat' dir='ltr'><strong>animae</strong></span> <span class='ocrx_word' id='word_1_201' title='bbox 1883 2378 1984 2422; x_wconf 69' lang='lat' dir='ltr'><strong>tum</strong></span> 
     </span>
    </p>
   </div>
   <div class='ocr_carea' id='block_1_27' title="bbox 439 2447 1986 2517">
    <p class='ocr_par' dir='ltr' id='par_1_27' title="bbox 439 2447 1986 2517">
     <span class='ocr_line' id='line_1_27' title="bbox 439 2447 1986 2517; baseline 0.006 -17"><span class='ocrx_word' id='word_1_202' title='bbox 439 2447 634 2501; x_wconf 86' lang='lat' dir='ltr'><strong>multos</strong></span> <span class='ocrx_word' id='word_1_203' title='bbox 664 2447 828 2500; x_wconf 81' lang='lat' dir='ltr'><strong>fuisse</strong></span> <span class='ocrx_word' id='word_1_204' title='bbox 857 2457 1142 2513; x_wconf 86' lang='lat' dir='ltr'><strong>amatores,</strong></span> <span class='ocrx_word' id='word_1_205' title='bbox 1189 2451 1280 2517; x_wconf 89' lang='lat' dir='ltr'><strong>qui</strong></span> <span class='ocrx_word' id='word_1_206' title='bbox 1316 2451 1565 2506; x_wconf 87' lang='lat' dir='ltr'><strong>delectati</strong></span> <span class='ocrx_word' id='word_1_207' title='bbox 1614 2463 1740 2507; x_wconf 89' lang='lat' dir='ltr'><strong>sunt</strong></span> <span class='ocrx_word' id='word_1_208' title='bbox 1786 2455 1986 2510; x_wconf 82' lang='lat' dir='ltr'><strong>decore</strong></span> 
     </span>
    </p>
   </div>
   <div class='ocr_carea' id='block_1_28' title="bbox 436 2538 1984 2609">
    <p class='ocr_par' dir='ltr' id='par_1_28' title="bbox 436 2538 1984 2609">
     <span class='ocr_line' id='line_1_28' title="bbox 436 2538 1984 2609; baseline 0.006 -19"><span class='ocrx_word' id='word_1_209' title='bbox 436 2538 576 2604; x_wconf 83' lang='lat' dir='ltr'><strong>ejus,</strong></span> <span class='ocrx_word' id='word_1_210' title='bbox 613 2552 733 2590; x_wconf 87' lang='lat' dir='ltr'><strong>cum</strong></span> <span class='ocrx_word' id='word_1_211' title='bbox 763 2538 956 2604; x_wconf 86' lang='lat' dir='ltr'><strong>quibus</strong></span> <span class='ocrx_word' id='word_1_212' title='bbox 985 2539 1327 2592; x_wconf 80' lang='lat' dir='ltr'><strong>meretrieata</strong></span> <span class='ocrx_word' id='word_1_213' title='bbox 1358 2551 1460 2593; x_wconf 91' lang='lat' dir='ltr'><strong>est.</strong></span> <span class='ocrx_word' id='word_1_214' title='bbox 1503 2541 1577 2594; x_wconf 87' lang='lat' dir='ltr'><strong>De</strong></span> <span class='ocrx_word' id='word_1_215' title='bbox 1605 2543 1796 2609; x_wconf 86' lang='lat' dir='ltr'><strong>quibus</strong></span> <span class='ocrx_word' id='word_1_216' title='bbox 1823 2554 1878 2598; x_wconf 91' lang='lat' dir='ltr'><strong>et</strong></span> <span class='ocrx_word' id='word_1_217' title='bbox 1903 2545 1984 2598; x_wconf 85' lang='lat' dir='ltr'><strong>di—</strong></span> 
     </span>
    </p>
   </div>
   <div class='ocr_carea' id='block_1_29' title="bbox 437 2626 1982 2698">
    <p class='ocr_par' dir='ltr' id='par_1_29' title="bbox 437 2626 1982 2698">
     <span class='ocr_line' id='line_1_29' title="bbox 437 2626 1982 2698; baseline 0.005 -18"><span class='ocrx_word' id='word_1_218' title='bbox 437 2627 656 2680; x_wconf 71' lang='lat' dir='ltr'><strong>cebat“</strong></span> <span class='ocrx_word' id='word_1_219' title='bbox 701 2643 715 2678; x_wconf 91' lang='lat'><strong>:</strong></span> <span class='ocrx_word' id='word_1_220' title='bbox 756 2626 918 2679; x_wconf 65' lang='lat' dir='ltr'><strong>«Post</strong></span> <span class='ocrx_word' id='word_1_221' title='bbox 957 2638 1226 2682; x_wconf 87' lang='lat' dir='ltr'><strong>amatores</strong></span> <span class='ocrx_word' id='word_1_222' title='bbox 1269 2642 1416 2683; x_wconf 91' lang='lat' dir='ltr'><strong>meos</strong></span> <span class='ocrx_word' id='word_1_223' title='bbox 1448 2629 1554 2692; x_wconf 86' lang='lat' dir='ltr'><strong>ibo,</strong></span> <span class='ocrx_word' id='word_1_224' title='bbox 1581 2631 1672 2698; x_wconf 91' lang='lat' dir='ltr'><strong>qui</strong></span> <span class='ocrx_word' id='word_1_225' title='bbox 1697 2633 1825 2685; x_wconf 88' lang='lat' dir='ltr'><strong>dant</strong></span> <span class='ocrx_word' id='word_1_226' title='bbox 1851 2634 1982 2687; x_wconf 87' lang='lat' dir='ltr'><strong>mihi</strong></span> 
     </span>
    </p>
   </div>
   <div class='ocr_carea' id='block_1_30' title="bbox 443 2713 1976 2782">
    <p class='ocr_par' dir='ltr' id='par_1_30' title="bbox 443 2713 1976 2782">
     <span class='ocr_line' id='line_1_30' title="bbox 443 2713 1976 2782; baseline 0.006 -18"><span class='ocrx_word' id='word_1_227' title='bbox 443 2713 600 2782; x_wconf 78' lang='lat'><strong>159</strong></span> <span class='ocrx_word' id='word_1_228' title='bbox 617 2713 794 2766; x_wconf 78' lang='lat' dir='ltr'><strong>vinum</strong></span> <span class='ocrx_word' id='word_1_229' title='bbox 827 2729 1022 2779; x_wconf 90' lang='lat' dir='ltr'><strong>meum,</strong></span> <span class='ocrx_word' id='word_1_230' title='bbox 1051 2725 1104 2770; x_wconf 90' lang='lat' dir='ltr'><strong>et</strong></span> <span class='ocrx_word' id='word_1_231' title='bbox 1122 2716 1298 2771; x_wconf 90' lang='lat' dir='ltr'><strong>oleum</strong></span> <span class='ocrx_word' id='word_1_232' title='bbox 1329 2733 1525 2779; x_wconf 89' lang='lat' dir='ltr'><strong>meum,</strong></span> <span class='ocrx_word' id='word_1_233' title='bbox 1567 2736 1585 2768; x_wconf 73' lang='grc' dir='ltr'><strong><em>ι</em></strong></span> <span class='ocrx_word' id='word_1_234' title='bbox 1643 2727 1697 2772; x_wconf 91' lang='lat' dir='ltr'><strong>et</strong></span> <span class='ocrx_word' id='word_1_235' title='bbox 1753 2731 1976 2774; x_wconf 73' lang='lat' dir='ltr'><strong>caetera.</strong></span> 
     </span>
    </p>
   </div>
   <div class='ocr_carea' id='block_1_31' title="bbox 442 2801 1983 2873">
    <p class='ocr_par' dir='ltr' id='par_1_31' title="bbox 442 2801 1983 2873">
     <span class='ocr_line' id='line_1_31' title="bbox 442 2801 1983 2873; baseline 0.003 -17"><span class='ocrx_word' id='word_1_236' title='bbox 442 2803 546 2856; x_wconf 82' lang='lat' dir='ltr'><strong>Sed</strong></span> <span class='ocrx_word' id='word_1_237' title='bbox 578 2803 723 2856; x_wconf 88' lang='lat' dir='ltr'><strong>venit</strong></span> <span class='ocrx_word' id='word_1_238' title='bbox 742 2801 852 2871; x_wconf 87' lang='lat' dir='ltr'><strong>jam</strong></span> <span class='ocrx_word' id='word_1_239' title='bbox 875 2802 1004 2856; x_wconf 89' lang='lat' dir='ltr'><strong>illud</strong></span> <span class='ocrx_word' id='word_1_240' title='bbox 1038 2811 1267 2873; x_wconf 87' lang='lat' dir='ltr'><strong>tempus,</strong></span> <span class='ocrx_word' id='word_1_241' title='bbox 1304 2815 1361 2859; x_wconf 94' lang='lat' dir='ltr'><strong>ut</strong></span> <span class='ocrx_word' id='word_1_242' title='bbox 1385 2806 1589 2859; x_wconf 89' lang='lat' dir='ltr'><strong>diceret</strong></span> <span class='ocrx_word' id='word_1_243' title='bbox 1619 2823 1634 2859; x_wconf 87' lang='lat'><strong>:</strong></span> <span class='ocrx_word' id='word_1_244' title='bbox 1666 2825 1686 2857; x_wconf 86' lang='grc'><strong>‹</strong></span> <span class='ocrx_word' id='word_1_245' title='bbox 1722 2806 1983 2862; x_wconf 80' lang='lat' dir='ltr'><strong>Revertar</strong></span> 
     </span>
    </p>
   </div>
   <div class='ocr_carea' id='block_1_32' title="bbox 439 2892 1982 2962">
    <p class='ocr_par' dir='ltr' id='par_1_32' title="bbox 439 2892 1982 2962">
     <span class='ocr_line' id='line_1_32' title="bbox 439 2892 1982 2962; baseline 0.005 -18"><span class='ocrx_word' id='word_1_246' title='bbox 439 2892 507 2945; x_wconf 86' lang='lat' dir='ltr'><strong>ad</strong></span> <span class='ocrx_word' id='word_1_247' title='bbox 535 2893 706 2944; x_wconf 89' lang='lat' dir='ltr'><strong>virum</strong></span> <span class='ocrx_word' id='word_1_248' title='bbox 755 2907 930 2946; x_wconf 91' lang='lat' dir='ltr'><strong>meum</strong></span> <span class='ocrx_word' id='word_1_249' title='bbox 968 2894 1242 2961; x_wconf 87' lang='lat' dir='ltr'><strong>priorem,</strong></span> <span class='ocrx_word' id='word_1_250' title='bbox 1295 2895 1418 2962; x_wconf 87' lang='lat' dir='ltr'><strong>quia</strong></span> <span class='ocrx_word' id='word_1_251' title='bbox 1453 2893 1644 2950; x_wconf 90' lang='lat' dir='ltr'><strong>melius</strong></span> <span class='ocrx_word' id='word_1_252' title='bbox 1685 2897 1816 2949; x_wconf 87' lang='lat' dir='ltr'><strong>mihi</strong></span> <span class='ocrx_word' id='word_1_253' title='bbox 1864 2907 1982 2952; x_wconf 88' lang='lat' dir='ltr'><strong>erat</strong></span> 
     </span>
    </p>
   </div>
   <div class='ocr_carea' id='block_1_33' title="bbox 443 2983 1977 3052">
    <p class='ocr_par' dir='ltr' id='par_1_33' title="bbox 443 2983 1977 3052">
     <span class='ocr_line' id='line_1_33' title="bbox 443 2983 1977 3052; baseline 0.004 -18"><span class='ocrx_word' id='word_1_254' title='bbox 443 2989 589 3042; x_wconf 91' lang='lat' dir='ltr'><strong>tunc,</strong></span> <span class='ocrx_word' id='word_1_255' title='bbox 625 2995 784 3049; x_wconf 81' lang='lat' dir='ltr'><strong>quam</strong></span> <span class='ocrx_word' id='word_1_256' title='bbox 835 2983 1011 3036; x_wconf 89' lang='lat' dir='ltr'><strong>modo.</strong></span> <span class='ocrx_word' id='word_1_257' title='bbox 1059 3000 1079 3034; x_wconf 73' lang='grc' dir='ltr'><strong><em>ι</em></strong></span> <span class='ocrx_word' id='word_1_258' title='bbox 1120 2983 1383 3050; x_wconf 83' lang='lat' dir='ltr'><strong>Regressa</strong></span> <span class='ocrx_word' id='word_1_259' title='bbox 1436 2998 1494 3037; x_wconf 90' lang='lat' dir='ltr'><strong>es</strong></span> <span class='ocrx_word' id='word_1_260' title='bbox 1527 2999 1653 3052; x_wconf 83' lang='lat' dir='ltr'><strong>ergo</strong></span> <span class='ocrx_word' id='word_1_261' title='bbox 1699 2985 1766 3040; x_wconf 88' lang='lat' dir='ltr'><strong>ad</strong></span> <span class='ocrx_word' id='word_1_262' title='bbox 1807 2986 1977 3040; x_wconf 91' lang='lat' dir='ltr'><strong>virum</strong></span> 
     </span>
    </p>
   </div>
   <div class='ocr_carea' id='block_1_34' title="bbox 2085 475 3806 559">
    <p class='ocr_par' dir='ltr' id='par_1_34' title="bbox 2085 475 3806 559">
     <span class='ocr_line' id='line_1_34' title="bbox 2085 475 3806 559; baseline 0.001 -17"><span class='ocrx_word' id='word_1_263' title='bbox 2085 489 2456 544; x_wconf 86' lang='lat' dir='ltr'><strong>l‘ornicaretur</strong></span> <span class='ocrx_word' id='word_1_264' title='bbox 2487 485 2667 538; x_wconf 88' lang='lat' dir='ltr'><strong>anima</strong></span> <span class='ocrx_word' id='word_1_265' title='bbox 2733 489 2943 536; x_wconf 88' lang='lat' dir='ltr'><strong>nostra</strong></span> <span class='ocrx_word' id='word_1_266' title='bbox 3019 493 3056 530; x_wconf 86' lang='lat' dir='ltr'><strong>a</strong></span> <span class='ocrx_word' id='word_1_267' title='bbox 3105 475 3271 538; x_wconf 71' lang='lat' dir='ltr'><strong>Deo.</strong></span> <span class='ocrx_word' id='word_1_268' title='bbox 3310 481 3380 526; x_wconf 72' lang='grc' dir='ltr'><strong>ει</strong></span> <span class='ocrx_word' id='word_1_269' title='bbox 3525 493 3659 542; x_wconf 87' lang='lat' dir='ltr'><strong>esset</strong></span> <span class='ocrx_word' id='word_1_270' title='bbox 3710 475 3806 559; x_wconf 58' lang='lat' dir='ltr'><strong>ea“,</strong></span> 
     </span>
    </p>
   </div>
   <div class='ocr_carea' id='block_1_35' title="bbox 2083 570 3816 654">
    <p class='ocr_par' dir='ltr' id='par_1_35' title="bbox 2083 570 3816 654">
     <span class='ocr_line' id='line_1_35' title="bbox 2083 570 3816 654; baseline 0.007 -20"><span class='ocrx_word' id='word_1_271' title='bbox 2083 577 2417 634; x_wconf 81' lang='lat' dir='ltr'><strong>amatoribus</strong></span> <span class='ocrx_word' id='word_1_272' title='bbox 2443 575 2558 631; x_wconf 90' lang='lat' dir='ltr'><strong>suis</strong></span> <span class='ocrx_word' id='word_1_273' title='bbox 2579 573 2968 629; x_wconf 64' lang='lat' dir='ltr'><strong>daemonibus.</strong></span> <span class='ocrx_word' id='word_1_274' title='bbox 2997 570 3131 624; x_wconf 89' lang='lat' dir='ltr'><strong>Sed</strong></span> <span class='ocrx_word' id='word_1_275' title='bbox 3155 573 3646 636; x_wconf 67' lang='lat' dir='ltr'><strong>posteaquam</strong></span> <span class='ocrx_word' id='word_1_276' title='bbox 3668 585 3816 654; x_wconf 70' lang='lat' dir='ltr'><strong>dixit;</strong></span> 
     </span>
    </p>
   </div>
   <div class='ocr_carea' id='block_1_36' title="bbox 2088 660 3818 743">
    <p class='ocr_par' dir='ltr' id='par_1_36' title="bbox 2088 660 3818 743">
     <span class='ocr_line' id='line_1_36' title="bbox 2088 660 3818 743; baseline -0.001 -23"><span class='ocrx_word' id='word_1_277' title='bbox 2088 687 2107 720; x_wconf 79' lang='grc' dir='ltr'>ι</span> <span class='ocrx_word' id='word_1_278' title='bbox 2138 669 2397 723; x_wconf 84' lang='lat' dir='ltr'><strong>Revertar</strong></span> <span class='ocrx_word' id='word_1_279' title='bbox 2425 667 2492 720; x_wconf 88' lang='lat' dir='ltr'><strong>ad</strong></span> <span class='ocrx_word' id='word_1_280' title='bbox 2517 667 2697 720; x_wconf 89' lang='lat' dir='ltr'><strong>virum</strong></span> <span class='ocrx_word' id='word_1_281' title='bbox 2725 677 2922 718; x_wconf 87' lang='lat' dir='ltr'><strong>mequ</strong></span> <span class='ocrx_word' id='word_1_282' title='bbox 2957 660 3260 729; x_wconf 83' lang='lat' dir='ltr'><strong>priorem</strong></span> <span class='ocrx_word' id='word_1_283' title='bbox 3286 673 3306 721; x_wconf 89' lang='lat'><strong>;</strong></span> <span class='ocrx_word' id='word_1_284' title='bbox 3349 674 3376 707; x_wconf 68' lang='grc' dir='ltr'><strong><em>ι</em></strong></span> <span class='ocrx_word' id='word_1_285' title='bbox 3459 673 3566 718; x_wconf 65' lang='lat' dir='ltr'><strong>«et</strong></span> <span class='ocrx_word' id='word_1_286' title='bbox 3597 677 3728 732; x_wconf 56' lang='lat' dir='ltr'><strong>venit</strong></span> <span class='ocrx_word' id='word_1_287' title='bbox 3769 693 3818 743; x_wconf 56' lang='lat' dir='ltr'><strong>ad</strong></span> 
     </span>
    </p>
   </div>
   <div class='ocr_carea' id='block_1_37' title="bbox 2083 747 3824 834">
    <p class='ocr_par' dir='ltr' id='par_1_37' title="bbox 2083 747 3824 834">
     <span class='ocr_line' id='line_1_37' title="bbox 2083 747 3824 834; baseline 0.001 -23"><span class='ocrx_word' id='word_1_288' title='bbox 2083 758 2381 820; x_wconf 86' lang='lat' dir='ltr'><strong>Christum,</strong></span> <span class='ocrx_word' id='word_1_289' title='bbox 2420 755 2511 825; x_wconf 92' lang='lat' dir='ltr'><strong>qui</strong></span> <span class='ocrx_word' id='word_1_290' title='bbox 2555 768 2676 808; x_wconf 87' lang='lat' dir='ltr'><strong>eam</strong></span> <span class='ocrx_word' id='word_1_291' title='bbox 2721 767 2792 807; x_wconf 78' lang='lat' dir='ltr'><strong>ex</strong></span> <span class='ocrx_word' id='word_1_292' title='bbox 2845 751 3028 805; x_wconf 91' lang='lat' dir='ltr'><strong>initio</strong></span> <span class='ocrx_word' id='word_1_293' title='bbox 3088 747 3175 801; x_wconf 87' lang='lat' dir='ltr'><strong>ad</strong></span> <span class='ocrx_word' id='word_1_294' title='bbox 3242 747 3490 815; x_wconf 66' lang='lat' dir='ltr'><strong>imag</strong></span> <span class='ocrx_word' id='word_1_295' title='bbox 3520 751 3657 816; x_wconf 86' lang='lat' dir='ltr'><strong>inem</strong></span> <span class='ocrx_word' id='word_1_296' title='bbox 3699 783 3824 834; x_wconf 58' lang='lat' dir='ltr'><strong>sum</strong></span> 
     </span>
    </p>
   </div>
   <div class='ocr_carea' id='block_1_38' title="bbox 2083 837 3824 934">
    <p class='ocr_par' dir='ltr' id='par_1_38' title="bbox 2083 837 3824 934">
     <span class='ocr_line' id='line_1_38' title="bbox 2083 837 3824 934; baseline -0.011 -31"><span class='ocrx_word' id='word_1_297' title='bbox 2083 849 2307 910; x_wconf 85' lang='lat' dir='ltr'><strong>creavit,</strong></span> <span class='ocrx_word' id='word_1_298' title='bbox 2349 846 2661 901; x_wconf 90' lang='lat' dir='ltr'><strong>necessario</strong></span> <span class='ocrx_word' id='word_1_299' title='bbox 2722 844 2914 898; x_wconf 89' lang='lat' dir='ltr'><strong>locum</strong></span> <span class='ocrx_word' id='word_1_300' title='bbox 2987 839 3176 894; x_wconf 89' lang='lat' dir='ltr'><strong>dedit</strong></span> <span class='ocrx_word' id='word_1_301' title='bbox 3247 837 3404 892; x_wconf 81' lang='lat' dir='ltr'><strong>adul</strong></span> <span class='ocrx_word' id='word_1_302' title='bbox 3457 853 3590 902; x_wconf 63' lang='grc' dir='ltr'>ιο,-</span> <span class='ocrx_word' id='word_1_303' title='bbox 3619 859 3824 934; x_wconf 47' lang='lat' dir='ltr'><strong>spitium</strong></span> 
     </span>
    </p>
   </div>
   <div class='ocr_carea' id='block_1_39' title="bbox 2083 928 3831 1019">
    <p class='ocr_par' dir='ltr' id='par_1_39' title="bbox 2083 928 3831 1019">
     <span class='ocr_line' id='line_1_39' title="bbox 2083 928 3831 1019; baseline -0.004 -28"><span class='ocrx_word' id='word_1_304' title='bbox 2083 938 2171 991; x_wconf 90' lang='lat' dir='ltr'><strong>ubi</strong></span> <span class='ocrx_word' id='word_1_305' title='bbox 2201 937 2336 991; x_wconf 83' lang='lat' dir='ltr'><strong>vidit</strong></span> <span class='ocrx_word' id='word_1_306' title='bbox 2369 936 2670 1005; x_wconf 87' lang='lat' dir='ltr'><strong>legitimum</strong></span> <span class='ocrx_word' id='word_1_307' title='bbox 2706 933 2920 986; x_wconf 88' lang='lat' dir='ltr'><strong>virum.</strong></span> <span class='ocrx_word' id='word_1_308' title='bbox 2965 928 3279 997; x_wconf 86' lang='lat' dir='ltr'><strong>Suscepti</strong></span> <span class='ocrx_word' id='word_1_309' title='bbox 3336 941 3462 982; x_wconf 52' lang='lat' dir='ltr'><strong>er</strong></span> <span class='ocrx_word' id='word_1_310' title='bbox 3481 950 3578 1005; x_wconf 52' lang='lat' dir='ltr'><strong>go</strong></span> <span class='ocrx_word' id='word_1_311' title='bbox 3619 928 3831 1019; x_wconf 27' lang='lat' dir='ltr'><strong>sum“;</strong></span> 
     </span>
    </p>
   </div>
   <div class='ocr_carea' id='block_1_40' title="bbox 2083 1018 3835 1112">
    <p class='ocr_par' dir='ltr' id='par_1_40' title="bbox 2083 1018 3835 1112">
     <span class='ocr_line' id='line_1_40' title="bbox 2083 1018 3835 1112; baseline 0.013 -32"><span class='ocrx_word' id='word_1_312' title='bbox 2083 1028 2328 1090; x_wconf 89' lang='lat' dir='ltr'><strong>Christo,</strong></span> <span class='ocrx_word' id='word_1_313' title='bbox 2365 1035 2421 1080; x_wconf 89' lang='lat' dir='ltr'><strong>et</strong></span> <span class='ocrx_word' id='word_1_314' title='bbox 2468 1018 2728 1078; x_wconf 83' lang='lat' dir='ltr'><strong>mundata</strong></span> <span class='ocrx_word' id='word_1_315' title='bbox 2759 1030 2850 1076; x_wconf 91' lang='lat' dir='ltr'><strong>est</strong></span> <span class='ocrx_word' id='word_1_316' title='bbox 2877 1023 3113 1075; x_wconf 89' lang='lat' dir='ltr'><strong>domus</strong></span> <span class='ocrx_word' id='word_1_317' title='bbox 3168 1029 3402 1112; x_wconf 79' lang='lat' dir='ltr'><strong>nostra</strong></span> <span class='ocrx_word' id='word_1_318' title='bbox 3551 1044 3584 1086; x_wconf 78' lang='lat' dir='ltr'><strong>a</strong></span> <span class='ocrx_word' id='word_1_319' title='bbox 3632 1018 3835 1112; x_wconf 50' lang='lat' dir='ltr'><strong>peccati;</strong></span> 
     </span>
    </p>
   </div>
   <div class='ocr_carea' id='block_1_41' title="bbox 2084 1109 3837 1202">
    <p class='ocr_par' dir='ltr' id='par_1_41' title="bbox 2084 1109 3837 1202">
     <span class='ocr_line' id='line_1_41' title="bbox 2084 1109 3837 1202; baseline 0.015 -35"><span class='ocrx_word' id='word_1_320' title='bbox 2084 1117 2373 1186; x_wconf 86' lang='lat' dir='ltr'><strong>prioribus,</strong></span> <span class='ocrx_word' id='word_1_321' title='bbox 2405 1122 2459 1168; x_wconf 91' lang='lat' dir='ltr'><strong>et</strong></span> <span class='ocrx_word' id='word_1_322' title='bbox 2479 1119 2673 1168; x_wconf 87' lang='lat' dir='ltr'><strong>ornata</strong></span> <span class='ocrx_word' id='word_1_323' title='bbox 2705 1120 2794 1166; x_wconf 90' lang='lat' dir='ltr'><strong>est</strong></span> <span class='ocrx_word' id='word_1_324' title='bbox 2816 1109 3234 1202; x_wconf 69' lang='lat' dir='ltr'><strong>ornamentis</strong></span> <span class='ocrx_word' id='word_1_325' title='bbox 3275 1109 3837 1202; x_wconf 47' lang='lat' dir='ltr'><strong>sae-amentum“;</strong></span> 
     </span>
    </p>
   </div>
   <div class='ocr_carea' id='block_1_42' title="bbox 2087 1198 3842 1297">
    <p class='ocr_par' dir='ltr' id='par_1_42' title="bbox 2087 1198 3842 1297">
     <span class='ocr_line' id='line_1_42' title="bbox 2087 1198 3842 1297; baseline 0.015 -38"><span class='ocrx_word' id='word_1_326' title='bbox 2087 1206 2346 1268; x_wconf 83' lang='lat' dir='ltr'><strong>ﬁdelium,</strong></span> <span class='ocrx_word' id='word_1_327' title='bbox 2379 1219 2500 1273; x_wconf 67' lang='lat' dir='ltr'><strong>quas</strong></span> <span class='ocrx_word' id='word_1_328' title='bbox 2542 1209 2742 1297; x_wconf 72' lang='lat' dir='ltr'><strong>norunt</strong></span> <span class='ocrx_word' id='word_1_329' title='bbox 2941 1198 3212 1297; x_wconf 49' lang='lat' dir='ltr'><strong>initiati.</strong></span> <span class='ocrx_word' id='word_1_330' title='bbox 3269 1209 3545 1297; x_wconf 62' lang='lat' dir='ltr'><strong>sun-.</strong></span> <span class='ocrx_word' id='word_1_331' title='bbox 3589 1220 3692 1283; x_wconf 82' lang='lat' dir='ltr'><strong>Sed</strong></span> <span class='ocrx_word' id='word_1_332' title='bbox 3755 1198 3842 1297; x_wconf 45' lang='lat' dir='ltr'><strong>no;</strong></span> 
     </span>
    </p>
   </div>
   <div class='ocr_carea' id='block_1_43' title="bbox 2083 1288 3841 1391">
    <p class='ocr_par' dir='ltr' id='par_1_43' title="bbox 2083 1288 3841 1391">
     <span class='ocr_line' id='line_1_43' title="bbox 2083 1288 3841 1391; baseline 0.04 -43"><span class='ocrx_word' id='word_1_333' title='bbox 2083 1296 2266 1348; x_wconf 86' lang='lat' dir='ltr'><strong>statim</strong></span> <span class='ocrx_word' id='word_1_334' title='bbox 2307 1296 2499 1348; x_wconf 89' lang='lat' dir='ltr'><strong>domus</strong></span> <span class='ocrx_word' id='word_1_335' title='bbox 2538 1293 2656 1391; x_wconf 42' lang='lat' dir='ltr'><strong>hic?</strong></span> <span class='ocrx_word' id='word_1_336' title='bbox 2721 1291 3145 1391; x_wconf 50' lang='lat' dir='ltr'><strong>h_abitawrem</strong></span> <span class='ocrx_word' id='word_1_337' title='bbox 3194 1288 3542 1391; x_wconf 40' lang='lat' dir='ltr'><strong>habef‘</strong></span> <span class='ocrx_word' id='word_1_338' title='bbox 3597 1288 3841 1391; x_wconf 44' lang='grc' dir='ltr'><strong>απίδίῶῼ</strong></span> 
     </span>
    </p>
   </div>
   <div class='ocr_carea' id='block_1_44' title="bbox 2085 1381 3822 1482">
    <p class='ocr_par' dir='ltr' id='par_1_44' title="bbox 2085 1381 3822 1482">
     <span class='ocr_line' id='line_1_44' title="bbox 2085 1381 3822 1482; baseline 0.027 -45"><span class='ocrx_word' id='word_1_339' title='bbox 2085 1385 2472 1482; x_wconf 36' lang='lat' dir='ltr'><strong>meretur,nisi-</strong></span> <span class='ocrx_word' id='word_1_340' title='bbox 2489 1385 2562 1439; x_wconf 87' lang='lat' dir='ltr'><strong>sit</strong></span> <span class='ocrx_word' id='word_1_341' title='bbox 2585 1384 2696 1436; x_wconf 88' lang='lat' dir='ltr'><strong>vita</strong></span> <span class='ocrx_word' id='word_1_342' title='bbox 2720 1383 2864 1482; x_wconf 50' lang='lat' dir='ltr'><strong>ejus.</strong></span> <span class='ocrx_word' id='word_1_343' title='bbox 2981 1381 3515 1482; x_wconf 47' lang='lat' dir='ltr'><strong>cort\&#39;ersalif~</strong></span> <span class='ocrx_word' id='word_1_344' title='bbox 3553 1409 3627 1467; x_wconf 80' lang='lat' dir='ltr'><strong>ita</strong></span> 
     </span>
    </p>
   </div>
   <div class='ocr_carea' id='block_1_45' title="bbox 2087 1469 3840 1572">
    <p class='ocr_par' dir='ltr' id='par_1_45' title="bbox 2087 1469 3840 1572">
     <span class='ocr_line' id='line_1_45' title="bbox 2087 1469 3840 1572; baseline -0.016 -42"><span class='ocrx_word' id='word_1_345' title='bbox 2087 1478 2159 1530; x_wconf 91' lang='lat' dir='ltr'><strong>ita</strong></span> <span class='ocrx_word' id='word_1_346' title='bbox 2198 1490 2333 1543; x_wconf 90' lang='lat' dir='ltr'><strong>pura</strong></span> <span class='ocrx_word' id='word_1_347' title='bbox 2371 1485 2427 1528; x_wconf 92' lang='lat' dir='ltr'><strong>et</strong></span> <span class='ocrx_word' id='word_1_348' title='bbox 2460 1472 3017 1534; x_wconf 87' lang='lat' dir='ltr'><strong>incontaminabilis,</strong></span> <span class='ocrx_word' id='word_1_349' title='bbox 3195 1471 3399 1540; x_wconf 87' lang='lat' dir='ltr'><strong>templ</strong></span> <span class='ocrx_word' id='word_1_350' title='bbox 3423 1495 3588 1564; x_wconf 51' lang='lat' dir='ltr'><strong>\lm</strong></span> 
     </span>
    </p>
   </div>
   <div class='ocr_carea' id='block_1_46' title="bbox 2084 1535 3835 1651">
    <p class='ocr_par' dir='ltr' id='par_1_46' title="bbox 2084 1535 3835 1651">
     <span class='ocr_line' id='line_1_46' title="bbox 2084 1535 3835 1651; baseline 0.005 -38"><span class='ocrx_word' id='word_1_351' title='bbox 2084 1535 2377 1615; x_wconf 75' lang='lat' dir='ltr'><strong>mereatur.</strong></span> <span class='ocrx_word' id='word_1_352' title='bbox 2420 1559 2536 1613; x_wconf 83' lang='lat' dir='ltr'><strong>Non</strong></span> <span class='ocrx_word' id='word_1_353' title='bbox 2575 1559 2722 1611; x_wconf 88' lang='lat' dir='ltr'><strong>enim</strong></span> <span class='ocrx_word' id='word_1_354' title='bbox 2755 1558 2969 1611; x_wconf 88' lang='lat' dir='ltr'><strong>domus</strong></span> <span class='ocrx_word' id='word_1_355' title='bbox 3002 1556 3145 1626; x_wconf 77' lang='lat'><strong>(33)</strong></span> <span class='ocrx_word' id='word_1_356' title='bbox 3197 1535 3510 1651; x_wconf 39' lang='grc' dir='ltr'><strong>πῶς</strong></span> <span class='ocrx_word' id='word_1_357' title='bbox 3513 1535 3835 1651; x_wconf 46' lang='lat' dir='ltr'><strong>&quot;gaza/2:15?</strong></span> 
     </span>
    </p>
   </div>
   <div class='ocr_carea' id='block_1_47' title="bbox 2085 1633 3768 1733">
    <p class='ocr_par' dir='ltr' id='par_1_47' title="bbox 2085 1633 3768 1733">
     <span class='ocr_line' id='line_1_47' title="bbox 2085 1633 3768 1733; baseline -0.001 -29"><span class='ocrx_word' id='word_1_358' title='bbox 2085 1654 2229 1720; x_wconf 89' lang='lat' dir='ltr'><strong>plum</strong></span> <span class='ocrx_word' id='word_1_359' title='bbox 2268 1665 2386 1706; x_wconf 85' lang='lat' dir='ltr'><strong>esse</strong></span> <span class='ocrx_word' id='word_1_360' title='bbox 2416 1651 2573 1704; x_wconf 85' lang='lat' dir='ltr'><strong>debet</strong></span> <span class='ocrx_word' id='word_1_361' title='bbox 2601 1650 2657 1701; x_wconf 90' lang='lat' dir='ltr'><strong>in</strong></span> <span class='ocrx_word' id='word_1_362' title='bbox 2697 1663 2809 1714; x_wconf 87' lang='lat' dir='ltr'><strong>quo</strong></span> <span class='ocrx_word' id='word_1_363' title='bbox 2836 1648 3086 1701; x_wconf 85' lang='lat' dir='ltr'><strong>habitet</strong></span> <span class='ocrx_word' id='word_1_364' title='bbox 3140 1649 3344 1702; x_wconf 86' lang='lat' dir='ltr'><strong>Deus.</strong></span> <span class='ocrx_word' id='word_1_365' title='bbox 3379 1633 3650 1733; x_wconf 44' lang='lat'><strong>$30)};</strong></span> 
     </span>
    </p>
   </div>
   <div class='ocr_carea' id='block_1_48' title="bbox 2090 1738 3754 1816">
    <p class='ocr_par' dir='ltr' id='par_1_48' title="bbox 2090 1738 3754 1816">
     <span class='ocr_line' id='line_1_48' title="bbox 2090 1738 3754 1816; baseline 0.005 -21"><span class='ocrx_word' id='word_1_366' title='bbox 2090 1751 2299 1809; x_wconf 86' lang='lat' dir='ltr'><strong>ceptam</strong></span> <span class='ocrx_word' id='word_1_367' title='bbox 2339 1743 2570 1809; x_wconf 89' lang='lat' dir='ltr'><strong>gratiam</strong></span> <span class='ocrx_word' id='word_1_368' title='bbox 2605 1739 2880 1808; x_wconf 81' lang='lat' dir='ltr'><strong>negligat,</strong></span> <span class='ocrx_word' id='word_1_369' title='bbox 2911 1747 2975 1790; x_wconf 90' lang='lat' dir='ltr'><strong>et</strong></span> <span class='ocrx_word' id='word_1_370' title='bbox 3023 1738 3321 1805; x_wconf 85' lang='lat' dir='ltr'><strong>implicet</strong></span> <span class='ocrx_word' id='word_1_371' title='bbox 3382 1758 3452 1795; x_wconf 89' lang='lat' dir='ltr'><strong>se</strong></span> <span class='ocrx_word' id='word_1_372' title='bbox 3526 1753 3754 1816; x_wconf 82' lang='lat' dir='ltr'><strong>negotiis</strong></span> 
     </span>
    </p>
   </div>
   <div class='ocr_carea' id='block_1_49' title="bbox 2085 1825 3752 1894">
    <p class='ocr_par' dir='ltr' id='par_1_49' title="bbox 2085 1825 3752 1894">
     <span class='ocr_line' id='line_1_49' title="bbox 2085 1825 3752 1894; baseline 0.002 -11"><span class='ocrx_word' id='word_1_373' title='bbox 2085 1828 2448 1893; x_wconf 81' lang='lat' dir='ltr'><strong>saecularibus,</strong></span> <span class='ocrx_word' id='word_1_374' title='bbox 2487 1828 2750 1881; x_wconf 90' lang='lat' dir='ltr'><strong>continuo</strong></span> <span class='ocrx_word' id='word_1_375' title='bbox 2798 1826 3060 1894; x_wconf 86' lang='lat' dir='ltr'><strong>spiritus</strong></span> <span class='ocrx_word' id='word_1_376' title='bbox 3111 1825 3226 1879; x_wconf 85' lang='lat' dir='ltr'><strong>ille</strong></span> <span class='ocrx_word' id='word_1_377' title='bbox 3275 1825 3601 1885; x_wconf 83' lang='lat' dir='ltr'><strong>immundus</strong></span> <span class='ocrx_word' id='word_1_378' title='bbox 3640 1839 3752 1888; x_wconf 85' lang='lat' dir='ltr'><strong>red-</strong></span> 
     </span>
    </p>
   </div>
   <div class='ocr_carea' id='block_1_50' title="bbox 2086 1916 3761 1982">
    <p class='ocr_par' dir='ltr' id='par_1_50' title="bbox 2086 1916 3761 1982">
     <span class='ocr_line' id='line_1_50' title="bbox 2086 1916 3761 1982; baseline -0.002 -10"><span class='ocrx_word' id='word_1_379' title='bbox 2086 1920 2145 1982; x_wconf 85' lang='lat' dir='ltr'><strong>it,</strong></span> <span class='ocrx_word' id='word_1_380' title='bbox 2184 1926 2238 1971; x_wconf 87' lang='lat' dir='ltr'><strong>et</strong></span> <span class='ocrx_word' id='word_1_381' title='bbox 2295 1918 2536 1970; x_wconf 81' lang='lat' dir='ltr'><strong>vindicat</strong></span> <span class='ocrx_word' id='word_1_382' title='bbox 2580 1916 2686 1970; x_wconf 82' lang='lat' dir='ltr'><strong>sibi</strong></span> <span class='ocrx_word' id='word_1_383' title='bbox 2731 1916 2968 1980; x_wconf 80' lang='lat' dir='ltr'><strong>domum</strong></span> <span class='ocrx_word' id='word_1_384' title='bbox 3021 1925 3374 1972; x_wconf 75' lang='lat' dir='ltr'><strong>vacantem.</strong></span> <span class='ocrx_word' id='word_1_385' title='bbox 3429 1919 3506 1974; x_wconf 76' lang='lat' dir='ltr'><strong>Et</strong></span> <span class='ocrx_word' id='word_1_386' title='bbox 3544 1938 3622 1977; x_wconf 81' lang='lat' dir='ltr'><strong>ne</strong></span> <span class='ocrx_word' id='word_1_387' title='bbox 3659 1926 3761 1980; x_wconf 76' lang='lat' dir='ltr'><strong>i\e-</strong></span> 
     </span>
    </p>
   </div>
   <div class='ocr_carea' id='block_1_51' title="bbox 2087 2004 3763 2079">
    <p class='ocr_par' dir='ltr' id='par_1_51' title="bbox 2087 2004 3763 2079">
     <span class='ocr_line' id='line_1_51' title="bbox 2087 2004 3763 2079; baseline 0.004 -19"><span class='ocrx_word' id='word_1_388' title='bbox 2087 2023 2201 2060; x_wconf 89' lang='lat' dir='ltr'><strong>rum</strong></span> <span class='ocrx_word' id='word_1_389' title='bbox 2250 2007 2422 2075; x_wconf 89' lang='lat' dir='ltr'><strong>possit</strong></span> <span class='ocrx_word' id='word_1_390' title='bbox 2472 2006 2693 2073; x_wconf 77' lang='lat' dir='ltr'><strong>expelli,</strong></span> <span class='ocrx_word' id='word_1_391' title='bbox 2755 2004 2906 2058; x_wconf 91' lang='lat' dir='ltr'><strong>alios</strong></span> <span class='ocrx_word' id='word_1_392' title='bbox 2967 2020 3205 2060; x_wconf 86' lang='lat' dir='ltr'><strong>secum</strong></span> <span class='ocrx_word' id='word_1_393' title='bbox 3275 2016 3498 2074; x_wconf 84' lang='lat' dir='ltr'><strong>septem</strong></span> <span class='ocrx_word' id='word_1_394' title='bbox 3540 2014 3763 2079; x_wconf 83' lang='lat' dir='ltr'><strong>Spiritus</strong></span> 
     </span>
    </p>
   </div>
   <div class='ocr_carea' id='block_1_52' title="bbox 2086 2097 3774 2170">
    <p class='ocr_par' dir='ltr' id='par_1_52' title="bbox 2086 2097 3774 2170">
     <span class='ocr_line' id='line_1_52' title="bbox 2086 2097 3774 2170; baseline 0.004 -19"><span class='ocrx_word' id='word_1_395' title='bbox 2086 2098 2311 2151; x_wconf 89' lang='lat' dir='ltr'><strong>adhibet</strong></span> <span class='ocrx_word' id='word_1_396' title='bbox 2377 2098 2692 2164; x_wconf 87' lang='lat' dir='ltr'><strong>nequiores,</strong></span> <span class='ocrx_word' id='word_1_397' title='bbox 2729 2108 2787 2151; x_wconf 87' lang='lat' dir='ltr'><strong>et</strong></span> <span class='ocrx_word' id='word_1_398' title='bbox 2825 2097 2980 2150; x_wconf 88' lang='lat' dir='ltr'><strong>ﬁunt</strong></span> <span class='ocrx_word' id='word_1_399' title='bbox 3056 2097 3394 2152; x_wconf 82' lang='lat' dir='ltr'><strong>novissima</strong></span> <span class='ocrx_word' id='word_1_400' title='bbox 3443 2100 3774 2170; x_wconf 72' lang='lat' dir='ltr'><strong>bujusmodi</strong></span> 
     </span>
    </p>
   </div>
   <div class='ocr_carea' id='block_1_53' title="bbox 2087 2187 3780 2256">
    <p class='ocr_par' dir='ltr' id='par_1_53' title="bbox 2087 2187 3780 2256">
     <span class='ocr_line' id='line_1_53' title="bbox 2087 2187 3780 2256; baseline 0.006 -15"><span class='ocrx_word' id='word_1_401' title='bbox 2087 2189 2322 2242; x_wconf 88' lang='lat' dir='ltr'><strong>hominis</strong></span> <span class='ocrx_word' id='word_1_402' title='bbox 2354 2187 2535 2256; x_wconf 84' lang='lat' dir='ltr'><strong>pejora</strong></span> <span class='ocrx_word' id='word_1_403' title='bbox 2571 2188 2860 2254; x_wconf 87' lang='lat' dir='ltr'><strong>prioribus</strong></span> <span class='ocrx_word' id='word_1_404' title='bbox 2889 2205 2906 2252; x_wconf 90' lang='lat'><strong>;</strong></span> <span class='ocrx_word' id='word_1_405' title='bbox 2936 2191 3092 2256; x_wconf 84' lang='lat' dir='ltr'><strong>quia</strong></span> <span class='ocrx_word' id='word_1_406' title='bbox 3152 2189 3540 2248; x_wconf 72' lang='lat' dir='ltr'><strong>tolerabilius</strong></span> <span class='ocrx_word' id='word_1_407' title='bbox 3600 2194 3780 2251; x_wconf 76' lang='lat' dir='ltr'><strong>fuerat</strong></span> 
     </span>
    </p>
   </div>
   <div class='ocr_carea' id='block_1_54' title="bbox 2085 2276 3785 2345">
    <p class='ocr_par' dir='ltr' id='par_1_54' title="bbox 2085 2276 3785 2345">
     <span class='ocr_line' id='line_1_54' title="bbox 2085 2276 3785 2345; baseline 0.006 -16"><span class='ocrx_word' id='word_1_408' title='bbox 2085 2291 2189 2329; x_wconf 91' lang='lat' dir='ltr'><strong>non</strong></span> <span class='ocrx_word' id='word_1_409' title='bbox 2228 2276 2431 2329; x_wconf 85' lang='lat' dir='ltr'><strong>redisse</strong></span> <span class='ocrx_word' id='word_1_410' title='bbox 2464 2277 2530 2328; x_wconf 88' lang='lat' dir='ltr'><strong>ad</strong></span> <span class='ocrx_word' id='word_1_411' title='bbox 2571 2276 2746 2329; x_wconf 85' lang='lat' dir='ltr'><strong>virum</strong></span> <span class='ocrx_word' id='word_1_412' title='bbox 2790 2278 3065 2345; x_wconf 88' lang='lat' dir='ltr'><strong>priorem</strong></span> <span class='ocrx_word' id='word_1_413' title='bbox 3125 2281 3392 2334; x_wconf 80' lang='lat' dir='ltr'><strong>animam</strong></span> <span class='ocrx_word' id='word_1_414' title='bbox 3432 2285 3631 2338; x_wconf 83' lang='lat' dir='ltr'><strong>semel</strong></span> <span class='ocrx_word' id='word_1_415' title='bbox 3669 2301 3785 2341; x_wconf 65' lang='grc' dir='ltr'><strong>ωε-</strong></span> 
     </span>
    </p>
   </div>
   <div class='ocr_carea' id='block_1_55' title="bbox 2085 2365 3790 2436">
    <p class='ocr_par' dir='ltr' id='par_1_55' title="bbox 2085 2365 3790 2436">
     <span class='ocr_line' id='line_1_55' title="bbox 2085 2365 3790 2436; baseline 0.007 -19"><span class='ocrx_word' id='word_1_416' title='bbox 2085 2365 2455 2428; x_wconf 88' lang='lat' dir='ltr'><strong>retricantem,</strong></span> <span class='ocrx_word' id='word_1_417' title='bbox 2495 2379 2659 2432; x_wconf 88' lang='lat' dir='ltr'><strong>quam</strong></span> <span class='ocrx_word' id='word_1_418' title='bbox 2717 2379 3028 2433; x_wconf 86' lang='lat' dir='ltr'><strong>egressam</strong></span> <span class='ocrx_word' id='word_1_419' title='bbox 3107 2379 3269 2436; x_wconf 86' lang='lat' dir='ltr'><strong>post</strong></span> <span class='ocrx_word' id='word_1_420' title='bbox 3333 2371 3790 2429; x_wconf 82' lang='lat' dir='ltr'><strong>confessionem</strong></span> 
     </span>
    </p>
   </div>
   <div class='ocr_carea' id='block_1_56' title="bbox 2083 2452 3791 2529">
    <p class='ocr_par' dir='ltr' id='par_1_56' title="bbox 2083 2452 3791 2529">
     <span class='ocr_line' id='line_1_56' title="bbox 2083 2452 3791 2529; baseline 0.007 -25"><span class='ocrx_word' id='word_1_421' title='bbox 2083 2453 2204 2515; x_wconf 91' lang='lat' dir='ltr'><strong>viri,</strong></span> <span class='ocrx_word' id='word_1_422' title='bbox 2228 2467 2444 2506; x_wconf 89' lang='lat' dir='ltr'><strong>rursum</strong></span> <span class='ocrx_word' id='word_1_423' title='bbox 2477 2452 2783 2506; x_wconf 87' lang='lat' dir='ltr'><strong>adulteram</strong></span> <span class='ocrx_word' id='word_1_424' title='bbox 2815 2454 2971 2508; x_wconf 86' lang='lat' dir='ltr'><strong>ﬁeri.</strong></span> <span class='ocrx_word' id='word_1_425' title='bbox 3003 2455 3201 2512; x_wconf 81' lang='lat' dir='ltr'><strong>Nulla</strong></span> <span class='ocrx_word' id='word_1_426' title='bbox 3228 2473 3362 2529; x_wconf 89' lang='lat' dir='ltr'><strong>ergo</strong></span> <span class='ocrx_word' id='word_1_427' title='bbox 3391 2477 3418 2511; x_wconf 73' lang='grc' dir='ltr'>ι</span> <span class='ocrx_word' id='word_1_428' title='bbox 3449 2463 3742 2529; x_wconf 72' lang='lat' dir='ltr'><strong>societas,</strong></span> <span class='ocrx_word' id='word_1_429' title='bbox 3765 2483 3791 2516; x_wconf 75' lang='grc' dir='ltr'><strong>ι</strong></span> 
     </span>
    </p>
   </div>
   <div class='ocr_carea' id='block_1_57' title="bbox 2081 2541 3803 2621">
    <p class='ocr_par' dir='ltr' id='par_1_57' title="bbox 2081 2541 3803 2621">
     <span class='ocr_line' id='line_1_57' title="bbox 2081 2541 3803 2621; baseline 0.009 -27"><span class='ocrx_word' id='word_1_430' title='bbox 2081 2541 2220 2595; x_wconf 84' lang='lat' dir='ltr'><strong>sicut</strong></span> <span class='ocrx_word' id='word_1_431' title='bbox 2259 2541 2391 2595; x_wconf 87' lang='lat' dir='ltr'><strong>dicit</strong></span> <span class='ocrx_word' id='word_1_432' title='bbox 2412 2541 2707 2610; x_wconf 81' lang='lat' dir='ltr'><strong>Apostolus</strong></span> <span class='ocrx_word' id='word_1_433' title='bbox 2739 2543 2811 2608; x_wconf 79' lang='lat'><strong>&#39;°,</strong></span> <span class='ocrx_word' id='word_1_434' title='bbox 2874 2562 2898 2596; x_wconf 74' lang='grc' dir='ltr'>ι</span> <span class='ocrx_word' id='word_1_435' title='bbox 2936 2547 3184 2616; x_wconf 86' lang='lat' dir='ltr'><strong>templo</strong></span> <span class='ocrx_word' id='word_1_436' title='bbox 3237 2550 3336 2604; x_wconf 83' lang='lat' dir='ltr'><strong>Dei</strong></span> <span class='ocrx_word' id='word_1_437' title='bbox 3374 2565 3543 2606; x_wconf 86' lang='lat' dir='ltr'><strong>cum</strong></span> <span class='ocrx_word' id='word_1_438' title='bbox 3607 2554 3803 2621; x_wconf 83' lang='lat' dir='ltr'><strong>idolis,</strong></span> 
     </span>
    </p>
   </div>
   <div class='ocr_carea' id='block_1_58' title="bbox 2083 2632 3801 2700">
    <p class='ocr_par' dir='ltr' id='par_1_58' title="bbox 2083 2632 3801 2700">
     <span class='ocr_line' id='line_1_58' title="bbox 2083 2632 3801 2700; baseline 0.01 -16"><span class='ocrx_word' id='word_1_439' title='bbox 2083 2632 2227 2685; x_wconf 88' lang='lat' dir='ltr'><strong>nulla</strong></span> <span class='ocrx_word' id='word_1_440' title='bbox 2260 2633 2616 2687; x_wconf 83' lang='lat' dir='ltr'><strong>consonantia</strong></span> <span class='ocrx_word' id='word_1_441' title='bbox 2656 2634 2888 2690; x_wconf 89' lang='lat' dir='ltr'><strong>Christo</strong></span> <span class='ocrx_word' id='word_1_442' title='bbox 2933 2646 3000 2691; x_wconf 92' lang='lat' dir='ltr'><strong>et</strong></span> <span class='ocrx_word' id='word_1_443' title='bbox 3067 2639 3309 2696; x_wconf 82' lang='lat' dir='ltr'><strong>Belial.</strong></span> <span class='ocrx_word' id='word_1_444' title='bbox 3339 2661 3356 2694; x_wconf 76' lang='grc' dir='ltr'><strong><em>ι</em></strong></span> <span class='ocrx_word' id='word_1_445' title='bbox 3411 2643 3489 2697; x_wconf 87' lang='lat' dir='ltr'><strong>Si</strong></span> <span class='ocrx_word' id='word_1_446' title='bbox 3542 2646 3656 2700; x_wconf 83' lang='lat' dir='ltr'><strong>Dei</strong></span> <span class='ocrx_word' id='word_1_447' title='bbox 3701 2663 3801 2700; x_wconf 80' lang='lat' dir='ltr'><strong>su—</strong></span> 
     </span>
    </p>
   </div>
   <div class='ocr_carea' id='block_1_59' title="bbox 2083 2722 3822 2806">
    <p class='ocr_par' dir='ltr' id='par_1_59' title="bbox 2083 2722 3822 2806">
     <span class='ocr_line' id='line_1_59' title="bbox 2083 2722 3822 2806; baseline 0.011 -32"><span class='ocrx_word' id='word_1_448' title='bbox 2083 2738 2222 2788; x_wconf 82' lang='lat' dir='ltr'><strong>mus,</strong></span> <span class='ocrx_word' id='word_1_449' title='bbox 2264 2722 2398 2775; x_wconf 89' lang='lat' dir='ltr'><strong>tales</strong></span> <span class='ocrx_word' id='word_1_450' title='bbox 2435 2737 2554 2776; x_wconf 90' lang='lat' dir='ltr'><strong>esse</strong></span> <span class='ocrx_word' id='word_1_451' title='bbox 2587 2723 2858 2780; x_wconf 86' lang='lat' dir='ltr'><strong>debemus</strong></span> <span class='ocrx_word' id='word_1_452' title='bbox 2905 2736 2972 2780; x_wconf 89' lang='lat' dir='ltr'><strong>ut</strong></span> <span class='ocrx_word' id='word_1_453' title='bbox 3013 2734 3416 2802; x_wconf 85' lang='lat' dir='ltr'><strong>compleatur</strong></span> <span class='ocrx_word' id='word_1_454' title='bbox 3466 2735 3634 2790; x_wconf 84' lang='lat' dir='ltr'><strong>illud</strong></span> <span class='ocrx_word' id='word_1_455' title='bbox 3660 2741 3822 2806; x_wconf 80' lang='lat' dir='ltr'><strong>quod</strong></span> 
     </span>
    </p>
   </div>
   <div class='ocr_carea' id='block_1_60' title="bbox 2079 2809 3824 2893">
    <p class='ocr_par' dir='ltr' id='par_1_60' title="bbox 2079 2809 3824 2893">
     <span class='ocr_line' id='line_1_60' title="bbox 2079 2809 3824 2893; baseline 0.012 -33"><span class='ocrx_word' id='word_1_456' title='bbox 2079 2809 2213 2863; x_wconf 89' lang='lat' dir='ltr'><strong>dicit</strong></span> <span class='ocrx_word' id='word_1_457' title='bbox 2250 2810 2314 2862; x_wconf 90' lang='lat' dir='ltr'><strong>de</strong></span> <span class='ocrx_word' id='word_1_458' title='bbox 2347 2811 2500 2864; x_wconf 89' lang='lat' dir='ltr'><strong>nobis</strong></span> <span class='ocrx_word' id='word_1_459' title='bbox 2533 2810 2678 2864; x_wconf 90' lang='lat' dir='ltr'><strong>Deus</strong></span> <span class='ocrx_word' id='word_1_460' title='bbox 2706 2813 2753 2843; x_wconf 83' lang='lat'><strong>&#39;”</strong></span> <span class='ocrx_word' id='word_1_461' title='bbox 2794 2831 2810 2867; x_wconf 90' lang='lat'><strong>:</strong></span> <span class='ocrx_word' id='word_1_462' title='bbox 2849 2831 2872 2866; x_wconf 76' lang='grc' dir='ltr'>ι</span> <span class='ocrx_word' id='word_1_463' title='bbox 2922 2816 3094 2882; x_wconf 82' lang='lat' dir='ltr'><strong>Quia</strong></span> <span class='ocrx_word' id='word_1_464' title='bbox 3148 2821 3453 2876; x_wconf 83' lang='lat' dir='ltr'><strong>habitabo</strong></span> <span class='ocrx_word' id='word_1_465' title='bbox 3504 2824 3576 2878; x_wconf 87' lang='lat' dir='ltr'><strong>in</strong></span> <span class='ocrx_word' id='word_1_466' title='bbox 3608 2827 3728 2893; x_wconf 82' lang='lat' dir='ltr'><strong>eis,</strong></span> <span class='ocrx_word' id='word_1_467' title='bbox 3762 2839 3824 2880; x_wconf 87' lang='lat' dir='ltr'><strong>et</strong></span> 
     </span>
    </p>
   </div>
   <div class='ocr_carea' id='block_1_61' title="bbox 2083 2897 3829 2983">
    <p class='ocr_par' dir='ltr' id='par_1_61' title="bbox 2083 2897 3829 2983">
     <span class='ocr_line' id='line_1_61' title="bbox 2083 2897 3829 2983; baseline 0.011 -33"><span class='ocrx_word' id='word_1_468' title='bbox 2083 2898 2134 2950; x_wconf 91' lang='lat' dir='ltr'><strong>in</strong></span> <span class='ocrx_word' id='word_1_469' title='bbox 2163 2897 2243 2951; x_wconf 86' lang='lat' dir='ltr'><strong>eis</strong></span> <span class='ocrx_word' id='word_1_470' title='bbox 2269 2899 2576 2963; x_wconf 87' lang='lat' dir='ltr'><strong>ambulabo,</strong></span> <span class='ocrx_word' id='word_1_471' title='bbox 2599 2909 2654 2954; x_wconf 91' lang='lat' dir='ltr'><strong>et</strong></span> <span class='ocrx_word' id='word_1_472' title='bbox 2694 2903 2800 2971; x_wconf 91' lang='lat' dir='ltr'><strong>ipsi</strong></span> <span class='ocrx_word' id='word_1_473' title='bbox 2843 2916 3034 2960; x_wconf 87' lang='lat' dir='ltr'><strong>erunt</strong></span> <span class='ocrx_word' id='word_1_474' title='bbox 3084 2911 3254 2965; x_wconf 83' lang='lat' dir='ltr'><strong>mihi</strong></span> <span class='ocrx_word' id='word_1_475' title='bbox 3303 2913 3350 2966; x_wconf 90' lang='lat' dir='ltr'><strong>in</strong></span> <span class='ocrx_word' id='word_1_476' title='bbox 3421 2916 3776 2983; x_wconf 82' lang='lat' dir='ltr'><strong>populum.</strong></span> <span class='ocrx_word' id='word_1_477' title='bbox 3807 2937 3829 2969; x_wconf 74' lang='grc' dir='ltr'><strong><em>ι</em></strong></span> 
     </span>
    </p>
   </div>
   <div class='ocr_carea' id='block_1_62' title="bbox 2082 2984 3838 3061">
    <p class='ocr_par' dir='ltr' id='par_1_62' title="bbox 2082 2984 3838 3061">
     <span class='ocr_line' id='line_1_62' title="bbox 2082 2984 3838 3061; baseline 0.012 -24"><span class='ocrx_word' id='word_1_478' title='bbox 2082 2984 2151 3038; x_wconf 87' lang='grc' dir='ltr'><strong>Ει</strong></span> <span class='ocrx_word' id='word_1_479' title='bbox 2191 2987 2328 3040; x_wconf 86' lang='lat' dir='ltr'><strong>sicut</strong></span> <span class='ocrx_word' id='word_1_480' title='bbox 2368 2986 2476 3040; x_wconf 86' lang='lat' dir='ltr'><strong>alio</strong></span> <span class='ocrx_word' id='word_1_481' title='bbox 2512 2989 2634 3044; x_wconf 89' lang='lat' dir='ltr'><strong>loco</strong></span> <span class='ocrx_word' id='word_1_482' title='bbox 2671 2994 2951 3061; x_wconf 79' lang='lat' dir='ltr'><strong>prapheta</strong></span> <span class='ocrx_word' id='word_1_483' title='bbox 2987 2996 3155 3053; x_wconf 87' lang='lat' dir='ltr'><strong>dicit</strong></span> <span class='ocrx_word' id='word_1_484' title='bbox 3186 3001 3246 3035; x_wconf 80' lang='grc'><strong>⁷³</strong></span> <span class='ocrx_word' id='word_1_485' title='bbox 3293 3020 3307 3056; x_wconf 89' lang='lat'><strong>:</strong></span> <span class='ocrx_word' id='word_1_486' title='bbox 3378 3019 3409 3053; x_wconf 68' lang='grc' dir='ltr'><strong>ε</strong></span> <span class='ocrx_word' id='word_1_487' title='bbox 3467 3003 3679 3059; x_wconf 77' lang='lat' dir='ltr'><strong>Exite</strong></span> <span class='ocrx_word' id='word_1_488' title='bbox 3762 3008 3838 3060; x_wconf 83' lang='lat' dir='ltr'><strong>de</strong></span> 
     </span>
    </p>
   </div>
   <div class='ocr_carea' id='block_1_63' title="bbox 442 3061 3844 3166">
    <p class='ocr_par' dir='ltr' id='par_1_63' title="bbox 442 3061 3844 3166">
     <span class='ocr_line' id='line_1_63' title="bbox 442 3061 3844 3166; baseline 0.008 -42"><span class='ocrx_word' id='word_1_489' title='bbox 442 3081 590 3124; x_wconf 88' lang='lat' dir='ltr'><strong>tuum</strong></span> <span class='ocrx_word' id='word_1_490' title='bbox 620 3071 876 3138; x_wconf 88' lang='lat' dir='ltr'><strong>priorem,</strong></span> <span class='ocrx_word' id='word_1_491' title='bbox 917 3071 1186 3125; x_wconf 86' lang='lat' dir='ltr'><strong>oll&#39;endisti</strong></span> <span class='ocrx_word' id='word_1_492' title='bbox 1215 3072 1332 3125; x_wconf 88' lang='lat' dir='ltr'><strong>sine</strong></span> <span class='ocrx_word' id='word_1_493' title='bbox 1355 3073 1517 3137; x_wconf 82' lang='lat' dir='ltr'><strong>dubio</strong></span> <span class='ocrx_word' id='word_1_494' title='bbox 1558 3084 1825 3130; x_wconf 87' lang='lat' dir='ltr'><strong>amatores</strong></span> <span class='ocrx_word' id='word_1_495' title='bbox 1863 3086 1983 3132; x_wconf 90' lang='lat' dir='ltr'><strong>tuos</strong></span> <span class='ocrx_word' id='word_1_496' title='bbox 2009 3061 2050 3115; x_wconf 72' lang='grc' dir='ltr'>ο</span> <span class='ocrx_word' id='word_1_497' title='bbox 2083 3077 2260 3130; x_wconf 88' lang='lat' dir='ltr'><strong>medio</strong></span> <span class='ocrx_word' id='word_1_498' title='bbox 2291 3093 2474 3132; x_wconf 88' lang='lat' dir='ltr'><strong>eorum</strong></span> <span class='ocrx_word' id='word_1_499' title='bbox 2502 3118 2519 3141; x_wconf 91' lang='lat'><strong>,</strong></span> <span class='ocrx_word' id='word_1_500' title='bbox 2557 3089 2621 3136; x_wconf 81' lang='lat' dir='ltr'><strong>et</strong></span> <span class='ocrx_word' id='word_1_501' title='bbox 2655 3085 3038 3150; x_wconf 87' lang='lat' dir='ltr'><strong>separaruini,</strong></span> <span class='ocrx_word' id='word_1_502' title='bbox 3117 3091 3286 3146; x_wconf 84' lang='lat' dir='ltr'><strong>dicit</strong></span> <span class='ocrx_word' id='word_1_503' title='bbox 3324 3093 3692 3161; x_wconf 77' lang='lat' dir='ltr'><strong>Dominus,</strong></span> <span class='ocrx_word' id='word_1_504' title='bbox 3735 3100 3844 3166; x_wconf 87' lang='lat' dir='ltr'><strong>qui</strong></span> 
     </span>
    </p>
   </div>
   <div class='ocr_carea' id='block_1_64' title="bbox 441 3159 1982 3232">
    <p class='ocr_par' dir='ltr' id='par_1_64' title="bbox 441 3159 1982 3232">
     <span class='ocr_line' id='line_1_64' title="bbox 441 3159 1982 3232; baseline 0.005 -20"><span class='ocrx_word' id='word_1_505' title='bbox 441 3173 562 3212; x_wconf 85' lang='lat' dir='ltr'><strong>cum</strong></span> <span class='ocrx_word' id='word_1_506' title='bbox 588 3160 783 3227; x_wconf 88' lang='lat' dir='ltr'><strong>quibus</strong></span> <span class='ocrx_word' id='word_1_507' title='bbox 810 3159 1074 3212; x_wconf 87' lang='lat' dir='ltr'><strong>adulteria</strong></span> <span class='ocrx_word' id='word_1_508' title='bbox 1101 3161 1496 3214; x_wconf 90' lang='lat' dir='ltr'><strong>committebas.</strong></span> <span class='ocrx_word' id='word_1_509' title='bbox 1528 3161 1641 3215; x_wconf 87' lang='lat' dir='ltr'><strong>Nisi</strong></span> <span class='ocrx_word' id='word_1_510' title='bbox 1687 3178 1814 3232; x_wconf 84' lang='lat' dir='ltr'><strong>ergo</strong></span> <span class='ocrx_word' id='word_1_511' title='bbox 1845 3180 1982 3220; x_wconf 90' lang='lat' dir='ltr'><strong>nunc</strong></span> 
     </span>
    </p>
   </div>
   <div class='ocr_carea' id='block_1_65' title="bbox 443 3248 1986 3316">
    <p class='ocr_par' dir='ltr' id='par_1_65' title="bbox 443 3248 1986 3316">
     <span class='ocr_line' id='line_1_65' title="bbox 443 3248 1986 3316; baseline 0.003 -15"><span class='ocrx_word' id='word_1_512' title='bbox 443 3257 556 3302; x_wconf 88' lang='lat' dir='ltr'><strong>tota</strong></span> <span class='ocrx_word' id='word_1_513' title='bbox 585 3248 687 3302; x_wconf 84' lang='lat' dir='ltr'><strong>lide</strong></span> <span class='ocrx_word' id='word_1_514' title='bbox 709 3263 1027 3316; x_wconf 87' lang='lat' dir='ltr'><strong>permaneas</strong></span> <span class='ocrx_word' id='word_1_515' title='bbox 1055 3264 1176 3302; x_wconf 86' lang='lat' dir='ltr'><strong>cum</strong></span> <span class='ocrx_word' id='word_1_516' title='bbox 1214 3251 1329 3302; x_wconf 86' lang='lat' dir='ltr'><strong>viro</strong></span> <span class='ocrx_word' id='word_1_517' title='bbox 1365 3258 1477 3313; x_wconf 90' lang='lat' dir='ltr'><strong>tuo,</strong></span> <span class='ocrx_word' id='word_1_518' title='bbox 1509 3261 1565 3304; x_wconf 92' lang='lat' dir='ltr'><strong>et</strong></span> <span class='ocrx_word' id='word_1_519' title='bbox 1621 3261 1732 3305; x_wconf 93' lang='lat' dir='ltr'><strong>toto</strong></span> <span class='ocrx_word' id='word_1_520' title='bbox 1789 3252 1836 3305; x_wconf 91' lang='lat' dir='ltr'><strong>ei</strong></span> <span class='ocrx_word' id='word_1_521' title='bbox 1890 3267 1986 3308; x_wconf 87' lang='lat' dir='ltr'><strong>ore</strong></span> 
     </span>
    </p>
   </div>
   <div class='ocr_carea' id='block_1_66' title="bbox 442 3338 1987 3409">
    <p class='ocr_par' dir='ltr' id='par_1_66' title="bbox 442 3338 1987 3409">
     <span class='ocr_line' id='line_1_66' title="bbox 442 3338 1987 3409; baseline 0.003 -19"><span class='ocrx_word' id='word_1_522' title='bbox 442 3338 740 3406; x_wconf 85' lang='lat' dir='ltr'><strong>glutineris,</strong></span> <span class='ocrx_word' id='word_1_523' title='bbox 773 3353 837 3393; x_wconf 80' lang='lat' dir='ltr'><strong>ex</strong></span> <span class='ocrx_word' id='word_1_524' title='bbox 893 3339 1077 3392; x_wconf 89' lang='lat' dir='ltr'><strong>multis</strong></span> <span class='ocrx_word' id='word_1_525' title='bbox 1121 3339 1420 3393; x_wconf 87' lang='lat' dir='ltr'><strong>sceleribus</strong></span> <span class='ocrx_word' id='word_1_526' title='bbox 1474 3353 1594 3408; x_wconf 77' lang='lat' dir='ltr'><strong>qua:</strong></span> <span class='ocrx_word' id='word_1_527' title='bbox 1645 3343 1987 3409; x_wconf 88' lang='lat' dir='ltr'><strong>commisisti,</strong></span> 
     </span>
    </p>
   </div>
   <div class='ocr_carea' id='block_1_67' title="bbox 444 3430 1984 3499">
    <p class='ocr_par' dir='ltr' id='par_1_67' title="bbox 444 3430 1984 3499">
     <span class='ocr_line' id='line_1_67' title="bbox 444 3430 1984 3499; baseline 0.001 -15"><span class='ocrx_word' id='word_1_528' title='bbox 444 3438 692 3498; x_wconf 86' lang='lat' dir='ltr'><strong>suspecta</strong></span> <span class='ocrx_word' id='word_1_529' title='bbox 724 3444 782 3483; x_wconf 90' lang='lat' dir='ltr'><strong>es</strong></span> <span class='ocrx_word' id='word_1_530' title='bbox 815 3430 888 3493; x_wconf 89' lang='lat' dir='ltr'><strong>ei,</strong></span> <span class='ocrx_word' id='word_1_531' title='bbox 911 3430 1088 3484; x_wconf 89' lang='lat' dir='ltr'><strong>omnis</strong></span> <span class='ocrx_word' id='word_1_532' title='bbox 1116 3439 1292 3484; x_wconf 89' lang='lat' dir='ltr'><strong>motus</strong></span> <span class='ocrx_word' id='word_1_533' title='bbox 1317 3439 1455 3494; x_wconf 89' lang='lat' dir='ltr'><strong>tuus,</strong></span> <span class='ocrx_word' id='word_1_534' title='bbox 1489 3440 1546 3484; x_wconf 92' lang='lat' dir='ltr'><strong>et</strong></span> <span class='ocrx_word' id='word_1_535' title='bbox 1567 3441 1813 3499; x_wconf 87' lang='lat' dir='ltr'><strong>aspectus</strong></span> <span class='ocrx_word' id='word_1_536' title='bbox 1843 3440 1984 3498; x_wconf 86' lang='lat' dir='ltr'><strong>tuus,</strong></span> 
     </span>
    </p>
   </div>
   <div class='ocr_carea' id='block_1_68' title="bbox 444 3517 1988 3589">
    <p class='ocr_par' dir='ltr' id='par_1_68' title="bbox 444 3517 1988 3589">
     <span class='ocr_line' id='line_1_68' title="bbox 444 3517 1988 3589; baseline 0 -17"><span class='ocrx_word' id='word_1_537' title='bbox 444 3519 563 3589; x_wconf 86' lang='lat' dir='ltr'><strong>ipse</strong></span> <span class='ocrx_word' id='word_1_538' title='bbox 591 3520 753 3573; x_wconf 88' lang='lat' dir='ltr'><strong>etiam</strong></span> <span class='ocrx_word' id='word_1_539' title='bbox 782 3520 1048 3584; x_wconf 83' lang='lat' dir='ltr'><strong>incessus,</strong></span> <span class='ocrx_word' id='word_1_540' title='bbox 1085 3517 1133 3572; x_wconf 83' lang='lat' dir='ltr'><strong>si</strong></span> <span class='ocrx_word' id='word_1_541' title='bbox 1184 3518 1347 3572; x_wconf 83' lang='lat' dir='ltr'><strong>fuerit</strong></span> <span class='ocrx_word' id='word_1_542' title='bbox 1398 3519 1767 3587; x_wconf 78' lang='lat' dir='ltr'><strong>negligentior,</strong></span> <span class='ocrx_word' id='word_1_543' title='bbox 1801 3520 1988 3588; x_wconf 79' lang='lat' dir='ltr'><strong>displi-</strong></span> 
     </span>
    </p>
   </div>
   <div class='ocr_carea' id='block_1_69' title="bbox 449 3605 1987 3671">
    <p class='ocr_par' dir='ltr' id='par_1_69' title="bbox 449 3605 1987 3671">
     <span class='ocr_line' id='line_1_69' title="bbox 449 3605 1987 3671; baseline -0.001 -7"><span class='ocrx_word' id='word_1_544' title='bbox 449 3609 614 3664; x_wconf 84' lang='lat' dir='ltr'><strong>cebit.</strong></span> <span class='ocrx_word' id='word_1_545' title='bbox 648 3605 790 3662; x_wconf 77' lang='lat' dir='ltr'><strong>Nihil</strong></span> <span class='ocrx_word' id='word_1_546' title='bbox 825 3608 965 3662; x_wconf 89' lang='lat' dir='ltr'><strong>ultra</strong></span> <span class='ocrx_word' id='word_1_547' title='bbox 997 3607 1050 3660; x_wconf 82' lang='lat' dir='ltr'><strong>in</strong></span> <span class='ocrx_word' id='word_1_548' title='bbox 1087 3615 1139 3660; x_wconf 89' lang='lat' dir='ltr'><strong>te</strong></span> <span class='ocrx_word' id='word_1_549' title='bbox 1171 3605 1430 3662; x_wconf 89' lang='lat' dir='ltr'><strong>lascivum</strong></span> <span class='ocrx_word' id='word_1_550' title='bbox 1461 3607 1661 3671; x_wconf 87' lang='lat' dir='ltr'><strong>videre,</strong></span> <span class='ocrx_word' id='word_1_551' title='bbox 1700 3608 1832 3662; x_wconf 87' lang='lat' dir='ltr'><strong>nihil</strong></span> <span class='ocrx_word' id='word_1_552' title='bbox 1875 3608 1987 3662; x_wconf 92' lang='lat' dir='ltr'><strong>dis-</strong></span> 
     </span>
    </p>
   </div>
   <div class='ocr_carea' id='block_1_70' title="bbox 444 3695 1988 3766">
    <p class='ocr_par' dir='ltr' id='par_1_70' title="bbox 444 3695 1988 3766">
     <span class='ocr_line' id='line_1_70' title="bbox 444 3695 1988 3766; baseline -0.001 -14"><span class='ocrx_word' id='word_1_553' title='bbox 444 3697 676 3752; x_wconf 86' lang='lat' dir='ltr'><strong>solutum</strong></span> <span class='ocrx_word' id='word_1_554' title='bbox 709 3707 766 3753; x_wconf 89' lang='lat' dir='ltr'><strong>et</strong></span> <span class='ocrx_word' id='word_1_555' title='bbox 789 3697 1068 3766; x_wconf 80' lang='lat' dir='ltr'><strong>prodigum</strong></span> <span class='ocrx_word' id='word_1_556' title='bbox 1099 3707 1297 3766; x_wconf 87' lang='lat' dir='ltr'><strong>potest.</strong></span> <span class='ocrx_word' id='word_1_557' title='bbox 1330 3698 1401 3750; x_wconf 81' lang='lat' dir='ltr'><strong>At</strong></span> <span class='ocrx_word' id='word_1_558' title='bbox 1439 3695 1527 3749; x_wconf 89' lang='lat' dir='ltr'><strong>ubi</strong></span> <span class='ocrx_word' id='word_1_559' title='bbox 1556 3711 1738 3765; x_wconf 89' lang='lat' dir='ltr'><strong>parum</strong></span> <span class='ocrx_word' id='word_1_560' title='bbox 1773 3698 1988 3764; x_wconf 86' lang='lat' dir='ltr'><strong>quidem</strong></span> 
     </span>
    </p>
   </div>
   <div class='ocr_carea' id='block_1_71' title="bbox 442 3781 1990 3855">
    <p class='ocr_par' dir='ltr' id='par_1_71' title="bbox 442 3781 1990 3855">
     <span class='ocr_line' id='line_1_71' title="bbox 442 3781 1990 3855; baseline -0.003 -11"><span class='ocrx_word' id='word_1_561' title='bbox 442 3781 618 3846; x_wconf 6' lang='lat' dir='ltr'><strong>alviro</strong></span> <span class='ocrx_word' id='word_1_562' title='bbox 662 3800 752 3846; x_wconf 89' lang='lat' dir='ltr'><strong>tuo</strong></span> <span class='ocrx_word' id='word_1_563' title='bbox 796 3788 1110 3855; x_wconf 62' lang='lat' dir='ltr'><strong>diverteris:</strong></span> <span class='ocrx_word' id='word_1_564' title='bbox 1132 3802 1336 3851; x_wconf 78' lang='lat' dir='ltr'><strong>OCUIOS,</strong></span> <span class='ocrx_word' id='word_1_565' title='bbox 1398 3787 1579 3840; x_wconf 86' lang='lat' dir='ltr'><strong>statim</strong></span> <span class='ocrx_word' id='word_1_566' title='bbox 1635 3800 1856 3840; x_wconf 86' lang='lat' dir='ltr'><strong>necesse</strong></span> <span class='ocrx_word' id='word_1_567' title='bbox 1905 3797 1990 3840; x_wconf 86' lang='lat' dir='ltr'><strong>est</strong></span> 
     </span>
    </p>
   </div>
   <div class='ocr_carea' id='block_1_72' title="bbox 445 3873 1986 3946">
    <p class='ocr_par' dir='ltr' id='par_1_72' title="bbox 445 3873 1986 3946">
     <span class='ocr_line' id='line_1_72' title="bbox 445 3873 1986 3946; baseline -0.004 -12"><span class='ocrx_word' id='word_1_568' title='bbox 445 3881 754 3936; x_wconf 85' lang='lat' dir='ltr'><strong>memoriam</strong></span> <span class='ocrx_word' id='word_1_569' title='bbox 802 3878 914 3932; x_wconf 81' lang='lat' dir='ltr'><strong>ﬁeri</strong></span> <span class='ocrx_word' id='word_1_570' title='bbox 947 3879 1208 3946; x_wconf 89' lang='lat' dir='ltr'><strong>priorum.</strong></span> <span class='ocrx_word' id='word_1_571' title='bbox 1268 3875 1336 3930; x_wconf 88' lang='lat' dir='ltr'><strong>Ut</strong></span> <span class='ocrx_word' id='word_1_572' title='bbox 1369 3890 1496 3943; x_wconf 85' lang='lat' dir='ltr'><strong>ergo</strong></span> <span class='ocrx_word' id='word_1_573' title='bbox 1556 3875 1731 3942; x_wconf 91' lang='lat' dir='ltr'><strong>priora</strong></span> <span class='ocrx_word' id='word_1_574' title='bbox 1784 3873 1986 3937; x_wconf 86' lang='lat' dir='ltr'><strong>deleas,</strong></span> 
     </span>
    </p>
   </div>
   <div class='ocr_carea' id='block_1_73' title="bbox 448 3963 1992 4035">
    <p class='ocr_par' dir='ltr' id='par_1_73' title="bbox 448 3963 1992 4035">
     <span class='ocr_line' id='line_1_73' title="bbox 448 3963 1992 4035; baseline -0.003 -11"><span class='ocrx_word' id='word_1_575' title='bbox 448 3979 504 4024; x_wconf 91' lang='lat' dir='ltr'><strong>ct</strong></span> <span class='ocrx_word' id='word_1_576' title='bbox 527 3969 661 4022; x_wconf 85' lang='lat' dir='ltr'><strong>ﬁdes</strong></span> <span class='ocrx_word' id='word_1_577' title='bbox 685 3968 780 4022; x_wconf 89' lang='lat' dir='ltr'><strong>tibi</strong></span> <span class='ocrx_word' id='word_1_578' title='bbox 814 3966 986 4035; x_wconf 84' lang='lat' dir='ltr'><strong>possit</strong></span> <span class='ocrx_word' id='word_1_579' title='bbox 1037 3965 1221 4018; x_wconf 88' lang='lat' dir='ltr'><strong>haberi</strong></span> <span class='ocrx_word' id='word_1_580' title='bbox 1265 3966 1318 4019; x_wconf 93' lang='lat' dir='ltr'><strong>in</strong></span> <span class='ocrx_word' id='word_1_581' title='bbox 1373 3963 1613 4029; x_wconf 88' lang='lat' dir='ltr'><strong>reliquis,</strong></span> <span class='ocrx_word' id='word_1_582' title='bbox 1669 3977 1775 4016; x_wconf 90' lang='lat' dir='ltr'><strong>non</strong></span> <span class='ocrx_word' id='word_1_583' title='bbox 1830 3964 1992 4019; x_wconf 87' lang='lat' dir='ltr'><strong>modo</strong></span> 
     </span>
    </p>
   </div>
   <div class='ocr_carea' id='block_1_74' title="bbox 447 4052 1994 4127">
    <p class='ocr_par' dir='ltr' id='par_1_74' title="bbox 447 4052 1994 4127">
     <span class='ocr_line' id='line_1_74' title="bbox 447 4052 1994 4127; baseline -0.003 -17"><span class='ocrx_word' id='word_1_584' title='bbox 447 4057 710 4127; x_wconf 83' lang='lat' dir='ltr'><strong>agendum</strong></span> <span class='ocrx_word' id='word_1_585' title='bbox 755 4055 848 4108; x_wconf 85' lang='lat' dir='ltr'><strong>tibi</strong></span> <span class='ocrx_word' id='word_1_586' title='bbox 873 4053 1003 4106; x_wconf 85' lang='lat' dir='ltr'><strong>nihil</strong></span> <span class='ocrx_word' id='word_1_587' title='bbox 1039 4061 1124 4106; x_wconf 90' lang='lat' dir='ltr'><strong>est</strong></span> <span class='ocrx_word' id='word_1_588' title='bbox 1147 4053 1492 4120; x_wconf 91' lang='lat' dir='ltr'><strong>impudicum,</strong></span> <span class='ocrx_word' id='word_1_589' title='bbox 1522 4053 1616 4106; x_wconf 90' lang='lat' dir='ltr'><strong>sed</strong></span> <span class='ocrx_word' id='word_1_590' title='bbox 1641 4065 1710 4104; x_wconf 90' lang='lat' dir='ltr'><strong>ne</strong></span> <span class='ocrx_word' id='word_1_591' title='bbox 1757 4052 1994 4119; x_wconf 86' lang='lat' dir='ltr'><strong>cogitan-</strong></span> 
     </span>
    </p>
   </div>
   <div class='ocr_carea' id='block_1_75' title="bbox 447 4138 1988 4209">
    <p class='ocr_par' dir='ltr' id='par_1_75' title="bbox 447 4138 1988 4209">
     <span class='ocr_line' id='line_1_75' title="bbox 447 4138 1988 4209; baseline -0.004 -10"><span class='ocrx_word' id='word_1_592' title='bbox 447 4146 574 4199; x_wconf 82' lang='lat' dir='ltr'><strong>dam</strong></span> <span class='ocrx_word' id='word_1_593' title='bbox 600 4143 836 4209; x_wconf 86' lang='lat' dir='ltr'><strong>quidem.</strong></span> <span class='ocrx_word' id='word_1_594' title='bbox 861 4139 997 4193; x_wconf 79' lang='lat' dir='ltr'><strong>Vide</strong></span> <span class='ocrx_word' id='word_1_595' title='bbox 1023 4139 1163 4193; x_wconf 89' lang='lat' dir='ltr'><strong>enim</strong></span> <span class='ocrx_word' id='word_1_596' title='bbox 1197 4141 1335 4205; x_wconf 89' lang='lat' dir='ltr'><strong>quod</strong></span> <span class='ocrx_word' id='word_1_597' title='bbox 1367 4138 1622 4207; x_wconf 88' lang='lat' dir='ltr'><strong>scriptum</strong></span> <span class='ocrx_word' id='word_1_598' title='bbox 1647 4147 1728 4192; x_wconf 90' lang='lat' dir='ltr'><strong>est</strong></span> <span class='ocrx_word' id='word_1_599' title='bbox 1749 4155 1763 4192; x_wconf 88' lang='lat'><strong>:</strong></span> <span class='ocrx_word' id='word_1_600' title='bbox 1787 4157 1806 4189; x_wconf 70' lang='grc' dir='ltr'><strong>ε</strong></span> <span class='ocrx_word' id='word_1_601' title='bbox 1834 4140 1988 4205; x_wconf 87' lang='lat' dir='ltr'><strong>Cum,</strong></span> 
     </span>
    </p>
   </div>
   <div class='ocr_carea' id='block_1_76' title="bbox 451 4226 1990 4298">
    <p class='ocr_par' dir='ltr' id='par_1_76' title="bbox 451 4226 1990 4298">
     <span class='ocr_line' id='line_1_76' title="bbox 451 4226 1990 4298; baseline -0.001 -14"><span class='ocrx_word' id='word_1_602' title='bbox 451 4231 629 4298; x_wconf 90' lang='lat' dir='ltr'><strong>inquit</strong></span> <span class='ocrx_word' id='word_1_603' title='bbox 674 4229 741 4291; x_wconf 83' lang='lat'><strong>&quot;,</strong></span> <span class='ocrx_word' id='word_1_604' title='bbox 777 4227 1085 4281; x_wconf 87' lang='lat' dir='ltr'><strong>immundus</strong></span> <span class='ocrx_word' id='word_1_605' title='bbox 1132 4227 1356 4295; x_wconf 85' lang='lat' dir='ltr'><strong>spiritus</strong></span> <span class='ocrx_word' id='word_1_606' title='bbox 1400 4226 1594 4280; x_wconf 75' lang='lat' dir='ltr'><strong>exierit</strong></span> <span class='ocrx_word' id='word_1_607' title='bbox 1642 4226 1708 4280; x_wconf 89' lang='lat' dir='ltr'><strong>ab</strong></span> <span class='ocrx_word' id='word_1_608' title='bbox 1755 4228 1990 4292; x_wconf 90' lang='lat' dir='ltr'><strong>homine,</strong></span> 
     </span>
    </p>
   </div>
   <div class='ocr_carea' id='block_1_77' title="bbox 455 4316 1991 4384">
    <p class='ocr_par' dir='ltr' id='par_1_77' title="bbox 455 4316 1991 4384">
     <span class='ocr_line' id='line_1_77' title="bbox 455 4316 1991 4384; baseline 0.001 -14"><span class='ocrx_word' id='word_1_609' title='bbox 455 4319 606 4372; x_wconf 83' lang='lat' dir='ltr'><strong>vadit</strong></span> <span class='ocrx_word' id='word_1_610' title='bbox 631 4332 727 4384; x_wconf 87' lang='lat' dir='ltr'><strong>per</strong></span> <span class='ocrx_word' id='word_1_611' title='bbox 756 4318 872 4370; x_wconf 88' lang='lat' dir='ltr'><strong>loca</strong></span> <span class='ocrx_word' id='word_1_612' title='bbox 908 4316 1080 4378; x_wconf 83' lang='lat' dir='ltr'><strong>arida,</strong></span> <span class='ocrx_word' id='word_1_613' title='bbox 1114 4316 1308 4384; x_wconf 65' lang='lat' dir='ltr'><strong>quau-it</strong></span> <span class='ocrx_word' id='word_1_614' title='bbox 1337 4316 1598 4382; x_wconf 86' lang='lat' dir='ltr'><strong>requiem,</strong></span> <span class='ocrx_word' id='word_1_615' title='bbox 1620 4325 1674 4370; x_wconf 89' lang='lat' dir='ltr'><strong>et</strong></span> <span class='ocrx_word' id='word_1_616' title='bbox 1698 4331 1803 4371; x_wconf 90' lang='lat' dir='ltr'><strong>non</strong></span> <span class='ocrx_word' id='word_1_617' title='bbox 1836 4318 1991 4376; x_wconf 87' lang='lat' dir='ltr'><strong>inve-</strong></span> 
     </span>
    </p>
   </div>
   <div class='ocr_carea' id='block_1_78' title="bbox 449 4396 3215 4495">
    <p class='ocr_par' dir='ltr' id='par_1_78' title="bbox 449 4396 3215 4495">
     <span class='ocr_line' id='line_1_78' title="bbox 449 4396 3215 4495; baseline -0.012 -35"><span class='ocrx_word' id='word_1_618' title='bbox 449 4407 551 4460; x_wconf 89' lang='lat' dir='ltr'><strong>uit.</strong></span> <span class='ocrx_word' id='word_1_619' title='bbox 586 4404 734 4458; x_wconf 86' lang='lat' dir='ltr'><strong>Tunc</strong></span> <span class='ocrx_word' id='word_1_620' title='bbox 765 4405 897 4457; x_wconf 91' lang='lat' dir='ltr'><strong>dicit</strong></span> <span class='ocrx_word' id='word_1_621' title='bbox 929 4419 944 4456; x_wconf 89' lang='lat'><strong>:</strong></span> <span class='ocrx_word' id='word_1_622' title='bbox 972 4403 1231 4457; x_wconf 79' lang='lat' dir='ltr'><strong>Revertar</strong></span> <span class='ocrx_word' id='word_1_623' title='bbox 1277 4405 1328 4456; x_wconf 92' lang='lat' dir='ltr'><strong>in</strong></span> <span class='ocrx_word' id='word_1_624' title='bbox 1361 4405 1576 4458; x_wconf 80' lang='lat' dir='ltr'><strong>domum</strong></span> <span class='ocrx_word' id='word_1_625' title='bbox 1621 4419 1793 4459; x_wconf 87' lang='lat' dir='ltr'><strong>meam</strong></span> <span class='ocrx_word' id='word_1_626' title='bbox 1847 4408 1987 4462; x_wconf 90' lang='lat' dir='ltr'><strong>unde</strong></span> <span class='ocrx_word' id='word_1_627' title='bbox 2016 4396 2062 4453; x_wconf 80' lang='grc' dir='ltr'><strong>Ι)</strong></span> <span class='ocrx_word' id='word_1_628' title='bbox 2089 4421 2307 4480; x_wconf 51' lang='lat' dir='ltr'><strong>propter</strong></span> <span class='ocrx_word' id='word_1_629' title='bbox 2343 4427 2442 4466; x_wconf 63' lang='lat' dir='ltr'><strong>nos</strong></span> <span class='ocrx_word' id='word_1_630' title='bbox 2471 4415 2584 4482; x_wconf 52' lang='lat' dir='ltr'><strong>agi,</strong></span> <span class='ocrx_word' id='word_1_631' title='bbox 2618 4425 2670 4469; x_wconf 60' lang='grc' dir='ltr'><strong>οι</strong></span> <span class='ocrx_word' id='word_1_632' title='bbox 2731 4420 2954 4484; x_wconf 60' lang='lat' dir='ltr'><strong>pamur</strong></span> <span class='ocrx_word' id='word_1_633' title='bbox 3014 4396 3215 4495; x_wconf 52' lang='lat' dir='ltr'><strong>Déus’</strong></span> 
     </span>
    </p>
   </div>
   <div class='ocr_carea' id='block_1_79' title="bbox 451 4494 1990 4558">
    <p class='ocr_par' dir='ltr' id='par_1_79' title="bbox 451 4494 1990 4558">
     <span class='ocr_line' id='line_1_79' title="bbox 451 4494 1990 4558; baseline -0.001 -7"><span class='ocrx_word' id='word_1_634' title='bbox 451 4495 617 4551; x_wconf 81' lang='lat' dir='ltr'><strong>exivi.</strong></span> <span class='ocrx_word' id='word_1_635' title='bbox 637 4494 704 4547; x_wconf 88' lang='lat' dir='ltr'><strong>Et</strong></span> <span class='ocrx_word' id='word_1_636' title='bbox 729 4494 776 4548; x_wconf 88' lang='lat' dir='ltr'><strong>si</strong></span> <span class='ocrx_word' id='word_1_637' title='bbox 801 4494 1024 4548; x_wconf 89' lang='lat' dir='ltr'><strong>veniens</strong></span> <span class='ocrx_word' id='word_1_638' title='bbox 1047 4494 1311 4549; x_wconf 90' lang='lat' dir='ltr'><strong>invenerit</strong></span> <span class='ocrx_word' id='word_1_639' title='bbox 1338 4509 1456 4548; x_wconf 88' lang='lat' dir='ltr'><strong>eam</strong></span> <span class='ocrx_word' id='word_1_640' title='bbox 1487 4504 1790 4558; x_wconf 87' lang='lat' dir='ltr'><strong>vacantem,</strong></span> <span class='ocrx_word' id='word_1_641' title='bbox 1836 4511 1990 4549; x_wconf 89' lang='lat' dir='ltr'><strong>mun-</strong></span> 
     </span>
    </p>
   </div>
   <div class='ocr_carea' id='block_1_80' title="bbox 353 4586 1991 4650">
    <p class='ocr_par' dir='ltr' id='par_1_80' title="bbox 353 4586 1991 4650">
     <span class='ocr_line' id='line_1_80' title="bbox 353 4586 1991 4650; baseline -0.002 -6"><span class='ocrx_word' id='word_1_642' title='bbox 353 4592 362 4598; x_wconf 86' lang='grc'><em>’</em></span> <span class='ocrx_word' id='word_1_643' title='bbox 453 4590 629 4644; x_wconf 85' lang='lat' dir='ltr'><strong>datam</strong></span> <span class='ocrx_word' id='word_1_644' title='bbox 652 4596 708 4642; x_wconf 92' lang='lat' dir='ltr'><strong>et</strong></span> <span class='ocrx_word' id='word_1_645' title='bbox 734 4596 1002 4650; x_wconf 81' lang='lat' dir='ltr'><strong>ornatam,</strong></span> <span class='ocrx_word' id='word_1_646' title='bbox 1050 4587 1214 4649; x_wconf 77' lang='lat' dir='ltr'><strong>radit,</strong></span> <span class='ocrx_word' id='word_1_647' title='bbox 1247 4595 1303 4638; x_wconf 90' lang='lat' dir='ltr'><strong>et</strong></span> <span class='ocrx_word' id='word_1_648' title='bbox 1357 4586 1576 4640; x_wconf 87' lang='lat' dir='ltr'><strong>adducit</strong></span> <span class='ocrx_word' id='word_1_649' title='bbox 1620 4601 1801 4640; x_wconf 90' lang='lat' dir='ltr'><strong>secum</strong></span> <span class='ocrx_word' id='word_1_650' title='bbox 1855 4587 1991 4641; x_wconf 82' lang='lat' dir='ltr'><strong>alios</strong></span> 
     </span>
    </p>
   </div>
   <div class='ocr_carea' id='block_1_81' title="bbox 452 4674 1988 4743">
    <p class='ocr_par' dir='ltr' id='par_1_81' title="bbox 452 4674 1988 4743">
     <span class='ocr_line' id='line_1_81' title="bbox 452 4674 1988 4743; baseline -0.003 -13"><span class='ocrx_word' id='word_1_651' title='bbox 452 4686 654 4743; x_wconf 89' lang='lat' dir='ltr'><strong>septem</strong></span> <span class='ocrx_word' id='word_1_652' title='bbox 681 4674 898 4743; x_wconf 86' lang='lat' dir='ltr'><strong>spiritus</strong></span> <span class='ocrx_word' id='word_1_653' title='bbox 923 4674 1204 4743; x_wconf 86' lang='lat' dir='ltr'><strong>nequiores</strong></span> <span class='ocrx_word' id='word_1_654' title='bbox 1228 4688 1308 4739; x_wconf 90' lang='lat' dir='ltr'><strong>se,</strong></span> <span class='ocrx_word' id='word_1_655' title='bbox 1337 4683 1392 4726; x_wconf 92' lang='lat' dir='ltr'><strong>et</strong></span> <span class='ocrx_word' id='word_1_656' title='bbox 1415 4675 1677 4728; x_wconf 89' lang='lat' dir='ltr'><strong>intrantes</strong></span> <span class='ocrx_word' id='word_1_657' title='bbox 1703 4674 1754 4726; x_wconf 91' lang='lat' dir='ltr'><strong>in</strong></span> <span class='ocrx_word' id='word_1_658' title='bbox 1778 4675 1988 4727; x_wconf 85' lang='lat' dir='ltr'><strong>domum</strong></span> 
     </span>
    </p>
   </div>
   <div class='ocr_carea' id='block_1_82' title="bbox 453 4761 1993 4832">
    <p class='ocr_par' dir='ltr' id='par_1_82' title="bbox 453 4761 1993 4832">
     <span class='ocr_line' id='line_1_82' title="bbox 453 4761 1993 4832; baseline -0.001 -15"><span class='ocrx_word' id='word_1_659' title='bbox 453 4765 596 4817; x_wconf 85' lang='lat' dir='ltr'><strong>illam</strong></span> <span class='ocrx_word' id='word_1_660' title='bbox 621 4765 862 4817; x_wconf 86' lang='lat' dir='ltr'><strong>habitant</strong></span> <span class='ocrx_word' id='word_1_661' title='bbox 895 4763 946 4815; x_wconf 92' lang='lat' dir='ltr'><strong>in</strong></span> <span class='ocrx_word' id='word_1_662' title='bbox 979 4777 1041 4816; x_wconf 88' lang='lat' dir='ltr'><strong>ea</strong></span> <span class='ocrx_word' id='word_1_663' title='bbox 1075 4763 1204 4832; x_wconf 80' lang='lat' dir='ltr'><strong>(5i).</strong></span> <span class='ocrx_word' id='word_1_664' title='bbox 1231 4763 1300 4815; x_wconf 89' lang='lat' dir='ltr'><strong>Et</strong></span> <span class='ocrx_word' id='word_1_665' title='bbox 1327 4769 1487 4814; x_wconf 83' lang='lat' dir='ltr'><strong>erunt</strong></span> <span class='ocrx_word' id='word_1_666' title='bbox 1544 4761 1833 4815; x_wconf 86' lang='lat' dir='ltr'><strong>novissima</strong></span> <span class='ocrx_word' id='word_1_667' title='bbox 1898 4765 1993 4816; x_wconf 90' lang='lat' dir='ltr'><strong>ho-</strong></span> 
     </span>
    </p>
   </div>
   <div class='ocr_carea' id='block_1_83' title="bbox 452 4851 1991 4920">
    <p class='ocr_par' dir='ltr' id='par_1_83' title="bbox 452 4851 1991 4920">
     <span class='ocr_line' id='line_1_83' title="bbox 452 4851 1991 4920; baseline -0.001 -14"><span class='ocrx_word' id='word_1_668' title='bbox 452 4854 614 4907; x_wconf 86' lang='lat' dir='ltr'><strong>minis</strong></span> <span class='ocrx_word' id='word_1_669' title='bbox 639 4852 779 4906; x_wconf 90' lang='lat' dir='ltr'><strong>illius</strong></span> <span class='ocrx_word' id='word_1_670' title='bbox 809 4851 987 4920; x_wconf 84' lang='lat' dir='ltr'><strong>pejora</strong></span> <span class='ocrx_word' id='word_1_671' title='bbox 1016 4853 1302 4920; x_wconf 88' lang='lat' dir='ltr'><strong>prioribus.</strong></span> <span class='ocrx_word' id='word_1_672' title='bbox 1340 4869 1358 4901; x_wconf 73' lang='grc' dir='ltr'>ι</span> <span class='ocrx_word' id='word_1_673' title='bbox 1404 4851 1526 4904; x_wconf 72' lang='lat' dir='ltr'><strong>llzee</strong></span> <span class='ocrx_word' id='word_1_674' title='bbox 1558 4852 1603 4904; x_wconf 92' lang='lat' dir='ltr'><strong>si</strong></span> <span class='ocrx_word' id='word_1_675' title='bbox 1629 4851 1991 4916; x_wconf 85' lang='lat' dir='ltr'><strong>advertamus,</strong></span> 
     </span>
    </p>
   </div>
   <div class='ocr_carea' id='block_1_84' title="bbox 451 4941 1990 5010">
    <p class='ocr_par' dir='ltr' id='par_1_84' title="bbox 451 4941 1990 5010">
     <span class='ocr_line' id='line_1_84' title="bbox 451 4941 1990 5010; baseline 0.001 -17"><span class='ocrx_word' id='word_1_676' title='bbox 451 4941 716 5008; x_wconf 89' lang='lat' dir='ltr'><strong>quomodo</strong></span> <span class='ocrx_word' id='word_1_677' title='bbox 741 4956 1024 5008; x_wconf 89' lang='lat' dir='ltr'><strong>possumus</strong></span> <span class='ocrx_word' id='word_1_678' title='bbox 1053 4942 1131 4994; x_wconf 91' lang='lat' dir='ltr'><strong>vel</strong></span> <span class='ocrx_word' id='word_1_679' title='bbox 1161 4942 1211 4993; x_wconf 93' lang='lat' dir='ltr'><strong>in</strong></span> <span class='ocrx_word' id='word_1_680' title='bbox 1238 4955 1403 5010; x_wconf 83' lang='lat' dir='ltr'><strong>parvo</strong></span> <span class='ocrx_word' id='word_1_681' title='bbox 1455 4941 1787 5009; x_wconf 53' lang='lat' dir='ltr'><strong>negligentia</strong></span> <span class='ocrx_word' id='word_1_682' title='bbox 1817 4941 1990 4996; x_wconf 86' lang='lat' dir='ltr'><strong>locum</strong></span> 
     </span>
    </p>
   </div>
   <div class='ocr_carea' id='block_1_85' title="bbox 451 5028 1993 5098">
    <p class='ocr_par' dir='ltr' id='par_1_85' title="bbox 451 5028 1993 5098">
     <span class='ocr_line' id='line_1_85' title="bbox 451 5028 1993 5098; baseline 0.001 -16"><span class='ocrx_word' id='word_1_683' title='bbox 451 5028 622 5082; x_wconf 77' lang='lat' dir='ltr'><strong>dare?</strong></span> <span class='ocrx_word' id='word_1_684' title='bbox 677 5028 948 5082; x_wconf 79' lang='lat' dir='ltr'><strong>Habitavit</strong></span> <span class='ocrx_word' id='word_1_685' title='bbox 993 5028 1103 5098; x_wconf 70' lang='grc'><strong>(52)</strong></span> <span class='ocrx_word' id='word_1_686' title='bbox 1169 5030 1309 5082; x_wconf 87' lang='lat' dir='ltr'><strong>enim</strong></span> <span class='ocrx_word' id='word_1_687' title='bbox 1366 5029 1418 5081; x_wconf 89' lang='lat' dir='ltr'><strong>in</strong></span> <span class='ocrx_word' id='word_1_688' title='bbox 1478 5029 1632 5082; x_wconf 88' lang='lat' dir='ltr'><strong>nobis</strong></span> <span class='ocrx_word' id='word_1_689' title='bbox 1687 5028 1993 5084; x_wconf 88' lang='lat' dir='ltr'><strong>immundus</strong></span> 
     </span>
    </p>
   </div>
   <div class='ocr_carea' id='block_1_86' title="bbox 452 5118 1994 5188">
    <p class='ocr_par' dir='ltr' id='par_1_86' title="bbox 452 5118 1994 5188">
     <span class='ocr_line' id='line_1_86' title="bbox 452 5118 1994 5188; baseline -0.002 -16"><span class='ocrx_word' id='word_1_690' title='bbox 452 5119 690 5188; x_wconf 81' lang='lat' dir='ltr'><strong>spiritus,</strong></span> <span class='ocrx_word' id='word_1_691' title='bbox 720 5128 1006 5185; x_wconf 85' lang='lat' dir='ltr'><strong>antequam</strong></span> <span class='ocrx_word' id='word_1_692' title='bbox 1052 5121 1410 5178; x_wconf 88' lang='lat' dir='ltr'><strong>crederemus,</strong></span> <span class='ocrx_word' id='word_1_693' title='bbox 1446 5123 1732 5184; x_wconf 86' lang='lat' dir='ltr'><strong>antequam</strong></span> <span class='ocrx_word' id='word_1_694' title='bbox 1785 5118 1994 5170; x_wconf 82' lang='lat' dir='ltr'><strong>venire-</strong></span> 
     </span>
    </p>
   </div>
   <div class='ocr_carea' id='block_1_87' title="bbox 2086 3167 3842 3241">
    <p class='ocr_par' dir='ltr' id='par_1_87' title="bbox 2086 3167 3842 3241">
     <span class='ocr_line' id='line_1_87' title="bbox 2086 3167 3842 3241; baseline 0.015 -26"><span class='ocrx_word' id='word_1_695' title='bbox 2086 3167 2314 3234; x_wconf 86' lang='lat' dir='ltr'><strong>portatis</strong></span> <span class='ocrx_word' id='word_1_696' title='bbox 2337 3180 2464 3219; x_wconf 87' lang='lat' dir='ltr'><strong>vasa</strong></span> <span class='ocrx_word' id='word_1_697' title='bbox 2505 3167 2742 3225; x_wconf 89' lang='lat' dir='ltr'><strong>Domini.</strong></span> <span class='ocrx_word' id='word_1_698' title='bbox 2777 3171 2976 3239; x_wconf 79' lang='lat' dir='ltr'><strong>Exite,</strong></span> <span class='ocrx_word' id='word_1_699' title='bbox 3023 3187 3092 3230; x_wconf 90' lang='lat' dir='ltr'><strong>et</strong></span> <span class='ocrx_word' id='word_1_700' title='bbox 3143 3180 3568 3238; x_wconf 83' lang='lat' dir='ltr'><strong>immundum</strong></span> <span class='ocrx_word' id='word_1_701' title='bbox 3642 3188 3842 3241; x_wconf 85' lang='lat' dir='ltr'><strong>nolite</strong></span> 
     </span>
    </p>
   </div>
   <div class='ocr_carea' id='block_1_88' title="bbox 2085 3258 3864 3336">
    <p class='ocr_par' dir='ltr' id='par_1_88' title="bbox 2085 3258 3864 3336">
     <span class='ocr_line' id='line_1_88' title="bbox 2085 3258 3864 3336; baseline 0.013 -27"><span class='ocrx_word' id='word_1_702' title='bbox 2085 3258 2415 3326; x_wconf 87' lang='lat' dir='ltr'><strong>contingere,</strong></span> <span class='ocrx_word' id='word_1_703' title='bbox 2453 3268 2508 3312; x_wconf 89' lang='lat' dir='ltr'><strong>et</strong></span> <span class='ocrx_word' id='word_1_704' title='bbox 2544 3275 2648 3328; x_wconf 87' lang='lat' dir='ltr'><strong>ego</strong></span> <span class='ocrx_word' id='word_1_705' title='bbox 2685 3264 2968 3331; x_wconf 85' lang='lat' dir='ltr'><strong>recipiam</strong></span> <span class='ocrx_word' id='word_1_706' title='bbox 3011 3285 3174 3336; x_wconf 89' lang='lat' dir='ltr'><strong>vos,</strong></span> <span class='ocrx_word' id='word_1_707' title='bbox 3247 3285 3310 3329; x_wconf 90' lang='lat' dir='ltr'><strong>et</strong></span> <span class='ocrx_word' id='word_1_708' title='bbox 3343 3288 3476 3328; x_wconf 82' lang='lat' dir='ltr'><strong>ero</strong></span> <span class='ocrx_word' id='word_1_709' title='bbox 3523 3278 3731 3334; x_wconf 72' lang='lat' dir='ltr'><strong>vobis</strong></span> <span class='ocrx_word' id='word_1_710' title='bbox 3789 3281 3864 3333; x_wconf 88' lang='lat' dir='ltr'><strong>in.</strong></span> 
     </span>
    </p>
   </div>
   <div class='ocr_carea' id='block_1_89' title="bbox 2087 3349 3860 3429">
    <p class='ocr_par' dir='ltr' id='par_1_89' title="bbox 2087 3349 3860 3429">
     <span class='ocr_line' id='line_1_89' title="bbox 2087 3349 3860 3429; baseline 0.013 -33"><span class='ocrx_word' id='word_1_711' title='bbox 2087 3355 2315 3412; x_wconf 90' lang='lat' dir='ltr'><strong>patrem,</strong></span> <span class='ocrx_word' id='word_1_712' title='bbox 2354 3355 2409 3400; x_wconf 89' lang='lat' dir='ltr'><strong>et</strong></span> <span class='ocrx_word' id='word_1_713' title='bbox 2441 3363 2535 3402; x_wconf 91' lang='lat' dir='ltr'><strong>vos</strong></span> <span class='ocrx_word' id='word_1_714' title='bbox 2566 3349 2727 3404; x_wconf 88' lang='lat' dir='ltr'><strong>eritis</strong></span> <span class='ocrx_word' id='word_1_715' title='bbox 2767 3353 2908 3406; x_wconf 90' lang='lat' dir='ltr'><strong>mihi</strong></span> <span class='ocrx_word' id='word_1_716' title='bbox 2959 3356 3023 3410; x_wconf 90' lang='lat' dir='ltr'><strong>in</strong></span> <span class='ocrx_word' id='word_1_717' title='bbox 3078 3361 3255 3416; x_wconf 86' lang='lat' dir='ltr'><strong>lilios</strong></span> <span class='ocrx_word' id='word_1_718' title='bbox 3306 3370 3356 3416; x_wconf 90' lang='lat' dir='ltr'><strong>et</strong></span> <span class='ocrx_word' id='word_1_719' title='bbox 3437 3365 3658 3429; x_wconf 78' lang='lat' dir='ltr'><strong>tilias,</strong></span> <span class='ocrx_word' id='word_1_720' title='bbox 3701 3369 3860 3419; x_wconf 85' lang='lat' dir='ltr'><strong>dicit</strong></span> 
     </span>
    </p>
   </div>
   <div class='ocr_carea' id='block_1_90' title="bbox 2090 3433 3858 3514">
    <p class='ocr_par' dir='ltr' id='par_1_90' title="bbox 2090 3433 3858 3514">
     <span class='ocr_line' id='line_1_90' title="bbox 2090 3433 3858 3514; baseline 0.011 -29"><span class='ocrx_word' id='word_1_721' title='bbox 2090 3433 2342 3487; x_wconf 87' lang='lat' dir='ltr'><strong>Dominus</strong></span> <span class='ocrx_word' id='word_1_722' title='bbox 2378 3435 2746 3502; x_wconf 90' lang='lat' dir='ltr'><strong>omnipotens.</strong></span> <span class='ocrx_word' id='word_1_723' title='bbox 2795 3457 2814 3489; x_wconf 77' lang='grc' dir='ltr'>ι</span> <span class='ocrx_word' id='word_1_724' title='bbox 2884 3438 3246 3511; x_wconf 82' lang='lat' dir='ltr'><strong>Propterea</strong></span> <span class='ocrx_word' id='word_1_725' title='bbox 3293 3462 3458 3514; x_wconf 79' lang='lat' dir='ltr'><strong>ergo</strong></span> <span class='ocrx_word' id='word_1_726' title='bbox 3541 3451 3794 3505; x_wconf 73' lang='lat' dir='ltr'><strong>dicit&quot;</strong></span> <span class='ocrx_word' id='word_1_727' title='bbox 3842 3469 3858 3504; x_wconf 90' lang='lat'>:</span> 
     </span>
    </p>
   </div>
   <div class='ocr_carea' id='block_1_91' title="bbox 2093 3521 3864 3602">
    <p class='ocr_par' dir='ltr' id='par_1_91' title="bbox 2093 3521 3864 3602">
     <span class='ocr_line' id='line_1_91' title="bbox 2093 3521 3864 3602; baseline 0.011 -28"><span class='ocrx_word' id='word_1_728' title='bbox 2093 3539 2112 3572; x_wconf 70' lang='grc' dir='ltr'><strong><em>ο</em></strong></span> <span class='ocrx_word' id='word_1_729' title='bbox 2147 3521 2260 3576; x_wconf 76' lang='lat' dir='ltr'><strong>Non</strong></span> <span class='ocrx_word' id='word_1_730' title='bbox 2299 3532 2458 3577; x_wconf 83' lang='lat' dir='ltr'><strong>erunt</strong></span> <span class='ocrx_word' id='word_1_731' title='bbox 2496 3524 2589 3578; x_wconf 90' lang='lat' dir='ltr'><strong>tibi</strong></span> <span class='ocrx_word' id='word_1_732' title='bbox 2630 3526 2705 3580; x_wconf 89' lang='lat' dir='ltr'><strong>dii</strong></span> <span class='ocrx_word' id='word_1_733' title='bbox 2754 3527 2848 3580; x_wconf 92' lang='lat' dir='ltr'><strong>alii</strong></span> <span class='ocrx_word' id='word_1_734' title='bbox 2878 3541 3116 3597; x_wconf 72' lang='lat' dir='ltr'><strong>praeter</strong></span> <span class='ocrx_word' id='word_1_735' title='bbox 3156 3552 3287 3602; x_wconf 85' lang='lat' dir='ltr'><strong>me,</strong></span> <span class='ocrx_word' id='word_1_736' title='bbox 3315 3553 3443 3591; x_wconf 87' lang='lat' dir='ltr'><strong>nec</strong></span> <span class='ocrx_word' id='word_1_737' title='bbox 3481 3539 3710 3595; x_wconf 80' lang='lat' dir='ltr'><strong>facies</strong></span> <span class='ocrx_word' id='word_1_738' title='bbox 3752 3543 3864 3594; x_wconf 80' lang='lat' dir='ltr'><strong>tibi</strong></span> 
     </span>
    </p>
   </div>
   <div class='ocr_carea' id='block_1_92' title="bbox 2090 3611 3870 3702">
    <p class='ocr_par' dir='ltr' id='par_1_92' title="bbox 2090 3611 3870 3702">
     <span class='ocr_line' id='line_1_92' title="bbox 2090 3611 3870 3702; baseline 0.012 -37"><span class='ocrx_word' id='word_1_739' title='bbox 2090 3613 2188 3680; x_wconf 88' lang='lat' dir='ltr'><strong>ipsi</strong></span> <span class='ocrx_word' id='word_1_740' title='bbox 2227 3611 2448 3676; x_wconf 91' lang='lat' dir='ltr'><strong>idolum,</strong></span> <span class='ocrx_word' id='word_1_741' title='bbox 2479 3628 2655 3682; x_wconf 83' lang='lat' dir='ltr'><strong>neque</strong></span> <span class='ocrx_word' id='word_1_742' title='bbox 2686 3616 3151 3678; x_wconf 85' lang='lat' dir='ltr'><strong>similitudinem</strong></span> <span class='ocrx_word' id='word_1_743' title='bbox 3184 3629 3368 3682; x_wconf 86' lang='lat' dir='ltr'><strong>ullam</strong></span> <span class='ocrx_word' id='word_1_744' title='bbox 3422 3643 3870 3702; x_wconf 60' lang='lat' dir='ltr'><strong>quaecunque</strong></span> 
     </span>
    </p>
   </div>
   <div class='ocr_carea' id='block_1_93' title="bbox 2089 3702 3870 3791">
    <p class='ocr_par' dir='ltr' id='par_1_93' title="bbox 2089 3702 3870 3791">
     <span class='ocr_line' id='line_1_93' title="bbox 2089 3702 3870 3791; baseline 0.012 -37"><span class='ocrx_word' id='word_1_745' title='bbox 2089 3702 2142 3756; x_wconf 92' lang='lat' dir='ltr'><strong>in</strong></span> <span class='ocrx_word' id='word_1_746' title='bbox 2183 3703 2319 3756; x_wconf 62' lang='lat' dir='ltr'><strong>casio</strong></span> <span class='ocrx_word' id='word_1_747' title='bbox 2351 3711 2500 3770; x_wconf 89' lang='lat' dir='ltr'><strong>sunt,</strong></span> <span class='ocrx_word' id='word_1_748' title='bbox 2541 3713 2597 3758; x_wconf 88' lang='lat' dir='ltr'><strong>et</strong></span> <span class='ocrx_word' id='word_1_749' title='bbox 2644 3720 3018 3777; x_wconf 68' lang='lat' dir='ltr'><strong>quaecunque</strong></span> <span class='ocrx_word' id='word_1_750' title='bbox 3065 3714 3131 3768; x_wconf 90' lang='lat' dir='ltr'><strong>in</strong></span> <span class='ocrx_word' id='word_1_751' title='bbox 3200 3726 3394 3780; x_wconf 80' lang='lat' dir='ltr'><strong>terra,</strong></span> <span class='ocrx_word' id='word_1_752' title='bbox 3452 3729 3535 3773; x_wconf 84' lang='lat' dir='ltr'><strong>et</strong></span> <span class='ocrx_word' id='word_1_753' title='bbox 3586 3737 3748 3791; x_wconf 70' lang='lat' dir='ltr'><strong>qua:</strong></span> <span class='ocrx_word' id='word_1_754' title='bbox 3804 3723 3870 3776; x_wconf 91' lang='lat' dir='ltr'><strong>iu</strong></span> 
     </span>
    </p>
   </div>
   <div class='ocr_carea' id='block_1_94' title="bbox 2089 3792 3543 3867">
    <p class='ocr_par' dir='ltr' id='par_1_94' title="bbox 2089 3792 3543 3867">
     <span class='ocr_line' id='line_1_94' title="bbox 2089 3792 3543 3867; baseline 0.004 -24"><span class='ocrx_word' id='word_1_755' title='bbox 2089 3792 2262 3858; x_wconf 80' lang='lat' dir='ltr'><strong>aquis,</strong></span> <span class='ocrx_word' id='word_1_756' title='bbox 2300 3805 2406 3844; x_wconf 90' lang='lat' dir='ltr'><strong>non</strong></span> <span class='ocrx_word' id='word_1_757' title='bbox 2445 3792 2700 3848; x_wconf 85' lang='lat' dir='ltr'><strong>adorabis</strong></span> <span class='ocrx_word' id='word_1_758' title='bbox 2737 3807 2828 3859; x_wconf 88' lang='lat' dir='ltr'><strong>ea,</strong></span> <span class='ocrx_word' id='word_1_759' title='bbox 2875 3811 3084 3867; x_wconf 86' lang='lat' dir='ltr'><strong>neque</strong></span> <span class='ocrx_word' id='word_1_760' title='bbox 3124 3805 3306 3861; x_wconf 90' lang='lat' dir='ltr'><strong>coles</strong></span> <span class='ocrx_word' id='word_1_761' title='bbox 3327 3819 3458 3862; x_wconf 55' lang='grc' dir='ltr'><strong>εει,</strong></span> <span class='ocrx_word' id='word_1_762' title='bbox 3511 3825 3543 3861; x_wconf 64' lang='grc' dir='ltr'><strong><em>ι</em></strong></span> 
     </span>
    </p>
   </div>
   <div class='ocr_carea' id='block_1_95' title="bbox 2159 3879 3870 3966">
    <p class='ocr_par' dir='ltr' id='par_1_95' title="bbox 2159 3879 3870 3966">
     <span class='ocr_line' id='line_1_95' title="bbox 2159 3879 3870 3966; baseline 0.016 -34"><span class='ocrx_word' id='word_1_763' title='bbox 2159 3879 2260 3933; x_wconf 63' lang='lat'><strong>5.:</strong></span> <span class='ocrx_word' id='word_1_764' title='bbox 2295 3879 2403 3948; x_wconf 85' lang='lat' dir='ltr'><strong>Ego</strong></span> <span class='ocrx_word' id='word_1_765' title='bbox 2440 3881 2586 3933; x_wconf 90' lang='lat' dir='ltr'><strong>enim</strong></span> <span class='ocrx_word' id='word_1_766' title='bbox 2651 3897 2773 3937; x_wconf 89' lang='lat' dir='ltr'><strong>sum</strong></span> <span class='ocrx_word' id='word_1_767' title='bbox 2823 3884 3124 3946; x_wconf 87' lang='lat' dir='ltr'><strong>Dominus</strong></span> <span class='ocrx_word' id='word_1_768' title='bbox 3163 3894 3328 3951; x_wconf 88' lang='lat' dir='ltr'><strong>Deus</strong></span> <span class='ocrx_word' id='word_1_769' title='bbox 3404 3909 3616 3966; x_wconf 84' lang='lat' dir='ltr'><strong>tuus,</strong></span> <span class='ocrx_word' id='word_1_770' title='bbox 3694 3904 3870 3958; x_wconf 81' lang='lat' dir='ltr'><strong>Deus</strong></span> 
     </span>
    </p>
   </div>
   <div class='ocr_carea' id='block_1_96' title="bbox 2091 3968 3868 4055">
    <p class='ocr_par' dir='ltr' id='par_1_96' title="bbox 2091 3968 3868 4055">
     <span class='ocr_line' id='line_1_96' title="bbox 2091 3968 3868 4055; baseline 0.015 -34"><span class='ocrx_word' id='word_1_771' title='bbox 2091 3969 2276 4055; x_wconf 83' lang='lat' dir='ltr'><strong>zelans</strong></span> <span class='ocrx_word' id='word_1_772' title='bbox 2309 3968 2374 4021; x_wconf 71' lang='grc'><strong>⁷⁸.</strong></span> <span class='ocrx_word' id='word_1_773' title='bbox 2419 3987 2440 4020; x_wconf 76' lang='grc' dir='ltr'><strong><em>ι</em></strong></span> <span class='ocrx_word' id='word_1_774' title='bbox 2493 3970 2629 4026; x_wconf 76' lang='lat' dir='ltr'><strong>Vide</strong></span> <span class='ocrx_word' id='word_1_775' title='bbox 2700 3972 3136 4041; x_wconf 76' lang='lat' dir='ltr'><strong>benignitatem</strong></span> <span class='ocrx_word' id='word_1_776' title='bbox 3188 3983 3320 4051; x_wconf 88' lang='lat' dir='ltr'><strong>Dei,</strong></span> <span class='ocrx_word' id='word_1_777' title='bbox 3371 3994 3749 4055; x_wconf 85' lang='lat' dir='ltr'><strong>quomodo</strong></span> <span class='ocrx_word' id='word_1_778' title='bbox 3800 4005 3868 4047; x_wconf 83' lang='lat' dir='ltr'><strong>ut</strong></span> 
     </span>
    </p>
   </div>
   <div class='ocr_carea' id='block_1_97' title="bbox 2091 4054 3859 4148">
    <p class='ocr_par' dir='ltr' id='par_1_97' title="bbox 2091 4054 3859 4148">
     <span class='ocr_line' id='line_1_97' title="bbox 2091 4054 3859 4148; baseline 0.009 -41"><span class='ocrx_word' id='word_1_779' title='bbox 2091 4068 2188 4148; x_wconf 78' lang='lat' dir='ltr'><strong>nos</strong></span> <span class='ocrx_word' id='word_1_780' title='bbox 2225 4054 2432 4117; x_wconf 88' lang='lat' dir='ltr'><strong>doceat,</strong></span> <span class='ocrx_word' id='word_1_781' title='bbox 2471 4063 2526 4108; x_wconf 91' lang='lat' dir='ltr'><strong>et</strong></span> <span class='ocrx_word' id='word_1_782' title='bbox 2565 4055 2844 4123; x_wconf 81' lang='lat' dir='ltr'><strong>perfectos</strong></span> <span class='ocrx_word' id='word_1_783' title='bbox 2886 4060 3084 4118; x_wconf 78' lang='lat' dir='ltr'><strong>faciat</strong></span> <span class='ocrx_word' id='word_1_784' title='bbox 3114 4107 3134 4131; x_wconf 93' lang='lat'><strong>,</strong></span> <span class='ocrx_word' id='word_1_785' title='bbox 3209 4072 3332 4142; x_wconf 80' lang='lat' dir='ltr'><strong>ipse</strong></span> <span class='ocrx_word' id='word_1_786' title='bbox 3388 4054 3859 4148; x_wconf 56' lang='lat' dir='ltr'><strong>fragilium...</strong></span> 
     </span>
    </p>
   </div>
   <div class='ocr_carea' id='block_1_98' title="bbox 2092 4142 3862 4232">
    <p class='ocr_par' dir='ltr' id='par_1_98' title="bbox 2092 4142 3862 4232">
     <span class='ocr_line' id='line_1_98' title="bbox 2092 4142 3862 4232; baseline 0.018 -37"><span class='ocrx_word' id='word_1_787' title='bbox 2092 4142 2445 4196; x_wconf 89' lang='lat' dir='ltr'><strong>humanorum</strong></span> <span class='ocrx_word' id='word_1_788' title='bbox 2494 4159 2602 4198; x_wconf 91' lang='lat' dir='ltr'><strong>non</strong></span> <span class='ocrx_word' id='word_1_789' title='bbox 2670 4157 2898 4203; x_wconf 87' lang='lat' dir='ltr'><strong>recusat</strong></span> <span class='ocrx_word' id='word_1_790' title='bbox 2959 4152 3327 4216; x_wconf 80' lang='lat' dir='ltr'><strong>aﬂ‘eetuum.</strong></span> <span class='ocrx_word' id='word_1_791' title='bbox 3409 4142 3608 4232; x_wconf 66' lang='lat' dir='ltr'><strong>Quis</strong></span> <span class='ocrx_word' id='word_1_792' title='bbox 3679 4173 3862 4225; x_wconf 85' lang='lat' dir='ltr'><strong>enim</strong></span> 
     </span>
    </p>
   </div>
   <div class='ocr_carea' id='block_1_99' title="bbox 2092 4232 3856 4325">
    <p class='ocr_par' dir='ltr' id='par_1_99' title="bbox 2092 4232 3856 4325">
     <span class='ocr_line' id='line_1_99' title="bbox 2092 4232 3856 4325; baseline 0.018 -41"><span class='ocrx_word' id='word_1_793' title='bbox 2092 4233 2317 4287; x_wconf 89' lang='lat' dir='ltr'><strong>audiens</strong></span> <span class='ocrx_word' id='word_1_794' title='bbox 2355 4232 2520 4288; x_wconf 89' lang='lat' dir='ltr'><strong>Deum</strong></span> <span class='ocrx_word' id='word_1_795' title='bbox 2560 4234 2834 4291; x_wconf 85' lang='lat' dir='ltr'><strong>zelantem</strong></span> <span class='ocrx_word' id='word_1_796' title='bbox 2878 4254 3001 4296; x_wconf 88' lang='lat' dir='ltr'><strong>non</strong></span> <span class='ocrx_word' id='word_1_797' title='bbox 3044 4251 3346 4306; x_wconf 86' lang='lat' dir='ltr'><strong>continuo</strong></span> <span class='ocrx_word' id='word_1_798' title='bbox 3407 4259 3746 4325; x_wconf 85' lang='lat' dir='ltr'><strong>miretur,</strong></span> <span class='ocrx_word' id='word_1_799' title='bbox 3790 4273 3856 4319; x_wconf 81' lang='lat' dir='ltr'><strong>et</strong></span> 
     </span>
    </p>
   </div>
   <div class='ocr_carea' id='block_1_100' title="bbox 2096 4322 3852 4406">
    <p class='ocr_par' dir='ltr' id='par_1_100' title="bbox 2096 4322 3852 4406">
     <span class='ocr_line' id='line_1_100' title="bbox 2096 4322 3852 4406; baseline 0.018 -33"><span class='ocrx_word' id='word_1_800' title='bbox 2096 4323 2342 4376; x_wconf 78' lang='lat' dir='ltr'><strong>humana:</strong></span> <span class='ocrx_word' id='word_1_801' title='bbox 2400 4322 2722 4392; x_wconf 80' lang='lat' dir='ltr'><strong>fragilitatis</strong></span> <span class='ocrx_word' id='word_1_802' title='bbox 2793 4328 3006 4385; x_wconf 84' lang='lat' dir='ltr'><strong>vitium</strong></span> <span class='ocrx_word' id='word_1_803' title='bbox 3078 4342 3306 4404; x_wconf 74' lang='lat' dir='ltr'><strong>putet?</strong></span> <span class='ocrx_word' id='word_1_804' title='bbox 3397 4344 3553 4402; x_wconf 81' lang='lat' dir='ltr'><strong>Sed</strong></span> <span class='ocrx_word' id='word_1_805' title='bbox 3631 4322 3852 4406; x_wconf 74' lang='lat' dir='ltr'><strong>omnia</strong></span> 
     </span>
    </p>
   </div>
   <div class='ocr_carea' id='block_1_101' title="bbox 3261 4442 3844 4508">
    <p class='ocr_par' dir='ltr' id='par_1_101' title="bbox 3261 4442 3844 4508">
     <span class='ocr_line' id='line_1_101' title="bbox 3261 4442 3844 4508; baseline 0.021 -21"><span class='ocrx_word' id='word_1_806' title='bbox 3261 4442 3318 4488; x_wconf 84' lang='lat' dir='ltr'><strong>et</strong></span> <span class='ocrx_word' id='word_1_807' title='bbox 3367 4451 3414 4488; x_wconf 81' lang='grc' dir='ltr'><strong>υ</strong></span> <span class='ocrx_word' id='word_1_808' title='bbox 3427 4447 3456 4491; x_wconf 90' lang='grc' dir='ltr'><strong>ι</strong></span> <span class='ocrx_word' id='word_1_809' title='bbox 3503 4445 3844 4508; x_wconf 83' lang='lat' dir='ltr'><strong>possimus</strong></span> 
     </span>
    </p>
   </div>
   <div class='ocr_carea' id='block_1_102' title="bbox 2092 4498 3843 4596">
    <p class='ocr_par' dir='ltr' id='par_1_102' title="bbox 2092 4498 3843 4596">
     <span class='ocr_line' id='line_1_102' title="bbox 2092 4498 3843 4596; baseline 0.018 -46"><span class='ocrx_word' id='word_1_810' title='bbox 2092 4498 2325 4561; x_wconf 83' lang='lat' dir='ltr'><strong>edoceri,</strong></span> <span class='ocrx_word' id='word_1_811' title='bbox 2361 4500 2500 4553; x_wconf 89' lang='lat' dir='ltr'><strong>notis</strong></span> <span class='ocrx_word' id='word_1_812' title='bbox 2533 4509 2588 4553; x_wconf 90' lang='lat' dir='ltr'><strong>et</strong></span> <span class='ocrx_word' id='word_1_813' title='bbox 2622 4501 2843 4556; x_wconf 86' lang='lat' dir='ltr'><strong>usitatis</strong></span> <span class='ocrx_word' id='word_1_814' title='bbox 2886 4504 3223 4570; x_wconf 69' lang='lat' dir='ltr'><strong>affectibus</strong></span> <span class='ocrx_word' id='word_1_815' title='bbox 3259 4519 3460 4576; x_wconf 81' lang='lat' dir='ltr'><strong>nobis</strong></span> <span class='ocrx_word' id='word_1_816' title='bbox 3504 4498 3843 4596; x_wconf 63' lang='lat' dir='ltr'><strong>loquitur.</strong></span> 
     </span>
    </p>
   </div>
   <div class='ocr_carea' id='block_1_103' title="bbox 2094 4588 3834 4691">
    <p class='ocr_par' dir='ltr' id='par_1_103' title="bbox 2094 4588 3834 4691">
     <span class='ocr_line' id='line_1_103' title="bbox 2094 4588 3834 4691; baseline 0.022 -51"><span class='ocrx_word' id='word_1_817' title='bbox 2094 4588 2389 4691; x_wconf 51' lang='lat' dir='ltr'><strong>Iideamus</strong></span> <span class='ocrx_word' id='word_1_818' title='bbox 2428 4606 2560 4658; x_wconf 84' lang='lat' dir='ltr'><strong>ergo</strong></span> <span class='ocrx_word' id='word_1_819' title='bbox 2611 4593 2742 4657; x_wconf 90' lang='lat' dir='ltr'><strong>quid</strong></span> <span class='ocrx_word' id='word_1_820' title='bbox 2791 4607 2878 4691; x_wconf 61' lang='lat' dir='ltr'><strong>est</strong></span> <span class='ocrx_word' id='word_1_821' title='bbox 2911 4687 2922 4691; x_wconf 24' lang='grc' dir='ltr'><strong>Α</strong></span> <span class='ocrx_word' id='word_1_822' title='bbox 2960 4598 3081 4656; x_wconf 84' lang='lat' dir='ltr'><strong>boc</strong></span> <span class='ocrx_word' id='word_1_823' title='bbox 3167 4611 3326 4676; x_wconf 89' lang='lat' dir='ltr'><strong>quod</strong></span> <span class='ocrx_word' id='word_1_824' title='bbox 3429 4588 3633 4684; x_wconf 62' lang='lat' dir='ltr'><strong>dicit:</strong></span> <span class='ocrx_word' id='word_1_825' title='bbox 3684 4625 3834 4691; x_wconf 83' lang='lat' dir='ltr'><strong>quia</strong></span> 
     </span>
    </p>
   </div>
   <div class='ocr_carea' id='block_1_104' title="bbox 2059 4675 3835 4768">
    <p class='ocr_par' dir='ltr' id='par_1_104' title="bbox 2059 4675 3835 4768">
     <span class='ocr_line' id='line_1_104' title="bbox 2059 4675 3835 4768; baseline 0.021 -40"><span class='ocrx_word' id='word_1_826' title='bbox 2059 4675 2236 4742; x_wconf 53' lang='lat' dir='ltr'><strong>,Deus</strong></span> <span class='ocrx_word' id='word_1_827' title='bbox 2273 4678 2452 4733; x_wconf 84' lang='lat' dir='ltr'><strong>zelans</strong></span> <span class='ocrx_word' id='word_1_828' title='bbox 2488 4696 2586 4750; x_wconf 87' lang='lat' dir='ltr'><strong>ego</strong></span> <span class='ocrx_word' id='word_1_829' title='bbox 2615 4695 2762 4736; x_wconf 91' lang='lat' dir='ltr'><strong>sum.</strong></span> <span class='ocrx_word' id='word_1_830' title='bbox 2810 4685 2924 4739; x_wconf 88' lang='lat' dir='ltr'><strong>Sed</strong></span> <span class='ocrx_word' id='word_1_831' title='bbox 2969 4700 3038 4744; x_wconf 92' lang='lat' dir='ltr'><strong>ut</strong></span> <span class='ocrx_word' id='word_1_832' title='bbox 3083 4675 3524 4768; x_wconf 80' lang='lat' dir='ltr'><strong>contemplari</strong></span> <span class='ocrx_word' id='word_1_833' title='bbox 3581 4675 3835 4766; x_wconf 57' lang='lat' dir='ltr'><strong>foci-lius</strong></span> 
     </span>
    </p>
   </div>
   <div class='ocr_carea' id='block_1_105' title="bbox 2094 4767 3823 4873">
    <p class='ocr_par' dir='ltr' id='par_1_105' title="bbox 2094 4767 3823 4873">
     <span class='ocr_line' id='line_1_105' title="bbox 2094 4767 3823 4873; baseline 0.026 -57"><span class='ocrx_word' id='word_1_834' title='bbox 2094 4767 2302 4866; x_wconf 77' lang='lat' dir='ltr'><strong>possint</strong></span> <span class='ocrx_word' id='word_1_835' title='bbox 2341 4768 2544 4834; x_wconf 88' lang='lat' dir='ltr'><strong>divina,</strong></span> <span class='ocrx_word' id='word_1_836' title='bbox 2613 4771 2679 4825; x_wconf 85' lang='lat' dir='ltr'><strong>(le</strong></span> <span class='ocrx_word' id='word_1_837' title='bbox 2726 4772 3035 4844; x_wconf 84' lang='lat' dir='ltr'><strong>humanis,</strong></span> <span class='ocrx_word' id='word_1_838' title='bbox 3099 4767 3460 4850; x_wconf 80' lang='lat' dir='ltr'><strong>secundum</strong></span> <span class='ocrx_word' id='word_1_839' title='bbox 3541 4814 3620 4855; x_wconf 78' lang='lat' dir='ltr'><strong>ea</strong></span> <span class='ocrx_word' id='word_1_840' title='bbox 3689 4821 3823 4873; x_wconf 71' lang='lat' dir='ltr'><strong>qua:</strong></span> 
     </span>
    </p>
   </div>
   <div class='ocr_carea' id='block_1_106' title="bbox 2096 4854 3823 4948">
    <p class='ocr_par' dir='ltr' id='par_1_106' title="bbox 2096 4854 3823 4948">
     <span class='ocr_line' id='line_1_106' title="bbox 2096 4854 3823 4948; baseline 0.024 -42"><span class='ocrx_word' id='word_1_841' title='bbox 2096 4854 2345 4921; x_wconf 90' lang='lat' dir='ltr'><strong>superius</strong></span> <span class='ocrx_word' id='word_1_842' title='bbox 2384 4857 2766 4922; x_wconf 89' lang='lat' dir='ltr'><strong>disseruimus,</strong></span> <span class='ocrx_word' id='word_1_843' title='bbox 2805 4864 3139 4925; x_wconf 82' lang='lat' dir='ltr'><strong>doceamur</strong></span> <span class='ocrx_word' id='word_1_844' title='bbox 3179 4883 3527 4948; x_wconf 82' lang='lat' dir='ltr'><strong>exemplis.</strong></span> 
     </span>
    </p>
   </div>
   <div class='ocr_carea' id='block_1_107' title="bbox 2095 4943 3803 5048">
    <p class='ocr_par' dir='ltr' id='par_1_107' title="bbox 2095 4943 3803 5048">
     <span class='ocr_line' id='line_1_107' title="bbox 2095 4943 3803 5048; baseline 0.025 -53"><span class='ocrx_word' id='word_1_845' title='bbox 2095 4943 2285 4996; x_wconf 88' lang='lat' dir='ltr'><strong>mulier</strong></span> <span class='ocrx_word' id='word_1_846' title='bbox 2324 4953 2415 4998; x_wconf 86' lang='lat' dir='ltr'><strong>aut</strong></span> <span class='ocrx_word' id='word_1_847' title='bbox 2451 4947 2553 5000; x_wconf 91' lang='lat' dir='ltr'><strong>sub</strong></span> <span class='ocrx_word' id='word_1_848' title='bbox 2589 4947 2706 5001; x_wconf 90' lang='lat' dir='ltr'><strong>viro</strong></span> <span class='ocrx_word' id='word_1_849' title='bbox 2729 4959 2818 5004; x_wconf 89' lang='lat' dir='ltr'><strong>est</strong></span> <span class='ocrx_word' id='word_1_850' title='bbox 2858 4964 2918 5007; x_wconf 89' lang='lat' dir='ltr'><strong>ct</strong></span> <span class='ocrx_word' id='word_1_851' title='bbox 2951 4959 3232 5026; x_wconf 85' lang='lat' dir='ltr'><strong>subjecta</strong></span> <span class='ocrx_word' id='word_1_852' title='bbox 3303 4943 3566 5040; x_wconf 62' lang='lat' dir='ltr'><strong>legibus</strong></span> <span class='ocrx_word' id='word_1_853' title='bbox 3644 4943 3803 5048; x_wconf 44' lang='grc' dir='ltr'><strong>ι’ἰτῖς</strong></span> 
     </span>
    </p>
   </div>
   <div class='ocr_carea' id='block_1_108' title="bbox 2095 5034 3808 5141">
    <p class='ocr_par' dir='ltr' id='par_1_108' title="bbox 2095 5034 3808 5141">
     <span class='ocr_line' id='line_1_108' title="bbox 2095 5034 3808 5141; baseline 0.029 -59"><span class='ocrx_word' id='word_1_854' title='bbox 2095 5041 2186 5083; x_wconf 90' lang='lat' dir='ltr'><strong>aut</strong></span> <span class='ocrx_word' id='word_1_855' title='bbox 2217 5034 2476 5141; x_wconf 52' lang='lat' dir='ltr'><strong>ineretrif</strong></span> <span class='ocrx_word' id='word_1_856' title='bbox 2509 5044 2609 5099; x_wconf 89' lang='lat' dir='ltr'><strong>est,</strong></span> <span class='ocrx_word' id='word_1_857' title='bbox 2651 5047 2710 5141; x_wconf 75' lang='lat' dir='ltr'><strong>et</strong></span> <span class='ocrx_word' id='word_1_858' title='bbox 2742 5042 2926 5098; x_wconf 90' lang='lat' dir='ltr'><strong>utitur</strong></span> <span class='ocrx_word' id='word_1_859' title='bbox 2970 5047 3265 5112; x_wconf 82' lang='lat' dir='ltr'><strong>libertate</strong></span> <span class='ocrx_word' id='word_1_860' title='bbox 3302 5034 3658 5130; x_wconf 52' lang='lat' dir='ltr'><strong>peccandi.</strong></span> 
     </span>
    </p>
   </div>
   <div class='ocr_carea' id='block_1_109' title="bbox 2095 5121 3795 5222">
    <p class='ocr_par' dir='ltr' id='par_1_109' title="bbox 2095 5121 3795 5222">
     <span class='ocr_line' id='line_1_109' title="bbox 2095 5121 3795 5222; baseline 0.03 -50"><span class='ocrx_word' id='word_1_861' title='bbox 2095 5133 2222 5188; x_wconf 90' lang='lat' dir='ltr'><strong>ergo</strong></span> <span class='ocrx_word' id='word_1_862' title='bbox 2263 5121 2568 5191; x_wconf 87' lang='lat' dir='ltr'><strong>ingreditur</strong></span> <span class='ocrx_word' id='word_1_863' title='bbox 2614 5127 2683 5180; x_wconf 84' lang='lat' dir='ltr'><strong>ad</strong></span> <span class='ocrx_word' id='word_1_864' title='bbox 2730 5139 3104 5196; x_wconf 87' lang='lat' dir='ltr'><strong>meretricem</strong></span> <span class='ocrx_word' id='word_1_865' title='bbox 3145 5185 3163 5211; x_wconf 89' lang='lat'><strong>,</strong></span> <span class='ocrx_word' id='word_1_866' title='bbox 3230 5121 3347 5207; x_wconf 76' lang='lat' dir='ltr'><strong>scit</strong></span> <span class='ocrx_word' id='word_1_867' title='bbox 3401 5168 3482 5210; x_wconf 87' lang='lat' dir='ltr'><strong>se</strong></span> 
     </span>
    </p>
   </div>
   <div class='ocr_carea' id='block_1_110' title="bbox 522 5227 2071 5321">
    <p class='ocr_par' dir='ltr' id='par_1_110' title="bbox 522 5227 2060 5321">
     <span class='ocr_line' id='line_1_110' title="bbox 522 5227 2060 5321; baseline -0.002 -35"><span class='ocrx_word' id='word_1_868' title='bbox 522 5235 566 5266; x_wconf 75' lang='lat'><strong>“</strong></span> <span class='ocrx_word' id='word_1_869' title='bbox 593 5233 830 5321; x_wconf 42' lang='grc' dir='ltr'><strong>Ιξςίξιίλιι,</strong></span> <span class='ocrx_word' id='word_1_870' title='bbox 859 5233 944 5285; x_wconf 67' lang='grc'><strong>14.</strong></span> <span class='ocrx_word' id='word_1_871' title='bbox 1018 5231 1150 5321; x_wconf 75' lang='grc' dir='ltr'><strong>ιιι</strong></span> <span class='ocrx_word' id='word_1_872' title='bbox 1177 5230 1599 5321; x_wconf 43' lang='grc' dir='ltr'><strong>[ἶςβηξνΙιιιὶίᾷι.</strong></span> <span class='ocrx_word' id='word_1_873' title='bbox 1621 5227 1985 5321; x_wconf 29' lang='grc' dir='ltr'><strong>π’ξιῖιιηροινζι,</strong></span> <span class='ocrx_word' id='word_1_874' title='bbox 2009 5233 2060 5287; x_wconf 91' lang='lat'><strong>8.</strong></span> 
     </span>
    </p>
   </div>
   <div class='ocr_carea' id='block_1_111' title="bbox 1493 5227 3042 5321">
    <p class='ocr_par' dir='ltr' id='par_1_111' title="bbox 1493 5227 3042 5321">
     <span class='ocr_line' id='line_1_111' title="bbox 1493 5227 3042 5321; baseline -0.005 4"><span class='ocrx_word' id='word_1_875' title='bbox 1493 5230 1599 5321; x_wconf 64' lang='lat'><strong>3&quot;</strong></span> <span class='ocrx_word' id='word_1_876' title='bbox 1621 5227 1985 5321; x_wconf 56' lang='grc' dir='ltr'><strong>,ἐξιὲπροῑξιν</strong></span> <span class='ocrx_word' id='word_1_877' title='bbox 2007 5233 2060 5321; x_wconf 63' lang='grc' dir='ltr'><strong>β.-</strong></span> <span class='ocrx_word' id='word_1_878' title='bbox 2208 5235 2479 5321; x_wconf 58' lang='lat' dir='ltr'><strong>Three-.1»</strong></span> <span class='ocrx_word' id='word_1_879' title='bbox 2501 5243 2575 5321; x_wconf 62' lang='lat'><strong>2:-</strong></span> <span class='ocrx_word' id='word_1_880' title='bbox 2610 5244 2675 5321; x_wconf 74' lang='lat' dir='ltr'><strong>-f&quot;</strong></span> <span class='ocrx_word' id='word_1_881' title='bbox 2701 5244 2875 5321; x_wconf 59' lang='lat' dir='ltr'><strong>Osee.</strong></span> <span class='ocrx_word' id='word_1_882' title='bbox 2901 5270 2964 5321; x_wconf 84' lang='grc' dir='ltr'><strong>ιι,</strong></span> <span class='ocrx_word' id='word_1_883' title='bbox 3007 5259 3042 5313; x_wconf 77' lang='lat'><strong>5</strong></span> 
     </span>
    </p>
   </div>
   <div class='ocr_carea' id='block_1_112' title="bbox 452 5300 1102 5364">
    <p class='ocr_par' dir='ltr' id='par_1_112' title="bbox 452 5300 1102 5364">
     <span class='ocr_line' id='line_1_112' title="bbox 452 5300 1102 5364; baseline -0.009 -7"><span class='ocrx_word' id='word_1_884' title='bbox 452 5301 538 5356; x_wconf 66' lang='lat'><strong>36.</strong></span> <span class='ocrx_word' id='word_1_885' title='bbox 613 5300 720 5353; x_wconf 81' lang='lat' dir='ltr'><strong>&quot;ll</strong></span> <span class='ocrx_word' id='word_1_886' title='bbox 741 5301 862 5355; x_wconf 88' lang='lat' dir='ltr'><strong>Cor.</strong></span> <span class='ocrx_word' id='word_1_887' title='bbox 903 5315 976 5364; x_wconf 69' lang='lat' dir='ltr'><strong>VI,</strong></span> <span class='ocrx_word' id='word_1_888' title='bbox 1017 5301 1102 5354; x_wconf 77' lang='grc'><strong>15.</strong></span> 
     </span>
    </p>
   </div>
   <div class='ocr_carea' id='block_1_113' title="bbox 459 5413 1983 5494">
    <p class='ocr_par' dir='ltr' id='par_1_113' title="bbox 459 5413 1983 5494">
     <span class='ocr_line' id='line_1_113' title="bbox 459 5413 1983 5494; baseline -0.001 -25"><span class='ocrx_word' id='word_1_889' title='bbox 459 5484 470 5494; x_wconf 81' lang='lat'>_</span> <span class='ocrx_word' id='word_1_890' title='bbox 525 5418 633 5487; x_wconf 79' lang='lat' dir='ltr'><strong>(5t)</strong></span> <span class='ocrx_word' id='word_1_891' title='bbox 665 5420 828 5484; x_wconf 82' lang='lat' dir='ltr'><strong>Alias,</strong></span> <span class='ocrx_word' id='word_1_892' title='bbox 873 5436 892 5470; x_wconf 76' lang='grc' dir='ltr'>ι</span> <span class='ocrx_word' id='word_1_893' title='bbox 933 5427 987 5472; x_wconf 88' lang='lat' dir='ltr'><strong>et</strong></span> <span class='ocrx_word' id='word_1_894' title='bbox 1024 5418 1227 5470; x_wconf 75' lang='lat' dir='ltr'><strong>intrans</strong></span> <span class='ocrx_word' id='word_1_895' title='bbox 1266 5415 1318 5468; x_wconf 89' lang='lat' dir='ltr'><strong>in</strong></span> <span class='ocrx_word' id='word_1_896' title='bbox 1350 5415 1561 5469; x_wconf 84' lang='lat' dir='ltr'><strong>domum</strong></span> <span class='ocrx_word' id='word_1_897' title='bbox 1597 5413 1736 5466; x_wconf 90' lang='lat' dir='ltr'><strong>illam</strong></span> <span class='ocrx_word' id='word_1_898' title='bbox 1779 5413 1983 5469; x_wconf 81' lang='lat' dir='ltr'><strong>habitat</strong></span> 
     </span>
    </p>
   </div>
   <div class='ocr_carea' id='block_1_114' title="bbox 460 5500 674 5535">
    <p class='ocr_par' dir='ltr' id='par_1_114' title="bbox 460 5500 674 5535">
     <span class='ocr_line' id='line_1_114' title="bbox 460 5500 674 5535; baseline 0.009 -2"><span class='ocrx_word' id='word_1_899' title='bbox 460 5500 509 5533; x_wconf 74' lang='lat' dir='ltr'><strong>Ill</strong></span> <span class='ocrx_word' id='word_1_900' title='bbox 545 5501 624 5535; x_wconf 65' lang='grc' dir='ltr'><strong>ρει.</strong></span> <span class='ocrx_word' id='word_1_901' title='bbox 657 5503 674 5534; x_wconf 67' lang='grc' dir='ltr'>δ</span> 
     </span>
    </p>
   </div>
   <div class='ocr_carea' id='block_1_115' title="bbox 528 5530 1980 5620">
    <p class='ocr_par' dir='ltr' id='par_1_115' title="bbox 528 5530 1980 5620">
     <span class='ocr_line' id='line_1_115' title="bbox 528 5530 1980 5620; baseline 0.004 -21"><span class='ocrx_word' id='word_1_902' title='bbox 528 5530 635 5617; x_wconf 54' lang='grc' dir='ltr'><strong>(ἐξ)</strong></span> <span class='ocrx_word' id='word_1_903' title='bbox 658 5530 945 5618; x_wconf 64' lang='lat' dir='ltr'><strong>habitavit,</strong></span> <span class='ocrx_word' id='word_1_904' title='bbox 984 5562 1086 5608; x_wconf 89' lang='lat' dir='ltr'><strong>etc.</strong></span> <span class='ocrx_word' id='word_1_905' title='bbox 1120 5530 1304 5606; x_wconf 80' lang='lat' dir='ltr'><strong>Exstat</strong></span> <span class='ocrx_word' id='word_1_906' title='bbox 1330 5551 1412 5604; x_wconf 90' lang='lat' dir='ltr'><strong>hic</strong></span> <span class='ocrx_word' id='word_1_907' title='bbox 1441 5550 1591 5607; x_wconf 86' lang='lat' dir='ltr'><strong>locus</strong></span> <span class='ocrx_word' id='word_1_908' title='bbox 1630 5549 1766 5620; x_wconf 83' lang='lat' dir='ltr'><strong>apud</strong></span> <span class='ocrx_word' id='word_1_909' title='bbox 1793 5550 1980 5605; x_wconf 84' lang='lat' dir='ltr'><strong>Jonam</strong></span> 
     </span>
    </p>
   </div>
   <div class='ocr_carea' id='block_1_116' title="bbox 1223 5265 2772 5403">
    <p class='ocr_par' dir='ltr' id='par_1_116' title="bbox 1223 5265 2772 5370">
     <span class='ocr_line' id='line_1_116' title="bbox 1223 5265 2772 5370; baseline 0.012 -19"><span class='ocrx_word' id='word_1_910' title='bbox 1223 5265 1284 5330; x_wconf 37' lang='grc' dir='ltr'><strong>δ’</strong></span> <span class='ocrx_word' id='word_1_911' title='bbox 2099 5265 2479 5370; x_wconf 40' lang='grc' dir='ltr'><strong>Ιεαςιιιιιιιῗιϊίῗ</strong></span> <span class='ocrx_word' id='word_1_912' title='bbox 2503 5265 2577 5342; x_wconf 53' lang='grc' dir='ltr'><strong>Ζῖ³</strong></span> <span class='ocrx_word' id='word_1_913' title='bbox 2610 5265 2772 5370; x_wconf 57' lang='lat' dir='ltr'><strong>Est</strong></span> 
     </span>
    </p>
   </div>
   <div class='ocr_carea' id='block_1_117' title="bbox 2258 5265 3807 5403">
    <p class='ocr_par' dir='ltr' id='par_1_117' title="bbox 2258 5265 3807 5403">
     <span class='ocr_line' id='line_1_117' title="bbox 2258 5265 3807 5403; baseline 0.032 -46"><span class='ocrx_word' id='word_1_914' title='bbox 2258 5265 2426 5370; x_wconf 61' lang='grc' dir='ltr'><strong>ἪΪἹἏ</strong></span> <span class='ocrx_word' id='word_1_915' title='bbox 2442 5265 2479 5364; x_wconf 60' lang='grc' dir='ltr'><strong>ξ’</strong></span> <span class='ocrx_word' id='word_1_916' title='bbox 2503 5265 2577 5342; x_wconf 52' lang='grc' dir='ltr'><strong>Ζεῖδ</strong></span> <span class='ocrx_word' id='word_1_917' title='bbox 2610 5265 2936 5392; x_wconf 45' lang='grc' dir='ltr'><strong>Εχῖιῗῗῗξκῗ</strong></span> <span class='ocrx_word' id='word_1_918' title='bbox 2947 5265 3807 5403; x_wconf 47' lang='lat' dir='ltr'><strong>si),&#39;is.“&quot;‘i&#39;-‘ln.i‘s?5’</strong></span> 
     </span>
    </p>
   </div>
   <div class='ocr_carea' id='block_1_118' title="bbox 3358 5336 3725 5405">
    <p class='ocr_par' dir='ltr' id='par_1_118' title="bbox 3358 5336 3725 5405">
     <span class='ocr_line' id='line_1_118' title="bbox 3358 5336 3725 5405; baseline 0.033 -11"><span class='ocrx_word' id='word_1_919' title='bbox 3358 5336 3423 5368; x_wconf 65' lang='grc' dir='ltr'><strong>τι</strong></span> <span class='ocrx_word' id='word_1_920' title='bbox 3472 5336 3624 5405; x_wconf 81' lang='lat' dir='ltr'><strong>ibid.</strong></span> <span class='ocrx_word' id='word_1_921' title='bbox 3668 5336 3725 5405; x_wconf 76' lang='lat'><strong>&#39;5.</strong></span> 
     </span>
    </p>
   </div>
   <div class='ocr_carea' id='block_1_119' title="bbox 2087 5419 3280 5520">
    <p class='ocr_par' dir='ltr' id='par_1_119' title="bbox 2087 5419 3280 5520">
     <span class='ocr_line' id='line_1_119' title="bbox 2087 5419 3280 5520; baseline 0.023 -3"><span class='ocrx_word' id='word_1_922' title='bbox 2087 5419 2422 5520; x_wconf 57' lang='grc' dir='ltr'><strong>Αἰξθὲιτιξεξ</strong></span> <span class='ocrx_word' id='word_1_923' title='bbox 2451 5429 2719 5520; x_wconf 49' lang='lat' dir='ltr'><strong>Pater!-</strong></span> <span class='ocrx_word' id='word_1_924' title='bbox 2747 5433 2915 5508; x_wconf 66' lang='grc' dir='ltr'><strong>ταῖσιν</strong></span> <span class='ocrx_word' id='word_1_925' title='bbox 2951 5463 3093 5520; x_wconf 68' lang='lat' dir='ltr'><strong>cap-</strong></span> <span class='ocrx_word' id='word_1_926' title='bbox 3134 5456 3234 5513; x_wconf 70' lang='grc' dir='ltr'><strong>ιθ·</strong></span> <span class='ocrx_word' id='word_1_927' title='bbox 3275 5451 3280 5454; x_wconf 81' lang='grc'><em>’</em></span> 
     </span>
    </p>
   </div>
   <div class='ocr_carea' id='block_1_120' title="bbox 2160 5490 3815 5590">
    <p class='ocr_par' dir='ltr' id='par_1_120' title="bbox 2160 5490 3815 5590">
     <span class='ocr_line' id='line_1_120' title="bbox 2160 5490 3815 5590; baseline 0.007 -12"><span class='ocrx_word' id='word_1_928' title='bbox 2160 5490 2586 5590; x_wconf 26' lang='grc' dir='ltr'><strong>)ηέγ,ξ¹,¹ι¹,ξ¹ἦδ⁸³ξ</strong></span> <span class='ocrx_word' id='word_1_929' title='bbox 2604 5503 2985 5590; x_wconf 14' lang='grc' dir='ltr'><strong>γγίίονηυεεεις.</strong></span> <span class='ocrx_word' id='word_1_930' title='bbox 3022 5490 3244 5587; x_wconf 57' lang='lat' dir='ltr'><strong>Exstai</strong></span> <span class='ocrx_word' id='word_1_931' title='bbox 3269 5520 3506 5590; x_wconf 57' lang='lat' dir='ltr'><strong>etiam</strong></span> <span class='ocrx_word' id='word_1_932' title='bbox 3528 5522 3635 5583; x_wconf 81' lang='lat' dir='ltr'><strong>bic</strong></span> <span class='ocrx_word' id='word_1_933' title='bbox 3662 5530 3815 5590; x_wconf 76' lang='lat' dir='ltr'><strong>locus</strong></span> 
     </span>
    </p>
   </div>
   <div class='ocr_carea' id='block_1_121' title="bbox 2093 5560 3078 5649">
    <p class='ocr_par' dir='ltr' id='par_1_121' title="bbox 2093 5560 3078 5649">
     <span class='ocr_line' id='line_1_121' title="bbox 2093 5560 3078 5649; baseline 0.044 -45"><span class='ocrx_word' id='word_1_934' title='bbox 2093 5560 2230 5624; x_wconf 82' lang='lat' dir='ltr'><strong>apud</strong></span> <span class='ocrx_word' id='word_1_935' title='bbox 2269 5569 2524 5624; x_wconf 81' lang='lat' dir='ltr'><strong>euindcm</strong></span> <span class='ocrx_word' id='word_1_936' title='bbox 2563 5569 2780 5643; x_wconf 80' lang='lat' dir='ltr'><strong>Jonam,</strong></span> <span class='ocrx_word' id='word_1_937' title='bbox 2826 5560 3078 5649; x_wconf 43' lang='lat' dir='ltr'><strong>ibidem:</strong></span> 
     </span>
    </p>
   </div>
  </div>
