3922 6248
1565 315 1634 370 ΙΝ
1671 317 1951 373 EXODUM
1986 318 2258 375 HOMlLIA
2289 322 2426 377 VIII.

171 376 773 525 ῗὶιίξῗξῖἳώξξξῖ
847 419 1201 481 “miierem
1243 446 1364 499 quae
1400 432 1681 501 prostituta
1727 445 1831 499 est,
1869 441 1919 488 et

319 489 454 603 {iis
490 489 867 599 volentibus
912 521 1138 579 patet;
1181 530 1239 572 et
1261 489 1542 589 ⁵ἰιιιὶῖᾷιιιιιῆ
1584 539 1690 576 non
1729 532 1922 590 potest,

249 588 452 679 R‘t‘tt“
492 595 568 635 ea
616 588 814 679 etiam
864 597 1034 656 alios
1104 607 1264 661 videt
1308 588 1594 665 amatores.
1631 611 1730 677 Qui
1800 628 1926 669 vero

261 674 522 771 ζώνιωο
547 674 744 771 utitur
781 687 1210 759 matrimonio,
1249 710 1358 749 non
1409 698 1606 766 patitur
1655 674 1747 752 ⁷ιιιί
1788 715 1922 754 uxo-

302 767 412 835 rem
434 767 712 846 Dec-pandi
751 782 1066 838 potestate
1100 780 1255 851 (34),
1294 783 1385 836 sed
1433 785 1738 840 accenditur
1808 787 1924 842 zelo

321 868 384 919 ad
418 857 739 916 castitatem
767 869 1138 924 matrimonii
1192 876 1637 940 conservandam,
1663 891 1769 945 quo
1803 893 1923 945 pos-

340 955 407 1006 sit
435 965 500 1002 ex
537 964 601 1003 ea
641 951 766 1005 ﬁeri
805 952 1110 1022 legitimus
1147 970 1322 1028 pater.
1360 962 1473 1016 Hoc
1511 978 1640 1032 ergo
1677 967 1920 1034 exemplo

344 1039 705 1110 intelligamus
742 1056 975 1096 omnem
1017 1048 1284 1111 animam,
1313 1059 1404 1102 aut
1428 1053 1766 1118 prostitutam
1804 1068 1920 1108 esse

345 1130 699 1192 daemonibus,
743 1142 801 1184 et
830 1131 1050 1188 habere
1092 1136 1358 1202 plurimos
1413 1150 1702 1204 amatores,
1743 1143 1815 1194 ita
1863 1151 1919 1196 ut

334 1218 514 1271 intret
550 1220 616 1272 ad
650 1233 775 1272 eam
803 1223 972 1276 modo
1016 1225 1240 1289 quidem
1268 1227 1492 1294 spiritus
1531 1229 1914 1296 fornicationis,

331 1309 432 1360 illo
459 1309 781 1364 discedente
830 1311 1003 1365 intret
1040 1315 1266 1381 spiritus
1301 1317 1576 1380 avaritiae,
1625 1330 1743 1387 post
1780 1321 1918 1376 hunc

329 1401 528 1454 veniat
561 1401 849 1469 superbia:
903 1404 1153 1471 spiritus,
1183 1406 1305 1460 inde
1338 1407 1450 1468 irae,
1511 1409 1635 1461 inde
1681 1410 1914 1473 invidia),

324 1500 465 1556 post
505 1493 672 1545 etiam
705 1507 866 1545 vana‘
906 1493 1116 1561 gloriae,
1159 1494 1353 1564 aliique
1411 1512 1530 1549 cum
1584 1500 1661 1552 eis
1704 1499 1913 1566 plurimi

321 1579 572 1654 spiritus
619 1581 919 1634 immundi.
951 1581 1047 1635 Isti
1085 1593 1263 1638 autem
1293 1599 1512 1650 omnes,
1573 1587 1643 1639 ita
1683 1602 1803 1642 cum
1840 1589 1917 1640 in-

317 1669 485 1721 fideli
527 1669 721 1722 anima
762 1671 1208 1734 meretricantur,
1231 1683 1287 1724 ut
1321 1672 1456 1727 alter
1492 1675 1643 1729 alteri
1684 1693 1788 1730 non
1832 1681 1915 1732 in-

313 1755 542 1818 videat,
608 1771 716 1810 nec
757 1757 1032 1826 zelotypia
1073 1769 1387 1814 moveantur
1425 1763 1490 1815 ad
1546 1765 1791 1818 invicem.
1847 1768 1912 1820 Et

307 1843 466 1908 quid
505 1845 632 1898 dico
673 1847 828 1914 quod
875 1847 1016 1900 alter
1054 1849 1281 1902 alterum
1313 1866 1418 1905 non
1454 1852 1741 1908 excludat?
1803 1856 1913 1911 lmo

308 1935 379 1980 et
423 1929 666 1985 invitant
713 1947 776 1986 se
817 1933 1092 1998 invicem,
1151 1946 1204 1990 et
1243 1947 1429 2005 sponte
1480 1955 1542 1994 se
1592 1953 1908 2007 convocant,

306 2018 480 2071 sicut
521 2022 690 2088 paulo
747 2032 882 2075 ante
920 2024 1032 2091 jam
1070 2026 1300 2080 diximus
1347 2030 1489 2096 quod
1536 2030 1588 2083 in
1629 2031 1912 2100 Evangelia

309 2110 605 2175 scriptum
643 2121 737 2165 est
775 2114 848 2166 de
889 2114 983 2167 illo
1017 2115 1209 2182 spiritu
1244 2118 1333 2185 qui
1385 2119 1516 2172 exiit
1564 2121 1632 2173 ab
1673 2121 1908 2188 homine,

306 2209 382 2254 cr.
431 2215 723 2269 regressus
763 2204 1000 2258 adduxit
1032 2220 1218 2260 secum
1255 2217 1456 2275 septem
1495 2209 1628 2264 alios
1686 2213 1911 2280 nequio-

306 2303 425 2343 res
462 2305 522 2344 se
559 2290 824 2359 spiritus,
893 2300 981 2345 ut.
1014 2293 1067 2345 in
1132 2310 1235 2347 una
1273 2296 1451 2348 anima
1486 2296 1647 2350 simul
1707 2299 1912 2352 habita-

311 2387 480 2433 rent.
507 2379 604 2433 Sic
641 2393 780 2449 ergo
845 2381 1049 2435 nullam
1091 2384 1403 2453 zelotypiam
1442 2396 1744 2442 amatorum
1785 2404 1911 2443 suo-

313 2482 458 2520 rum
493 2471 720 2536 patitur
743 2471 952 2536 anima,
977 2487 1100 2541 qua;
1125 2474 1450 2530 dazmonibus
1489 2479 1777 2544 prostituta
1804 2488 1907 2533 est.

311 2555 385 2607 Si
418 2571 550 2612 vero
578 2558 833 2628 legitimo
855 2561 1149 2628 conjuncta
1192 2565 1261 2616 sit
1292 2565 1426 2626 viro,
1463 2566 1538 2619 illi
1593 2567 1710 2620 viro
1755 2568 1908 2636 cujus

311 2648 700 2702 matrimonio
747 2649 961 2703 Paulus
1026 2651 1235 2704 animas
1283 2653 1564 2722 conjungit
1613 2665 1668 2708 et
1717 2657 1906 2720 sociat,

312 2733 472 2788 sicut
498 2745 556 2790 et
589 2738 714 2805 ipse
745 2737 884 2791 dicit
909 2740 954 2771 ⁷⁸
986 2757 1002 2792 :
1039 2759 1057 2791 ι
1089 2736 1261 2792 Statui
1310 2743 1452 2795 enim
1503 2757 1600 2796 vos
1649 2745 1737 2796 uni
1795 2744 1909 2798 viro

310 2824 600 2894 virginem
629 2836 850 2881 castam
884 2830 1148 2885 exhibere
1175 2832 1389 2886 Christo
1417 2850 1432 2897 ;
1465 2851 1484 2884 ι
1525 2833 1684 2902 160
1735 2841 1790 2887 et
1841 2833 1908 2888 de

314 2916 517 2978 quoin
553 2914 880 2984 Evangeliis
901 2919 1162 2988 scriptum
1193 2922 1260 2986 ⁷⁸,
1285 2923 1409 2990 quia
1441 2937 1531 2977 rex
1556 2924 1768 2990 quidam
1827 2923 1907 2978 fe-

319 3002 411 3053 cit
437 3005 660 3073 nuptias
688 3005 807 3060 filio
849 3021 986 3072 suo;
1039 3009 1092 3062 in
1146 3010 1303 3076 hujus
1353 3027 1484 3080 ergo
1539 3013 1642 3066 viri
1693 3014 1977 3096 nuptiasc

317 3103 454 3144 cura
485 3107 548 3148 se
575 3095 772 3147 anima
797 3095 1033 3161 dederit,
1051 3106 1107 3150 et
1144 3097 1439 3166 legitimum
1469 3113 1590 3152 cum
1623 3114 1688 3152 eo
1715 3099 1906 3154 sortita

323 3179 496 3236 fuerit
543 3185 974 3238 matrimonium
1009 3185 1158 3252 (35),
1217 3188 1429 3241 etiamsi
1473 3187 1577 3242 fuit
1621 3188 1908 3256 aliquando

324 3276 640 3337 peccatrix,
667 3273 894 3329 etiamsi
929 3277 1270 3332 meretricata
1302 3287 1402 3342 est,
1423 3286 1596 3332 tamen
1622 3279 1666 3332 si
1687 3293 1746 3332 se
1784 3278 1908 3334 huic

320 3359 446 3413 viro
471 3363 735 3428 tradidit,
769 3364 918 3416 ultra
943 3379 1062 3417 eam
1091 3380 1319 3433 peccare
1358 3382 1465 3421 non
1519 3367 1742 3435 patitur.
1788 3364 1906 3420 Non

324 3458 505 3514 potest
529 3451 691 3506 ferre
729 3459 791 3504 ut
827 3467 1042 3507 rursum
1072 3456 1249 3507 anima
1299 3471 1418 3520 quae
1468 3470 1526 3509 se
1576 3457 1764 3510 sortita
1822 3463 1906 3510 est

324 3538 529 3603 virum,
563 3540 784 3596 alludat
813 3555 940 3594 cum
965 3541 1244 3606 adulteris,
1274 3544 1399 3612 quia
1445 3539 1711 3598 excitatur
1739 3560 1904 3613 super

318 3641 446 3681 eam
473 3631 632 3685 zelus
666 3630 792 3699 ejus
823 3630 949 3696 viri,
985 3641 1038 3685 et
1058 3630 1298 3686 defendit
1323 3633 1900 3702 conjugiicastitatem.

320 3714 402 3769 Et
427 3719 537 3775 ideo
565 3720 765 3775 zelans
791 3721 996 3774 dicitur
1027 3721 1306 3784 Dominus,
1331 3723 1459 3790 quia
1513 3724 1747 3778 animam
1801 3725 1903 3779 sibi

321 3810 703 3877 mancipatam
767 3825 877 3863 non
948 3812 1155 3879 patitur
1220 3809 1553 3863 daemonibus
1600 3811 1902 3866 admisceri.

319 3897 580 3967 Alioquin
607 3901 653 3952 si
689 3914 818 3954 eam
850 3898 1047 3952 viderit
1083 3907 1439 3956 temerantem
1479 3899 1603 3966 jura
1650 3901 1901 3971 conjugii,

316 3993 384 4035 et
420 3987 764 4039 occasionem
810 4000 1064 4052 quazrere
1121 3987 1187 4038 ad
1236 3986 1592 4053 peccandum,
1642 3998 1796 4050 tunc,
1846 3998 1906 4042 ut

315 4073 602 4141 scriptum
637 4083 748 4138 est,
782 4076 877 4128 dat
909 4075 958 4128 ei
1002 4066 1246 4128 libellum
1302 4075 1532 4142 repudii,
1582 4084 1636 4128 et
1687 4077 1906 4130 dimittit

317 4174 448 4213 eam
481 4163 676 4216 dicens
706 4163 750 4193 "
787 4182 801 4215 :
834 4179 855 4215 ι
918 4162 1019 4218 Ubi
1069 4171 1156 4215 est
1203 4161 1421 4216 libellus
1452 4165 1654 4231 repudii
1717 4167 1904 4218 matris

321 4259 525 4304 vestra:
548 4266 664 4318 quo
689 4252 847 4306 divisi
883 4253 1053 4306 eam?
1097 4271 1116 4305 ι
1145 4253 1350 4318 Quibus
1375 4255 1538 4308 etiam
1575 4253 1718 4308 addit
1745 4263 1799 4308 et
1826 4254 1904 4308 di-

3447 333 3560 389 558

1949 436 1997 492 Α
2023 437 2299 490 munditiis
2323 434 2569 490 volutari.
2615 437 2764 501 Quod
2791 447 2848 492 et
2873 439 2916 492 si
2943 440 3084 496 forte
3113 441 3395 510 aliquando
3423 459 3558 498 eve-

2025 526 2139 578 niat
2169 525 2476 590 infeliciter,
2506 525 2697 580 saltem
2737 535 2794 579 ut
2816 539 3178 590 convertatur,
3203 541 3257 584 et
3301 535 3483 586 redeat
3504 543 3559 587 et

2023 614 2296 679 poeniteat,
2332 617 2611 668 miseratus
2662 625 2954 682 exspectat.
3008 615 3209 669 Novum
3256 621 3398 673 enim
3450 622 3557 674 hoc

2021 701 2274 758 bonitatis
2304 714 2388 758 est
2412 719 2602 772 genus,
2638 712 2696 755 ut
2742 703 2904 756 etiam
2951 715 3070 771 post
3097 706 3414 761 adulterium
3475 721 3559 764 re-

2021 799 2316 844 vertentem
2367 800 2542 844 tamen
2598 798 2653 842 et
2702 804 2766 843 ex
2824 799 2934 844 toto
2983 792 3140 844 corde
3203 794 3552 858 poenitentem

2020 880 2275 946 suscipiat
2299 880 2552 933 animam.
2581 868 2729 933 Sicut
2759 888 2814 932 et
2843 880 2956 944 ipse
2988 895 3079 946 per
3115 882 3422 947 prophetam
3464 882 3516 934 di
3535 911 3548 921 -

2019 969 2090 1021 cit
2113 969 2158 999 ⁷⁸
2191 986 2205 1021 :
2243 987 2260 1019 t
2299 967 2547 1036 Nunquid
2574 969 2766 1022 mulier
2797 969 2843 1021 si
2868 968 3056 1021 exierit
3083 983 3113 1020 a
3144 970 3278 1031 viro,
3321 977 3376 1022 et
3424 971 3554 1024 dor-

2018 1056 2338 1110 mieritcum
2361 1057 2466 1110 alio
2495 1058 2630 1120 viro,
2683 1065 2979 1110 revertetur
3018 1059 3084 1109 ad
3128 1057 3304 1109 virum
3356 1059 3554 1113 suum?

2017 1143 2671 1199 Nonnecontaminatione
2698 1145 3188 1198 contaminabitnr?
3243 1144 3319 1197 Tu
3371 1149 3548 1201 autem

2019 1233 2271 1288 fornicata
2299 1249 2358 1287 es
2386 1248 2504 1286 cum
2535 1233 2860 1287 amatoribus
2894 1234 3074 1286 multis
3096 1273 3112 1295 ,
3154 1243 3208 1287 et
3239 1238 3551 1291 reverteba-

2020 1324 2092 1375 ris
2119 1323 2185 1374 ad
2216 1335 2320 1375 me.
2357 1339 2374 1372 ι
2400 1321 2529 1374 Item
2555 1321 2836 1376 alibidicit
2873 1322 2917 1352 ⁷³
2955 1338 2968 1374 :
3008 1338 3025 1371 ι
3095 1322 3160 1373 Ει
3203 1313 3548 1392 posteaquam

2016 1409 2272 1462 fornicata
2318 1424 2378 1464 es
2409 1411 2460 1462 in
2495 1410 2744 1464 omnibus
2777 1409 2881 1472 his,
2935 1410 3040 1462 dixi
3083 1428 3096 1464 :
3143 1410 3431 1465 Revertere
3483 1413 3550 1465 ad

2021 1507 2140 1556 me;
2175 1503 2350 1546 etnec
2384 1493 2462 1546 sic
2496 1509 2710 1547 reversa
2765 1508 2845 1556 es,
2895 1495 3022 1547 dicit
3070 1496 3346 1550 Dominus.
3381 1516 3398 1548 ι
3452 1499 3548 1552 Hie

2013 1594 2141 1646 ergo
2187 1579 2323 1633 Deus
2351 1581 2526 1632 zelans
2556 1581 2598 1632 si
2654 1581 2877 1647 requirit
2903 1591 2957 1634 et
3002 1581 3272 1636 desiderat
3313 1585 3546 1638 animam

2018 1679 2156 1720 tuam
2191 1671 2461 1722 adhaerere
2496 1671 2619 1735 sibi,
2656 1670 2698 1723 si
2733 1680 2780 1722 te
2811 1679 3042 1724 servata
3069 1681 3284 1739 peccato
3312 1674 3397 1750 ,si
3429 1690 3548 1729 cor-

1946 1741 1986 1796 Β
2016 1758 2157 1825 ripit,
2179 1758 2221 1810 si
2249 1759 2491 1826 castigat,
2516 1759 2560 1812 si
2594 1759 2923 1827 indignatur,
2948 1761 2992 1814 si
3030 1761 3306 1825 irascitur,
3335 1741 3390 1816 et
3432 1764 3547 1817 vel--

2010 1858 2067 1900 ut
2100 1849 2359 1916 zelotypia
2404 1850 2632 1916 quadam
2665 1865 2789 1919 erga
2823 1859 2873 1905 te
2897 1852 3083 1916 utitur,
3127 1868 3273 1920 spem
3305 1853 3396 1906 tibi
3428 1868 3547 1912 esse

2010 1937 2197 1990 salutis
2224 1953 2474 2007 agnosce.
2511 1939 2566 1992 Si
2594 1954 2718 1994 vero
2749 1942 3041 2008 castigatus
3096 1959 3198 1996 non
3250 1943 3541 2012 resipiscis,

2010 2033 2281 2092 correptus
2331 2041 2432 2078 non
2481 2029 2784 2082 emendaris
2839 2029 2946 2098 (56)
2981 2069 2995 2094 ,
3053 2029 3365 2084 verberatus
3417 2045 3545 2084 con—

2011 2115 2228 2178 temnis;
2259 2115 2394 2168 scito
2416 2117 2554 2183 quod
2583 2117 2626 2169 si
2658 2132 2894 2186 eousque
2924 2120 3189 2186 peccando
3230 2120 3540 2186 profeceris,

2010 2201 2234 2255 discedit
2261 2217 2286 2253 a
2326 2213 2377 2256 te
2407 2203 2551 2260 zelus
2578 2203 2713 2270 ejus,
2743 2215 2798 2257 et
2832 2206 3044 2258 dicetur
3076 2206 3170 2259 tibi
3205 2207 3356 2268 illud,
3402 2209 3543 2274 quod

2009 2305 2104 2358 per
2121 2290 2447 2344 Ezecliielem
2467 2295 2774 2360 prophetam
2793 2295 2858 2346 ad
2888 2293 3216 2348 Hierusalem
3236 2295 3428 2348 dicitur
3450 2297 3495 2326 θθ
3523 2313 3538 2350 :

2015 2397 2033 2430 ι
2074 2380 2358 2448 Propterea
2392 2381 2626 2434 discedet
2659 2381 2801 2434 zelus
2829 2396 2976 2435 meus
3007 2396 3036 2435 a
3076 2391 3160 2444 te,
3195 2391 3250 2436 et
3281 2397 3384 2437 non
3430 2385 3540 2436 ira-

2009 2481 2129 2519 scar
2157 2467 2293 2519 ultra
2323 2481 2482 2535 super
2515 2477 2586 2521 te.
2620 2486 2638 2518 ›
2669 2465 2800 2522 Vide
2831 2469 3248 2524 misericordiam
3285 2479 3339 2524 et
3377 2472 3543 2539 pieta-

2006 2568 2113 2614 tem
2148 2561 2269 2614 boni
2301 2560 2416 2613 Dei.
2449 2559 2669 2625 Quando
2698 2561 2809 2615 vult
2867 2563 3135 2625 misereri,
3167 2563 3432 2631 indignari
3481 2578 3541 2617 se

2008 2653 2158 2716 dicit,
2188 2661 2241 2718 et
2268 2651 2455 2714 irasci,
2483 2651 2625 2704 sicut
2655 2665 2749 2718 per
2775 2650 3061 2705 Jeremiam
3097 2652 3224 2706 dicit
3251 2654 3294 2684 ⁸¹
3328 2670 3344 2707 ;
3387 2671 3408 2704 ι
3443 2653 3543 2708 Do-

2006 2739 2119 2792 lore
2159 2747 2213 2792 et
2257 2738 2466 2808 ﬂagello
2516 2737 2880 2806 castigaberis,
2942 2737 3295 2805 Hierusalem,
3347 2741 3425 2794 uti
3470 2756 3540 2794 ne

2006 2829 2254 2883 abscedat
2276 2828 2454 2881 anima
2483 2842 2598 2882 mea
2629 2828 2726 2881 abs
2757 2835 2826 2878 te.
2857 2845 2876 2878 ι
2904 2826 3026 2881 ιιεεει
3051 2829 3096 2882 si
3123 2829 3398 2896 intelligis,
3433 2831 3539 2884 mi~

2007 2921 2240 2972 serantis
2265 2919 2356 2973 Dei
2385 2932 2482 2972 vox
2508 2928 2626 2982 est;
2655 2917 2742 2971 ubi
2795 2918 3042 2972 irascitur
3094 2926 3148 2971 et
3189 2919 3416 2984 zelatur,
3462 2920 3535 2974 ibi

2007 3007 2227 3060 adhibet
2267 3007 2476 3062 dolores
2516 3014 2569 3061 et
2605 3006 2850 3062 verbera.
2893 3023 2913 3057 ι
2950 3006 3209 3076 Flagellat
3242 3008 3381 3060 enim
3420 3021 3537 3062 om-

2006 3111 2123 3149 nem
2149 3096 2314 3149 illium
2338 3111 2496 3164 quem
2525 3095 2712 3164 recipit
2731 3095 2798 3149 “.
2825 3113 2844 3146 ι
2870 3093 2957 3148 Vis
2982 3104 3159 3150 autem
3189 3097 3372 3151 audire
3397 3097 3542 3151 indi-

2002 3185 2214 3255 gnantis
2246 3185 2338 3239 Dei
2379 3184 2672 3239 terribilem
2694 3189 2915 3240 vocem?
2953 3185 3087 3239 Audi
3118 3186 3258 3254 quod
3285 3186 3413 3239 dicit
3441 3200 3537 3254 per

2005 3276 2359 3343 prophetam;
2394 3288 2510 3326 cum
2533 3285 2899 3328 enumerasset
2945 3273 3110 3328 multa
3138 3272 3363 3327 nefanda
3416 3289 3537 3343 quae

2005 3361 2344 3416 commiserat
2369 3360 2614 3429 populus,
2647 3361 2793 3414 addit
2823 3362 2983 3413 etiam
3009 3360 3120 3414 hazc
3146 3361 3190 3392 ⁸³
3217 3378 3230 3414 :
3268 3380 3286 3411 ι
3314 3362 3379 3416 Ει
3414 3377 3538 3430 pro-

2002 3461 2120 3519 pter
2159 3451 2279 3511 hoc,
2316 3450 2507 3516 inquit,
2549 3464 2652 3503 non
2689 3448 2914 3503 visitabo
2954 3463 3115 3516 super
3154 3448 3289 3504 filias
3327 3459 3535 3505 vestras

2002 3553 2122 3592 cum
2148 3538 2496 3600 fornicantur,
2531 3551 2704 3604 neque
2745 3550 2905 3602 super
2940 3550 3104 3589 nurus
3150 3545 3356 3591 vestras
3413 3553 3535 3592 cum

2003 3628 2357 3682 moechantur.
2391 3643 2410 3676 ι
2451 3625 2562 3680 lloc
2603 3633 2684 3680 est
2739 3625 3010 3688 terribile,
3053 3626 3152 3679 hoc
3209 3633 3531 3689 extremum,

2001 3731 2121 3770 cum
2153 3715 2262 3782 jam
2286 3729 2390 3768 non
2415 3714 2733 3781 corripimur
2753 3726 2849 3780 pro
2872 3712 3127 3779 peccatis,
3145 3727 3262 3765 cum
3297 3711 3405 3778 jam
3429 3727 3532 3766 non

2003 3805 2318 3872 corrigimur
2339 3802 2726 3869 delinquentes.
2771 3799 2918 3853 Tune
2943 3801 3084 3852 enim
3115 3815 3238 3852 cum
3280 3814 3534 3854 excesse-

2003 3897 2170 3950 rimus
2205 3892 2459 3962 peccandi
2503 3891 2737 3956 modum,
2767 3890 2908 3943 Deus
2931 3890 3108 3943 zelans
3136 3889 3328 3943 avertit
3373 3904 3402 3941 a
3441 3904 3533 3942 no-

2001 3987 2083 4040 bis
2115 3985 2283 4038 zelum
2313 3997 2488 4044 suum,
2541 3981 2682 4034 sicut
2715 3980 2966 4048 superius
2991 3979 3127 4032 dixit
3155 3978 3200 4009 "‘
3239 3995 3253 4031 ι
3316 3996 3334 4027 ι
3365 3976 3533 4030 Aufe-

2002 4079 2148 4123 retur
2172 4069 2312 4122 enim
2344 4067 2488 4120 zelus
2510 4080 2663 4120 meus
2691 4081 2720 4118 a
2755 4075 2824 4128 te,
2858 4075 2911 4119 et
2973 4080 3074 4118 non
3117 4065 3320 4118 irascar
3358 4079 3519 4132 super

2005 4163 2053 4208 te
2080 4155 2238 4208 ultra.
2285 4174 2303 4207 ι
2343 4153 2467 4208 llaec
2490 4153 2556 4206 de
2583 4167 2647 4207 eo
2675 4152 2814 4224 quod
2845 4151 3044 4206 dictum
3075 4160 3158 4206 est
3189 4164 3205 4204 :
3235 4168 3255 4202 ι
3289 4151 3428 4204 Deus
3449 4165 3534 4204 ze-

2003 4241 2142 4299 lans.
2173 4261 2192 4294 ι

330 4338 449 4392 cit:
481 4359 504 4391 ι
551 4341 693 4395 Ecce
743 4343 991 4409 peccatis
1047 4345 1250 4397 vestris
1295 4343 1582 4396 venundati
1634 4344 1798 4406 estis,
1849 4351 1904 4398 et

2076 4329 2127 4381 6.
2155 4327 2440 4382 Videamus
2480 4341 2622 4381 nunc
2651 4334 2705 4380 ct
2750 4326 2892 4394 quod
2953 4327 3213 4394 sequitur,
3269 4326 3532 4394 quomodo

329 4438 551 4494 propter
572 4431 897 4498 iniquitates
916 4442 1131 4485 vestras
1157 4430 1332 4482 dimisi
1361 4439 1583 4482 matrem
1613 4441 1896 4485 vestram.»

341 4513 463 4568 lla'c
491 4519 578 4583 qui
615 4519 858 4586 loquitur
915 4519 1108 4573 zelans
1166 4529 1269 4577 εει.
1325 4526 1375 4572 et
1438 4518 1554 4571 zelo
1601 4530 1901 4573 commotus

339 4602 457 4656 hac
481 4607 631 4670 dicit;
666 4616 789 4674 post
821 4609 1168 4678 agnitionem
1197 4608 1339 4660 enim
1366 4608 1485 4672 sui,
1531 4617 1648 4675 post
1702 4609 1897 4662 illumi-

343 4689 607 4746 nationem
647 4696 799 4748 verbi
861 4695 1064 4755 divini,
1126 4702 1254 4760 post
1319 4696 1545 4762 gratiam
1608 4697 1896 4764 baptismi,

339 4792 458 4845 post
477 4785 865 4839 confessionem
893 4787 1053 4847 fidei,
1083 4794 1147 4838 et
1177 4793 1258 4837 tot
1299 4785 1568 4850 tantisque
1598 4787 1927 4839 sacramen~°

342 4869 410 4920 tis
432 4875 824 4930 matrimonium
869 4876 1307 4935 confirmatum,
1359 4887 1464 4925 non
1497 4869 1603 4924 vult
1631 4886 1726 4925 nos
1761 4872 1896 4925 ultra

323 4965 554 5030 Pecrare,
586 4982 694 5020 non
730 4965 959 5033 patitur
980 4959 1244 5012 animam
1274 4958 1426 5026 cujus
1451 4959 1558 5025 ipse
1608 4959 1690 5010 vel
1739 4974 1899 5028 spon-

319 5053 413 5110 8"3.
453 5057 527 5112 vel
582 5056 668 5110 vir
707 5053 1056 5122 appellatur
1085 5087 1102 5109 ,
1162 5061 1291 5098 cum
1337 5045 1646 5098 daemonibus
1689 5045 1896 5113 ludere,

284 5135 655 5202 “otiaricum
681 5137 1020 5198 immundis
1053 5133 1380 5202 spiritibus,
1407 5148 1517 5186 cum
1540 5131 1670 5185 vitiis
1692 5142 1746 5186 et
1793 5135 1900 5187 im-

224 5320 277 5358 η.
309 5250 382 5358 ’3
404 5287 448 5343 ιι
477 5285 614 5358 Cor-
635 5294 742 5358 ,ευ
785 5279 851 5332 2-
896 5272 1001 5358 ,.”
1049 5267 1504 5358 ἒξθὲἐέῗηδξέξνὲ·
1551 5269 1817 5358 7923+.-
1851 5275 1904 5327 ’-

259 5339 277 5366 ’
325 5339 443 5416 ξί-
473 5339 523 5389 έ¹
541 5339 693 5408 Ileb.
726 5339 844 5407 xtl,
895 5339 964 5393 6-

235 5435 415 5536 km
449 5475 644 5534 anas.
681 5485 705 5518 ‹
739 5465 806 5518 in
843 5456 1421 5536 1'.x°'.‘22‘_3“‘£‘?l°!'!
1455 5455 1738 5536 mea“?

248 5481 391 5536 ‘g‘
449 5481 644 5534 Alias,
681 5485 705 5518 ί
739 5481 806 5518 In
844 5481 1062 5532 ιιλυξῖξ
1091 5481 1421 5534 Ιηέιυδιοισιιι
1455 5481 1683 5534 "accitum:
1718 5481 1738 5505 Ι

150 5546 205 5593 tri
447 5546 647 5604 Alias,
705 5553 728 5586 ι
777 5537 844 5584 et
879 5526 1172 5589 legitimo
1206 5530 1334 5567 eum
1373 5531 1532 5573 SOfillil
1563 5519 1700 5575 fuerit
1747 5539 1900 5578 ma-

320 5629 499 5664 mmia.
553 5628 582 5660 ὓ

319 5629 499 5676 ιιοιιιο.
553 5628 582 5660 ὓ

2006 4419 2152 4474 reddi
2189 4417 2442 4471 dicuntur
2469 4425 2686 4484 peccata
2713 4424 2922 4483 patrum
2949 4415 3000 4468 in
3023 4415 3180 4478 filios,
3218 4415 3267 4468 in
3321 4414 3529 4468 tertiam

2002 4517 2055 4561 et
2077 4516 2318 4576 quartam
2343 4506 2676 4574 progeniem.
2719 4503 2772 4555 lu
2807 4504 2905 4556 hoc
2956 4503 3097 4556 enim
3145 4516 3394 4555 sermone
3452 4516 3533 4553 so-

2003 4595 2114 4650 lent
2139 4592 2495 4648 noshmretici
2520 4590 2830 4660 suggillare,
2871 4593 3008 4658 quod
3031 4591 3229 4660 non‘sit
3268 4590 3388 4644 boni
3431 4589 3525 4642 Dei

1999 4697 2199 4746 sermo,
2233 4683 2322 4751 qui
2352 4697 2446 4751 pro
2466 4682 2696 4749 peccatis
2729 4679 2949 4733 alterius
2981 4679 3141 4732 alium
3177 4679 3337 4748 plecti
3367 4679 3527 4732 dicat.

2002 4774 2105 4828 Sed
2135 4772 2424 4826 secundum
2465 4772 2697 4838 ipsorum
2736 4770 3018 4834 rationem,
3056 4769 3144 4834 qui
3194 4767 3358 4820 Deum
3400 4765 3530 4834 legis

2000 4863 2335 4918 mandantem
2358 4862 2471 4916 haec
2503 4861 2626 4915 licet
2659 4876 2760 4914 non
2800 4861 2996 4912 bonum
3028 4859 3162 4926 (57),
3203 4857 3405 4923 justum
3449 4863 3529 4906 ta-

2003 4967 2120 5005 men
2154 4950 2372 5013 dicunt,
2409 4963 2473 5001 ne
2518 4949 2618 5017 ipsi
2670 4950 2881 5016 quidem
2941 4953 3161 5014 possunt
3221 4943 3526 5001 ostendere,

2004 5039 2265 5110 quomodo
2290 5039 2573 5092 secundum
2612 5052 2826 5091 sensum
2853 5052 3004 5090 suum
3025 5034 3244 5102 justitiae
3269 5047 3376 5084 sua:
3400 5045 3532 5083 con~

2007 5131 2189 5184 venire
2218 5128 2489 5189 videatur,
2539 5125 2582 5179 si
2633 5125 2770 5179 alius
2818 5123 2922 5177 alio
2971 5131 3221 5190 peccante
3261 5120 3525 5188 puniatur.

1975 5272 2019 5303 ⁷⁸
2048 5271 2156 5324 Jer.
2181 5284 2261 5332 ιιι,
2289 5269 2340 5322 I.
2411 5267 2456 5300 '"
2489 5266 2616 5320 ibid.
2640 5265 2693 5318 7.
2765 5265 2810 5296 ⁸ο
2841 5263 3031 5318 Ezeclt.
3056 5275 3165 5324 xvi,
3194 5259 3283 5310 45.
3347 5256 3390 5287 ⁸¹
3416 5252 3527 5308 Jer.

1053 5333 1109 5366 ⁸³
1144 5333 1314 5387 Osee.
1351 5337 1518 5400 111,14.
1551 5336 1618 5368 ’⁸⁸
1643 5333 1854 5394 Ezecli.
1902 5356 2012 5404 tm,
2051 5340 2137 5392 45.

2220 5453 2383 5518 Alias,
2428 5469 2446 5500 ι
2494 5457 2766 5518 correctus
2805 5461 2905 5499 non
2929 5437 3256 5518 emendaris.
3285 5453 3304 5486 ι

2070 5454 2179 5520 (36)
2220 5454 2383 5518 Alias,
2428 5469 2446 5500 ι
2494 5457 2766 5502 correctus
2805 5461 2905 5499 non
2929 5454 3251 5513 emenuarts.
3285 5454 3304 5486 ι

2071 5507 2182 5588 (εἴη
2219 5523 2385 5588 Alias,
2426 5537 2444 5570 ι
2471 5520 2597 5572 dum
2625 5517 2753 5584 legis
2791 5511 3092 5566 mandatum
3135 5503 3264 5557 licet
3305 5515 3407 5556 non
3431 5499 3529 5552 bo-

2071 5524 2182 5589 (57)

2004 5607 2147 5644 num.
2193 5610 2211 5642 Ι
