3922 6234
347 327 449 382 359

1778 286 2085 350 ORIGENIS

3597 244 3709 301 360

354 444 606 509 Superest
626 434 791 504 igitur
820 439 878 485 ut
908 426 1189 483 Dominum
1228 421 1600 489 deprecemur,
1628 424 1688 469 ιιι
1714 424 1887 468 osten-
1915 417 1955 471 A
1986 403 2214 460 mundus
2247 401 2299 454 ίη
2343 398 2444 453 hoc
2491 391 2711 454 meum:
2768 397 2984 455 ιιειιιιθ
3031 371 3391 443 εοννίνίυπ
3428 380 3544 436 pro
3571 377 3709 434 pec.

1640 506 1651 509 -
2053 506 2061 509 .
2188 486 2636 509 μιαί----ιιμη-
2675 501 2688 509 .
2743 479 2955 509 ...ηηςη
3027 478 3319 509 nea-nune
3359 460 3417 509 ei
3472 466 3708 509 servata

351 506 614 585 dat-nobis
645 521 909 595 quomodo
940 524 1204 586 prmcepta
1273 511 1384 564 lucc
1441 510 1585 576 justo
1639 506 1885 569 bonoque

351 590 678 670 conveniant
702 608 828 661 Deo.
864 604 1016 670 Sa‘pe
1047 600 1157 666 jam
1192 598 1446 656 diximus,
1468 594 1606 662 quod
1646 590 1886 657 Scriptu-

353 718 428 758 ra:
464 701 653 771 divina-
692 711 794 749 non
819 693 996 747 omnia
1032 691 1096 742 ad
1117 685 1443 741 exteriorem
1478 682 1768 742 hominem,
1796 676 1887 730 sed

352 792 599 862 perplura
634 787 700 840 ad
734 782 1043 838 interiorem
1085 778 1390 844 loquuntur.
1463 770 1691 824 Interior
1731 767 1890 835 igitur

356 854 519 936 hoino
547 885 731 930 noster
754 882 846 925 aut
871 872 1033 923 Deum
1076 865 1268 917 dicitur
1296 863 1491 914 habere
1552 867 1756 926 patrem
1777 894 1793 920 ,
1846 854 1888 906 si

359 968 650 1024 secundum
675 963 838 1016 Deum
869 957 1016 1017 vivit,
1047 962 1101 1007 ct
1123 966 1239 1020 quae
1272 950 1361 1002 Dei
1428 956 1550 1002 sunt
1602 945 1711 1013 agit
1739 961 1754 1009 ;
1802 949 1893 993 aut

359 1055 653 1144 dia‘bolum,
680 1051 722 1105 si
752 1051 803 1103 in
835 1043 1069 1116 peccatis
1107 1042 1196 1102 sit,
1229 1050 1282 1092 et
1305 1037 1604 1090 voluntates
1635 1033 1776 1086 illius
1804 1046 1895 1099 ge-

769 1138 778 1144 ‘
810 1138 821 1144 ‘
1004 1133 1015 1144 '
1119 1129 1156 1144 “
1206 1143 1209 1144 ν
1332 1127 1412 1144 ν’-
1450 1124 1694 1144 ονμι--μι-..
1720 1131 1864 1144 ...ι....

362 1124 491 1199 rat‘:
526 1143 666 1196 sicut
702 1138 978 1192 evidenter
1004 1133 1057 1184 in
1118 1127 1417 1193 Evattgeliis
1450 1124 1695 1177 Salvator
1716 1131 1897 1175 osten-

363 1236 464 1296 dit,
487 1246 605 1283 cum
624 1229 755 1281 dicit
777 1227 821 1258 ⁸³
855 1242 867 1277 :
900 1243 917 1274 ι
958 1221 1066 1274 Vos
1093 1218 1159 1270 de
1214 1225 1365 1283 patre
1409 1213 1620 1266 diabolo
1670 1211 1819 1272 estis,
1846 1216 1897 1261 et

367 1321 625 1376 desideria
666 1314 833 1385 patris
864 1312 1026 1365 vestri
1056 1311 1236 1363 facere
1258 1306 1439 1359 vultis.
1487 1302 1580 1355 llle
1629 1298 1896 1353 homicida

368 1409 471 1464 fuit
497 1412 564 1463 ab
588 1405 761 1465 initio,
785 1402 911 1457 etin
941 1399 1164 1453 veritate
1196 1411 1299 1450 non
1343 1394 1513 1447 stetit.
1544 1408 1562 1440 ι
1590 1389 1739 1442 Sient
1775 1400 1899 1451 ergo

370 1513 553 1553 semen
581 1494 673 1548 Dei
701 1495 751 1545 in
786 1491 935 1544 nobis
948 1489 1142 1540 dicitur
1165 1498 1400 1545 manere,
1427 1495 1546 1535 cum
1571 1479 1787 1530 verbum
1809 1473 1898 1527 Dei

371 1595 648 1644 servantes
688 1583 739 1634 in
768 1580 918 1633 nobis
955 1592 1057 1630 non
1087 1589 1394 1643 peccamus,
1438 1579 1495 1622 ut
1544 1569 1775 1622 Joannes
1825 1564 1901 1615 di-

373 1679 447 1731 cit
481 1675 527 1707 “
558 1690 626 1727 :.t
661 1672 758 1737 Qui
792 1678 966 1721 autem
1015 1680 1079 1718 ex
1115 1664 1221 1717 Deo
1247 1672 1327 1716 est
1352 1701 1367 1726 ,
1400 1675 1502 1713 non
1535 1662 1738 1724 peccat,
1779 1652 1899 1719 quia

1983 506 2122 555 cato,
2147 504 2317 559 neque
2339 486 2636 556 ﬂagellatur
2674 501 2688 536 :

2743 479 2958 534 omnia
3025 478 3319 531 namque
3359 460 3417 515 ei
3472 466 3708 512 servata

1985 592 2110 639 sunt
2140 583 2191 635 in
2217 543 2453 633 futurum
2482 574 2616 642 (40).
2649 570 2814 626 Unde
2845 576 2910 620 et
2945 564 3091 632 ipse
3132 557 3353 611 sciens
3384 548 3511 604 sibi
3551 543 3709 598 istud

1987 679 2241 725 statutum
2283 636 2497 733 tempus
2514 636 2628 717 esse
2652 668 3005 728 pinnarum,
3050 644 3323 702 dicebat
3364 640 3445 692 ad
3505 636 3718 689 Salva-

1991 773 2156 815 torem
2195 759 2293 812 ’°:
2344 774 2363 807 ι
2408 754 2551 821 Quid
2602 749 2805 805 venisti
2872 753 3030 799 ante
3110 748 3369 804 tempus
3427 739 3718 794 torquere

1993 851 2123 904 nos?
2159 867 2178 901 ι
2224 848 2359 900 Dum
2386 859 2516 912 ergo
2538 851 2644 898 stat
2677 841 2772 894 hic
2801 835 3110 893 mundus,
3145 832 3415 894 peccata
3447 835 3564 873 sua
3604 831 3718 869 non

1992 938 2181 1005 recipit
2225 904 2491 994 diabolus,
2531 931 2625 998 qui
2664 936 2751 982 est
2801 919 3225 992 peccantium
3283 919 3497 979 pater.
3558 904 3721 958 Bed-

1993 995 2190 1081 duntur
2219 1032 2395 1076 autem
2425 1021 2479 1073 in
2526 995 2664 1071 liiios
2692 1055 2709 1079 ,
2758 1015 2813 1068 id
2867 1020 2965 1066 est
3009 1010 3078 1061 in
3138 1018 3264 1058 eos
3300 1014 3461 1069 quos
3518 995 3726 1067 genuit

1995 1132 2089 1184 per
2147 1120 2449 1181 peccatum.
2505 1105 2720 1160 Etenim
2773 1099 3064 1155 homines
3127 1093 3199 1148 in
3282 1102 3482 1144 carne
3550 1081 3725 1154 positi

1996 1177 2358 1272 corripiuntur
2395 1214 2424 1251 a
2460 1196 2716 1257 Domino,
2774 1192 3243 1248 verberantur,
3291 1177 3720 1248 ﬂagellantur.

1996 1292 2110 1347 Non
2133 1293 2274 1346 enim
2303 1288 2414 1342 vult
2436 1285 2697 1340 Dominus
2743 1289 3000 1335 mortem
3046 1271 3429 1345 peccatoris
3457 1307 3478 1331 ,
3524 1266 3635 1320 sed
3667 1274 3729 1316 ut

2000 1389 2318 1442 revertatur,
2368 1385 2421 1430 et
2460 1376 2609 1428 vivat
2653 1372 2724 1424 ’⁸.
2773 1371 2842 1423 Ει
2888 1374 3250 1435 propterea
3304 1360 3623 1427 benignus
3671 1364 3729 1407 et

2001 1473 2306 1528 misericors
2330 1448 2587 1521 Dominus
2616 1460 2795 1516 reddit
2828 1463 3095 1526 peccata
3137 1461 3399 1525 patrum
3437 1450 3503 1502 in
3544 1447 3727 1504 lilios,

2003 1571 2059 1614 ut
2088 1559 2337 1627 quoniam
2362 1567 2563 1623 patres,
2597 1553 2650 1604 id
2703 1559 2791 1603 est
2823 1546 3122 1601 diabolus
3169 1551 3241 1596 et
3297 1540 3523 1609 angeli.
3575 1536 3727 1603 ejus,

2004 1651 2287 1715 etcterique
2320 1645 2590 1713 principes
2642 1640 2835 1694 tuundi
2868 1636 3063 1703 hujus
3101 1643 3172 1688 et
3228 1640 3530 1686 rectores
3572 1637 3731 1679 tene-

374 1714 447 1731 ι..
664 1714 758 1737 κ...
1021 1714 1078 1718 ---
1116 1714 1135 1716 s
1168 1714 1211 1717 κ-
1260 1714 1296 1716 η
1354 1714 1367 1726 ,
1535 1714 1550 1724 ,
1727 1714 1733 1715 κ
1797 1714 1808 1719 -
2204 1714 2213 1715 ,

374 1778 554 1819 semen
582 1761 670 1814 Dei
699 1768 882 1812 manet
915 1755 966 1808 in
1001 1769 1100 1814 eo;
1133 1771 1150 1802 ι
1201 1751 1271 1804 ita
1303 1749 1460 1803 etiam
1490 1761 1612 1800 cum
1645 1759 1673 1796 a
1697 1740 1905 1795 diabolo
1936 1714 1975 1767 Β
2007 1738 2224 1789 brarum
2253 1735 2438 1786 barum
2476 1731 2553 1800 (et
2583 1729 2684 1797 ipsi
2711 1728 2866 1782 enim
2903 1723 3294 1778 eﬂiciuntur
3340 1728 3562 1789 patres
3596 1730 3729 1784 pec-

376 1859 443 1912 ad
506 1853 838 1924 peccandum
893 1848 1222 1908 suademur,
1276 1858 1458 1897 semen
1517 1839 1632 1906 ejus
1689 1835 1908 1903 suscipi-

380 1943 648 2014 mu,_s(38).
677 1942 806 1995 Cum
835 1952 962 1993 vero
1003 1936 1163 1990 etiam
1208 1932 1488 2000 implcmus
1537 1928 1674 1997 quod
1729 1939 1911 1978 suase-

383 2037 471 2097 rit,
496 2044 618 2086 tunc
641 2030 750 2098 jam
784 2036 837 2082 et
865 2027 1047 2097 genuit
1092 2037 1208 2077 nos.
1245 2020 1524 2074 Nascimur
1550 2017 1686 2070 enim
1723 2015 1769 2066 el
1820 2011 1910 2064 lilii

384 2138 478 2192 per
500 2128 791 2190 peccatum.
821 2114 1016 2169 Verum
1040 2111 1292 2181 quoniam
1335 2114 1620 2175 peccantes
1660 2104 1744 2154 vix
1803 2099 1913 2153 fere

383 2210 600 2267 accidit,
640 2216 698 2259 ut
747 2205 861 2259 sine
896 2202 1137 2269 adiutore
1182 2209 1485 2264 peccemus,
1529 2192 1619 2244 sed
1644 2196 1732 2241 aut
1759 2187 1911 2240 mini-

385 2308 528 2352 stros
553 2292 781 2363 peccati,
798 2300 892 2343 aut
917 2289 1187 2357 adjutores
1215 2297 1423 2349 semper
1444 2278 1781 2346 requirimus,
1806 2290 1918 2326 ver-

389 2388 443 2442 bi
468 2398 660 2449 causa,
690 2383 732 2435 si
788 2378 1106 2433 adulterium
1143 2372 1263 2440 quis
1319 2369 1558 2430 molitur,
1603 2382 1707 2419 non
1744 2372 1918 2433 potest

389 2476 490 2531 hoc
515 2474 658 2527 solus
689 2468 994 2528 admittere,
1026 2466 1119 2518 sed
1148 2476 1364 2516 necesse
1425 2468 1507 2512 est
1559 2457 1719 2510 etiam
1770 2453 1920 2506 adul-

394 2576 562 2619 teram
611 2568 918 2616 consortem
961 2556 1076 2610 ﬂeri
1142 2555 1442 2619 sociamque
1493 2546 1729 2617 peccati;
1795 2554 1922 2597 tunc

394 2664 651 2722 praeterea
732 2649 831 2702 etsi
909 2662 1013 2699 non
1098 2644 1317 2713 plures,
1386 2653 1504 2694 esse
1573 2646 1746 2688 tamen
1830 2650 1924 2686 nc-

397 2754 549 2796 cesse
615 2745 699 2791 est
751 2735 981 2803 aliquem
1040 2733 1124 2787 vel
1178 2730 1409 2795 aliquam
1472 2726 1525 2779 in
1611 2723 1923 2777 ministeriis

398 2831 466 2884 ad
504 2827 814 2882 societatem
855 2822 1053 2891 peccati
1082 2819 1211 2890 (59);
1230 2818 1317 2886 qui
1339 2828 1525 2870 omnes
1544 2813 1685 2867 velut
1704 2825 1839 2865 unus
1859 2826 1924 2864 ex

401 2918 568 2973 altero
587 2914 874 2969 secundum
911 2908 1270 2979 persuasionis
1303 2906 1543 2960 ordinem
1571 2900 1832 2971 generati,
1860 2913 1924 2951 ex

2006 1829 2132 1891 cati,
2172 1827 2309 1879 sicut
2345 1833 2401 1876 et
2433 1821 2733 1887 diabolus),
2781 1817 3111 1885 quoniam,
3166 1814 3437 1880 inquam
3466 1851 3484 1873 ,
3530 1818 3732 1877 patres

2010 1918 2097 1972 isti
2126 1914 2327 1982 indigni
2354 1921 2476 1967 sunt
2501 1911 2591 1979 qui
2624 1911 2676 1962 in
2720 1902 3029 1977 praesenti
3065 1904 3321 1960 saeculo
3385 1901 3732 1969 corripian-

2012 2017 2119 2071 tur,
2159 2006 2251 2060 setl
2297 2004 2348 2057 in
2397 2000 2579 2054 loturo
2628 1999 2910 2066 recipient
2962 2010 3118 2065 (ιιιω
3190 2003 3571 2054 merentur,
3629 1989 3728 2042 lilii

2012 2109 2218 2156 eorum,
2256 2092 2435 2147 idest.
2472 2102 2610 2156 quos
2659 2095 2905 2155 peccare
2963 2083 3461 2154 persuaserint,
3524 2088 3589 2133 et
3634 2079 3730 2147 qui

2015 2180 2363 2235 nihilominus
2396 2192 2491 2246 per
2517 2177 2663 2243 ipsos
2697 2175 2861 2229 ast-ili
2907 2173 3161 2226 fuerint
3207 2172 3294 2225 ad
3350 2168 3726 2224 consortium

2015 2274 2435 2336 societatemque
2478 2266 2714 2335 peccati,
2770 2265 2869 2318 hic
2935 2264 3281 2331 recipiant
3343 2277 3487 2331 qua:
3539 2271 3733 2328 gesse-

2017 2371 2179 2413 runt:
2211 2370 2269 2411 ttt
2292 2357 2635 2426 purgatiores
2661 2355 2730 2407 ad
2760 2353 3035 2406 futurum
3108 2354 3427 2406 saeculum
3463 2355 3730 2419 pergant,

2017 2460 2072 2503 et
2122 2449 2257 2502 ultra
2311 2445 2526 2500 diabolo
2580 2444 2718 2498 socii
2773 2458 2891 2497 non
2954 2442 3339 2498 efficiantur
3398 2445 3463 2497 in
3536 2456 3729 2511 ptena.

2020 2544 2151 2610 Quia
2182 2556 2308 2610 ergo
2336 2540 2646 2595 misericors
2670 2548 2757 2591 est
2790 2537 3123 2602 Dominus,
3179 2550 3253 2593 et
3310 2557 3334 2590 ι
3372 2552 3591 2592 omnes
3640 2536 3731 2588 bo-

2022 2637 2194 2689 miues
2241 2632 2354 2686 vult
2395 2632 2580 2685 salvos
2646 2627 2766 2680 ﬂeri
2811 2628 2890 2693 ",
2954 2645 2979 2680 ι
3035 2639 3393 2697 propterea
3448 2629 3592 2682 dicit
3631 2626 3681 2657 "
3720 2642 3731 2677 ε

2029 2742 2046 2773 ι
2086 2721 2321 2777 Visitabo
2356 2720 2407 2772 in
2435 2717 2588 2785 virga
2641 2716 2830 2769 ferrea
2894 2714 3206 2771 facinora
3271 2734 3519 2783 eorum,
3580 2724 3639 2770 et
3675 2716 3726 2768 in

2025 2811 2243 2879 ﬂagellis
2264 2817 2478 2876 peccata
2509 2821 2722 2858 eorum.
2762 2804 3285 2861 Misericordiam
3312 2820 3515 2862 autem
3552 2820 3731 2860 meam

2027 2917 2132 2955 non
2155 2901 2393 2953 auferam
2419 2896 2486 2950 ab
2507 2896 2608 2948 eis.
2641 2914 2661 2946 ι
2697 2894 2901 2947 ι’ῑεῑιίιι
2945 2910 3108 2963 ergo
3138 2897 3461 2951 Dominus
3486 2896 3734 2953 animas,

402 3016 550 3076 patre
573 3003 781 3058 diabolo
819 3000 995 3055 noxia:
1034 2995 1328 3051 nativitatis
1368 2992 1672 3061 progeniem
1704 2991 1922 3043 ducunt.
1954 3026 1996 3081 ο
2030 3000 2083 3044 οι
2100 2988 2344 3057 requirit,
2369 3000 2503 3054 quas
2535 2985 2643 3038 iste
2664 2985 2962 3052 pessimus
3010 2989 3481 3053 persuasione
3533 2981 3755 3053 peccati

406 3096 557 3168 161
584 3094 648 3147 Et
674 3101 728 3145 ut
751 3091 814 3143 ad
831 3106 889 3142 ea
911 3102 1028 3157 qua:
1057 3085 1252 3152 scripta
1272 3090 1397 3137 sttnt
1415 3080 1706 3141 veniamus,
1747 3077 1927 3128 Domi-

403 3200 504 3240 nus
532 3182 822 3252 maiestatis
860 3178 1015 3233 Jesus
1040 3175 1284 3249 Christus
1319 3171 1566 3227 Salvator
1608 3178 1788 3221 noster
1813 3182 1934 3219 eru-

405 3275 592 3331 ciﬁxus
622 3283 724 3327 est.
753 3269 919 3337 llujus
967 3266 1155 3336 piaculi
1205 3270 1392 3317 auctor
1430 3270 1483 3315 et
1521 3267 1672 3327 pater
1718 3256 1936 3311 sceleris

408 3365 524 3418 sine
555 3362 713 3415 dubio
756 3357 994 3413 diabolus
1036 3364 1133 3408 est.
1165 3353 1256 3406 Sic
1282 3352 1423 3404 enim
1458 3349 1714 3415 scriptum
1739 3355 1820 3399 est
1843 3345 1886 3375 ⁸⁷
1919 3362 1932 3397 :

414 3468 437 3504 ι
462 3450 592 3505 Cum
620 3458 793 3502 autem
827 3446 1097 3500 introisset
1126 3440 1369 3496 diabolus
1397 3438 1449 3491 in
1483 3451 1575 3490 eor
1609 3434 1756 3488 Judte
1793 3434 1936 3488 Isra-

410 3539 580 3601 riotis,
603 3547 658 3590 ttt
679 3536 906 3590 traderet
923 3548 1064 3588 eum.
1097 3550 1114 3582 ι
1142 3532 1297 3583 Pater
1316 3541 1442 3595 ergo
1464 3523 1666 3593 peccati
1694 3523 1940 3575 diabolus

410 3636 512 3682 est.
544 3626 647 3680 Iste
679 3626 729 3679 itt
768 3625 868 3677 hoc
889 3623 1090 3676 scelere
1116 3620 1344 3687 primum
1384 3616 1546 3668 lilium
1585 3621 1806 3683 generat
1846 3611 1940 3664 Ju-

413 3716 555 3778 dam,
581 3715 671 3767 sed
697 3713 838 3765 solus
866 3712 965 3764 hoc
992 3693 1157 3760 ludas
1180 3704 1400 3771 implere
1430 3716 1532 3755 non
1556 3707 1777 3768 poterat.
1807 3695 1943 3762 Quid

416 3819 540 3873 ergo
571 3803 823 3871 scriptum
869 3800 990 3879 est}
1041 3815 1060 3849 t
1095 3797 1270 3859 Abiit,
1318 3792 1491 3859 inquit
1528 3790 1614 3853 ⁸⁸,
1671 3789 1832 3842 Judas
1878 3785 1944 3838 ad

417 3872 633 3947 Scribas
657 3902 709 3944 et
734 3872 1052 3952 Pbarisaaos,
1080 3896 1133 3940 et
1178 3885 1242 3937 ad
1292 3880 1594 3941 Pontiﬁces,
1626 3878 1807 3930 dicens
1829 3875 1942 3926 eis:

417 3981 553 4046 Quid
585 3980 711 4033 mihi
740 3979 896 4040 datis,
928 3986 978 4029 et
1004 3989 1102 4043 ego
1125 3972 1272 4026 vobis
1297 3985 1417 4023 eum
1451 3964 1697 4020 tradam?
1729 3982 1747 4013 ι
1773 3963 1950 4015 Nasci-

422 4080 507 4123 tur
531 4084 657 4137 ergo
686 4082 748 4121 ex
786 4066 920 4121 Juda
952 4064 1222 4135 generatio
1246 4059 1396 4114 tertia
1425 4067 1477 4111 et
1502 4067 1687 4124 quat-ta
1724 4054 1945 4121 peccati.

421 4157 488 4211 Et
529 4158 671 4211 hunc
710 4156 950 4210 ordinem
1003 4149 1406 4219 deprehendere
1457 4143 1656 4212 poteris
1693 4142 1849 4195 etiam
1896 4141 1948 4193 in

422 4247 642 4314 singulis
690 4246 982 4312 quibusque
1036 4239 1291 4309 peccatis.
1340 4234 1491 4288 Nunc
1521 4247 1647 4301 ergo
1679 4231 1951 4284 videamus

2032 3078 2275 3148 genuerit
2301 3084 2473 3143 pater,
2501 3082 2552 3126 et
2584 3072 2720 3125 dicit
2742 3072 2812 3125 ad
2846 3087 3407 3146 unamquamque
3451 3066 3759 3127 earum“:

2040 3188 2059 3220 ι
2099 3169 2256 3230 Audi,
2291 3165 2422 3227 ﬂlia,
2465 3171 2521 3216 et
2566 3163 2694 3214 vide
2741 3169 2801 3214 et
2853 3162 3098 3217 inclina
3166 3181 3423 3222 aurem
3500 3175 3685 3226 tuam,
3722 3171 3776 3214 et

2034 3259 2350 3313 Obliviscere
2380 3253 2633 3323 populum
2674 3262 2853 3317 tuum,
2889 3262 2951 3306 et
2977 3255 3267 3310 domum
3335 3274 3420 3327 pa
3440 3256 3568 3311 tris
3609 3255 3712 3310 tui.
3753 3270 3772 3307 ι

2042 3348 2240 3401 Visitat
2265 3359 2391 3413 ergo
2420 3353 2471 3397 te
2500 3350 2628 3410 post
2667 3353 2994 3409 peceatum,
3051 3354 3124 3399 et
3157 3357 3575 3404 commonet
3611 3358 3686 3412 te,
3727 3355 3782 3400 et

2039 3439 2090 3491 in
2120 3436 2331 3505 ﬂagello
2354 3443 2409 3487 et
2435 3434 2589 3501 virga
2616 3441 2669 3485 te
2702 3432 2897 3484 visitat
2929 3447 3047 3500 pro
3096 3450 3401 3504 peccato
3474 3442 3635 3511 quod
3682 3439 3775 3494 tibi

2041 3536 2193 3595 pater
2216 3523 2461 3579 diabolus
2488 3523 2758 3590 suggessit
2780 3521 2928 3592 (41),
2964 3534 3035 3578 ut
3073 3529 3330 3582 reddat
3382 3532 3510 3586 tibi
3548 3532 3692 3584 illud
3712 3533 3767 3584 in

2041 3618 2238 3678 sinum,
2270 3614 2322 3668 id
2375 3621 2459 3666 est
2491 3614 2616 3665 dum
2656 3614 2711 3665 itt
2755 3629 3011 3682 corpore
3065 3617 3300 3687 degis.
3345 3622 3424 3675 Et
3468 3622 3562 3676 sic
3604 3635 3753 3675 com-

2043 3700 2235 3767 pletur,
2257 3698 2405 3751 reddi
2430 3706 2920 3765 peccatapatrutu
2978 3700 3042 3753 in
3098 3706 3329 3760 sinum
3392 3708 3661 3764 ﬁliorum
3696 3710 3748 3762 in

2046 3789 2256 3841 tertiam
2287 3796 2341 3839 et
2375 3796 2627 3852 quartam
2679 3787 3042 3853 progeniem.
3091 3792 3280 3848 Deus
3331 3799 3504 3851 enim
3546 3799 3745 3852 zelans

2046 3885 2148 3935 est,
2191 3873 2503 3926 etanintam
2539 3886 2704 3939 quam
2750 3874 2859 3926 sibi
2908 3875 3272 3943 deSpondit
3320 3886 3380 3938 in
3440 3886 3584 3948 (ide,
3638 3901 3749 3940 non

2050 3963 2159 4015 vult
2205 3961 2349 4013 illam
2394 3973 2712 4027 permanere
2762 3961 3433 4039 in_contautiuationc
3495 3979 3753 4045 peccati;

2051 4052 2142 4106 sed
2166 4052 2276 4103 vult
2302 4063 2419 4101 eam
2446 4049 2553 4101 cito
2579 4051 2826 4117 purgari,
2859 4052 2988 4105 vult
3035 4070 3191 4111 eam
3255 4064 3569 4121 velociter
3614 4067 3762 4135 abii-

2052 4156 2172 4195 cere
2200 4153 2385 4228 omnes
2414 4140 2782 4193 imtuttnditias
2808 4155 2971 4207 suas,
3008 4145 3065 4197 si
3110 4151 3219 4203 cui
3259 4152 3433 4209 forte
3493 4145 3757 4228 subjecta

2053 4239 2133 4283 est
2150 4227 2285 4295 (42).
2316 4225 2373 4277 Si
2394 4239 2520 4278 vero
2540 4237 2827 4293 permanet
2864 4229 2921 4281 in
2945 4239 3273 4304 peccatis,
3300 4253 3366 4295 et
3386 4245 3547 4299 dicit
3589 4225 3621 4300 ε⁷
3640 4247 3761 4300 Non

424 4336 708 4391 secundum
738 4337 874 4389 hanc
900 4347 1055 4401 quam
1082 4329 1309 4384 diximus
1332 4327 1657 4396 progeniem,
1684 4324 1948 4390 quomodo
1981 4345 2024 4398 η
2055 4315 2331 4368 audiemus
2372 4326 2557 4365 vocem
2608 4314 2862 4378 Domini,
2905 4318 3014 4371 sed
3066 4320 3398 4384 facientes
3460 4333 3763 4389 faciemus

427 4425 564 4479 Deus
595 4433 807 4493 peccata
839 4431 1049 4491 patrum
1073 4417 1256 4471 reddat
1291 4416 1345 4469 in
1373 4415 1528 4475 lilios,
1574 4412 1625 4464 in
1658 4412 1868 4465 tertiam
1897 4417 1951 4463 et

428 4525 668 4583 quartam
702 4511 1027 4581 progeniem,
1062 4517 1118 4559 et
1151 4507 1202 4559 in
1232 4507 1373 4573 ipsos
1409 4518 1512 4556 non
1544 4500 1730 4553 reddat
1755 4508 1949 4566 patres.

427 4604 570 4657 Nihil
610 4603 750 4656 enim
795 4604 858 4653 de
887 4598 1125 4666 patribus
1164 4594 1299 4647 dixit
1336 4592 1494 4645 Deus.
1544 4588 1792 4641 Diabolus
1832 4602 1957 4656 ergo

429 4693 517 4759 qui
547 4689 795 4758 peccandi
818 4688 927 4756 jam
975 4686 1190 4737 modum
1236 4679 1483 4740 excessit,
1527 4676 1666 4727 sicut
1703 4676 1955 4739 propheta

431 4783 561 4834 dicit
597 4781 665 4843 ⁸⁸,
709 4772 1153 4845 quemadmodum
1198 4768 1569 4821 vestimentum
1613 4763 1663 4814 in
1705 4763 1959 4829 sanguine

431 4875 761 4927 concretum,
793 4877 894 4917 non
920 4860 1023 4913 erit
1053 4856 1328 4916 mundum.
1366 4854 1438 4905 ita
1470 4860 1525 4904 et
1568 4850 1681 4917 ipse
1721 4864 1825 4902 non
1859 4850 1961 4902 erit

503 5002 549 5034 "'
587 5001 740 5055 Joan.
771 5014 853 5058 ιιι.
885 4996 974 5050 44.

436 5087 552 5133 vm,
573 5070 662 5123 29.
735 5067 778 5098 ἰ
804 5065 990 5119 Ezcch.
1023 5077 1211 5126 χχχιιι,
1243 5060 1326 5111 ll.

437 5142 484 5173 "
519 5139 676 5193 Prov.
718 5150 756 5197 ι,
785 5134 875 5188 2i.

1070 4995 1116 5027 "
1152 4993 1169 5045 l
1200 4990 1355 5043 Joan.
1396 5003 1477 5048 tu,
1498 4987 1553 5041 9.
1642 4987 1685 5017 ⁸⁷
1715 4987 1853 5039 .loan

1070 5077 1211 5116 txnt.
1243 5060 1326 5111 ll.
1426 5057 1511 5107 "1
1546 5054 1682 5108 Tim.
1716 5069 1774 5116 tt,
1800 5055 1853 5108 4.

663 5296 1002 5362 Suscipimus.
1044 5292 1209 5352 Alias,
1255 5307 1273 5340 ι
1303 5286 1606 5362 -ρίῐίοἰμιιιιινη
1634 5303 1652 5337 ι

511 5301 599 5369 (58
663 5299 1002 5362 Suscipimus.
1044 5299 1209 5352 Alias,
1255 5307 1273 5340 t
1309 5299 1584 5340 enicttnur.
1634 5303 1652 5337 ι

511 5299 785 5438 (ὖυζΜεε.
826 5364 1180 5438 Turouettses,
1220 5375 1238 5408 ι
1284 5358 1350 5411 de
1382 5355 1640 5408 ministris
1675 5362 1730 5408 et
1768 5353 1967 5407 nuntiis

446 5450 507 5488 ac
522 5433 528 5436 ’
544 5433 701 5487 sociis
739 5433 959 5498 peccati.
1006 5448 1024 5480 ι

514 5488 769 5569 (ιιδλρυὸ
805 5513 1039 5569 tempore
1078 5505 1312 5569 extrema
1342 5490 1595 5559 supplicia
1615 5488 1968 5569 "(histrionibus

451 5557 531 5620 vel
564 5557 780 5637 inﬂicta,
806 5570 886 5624 vel
913 5557 1192 5636 ittﬂigeuda
1222 5557 1477 5631 Origenes
1505 5557 1813 5624 crediderit,
1848 5572 1970 5611 cou-

1642 4986 1685 5017 ⁸⁷
1715 4983 1868 5039 Joan.
1894 5001 2013 5047 xttt,
2039 4985 2093 5038 9.

1947 5056 1992 5087 ⁸³
2023 5054 2161 5107 Psal.
2195 5070 2415 5122 Lxxxu,
2440 5057 2528 5110 52.

2055 4404 2350 4497 voluntates
2411 4413 2656 4465 nostras,
2718 4413 2772 4456 et
2839 4405 3266 4471 iuceudemus
3340 4423 3562 4492 ignem
3622 4429 3771 4497 regi.

2054 4510 2136 4549 nte
2182 4492 2324 4555 rceli,
2377 4491 2515 4544 sicut
2574 4494 2947 4560 exprobratur
3008 4516 3126 4568 per
3214 4516 3607 4581 prophetam
3654 4491 3768 4572 αἱ,

2059 4592 2183 4633 tunc
2240 4591 2522 4633 servantur
2583 4582 2745 4634 etiam
2833 4584 2943 4652 ipsi
3008 4557 3092 4645 ξω

2278 4597 2522 4684 ervautur
2583 4597 2745 4687 Cll-till)
2833 4599 2943 4652 tpSt
3012 4597 3092 4645 ad
3187 4597 3372 4654 illam
3440 4604 3775 4675 Sapientia:

2059 4674 2417 4768 sententiam,
2464 4687 2583 4740 qua:
2638 4674 2770 4727 dicit
2832 4678 2881 4708 "
2951 4693 2969 4732 :
3044 4701 3067 4733 ι
3134 4686 3463 4753 Quoniam
3530 4674 3775 4768 quidem

2056 4756 2349 4862 vocabam,
2424 4770 2479 4814 et
2545 4778 2650 4814 non
2710 4764 3173 4862 pbaudiebatis,
3281 4784 3392 4837 sed
3480 4756 3783 4845 iri-ﬁdelia.

2067 4853 2135 4901 tis
2179 4863 2452 4904 sermones
2496 4865 2676 4915 meos;
2714 4853 2905 4923 itaque
2957 4870 3026 4912 ei,
3075 4878 3197 4935 ego
3273 4885 3513 4932 vestrm
3574 4881 3778 4947 perdi-

2170 4982 2216 5017 ⁸⁸
2246 4985 2745 5069 Μειιιιικξχνιιιιέ,
2775 4990 2865 5069 15.
2947 4995 2999 5029 ⁸³
3028 4998 3158 5069 lsa.
3188 5021 3283 5069 ις.
3315 5012 3377 5066 5.

2664 5018 2723 5041 ιιι
2775 5018 2781 5021 ’
2814 5018 2819 5020 ⁷
2850 5028 2865 5043 ο
2948 5018 2999 5029 ""

2604 5027 2650 5089 δι
2674 5018 2984 5129 Ριξίιῖῖιχιν,
3016 5018 3158 5123 itif...
3188 5018 3781 5129 1‘355ju.-.”\~?§m:2.

3262 5080 3317 5111 ⁸⁵
3353 5082 3485 5140 Jet'.
3535 5104 3649 5151 \‘Il.
3685 5092 3777 5145 18.

2073 5355 2315 5430 "anan.
2335 5368 2401 5430 sl
2432 5374 2548 5430 seq.

2075 5421 2199 5542 los(.)1
2209 5425 2254 5539 ξ)
2284 5424 2455 5494 Alias’
2499 5421 2656 5501 {pro
2701 5435 2944 5503 Ρθεοθιὶε
2985 5455 3127 5509 Quae
3189 5450 3316 5515 tibi
3365 5459 3581 5529 pater
3613 5456 3823 5509 diabo-

2147 5555 2258 5629 (42)
2283 5559 2459 5635 Alias,
2487 5587 2505 5620 ι
2541 5571 2586 5627 si
2619 5572 2704 5630 cui
2730 5572 2871 5631 forte
2906 5577 3279 5651 subreptum
3324 5611 3496 5663 est,
3530 5599 3563 5637 ο
