  <div class='ocr_page' id='page_1' title='image "/cluster/home/n/w/nwhite01/storage/ocr_20150623/12 (Origen; pt. 2)/nyp.33433081862272/188.png"; bbox 0 0 3922 6228; ppageno 0'>
   <div class='ocr_carea' id='block_1_1' title="bbox 293 356 394 410">
    <p class='ocr_par' dir='ltr' id='par_1_1' title="bbox 293 356 394 410">
     <span class='ocr_line' id='line_1_1' title="bbox 293 356 394 410; baseline -0.01 0"><span class='ocrx_word' id='word_1_1' title='bbox 293 356 394 410; x_wconf 69' lang='grc'><strong>’551</strong></span> 
     </span>
    </p>
   </div>
   <div class='ocr_carea' id='block_1_2' title="bbox 1526 350 2330 408">
    <p class='ocr_par' dir='ltr' id='par_1_2' title="bbox 1526 350 2330 408">
     <span class='ocr_line' id='line_1_2' title="bbox 1526 350 2330 408; baseline -0.002 -1"><span class='ocrx_word' id='word_1_2' title='bbox 1526 354 1592 407; x_wconf 77' lang='lat' dir='ltr'><strong>IN</strong></span> <span class='ocrx_word' id='word_1_3' title='bbox 1626 352 1902 408; x_wconf 79' lang='lat' dir='ltr'><strong>EXODUM</strong></span> <span class='ocrx_word' id='word_1_4' title='bbox 1936 352 2210 408; x_wconf 71' lang='grc' dir='ltr'><strong>ΗΟΜΠᾸΑ</strong></span> <span class='ocrx_word' id='word_1_5' title='bbox 2242 350 2330 406; x_wconf 75' lang='lat' dir='ltr'><strong>IX.</strong></span> 
     </span>
    </p>
   </div>
   <div class='ocr_carea' id='block_1_3' title="bbox 3405 357 3511 413">
    <p class='ocr_par' dir='ltr' id='par_1_3' title="bbox 3405 357 3511 413">
     <span class='ocr_line' id='line_1_3' title="bbox 3405 357 3511 413; baseline -0.019 1"><span class='ocrx_word' id='word_1_6' title='bbox 3405 357 3511 413; x_wconf 69' lang='lat'><strong>562</strong></span> 
     </span>
    </p>
   </div>
   <div class='ocr_carea' id='block_1_4' title="bbox 258 439 3500 540">
    <p class='ocr_par' dir='ltr' id='par_1_4' title="bbox 258 439 3500 540">
     <span class='ocr_line' id='line_1_4' title="bbox 258 439 3500 540; baseline 0.009 -40"><span class='ocrx_word' id='word_1_7' title='bbox 258 454 263 468; x_wconf 87' lang='lat'><strong>&#39;</strong></span> <span class='ocrx_word' id='word_1_8' title='bbox 296 469 435 523; x_wconf 62' lang='grc' dir='ltr'><strong>ιίοηί</strong></span> <span class='ocrx_word' id='word_1_9' title='bbox 458 439 847 525; x_wconf 63' lang='grc' dir='ltr'><strong>ευβετιίὀεδο;’δ</strong></span> <span class='ocrx_word' id='word_1_10' title='bbox 873 439 964 540; x_wconf 56' lang='lat' dir='ltr'><strong>Vf‘</strong></span> <span class='ocrx_word' id='word_1_11' title='bbox 998 443 1191 506; x_wconf 65' lang='lat' dir='ltr'><strong>mam</strong></span> <span class='ocrx_word' id='word_1_12' title='bbox 1255 475 1396 530; x_wconf 71' lang='lat' dir='ltr'><strong>qum</strong></span> <span class='ocrx_word' id='word_1_13' title='bbox 1437 469 1613 533; x_wconf 87' lang='lat' dir='ltr'><strong>posita</strong></span> <span class='ocrx_word' id='word_1_14' title='bbox 1647 477 1732 522; x_wconf 89' lang='lat' dir='ltr'><strong>est</strong></span> <span class='ocrx_word' id='word_1_15' title='bbox 1780 468 1884 520; x_wconf 84' lang='lat' dir='ltr'><strong>illis</strong></span> <span class='ocrx_word' id='word_1_16' title='bbox 1913 474 1956 530; x_wconf 79' lang='grc' dir='ltr'>Α</span> <span class='ocrx_word' id='word_1_17' title='bbox 1987 471 2178 524; x_wconf 88' lang='lat' dir='ltr'><strong>Sancta</strong></span> <span class='ocrx_word' id='word_1_18' title='bbox 2220 477 2541 521; x_wconf 79' lang='lat' dir='ltr'><strong>sanctorum.</strong></span> <span class='ocrx_word' id='word_1_19' title='bbox 2579 467 2700 519; x_wconf 87' lang='lat' dir='ltr'><strong>Post</strong></span> <span class='ocrx_word' id='word_1_20' title='bbox 2721 468 3009 522; x_wconf 87' lang='lat' dir='ltr'><strong>secundum</strong></span> <span class='ocrx_word' id='word_1_21' title='bbox 3040 478 3216 526; x_wconf 86' lang='lat' dir='ltr'><strong>autem</strong></span> <span class='ocrx_word' id='word_1_22' title='bbox 3239 474 3500 540; x_wconf 83' lang='lat' dir='ltr'><strong>velamen,</strong></span> 
     </span>
    </p>
   </div>
   <div class='ocr_carea' id='block_1_5' title="bbox 303 532 1886 616">
    <p class='ocr_par' dir='ltr' id='par_1_5' title="bbox 303 532 1886 616">
     <span class='ocr_line' id='line_1_5' title="bbox 303 532 1886 616; baseline 0.002 -9"><span class='ocrx_word' id='word_1_23' title='bbox 303 558 360 609; x_wconf 85' lang='lat' dir='ltr'><strong>in</strong></span> <span class='ocrx_word' id='word_1_24' title='bbox 384 545 642 616; x_wconf 85' lang='lat' dir='ltr'><strong>Evangelio</strong></span> <span class='ocrx_word' id='word_1_25' title='bbox 669 539 868 593; x_wconf 60' lang='lat' dir='ltr'><strong>dicente</strong></span> <span class='ocrx_word' id='word_1_26' title='bbox 891 532 1157 597; x_wconf 58' lang='lat' dir='ltr'><strong>“Omitto</strong></span> <span class='ocrx_word' id='word_1_27' title='bbox 1196 547 1250 580; x_wconf 74' lang='grc'><strong>⁸⁷</strong></span> <span class='ocrx_word' id='word_1_28' title='bbox 1295 570 1311 606; x_wconf 88' lang='lat'><strong>:</strong></span> <span class='ocrx_word' id='word_1_29' title='bbox 1364 572 1384 606; x_wconf 77' lang='grc' dir='ltr'><strong>ι</strong></span> <span class='ocrx_word' id='word_1_30' title='bbox 1427 532 1692 610; x_wconf 87' lang='lat' dir='ltr'><strong>Discedite</strong></span> <span class='ocrx_word' id='word_1_31' title='bbox 1735 572 1762 608; x_wconf 92' lang='lat' dir='ltr'><strong>a</strong></span> <span class='ocrx_word' id='word_1_32' title='bbox 1801 571 1886 610; x_wconf 89' lang='lat' dir='ltr'><strong>me</strong></span> 
     </span>
    </p>
   </div>
   <div class='ocr_carea' id='block_1_6' title="bbox 304 640 1887 712">
    <p class='ocr_par' dir='ltr' id='par_1_6' title="bbox 304 640 1887 712">
     <span class='ocr_line' id='line_1_6' title="bbox 304 640 1887 712; baseline 0 -15"><span class='ocrx_word' id='word_1_33' title='bbox 304 645 364 697; x_wconf 84' lang='lat' dir='ltr'><strong>in</strong></span> <span class='ocrx_word' id='word_1_34' title='bbox 386 645 543 712; x_wconf 80' lang='lat' dir='ltr'><strong>ignem</strong></span> <span class='ocrx_word' id='word_1_35' title='bbox 564 642 828 694; x_wconf 61' lang='lat' dir='ltr'><strong>aeternum»</strong></span> <span class='ocrx_word' id='word_1_36' title='bbox 857 640 1022 695; x_wconf 61' lang='grc' dir='ltr'>(ὶιὶθπι</span> <span class='ocrx_word' id='word_1_37' title='bbox 1070 645 1452 705; x_wconf 61' lang='lat' dir='ltr'><strong>Pl‘zeparavit</strong></span> <span class='ocrx_word' id='word_1_38' title='bbox 1497 646 1633 698; x_wconf 88' lang='lat' dir='ltr'><strong>Deus</strong></span> <span class='ocrx_word' id='word_1_39' title='bbox 1675 644 1887 698; x_wconf 83' lang='lat' dir='ltr'><strong>diabolo</strong></span> 
     </span>
    </p>
   </div>
   <div class='ocr_carea' id='block_1_7' title="bbox 303 716 1886 797">
    <p class='ocr_par' dir='ltr' id='par_1_7' title="bbox 303 716 1886 797">
     <span class='ocr_line' id='line_1_7' title="bbox 303 716 1886 797; baseline -0.003 -11"><span class='ocrx_word' id='word_1_40' title='bbox 303 743 362 786; x_wconf 87' lang='lat' dir='ltr'><strong>et</strong></span> <span class='ocrx_word' id='word_1_41' title='bbox 391 725 576 797; x_wconf 66' lang='lat' dir='ltr'><strong>angelis</strong></span> <span class='ocrx_word' id='word_1_42' title='bbox 602 720 736 788; x_wconf 62' lang='lat' dir='ltr'><strong>el“-</strong></span> <span class='ocrx_word' id='word_1_43' title='bbox 770 735 788 768; x_wconf 76' lang='grc'>¹</span> <span class='ocrx_word' id='word_1_44' title='bbox 825 716 934 785; x_wconf 64' lang='grc' dir='ltr'><strong>Εὲο</strong></span> <span class='ocrx_word' id='word_1_45' title='bbox 978 728 1122 785; x_wconf 67' lang='lat'><strong>0910</strong></span> <span class='ocrx_word' id='word_1_46' title='bbox 1175 734 1270 789; x_wconf 89' lang='lat' dir='ltr'><strong>ut,</strong></span> <span class='ocrx_word' id='word_1_47' title='bbox 1303 731 1436 782; x_wconf 88' lang='lat' dir='ltr'><strong>dum</strong></span> <span class='ocrx_word' id='word_1_48' title='bbox 1476 730 1528 784; x_wconf 91' lang='lat' dir='ltr'><strong>in</strong></span> <span class='ocrx_word' id='word_1_49' title='bbox 1568 732 1667 784; x_wconf 91' lang='lat' dir='ltr'><strong>hoc</strong></span> <span class='ocrx_word' id='word_1_50' title='bbox 1693 730 1886 783; x_wconf 66' lang='lat' dir='ltr'><strong>sacculo</strong></span> 
     </span>
    </p>
   </div>
   <div class='ocr_carea' id='block_1_8' title="bbox 305 807 1883 883">
    <p class='ocr_par' dir='ltr' id='par_1_8' title="bbox 305 807 1883 883">
     <span class='ocr_line' id='line_1_8' title="bbox 305 807 1883 883; baseline -0.004 -8"><span class='ocrx_word' id='word_1_51' title='bbox 305 835 453 883; x_wconf 78' lang='lat' dir='ltr'><strong>sum,</strong></span> <span class='ocrx_word' id='word_1_52' title='bbox 492 813 659 866; x_wconf 87' lang='lat' dir='ltr'><strong>visitet</strong></span> <span class='ocrx_word' id='word_1_53' title='bbox 699 807 956 862; x_wconf 81' lang='lat' dir='ltr'><strong>Dominus</strong></span> <span class='ocrx_word' id='word_1_54' title='bbox 1013 823 1273 876; x_wconf 84' lang='lat' dir='ltr'><strong>peccata</strong></span> <span class='ocrx_word' id='word_1_55' title='bbox 1333 833 1478 882; x_wconf 84' lang='lat' dir='ltr'><strong>mea,</strong></span> <span class='ocrx_word' id='word_1_56' title='bbox 1518 829 1573 871; x_wconf 92' lang='lat' dir='ltr'><strong>et</strong></span> <span class='ocrx_word' id='word_1_57' title='bbox 1621 819 1708 873; x_wconf 89' lang='lat' dir='ltr'><strong>hic</strong></span> <span class='ocrx_word' id='word_1_58' title='bbox 1757 818 1883 872; x_wconf 87' lang='lat' dir='ltr'><strong>mihi</strong></span> 
     </span>
    </p>
   </div>
   <div class='ocr_carea' id='block_1_9' title="bbox 307 896 1885 968">
    <p class='ocr_par' dir='ltr' id='par_1_9' title="bbox 307 896 1885 968">
     <span class='ocr_line' id='line_1_9' title="bbox 307 896 1885 968; baseline -0.003 -7"><span class='ocrx_word' id='word_1_59' title='bbox 307 909 573 968; x_wconf 87' lang='lat' dir='ltr'><strong>restituat,</strong></span> <span class='ocrx_word' id='word_1_60' title='bbox 596 909 651 953; x_wconf 92' lang='lat' dir='ltr'><strong>ut</strong></span> <span class='ocrx_word' id='word_1_61' title='bbox 671 899 740 952; x_wconf 87' lang='lat' dir='ltr'><strong>ibi</strong></span> <span class='ocrx_word' id='word_1_62' title='bbox 779 897 924 951; x_wconf 86' lang='lat' dir='ltr'><strong>dicat</strong></span> <span class='ocrx_word' id='word_1_63' title='bbox 954 896 1137 952; x_wconf 86' lang='lat' dir='ltr'><strong>etiam</strong></span> <span class='ocrx_word' id='word_1_64' title='bbox 1171 901 1248 958; x_wconf 83' lang='lat' dir='ltr'><strong>de</strong></span> <span class='ocrx_word' id='word_1_65' title='bbox 1291 921 1378 959; x_wconf 88' lang='lat' dir='ltr'><strong>me</strong></span> <span class='ocrx_word' id='word_1_66' title='bbox 1411 906 1698 968; x_wconf 81' lang='lat' dir='ltr'><strong>Abraham,</strong></span> <span class='ocrx_word' id='word_1_67' title='bbox 1747 906 1885 958; x_wconf 82' lang='lat' dir='ltr'><strong>sicut</strong></span> 
     </span>
    </p>
   </div>
   <div class='ocr_carea' id='block_1_10' title="bbox 303 987 1881 1062">
    <p class='ocr_par' dir='ltr' id='par_1_10' title="bbox 303 987 1881 1062">
     <span class='ocr_line' id='line_1_10' title="bbox 303 987 1881 1062; baseline -0.003 -14"><span class='ocrx_word' id='word_1_68' title='bbox 303 997 449 1048; x_wconf 88' lang='lat' dir='ltr'><strong>dixit</strong></span> <span class='ocrx_word' id='word_1_69' title='bbox 468 996 537 1047; x_wconf 92' lang='lat' dir='ltr'><strong>de</strong></span> <span class='ocrx_word' id='word_1_70' title='bbox 556 1005 778 1062; x_wconf 76' lang='lat' dir='ltr'><strong>paupere</strong></span> <span class='ocrx_word' id='word_1_71' title='bbox 802 987 1012 1042; x_wconf 76' lang='lat' dir='ltr'><strong>Lazaro</strong></span> <span class='ocrx_word' id='word_1_72' title='bbox 1039 992 1113 1042; x_wconf 87' lang='lat' dir='ltr'><strong>ad</strong></span> <span class='ocrx_word' id='word_1_73' title='bbox 1148 991 1390 1046; x_wconf 82' lang='lat' dir='ltr'><strong>divitem</strong></span> <span class='ocrx_word' id='word_1_74' title='bbox 1420 994 1465 1025; x_wconf 72' lang='grc'><strong>⁸⁸</strong></span> <span class='ocrx_word' id='word_1_75' title='bbox 1491 1012 1503 1046; x_wconf 91' lang='lat'><strong>:</strong></span> <span class='ocrx_word' id='word_1_76' title='bbox 1539 1011 1556 1043; x_wconf 82' lang='lat' dir='ltr'><strong>t</strong></span> <span class='ocrx_word' id='word_1_77' title='bbox 1601 992 1881 1057; x_wconf 80' lang='lat' dir='ltr'><strong>Memento,</strong></span> 
     </span>
    </p>
   </div>
   <div class='ocr_carea' id='block_1_11' title="bbox 302 1079 1885 1152">
    <p class='ocr_par' dir='ltr' id='par_1_11' title="bbox 302 1079 1885 1152">
     <span class='ocr_line' id='line_1_11' title="bbox 302 1079 1885 1152; baseline -0.002 -15"><span class='ocrx_word' id='word_1_78' title='bbox 302 1086 403 1146; x_wconf 67' lang='lat' dir='ltr'><strong>ﬁli,</strong></span> <span class='ocrx_word' id='word_1_79' title='bbox 437 1084 584 1152; x_wconf 89' lang='lat' dir='ltr'><strong>quod</strong></span> <span class='ocrx_word' id='word_1_80' title='bbox 608 1081 847 1150; x_wconf 81' lang='lat' dir='ltr'><strong>recepisti</strong></span> <span class='ocrx_word' id='word_1_81' title='bbox 870 1081 1014 1133; x_wconf 90' lang='lat' dir='ltr'><strong>bona</strong></span> <span class='ocrx_word' id='word_1_82' title='bbox 1047 1079 1107 1132; x_wconf 92' lang='lat' dir='ltr'><strong>in</strong></span> <span class='ocrx_word' id='word_1_83' title='bbox 1139 1081 1262 1135; x_wconf 89' lang='lat' dir='ltr'><strong>vita</strong></span> <span class='ocrx_word' id='word_1_84' title='bbox 1301 1092 1412 1144; x_wconf 89' lang='lat' dir='ltr'><strong>tua,</strong></span> <span class='ocrx_word' id='word_1_85' title='bbox 1444 1091 1497 1134; x_wconf 91' lang='lat' dir='ltr'><strong>et</strong></span> <span class='ocrx_word' id='word_1_86' title='bbox 1530 1081 1767 1134; x_wconf 82' lang='lat' dir='ltr'><strong>Lazarus</strong></span> <span class='ocrx_word' id='word_1_87' title='bbox 1813 1082 1885 1134; x_wconf 84' lang='lat' dir='ltr'><strong>si-</strong></span> 
     </span>
    </p>
   </div>
   <div class='ocr_carea' id='block_1_12' title="bbox 299 1171 1884 1239">
    <p class='ocr_par' dir='ltr' id='par_1_12' title="bbox 299 1171 1884 1239">
     <span class='ocr_line' id='line_1_12' title="bbox 299 1171 1884 1239; baseline -0.003 -12"><span class='ocrx_word' id='word_1_88' title='bbox 299 1175 514 1228; x_wconf 88' lang='lat' dir='ltr'><strong>militer</strong></span> <span class='ocrx_word' id='word_1_89' title='bbox 541 1175 698 1227; x_wconf 85' lang='lat' dir='ltr'><strong>mala.</strong></span> <span class='ocrx_word' id='word_1_90' title='bbox 727 1171 876 1226; x_wconf 77' lang='lat' dir='ltr'><strong>Nunc</strong></span> <span class='ocrx_word' id='word_1_91' title='bbox 929 1180 1113 1224; x_wconf 92' lang='lat' dir='ltr'><strong>autem</strong></span> <span class='ocrx_word' id='word_1_92' title='bbox 1168 1171 1264 1226; x_wconf 86' lang='lat' dir='ltr'><strong>hic</strong></span> <span class='ocrx_word' id='word_1_93' title='bbox 1309 1172 1618 1239; x_wconf 82' lang='lat' dir='ltr'><strong>requiescit,</strong></span> <span class='ocrx_word' id='word_1_94' title='bbox 1666 1181 1718 1223; x_wconf 91' lang='lat' dir='ltr'><strong>tu</strong></span> <span class='ocrx_word' id='word_1_95' title='bbox 1759 1185 1884 1223; x_wconf 84' lang='lat' dir='ltr'><strong>vero</strong></span> 
     </span>
    </p>
   </div>
   <div class='ocr_carea' id='block_1_13' title="bbox 295 1262 1883 1331">
    <p class='ocr_par' dir='ltr' id='par_1_13' title="bbox 295 1262 1883 1331">
     <span class='ocr_line' id='line_1_13' title="bbox 295 1262 1883 1331; baseline -0.005 -11"><span class='ocrx_word' id='word_1_96' title='bbox 295 1268 604 1320; x_wconf 82' lang='lat' dir='ltr'><strong>cruciaris.</strong></span> <span class='ocrx_word' id='word_1_97' title='bbox 647 1285 665 1316; x_wconf 74' lang='grc' dir='ltr'><strong>ι</strong></span> <span class='ocrx_word' id='word_1_98' title='bbox 699 1265 986 1330; x_wconf 82' lang='lat' dir='ltr'><strong>Propterea</strong></span> <span class='ocrx_word' id='word_1_99' title='bbox 1025 1277 1163 1331; x_wconf 83' lang='lat' dir='ltr'><strong>ergo</strong></span> <span class='ocrx_word' id='word_1_100' title='bbox 1197 1276 1324 1316; x_wconf 88' lang='lat' dir='ltr'><strong>cum</strong></span> <span class='ocrx_word' id='word_1_101' title='bbox 1388 1262 1724 1328; x_wconf 86' lang='lat' dir='ltr'><strong>corripimur,</strong></span> <span class='ocrx_word' id='word_1_102' title='bbox 1766 1275 1883 1312; x_wconf 90' lang='lat' dir='ltr'><strong>cum</strong></span> 
     </span>
    </p>
   </div>
   <div class='ocr_carea' id='block_1_14' title="bbox 292 1344 1880 1422">
    <p class='ocr_par' dir='ltr' id='par_1_14' title="bbox 292 1344 1880 1422">
     <span class='ocr_line' id='line_1_14' title="bbox 292 1344 1880 1422; baseline -0.009 -14"><span class='ocrx_word' id='word_1_103' title='bbox 292 1355 652 1422; x_wconf 80' lang='lat' dir='ltr'><strong>castigamur</strong></span> <span class='ocrx_word' id='word_1_104' title='bbox 676 1367 707 1405; x_wconf 90' lang='lat' dir='ltr'><strong>a</strong></span> <span class='ocrx_word' id='word_1_105' title='bbox 733 1351 983 1412; x_wconf 86' lang='lat' dir='ltr'><strong>Domino,</strong></span> <span class='ocrx_word' id='word_1_106' title='bbox 1021 1363 1146 1404; x_wconf 90' lang='lat' dir='ltr'><strong>esse</strong></span> <span class='ocrx_word' id='word_1_107' title='bbox 1187 1363 1296 1400; x_wconf 87' lang='lat' dir='ltr'><strong>non</strong></span> <span class='ocrx_word' id='word_1_108' title='bbox 1348 1347 1602 1401; x_wconf 88' lang='lat' dir='ltr'><strong>debemus</strong></span> <span class='ocrx_word' id='word_1_109' title='bbox 1656 1344 1880 1413; x_wconf 75' lang='lat' dir='ltr'><strong>ingrati,</strong></span> 
     </span>
    </p>
   </div>
   <div class='ocr_carea' id='block_1_15' title="bbox 289 1429 1908 1508">
    <p class='ocr_par' dir='ltr' id='par_1_15' title="bbox 289 1429 1908 1508">
     <span class='ocr_line' id='line_1_15' title="bbox 289 1429 1908 1508; baseline -0.012 -9"><span class='ocrx_word' id='word_1_110' title='bbox 289 1445 389 1498; x_wconf 83' lang='lat' dir='ltr'><strong>sed</strong></span> <span class='ocrx_word' id='word_1_111' title='bbox 425 1442 816 1508; x_wconf 77' lang='lat' dir='ltr'><strong>intelligamus</strong></span> <span class='ocrx_word' id='word_1_112' title='bbox 845 1448 1133 1505; x_wconf 84' lang='lat' dir='ltr'><strong>propterea</strong></span> <span class='ocrx_word' id='word_1_113' title='bbox 1167 1449 1264 1488; x_wconf 91' lang='lat' dir='ltr'><strong>nos</strong></span> <span class='ocrx_word' id='word_1_114' title='bbox 1293 1433 1346 1486; x_wconf 92' lang='lat' dir='ltr'><strong>in</strong></span> <span class='ocrx_word' id='word_1_115' title='bbox 1388 1431 1634 1500; x_wconf 63' lang='lat' dir='ltr'><strong>praesenti</strong></span> <span class='ocrx_word' id='word_1_116' title='bbox 1691 1429 1908 1483; x_wconf 82' lang='lat' dir='ltr'><strong>saeculo.</strong></span> 
     </span>
    </p>
   </div>
   <div class='ocr_carea' id='block_1_16' title="bbox 289 1518 1884 1600">
    <p class='ocr_par' dir='ltr' id='par_1_16' title="bbox 289 1518 1884 1600">
     <span class='ocr_line' id='line_1_16' title="bbox 289 1518 1884 1600; baseline -0.012 -13"><span class='ocrx_word' id='word_1_117' title='bbox 289 1533 538 1600; x_wconf 85' lang='lat' dir='ltr'><strong>corripi,</strong></span> <span class='ocrx_word' id='word_1_118' title='bbox 573 1539 633 1583; x_wconf 90' lang='lat' dir='ltr'><strong>ut</strong></span> <span class='ocrx_word' id='word_1_119' title='bbox 673 1530 726 1582; x_wconf 91' lang='lat' dir='ltr'><strong>in</strong></span> <span class='ocrx_word' id='word_1_120' title='bbox 772 1528 954 1580; x_wconf 86' lang='lat' dir='ltr'><strong>futuro</strong></span> <span class='ocrx_word' id='word_1_121' title='bbox 990 1524 1231 1591; x_wconf 78' lang='lat' dir='ltr'><strong>requiem</strong></span> <span class='ocrx_word' id='word_1_122' title='bbox 1288 1533 1699 1586; x_wconf 87' lang='lat' dir='ltr'><strong>consequamur.</strong></span> <span class='ocrx_word' id='word_1_123' title='bbox 1744 1518 1884 1570; x_wconf 86' lang='lat' dir='ltr'><strong>sicut</strong></span> 
     </span>
    </p>
   </div>
   <div class='ocr_carea' id='block_1_17' title="bbox 287 1607 1883 1688">
    <p class='ocr_par' dir='ltr' id='par_1_17' title="bbox 287 1607 1883 1688">
     <span class='ocr_line' id='line_1_17' title="bbox 287 1607 1883 1688; baseline -0.013 -11"><span class='ocrx_word' id='word_1_124' title='bbox 287 1635 346 1677; x_wconf 85' lang='lat' dir='ltr'><strong>et</strong></span> <span class='ocrx_word' id='word_1_125' title='bbox 374 1620 702 1688; x_wconf 79' lang='lat' dir='ltr'><strong>Apostolus</strong></span> <span class='ocrx_word' id='word_1_126' title='bbox 748 1617 878 1670; x_wconf 86' lang='lat' dir='ltr'><strong>dicit</strong></span> <span class='ocrx_word' id='word_1_127' title='bbox 910 1616 998 1666; x_wconf 78' lang='lat' dir='ltr'><strong>&quot;z</strong></span> <span class='ocrx_word' id='word_1_128' title='bbox 1039 1631 1057 1664; x_wconf 86' lang='lat' dir='ltr'><strong>t</strong></span> <span class='ocrx_word' id='word_1_129' title='bbox 1093 1613 1226 1666; x_wconf 86' lang='lat' dir='ltr'><strong>Cum</strong></span> <span class='ocrx_word' id='word_1_130' title='bbox 1273 1619 1447 1663; x_wconf 86' lang='lat' dir='ltr'><strong>autem</strong></span> <span class='ocrx_word' id='word_1_131' title='bbox 1492 1607 1812 1675; x_wconf 83' lang='lat' dir='ltr'><strong>castigamur</strong></span> <span class='ocrx_word' id='word_1_132' title='bbox 1853 1620 1883 1657; x_wconf 84' lang='lat' dir='ltr'><strong>a</strong></span> 
     </span>
    </p>
   </div>
   <div class='ocr_carea' id='block_1_18' title="bbox 287 1694 1880 1773">
    <p class='ocr_par' dir='ltr' id='par_1_18' title="bbox 287 1694 1880 1773">
     <span class='ocr_line' id='line_1_18' title="bbox 287 1694 1880 1773; baseline -0.013 -8"><span class='ocrx_word' id='word_1_133' title='bbox 287 1712 564 1772; x_wconf 87' lang='lat' dir='ltr'><strong>Domino,</strong></span> <span class='ocrx_word' id='word_1_134' title='bbox 592 1705 948 1773; x_wconf 81' lang='lat' dir='ltr'><strong>corripintur,</strong></span> <span class='ocrx_word' id='word_1_135' title='bbox 995 1715 1064 1754; x_wconf 90' lang='lat' dir='ltr'><strong>ne</strong></span> <span class='ocrx_word' id='word_1_136' title='bbox 1110 1715 1231 1754; x_wconf 91' lang='lat' dir='ltr'><strong>cum</strong></span> <span class='ocrx_word' id='word_1_137' title='bbox 1264 1699 1364 1751; x_wconf 93' lang='lat' dir='ltr'><strong>hoc</strong></span> <span class='ocrx_word' id='word_1_138' title='bbox 1414 1694 1606 1749; x_wconf 92' lang='lat' dir='ltr'><strong>mundo</strong></span> <span class='ocrx_word' id='word_1_139' title='bbox 1659 1697 1880 1746; x_wconf 86' lang='lat' dir='ltr'><strong>damne-</strong></span> 
     </span>
    </p>
   </div>
   <div class='ocr_carea' id='block_1_19' title="bbox 1987 557 3500 624">
    <p class='ocr_par' dir='ltr' id='par_1_19' title="bbox 1987 557 3500 624">
     <span class='ocr_line' id='line_1_19' title="bbox 1987 557 3500 624; baseline 0.003 -13"><span class='ocrx_word' id='word_1_140' title='bbox 1987 557 2383 611; x_wconf 86' lang='lat' dir='ltr'><strong>tabernaculum</strong></span> <span class='ocrx_word' id='word_1_141' title='bbox 2433 557 2574 623; x_wconf 93' lang='lat' dir='ltr'><strong>quod</strong></span> <span class='ocrx_word' id='word_1_142' title='bbox 2623 557 2818 612; x_wconf 90' lang='lat' dir='ltr'><strong>dicitur</strong></span> <span class='ocrx_word' id='word_1_143' title='bbox 2856 573 3120 624; x_wconf 90' lang='lat' dir='ltr'><strong>sanctum,</strong></span> <span class='ocrx_word' id='word_1_144' title='bbox 3161 561 3357 616; x_wconf 83' lang='lat' dir='ltr'><strong>habens</strong></span> <span class='ocrx_word' id='word_1_145' title='bbox 3406 577 3500 616; x_wconf 87' lang='lat' dir='ltr'><strong>au—</strong></span> 
     </span>
    </p>
   </div>
   <div class='ocr_carea' id='block_1_20' title="bbox 1985 646 3498 714">
    <p class='ocr_par' dir='ltr' id='par_1_20' title="bbox 1985 646 3498 714">
     <span class='ocr_line' id='line_1_20' title="bbox 1985 646 3498 714; baseline 0.003 -16"><span class='ocrx_word' id='word_1_146' title='bbox 1985 661 2131 700; x_wconf 91' lang='lat' dir='ltr'><strong>reum</strong></span> <span class='ocrx_word' id='word_1_147' title='bbox 2168 647 2332 699; x_wconf 88' lang='lat' dir='ltr'><strong>altare</strong></span> <span class='ocrx_word' id='word_1_148' title='bbox 2357 646 2648 708; x_wconf 89' lang='lat' dir='ltr'><strong>incensi,et</strong></span> <span class='ocrx_word' id='word_1_149' title='bbox 2680 661 2858 701; x_wconf 89' lang='lat' dir='ltr'><strong>arcam</strong></span> <span class='ocrx_word' id='word_1_150' title='bbox 2903 650 3232 714; x_wconf 85' lang='lat' dir='ltr'><strong>testamenti,</strong></span> <span class='ocrx_word' id='word_1_151' title='bbox 3267 660 3321 704; x_wconf 90' lang='lat' dir='ltr'><strong>et</strong></span> <span class='ocrx_word' id='word_1_152' title='bbox 3360 651 3498 704; x_wconf 90' lang='lat' dir='ltr'><strong>intra</strong></span> 
     </span>
    </p>
   </div>
   <div class='ocr_carea' id='block_1_21' title="bbox 1983 733 3498 804">
    <p class='ocr_par' dir='ltr' id='par_1_21' title="bbox 1983 733 3498 804">
     <span class='ocr_line' id='line_1_21' title="bbox 1983 733 3498 804; baseline 0.001 -16"><span class='ocrx_word' id='word_1_153' title='bbox 1983 748 2097 788; x_wconf 87' lang='lat' dir='ltr'><strong>eam</strong></span> <span class='ocrx_word' id='word_1_154' title='bbox 2148 735 2278 787; x_wconf 89' lang='lat' dir='ltr'><strong>duas</strong></span> <span class='ocrx_word' id='word_1_155' title='bbox 2336 733 2560 796; x_wconf 87' lang='lat' dir='ltr'><strong>tabulas,</strong></span> <span class='ocrx_word' id='word_1_156' title='bbox 2606 743 2661 788; x_wconf 90' lang='lat' dir='ltr'><strong>et</strong></span> <span class='ocrx_word' id='word_1_157' title='bbox 2718 743 2934 799; x_wconf 82' lang='lat' dir='ltr'><strong>manna,</strong></span> <span class='ocrx_word' id='word_1_158' title='bbox 2987 744 3042 789; x_wconf 89' lang='lat' dir='ltr'><strong>et</strong></span> <span class='ocrx_word' id='word_1_159' title='bbox 3089 736 3288 804; x_wconf 81' lang='lat' dir='ltr'><strong>virgam</strong></span> <span class='ocrx_word' id='word_1_160' title='bbox 3325 738 3498 790; x_wconf 81' lang='lat' dir='ltr'><strong>Aaron</strong></span> 
     </span>
    </p>
   </div>
   <div class='ocr_carea' id='block_1_22' title="bbox 1984 820 3500 892">
    <p class='ocr_par' dir='ltr' id='par_1_22' title="bbox 1984 820 3500 892">
     <span class='ocr_line' id='line_1_22' title="bbox 1984 820 3500 892; baseline 0.003 -20"><span class='ocrx_word' id='word_1_161' title='bbox 1984 834 2098 887; x_wconf 75' lang='lat' dir='ltr'><strong>qua:</strong></span> <span class='ocrx_word' id='word_1_162' title='bbox 2135 820 2462 874; x_wconf 84' lang='lat' dir='ltr'><strong>fronduerat.</strong></span> <span class='ocrx_word' id='word_1_163' title='bbox 2503 841 2520 872; x_wconf 76' lang='grc' dir='ltr'><strong>ι</strong></span> <span class='ocrx_word' id='word_1_164' title='bbox 2573 821 2676 874; x_wconf 89' lang='lat' dir='ltr'><strong>Sed</strong></span> <span class='ocrx_word' id='word_1_165' title='bbox 2724 822 2790 876; x_wconf 88' lang='lat' dir='ltr'><strong>iis</strong></span> <span class='ocrx_word' id='word_1_166' title='bbox 2851 822 3054 875; x_wconf 87' lang='lat' dir='ltr'><strong>addidit</strong></span> <span class='ocrx_word' id='word_1_167' title='bbox 3090 840 3102 874; x_wconf 93' lang='lat'>:</span> <span class='ocrx_word' id='word_1_168' title='bbox 3143 841 3162 874; x_wconf 73' lang='grc' dir='ltr'><strong>ι</strong></span> <span class='ocrx_word' id='word_1_169' title='bbox 3197 824 3271 876; x_wconf 91' lang='lat' dir='ltr'><strong>De</strong></span> <span class='ocrx_word' id='word_1_170' title='bbox 3306 825 3500 892; x_wconf 83' lang='lat' dir='ltr'><strong>quibus</strong></span> 
     </span>
    </p>
   </div>
   <div class='ocr_carea' id='block_1_23' title="bbox 1983 909 3501 980">
    <p class='ocr_par' dir='ltr' id='par_1_23' title="bbox 1983 909 3501 980">
     <span class='ocr_line' id='line_1_23' title="bbox 1983 909 3501 980; baseline 0.005 -22"><span class='ocrx_word' id='word_1_171' title='bbox 1983 921 2086 959; x_wconf 92' lang='lat' dir='ltr'><strong>non</strong></span> <span class='ocrx_word' id='word_1_172' title='bbox 2121 916 2202 960; x_wconf 92' lang='lat' dir='ltr'><strong>est</strong></span> <span class='ocrx_word' id='word_1_173' title='bbox 2235 911 2387 961; x_wconf 88' lang='lat' dir='ltr'><strong>modo</strong></span> <span class='ocrx_word' id='word_1_174' title='bbox 2417 909 2699 962; x_wconf 91' lang='lat' dir='ltr'><strong>dicendum</strong></span> <span class='ocrx_word' id='word_1_175' title='bbox 2737 923 2836 976; x_wconf 84' lang='lat' dir='ltr'><strong>per</strong></span> <span class='ocrx_word' id='word_1_176' title='bbox 2862 909 3088 978; x_wconf 82' lang='lat' dir='ltr'><strong>singula.</strong></span> <span class='ocrx_word' id='word_1_177' title='bbox 3136 928 3154 962; x_wconf 77' lang='grc' dir='ltr'><strong>ι</strong></span> <span class='ocrx_word' id='word_1_178' title='bbox 3193 911 3344 976; x_wconf 87' lang='lat' dir='ltr'><strong>Quod</strong></span> <span class='ocrx_word' id='word_1_179' title='bbox 3373 925 3501 980; x_wconf 84' lang='lat' dir='ltr'><strong>ergo</strong></span> 
     </span>
    </p>
   </div>
   <div class='ocr_carea' id='block_1_24' title="bbox 1983 995 3498 1066">
    <p class='ocr_par' dir='ltr' id='par_1_24' title="bbox 1983 995 3498 1066">
     <span class='ocr_line' id='line_1_24' title="bbox 1983 995 3498 1066; baseline 0.005 -21"><span class='ocrx_word' id='word_1_180' title='bbox 1983 995 2074 1057; x_wconf 91' lang='lat' dir='ltr'><strong>ait,</strong></span> <span class='ocrx_word' id='word_1_181' title='bbox 2103 1011 2121 1045; x_wconf 84' lang='lat' dir='ltr'><strong>t</strong></span> <span class='ocrx_word' id='word_1_182' title='bbox 2152 996 2216 1048; x_wconf 86' lang='lat' dir='ltr'><strong>de</strong></span> <span class='ocrx_word' id='word_1_183' title='bbox 2246 997 2436 1062; x_wconf 87' lang='lat' dir='ltr'><strong>quibus</strong></span> <span class='ocrx_word' id='word_1_184' title='bbox 2461 1011 2561 1049; x_wconf 93' lang='lat' dir='ltr'><strong>non</strong></span> <span class='ocrx_word' id='word_1_185' title='bbox 2592 1005 2670 1050; x_wconf 92' lang='lat' dir='ltr'><strong>est</strong></span> <span class='ocrx_word' id='word_1_186' title='bbox 2699 997 2854 1052; x_wconf 90' lang='lat' dir='ltr'><strong>modo</strong></span> <span class='ocrx_word' id='word_1_187' title='bbox 2877 998 3177 1061; x_wconf 70' lang='lat' dir='ltr'><strong>dicendurm,</strong></span> <span class='ocrx_word' id='word_1_188' title='bbox 3224 1015 3244 1050; x_wconf 73' lang='grc' dir='ltr'><strong>ι</strong></span> <span class='ocrx_word' id='word_1_189' title='bbox 3281 999 3498 1066; x_wconf 92' lang='lat' dir='ltr'><strong>quidam</strong></span> 
     </span>
    </p>
   </div>
   <div class='ocr_carea' id='block_1_25' title="bbox 1983 1081 3507 1152">
    <p class='ocr_par' dir='ltr' id='par_1_25' title="bbox 1983 1081 3507 1152">
     <span class='ocr_line' id='line_1_25' title="bbox 1983 1081 3507 1152; baseline 0.005 -20"><span class='ocrx_word' id='word_1_190' title='bbox 1983 1082 2046 1133; x_wconf 92' lang='lat' dir='ltr'><strong>ad</strong></span> <span class='ocrx_word' id='word_1_191' title='bbox 2095 1081 2220 1134; x_wconf 87' lang='lat' dir='ltr'><strong>illud</strong></span> <span class='ocrx_word' id='word_1_192' title='bbox 2271 1091 2476 1149; x_wconf 88' lang='lat' dir='ltr'><strong>tempus</strong></span> <span class='ocrx_word' id='word_1_193' title='bbox 2519 1082 2755 1138; x_wconf 86' lang='lat' dir='ltr'><strong>referunt</strong></span> <span class='ocrx_word' id='word_1_194' title='bbox 2796 1100 2901 1152; x_wconf 90' lang='lat' dir='ltr'><strong>quo</strong></span> <span class='ocrx_word' id='word_1_195' title='bbox 2955 1084 3192 1138; x_wconf 63' lang='lat' dir='ltr'><strong>Hebraeis</strong></span> <span class='ocrx_word' id='word_1_196' title='bbox 3236 1087 3507 1140; x_wconf 86' lang='lat' dir='ltr'><strong>scribebat</strong></span> 
     </span>
    </p>
   </div>
   <div class='ocr_carea' id='block_1_26' title="bbox 1982 1171 3506 1244">
    <p class='ocr_par' dir='ltr' id='par_1_26' title="bbox 1982 1171 3506 1244">
     <span class='ocr_line' id='line_1_26' title="bbox 1982 1171 3506 1244; baseline 0.004 -22"><span class='ocrx_word' id='word_1_197' title='bbox 1982 1171 2288 1238; x_wconf 85' lang='lat' dir='ltr'><strong>Epistolam.</strong></span> <span class='ocrx_word' id='word_1_198' title='bbox 2326 1171 2457 1223; x_wconf 86' lang='lat' dir='ltr'><strong>Aliis</strong></span> <span class='ocrx_word' id='word_1_199' title='bbox 2491 1186 2611 1224; x_wconf 89' lang='lat' dir='ltr'><strong>vero</strong></span> <span class='ocrx_word' id='word_1_200' title='bbox 2658 1174 2884 1239; x_wconf 89' lang='lat' dir='ltr'><strong>videtur,</strong></span> <span class='ocrx_word' id='word_1_201' title='bbox 2929 1174 3068 1239; x_wconf 87' lang='lat' dir='ltr'><strong>quod</strong></span> <span class='ocrx_word' id='word_1_202' title='bbox 3102 1189 3195 1241; x_wconf 91' lang='lat' dir='ltr'><strong>pro</strong></span> <span class='ocrx_word' id='word_1_203' title='bbox 3227 1175 3506 1244; x_wconf 85' lang='lat' dir='ltr'><strong>mysterio-</strong></span> 
     </span>
    </p>
   </div>
   <div class='ocr_carea' id='block_1_27' title="bbox 1983 1261 3503 1330">
    <p class='ocr_par' dir='ltr' id='par_1_27' title="bbox 1983 1261 3503 1330">
     <span class='ocr_line' id='line_1_27' title="bbox 1983 1261 3503 1330; baseline 0.005 -20"><span class='ocrx_word' id='word_1_204' title='bbox 1983 1274 2096 1310; x_wconf 88' lang='lat' dir='ltr'><strong>rum</strong></span> <span class='ocrx_word' id='word_1_205' title='bbox 2131 1261 2494 1327; x_wconf 77' lang='lat' dir='ltr'><strong>magnitudine</strong></span> <span class='ocrx_word' id='word_1_206' title='bbox 2539 1275 2696 1312; x_wconf 88' lang='lat' dir='ltr'><strong>omne</strong></span> <span class='ocrx_word' id='word_1_207' title='bbox 2730 1271 2932 1330; x_wconf 83' lang='lat' dir='ltr'><strong>tempus</strong></span> <span class='ocrx_word' id='word_1_208' title='bbox 2969 1263 3244 1330; x_wconf 75' lang='lat' dir='ltr'><strong>prtesentis</strong></span> <span class='ocrx_word' id='word_1_209' title='bbox 3286 1264 3406 1317; x_wconf 73' lang='lat' dir='ltr'><strong>vita:</strong></span> <span class='ocrx_word' id='word_1_210' title='bbox 3439 1267 3503 1317; x_wconf 82' lang='lat' dir='ltr'><strong>:nl</strong></span> 
     </span>
    </p>
   </div>
   <div class='ocr_carea' id='block_1_28' title="bbox 1982 1346 3504 1422">
    <p class='ocr_par' dir='ltr' id='par_1_28' title="bbox 1982 1346 3504 1422">
     <span class='ocr_line' id='line_1_28' title="bbox 1982 1346 3504 1422; baseline 0.007 -24"><span class='ocrx_word' id='word_1_211' title='bbox 1982 1346 2093 1400; x_wconf 74' lang='lat' dir='ltr'><strong>hzec</strong></span> <span class='ocrx_word' id='word_1_212' title='bbox 2123 1347 2450 1414; x_wconf 84' lang='lat' dir='ltr'><strong>explananda</strong></span> <span class='ocrx_word' id='word_1_213' title='bbox 2477 1349 2721 1402; x_wconf 89' lang='lat' dir='ltr'><strong>idoneum</strong></span> <span class='ocrx_word' id='word_1_214' title='bbox 2757 1360 2928 1416; x_wconf 81' lang='lat' dir='ltr'><strong>neget.</strong></span> <span class='ocrx_word' id='word_1_215' title='bbox 2957 1351 3148 1404; x_wconf 75' lang='lat' dir='ltr'><strong>Verum</strong></span> <span class='ocrx_word' id='word_1_216' title='bbox 3174 1367 3275 1404; x_wconf 92' lang='lat' dir='ltr'><strong>non</strong></span> <span class='ocrx_word' id='word_1_217' title='bbox 3310 1368 3504 1422; x_wconf 85' lang='lat' dir='ltr'><strong>usque-</strong></span> 
     </span>
    </p>
   </div>
   <div class='ocr_carea' id='block_1_29' title="bbox 1980 1442 3498 1511">
    <p class='ocr_par' dir='ltr' id='par_1_29' title="bbox 1980 1442 3498 1511">
     <span class='ocr_line' id='line_1_29' title="bbox 1980 1442 3498 1511; baseline 0.003 -19"><span class='ocrx_word' id='word_1_218' title='bbox 1980 1454 2188 1508; x_wconf 92' lang='lat' dir='ltr'><strong>quaque</strong></span> <span class='ocrx_word' id='word_1_219' title='bbox 2209 1442 2388 1496; x_wconf 89' lang='lat' dir='ltr'><strong>tristes</strong></span> <span class='ocrx_word' id='word_1_220' title='bbox 2427 1457 2523 1496; x_wconf 92' lang='lat' dir='ltr'><strong>nos</strong></span> <span class='ocrx_word' id='word_1_221' title='bbox 2549 1444 2799 1510; x_wconf 85' lang='lat' dir='ltr'><strong>relinquit</strong></span> <span class='ocrx_word' id='word_1_222' title='bbox 2826 1445 3126 1511; x_wconf 85' lang='lat' dir='ltr'><strong>Apostolus,</strong></span> <span class='ocrx_word' id='word_1_223' title='bbox 3164 1448 3279 1510; x_wconf 91' lang='lat' dir='ltr'><strong>sed,</strong></span> <span class='ocrx_word' id='word_1_224' title='bbox 3313 1454 3369 1498; x_wconf 91' lang='lat' dir='ltr'><strong>ut</strong></span> <span class='ocrx_word' id='word_1_225' title='bbox 3396 1448 3498 1500; x_wconf 85' lang='lat' dir='ltr'><strong>sibi</strong></span> 
     </span>
    </p>
   </div>
   <div class='ocr_carea' id='block_1_30' title="bbox 1981 1530 3503 1599">
    <p class='ocr_par' dir='ltr' id='par_1_30' title="bbox 1981 1530 3503 1599">
     <span class='ocr_line' id='line_1_30' title="bbox 1981 1530 3503 1599; baseline 0.005 -19"><span class='ocrx_word' id='word_1_226' title='bbox 1981 1530 2142 1582; x_wconf 89' lang='lat' dir='ltr'><strong>moris</strong></span> <span class='ocrx_word' id='word_1_227' title='bbox 2168 1539 2268 1593; x_wconf 90' lang='lat' dir='ltr'><strong>est,</strong></span> <span class='ocrx_word' id='word_1_228' title='bbox 2299 1533 2472 1598; x_wconf 89' lang='lat' dir='ltr'><strong>aperit</strong></span> <span class='ocrx_word' id='word_1_229' title='bbox 2502 1548 2665 1599; x_wconf 90' lang='lat' dir='ltr'><strong>pauca</strong></span> <span class='ocrx_word' id='word_1_230' title='bbox 2692 1537 2755 1586; x_wconf 84' lang='lat' dir='ltr'><strong>de</strong></span> <span class='ocrx_word' id='word_1_231' title='bbox 2793 1533 2970 1586; x_wconf 88' lang='lat' dir='ltr'><strong>multis</strong></span> <span class='ocrx_word' id='word_1_232' title='bbox 2999 1550 3012 1585; x_wconf 91' lang='lat'><strong>:</strong></span> <span class='ocrx_word' id='word_1_233' title='bbox 3047 1545 3104 1586; x_wconf 91' lang='lat' dir='ltr'><strong>ut</strong></span> <span class='ocrx_word' id='word_1_234' title='bbox 3149 1534 3390 1587; x_wconf 89' lang='lat' dir='ltr'><strong>clausum</strong></span> <span class='ocrx_word' id='word_1_235' title='bbox 3433 1538 3503 1590; x_wconf 89' lang='lat' dir='ltr'><strong>sit</strong></span> 
     </span>
    </p>
   </div>
   <div class='ocr_carea' id='block_1_31' title="bbox 1981 1620 3502 1690">
    <p class='ocr_par' dir='ltr' id='par_1_31' title="bbox 1981 1620 3502 1690">
     <span class='ocr_line' id='line_1_31' title="bbox 1981 1620 3502 1690; baseline 0.005 -20"><span class='ocrx_word' id='word_1_236' title='bbox 1981 1620 2190 1687; x_wconf 85' lang='lat' dir='ltr'><strong>quidem</strong></span> <span class='ocrx_word' id='word_1_237' title='bbox 2232 1623 2633 1690; x_wconf 73' lang='lat' dir='ltr'><strong>negligentibus,</strong></span> <span class='ocrx_word' id='word_1_238' title='bbox 2665 1623 2968 1674; x_wconf 88' lang='lat' dir='ltr'><strong>inveniatur</strong></span> <span class='ocrx_word' id='word_1_239' title='bbox 2999 1633 3174 1676; x_wconf 90' lang='lat' dir='ltr'><strong>autem</strong></span> <span class='ocrx_word' id='word_1_240' title='bbox 3219 1638 3248 1676; x_wconf 92' lang='lat' dir='ltr'><strong>a</strong></span> <span class='ocrx_word' id='word_1_241' title='bbox 3289 1625 3502 1690; x_wconf 75' lang='lat' dir='ltr'><strong>pulsan-</strong></span> 
     </span>
    </p>
   </div>
   <div class='ocr_carea' id='block_1_32' title="bbox 1984 1709 3502 1783">
    <p class='ocr_par' dir='ltr' id='par_1_32' title="bbox 1984 1709 3502 1783">
     <span class='ocr_line' id='line_1_32' title="bbox 1984 1709 3502 1783; baseline 0.006 -24"><span class='ocrx_word' id='word_1_242' title='bbox 1984 1709 2141 1769; x_wconf 89' lang='lat' dir='ltr'><strong>tibus,</strong></span> <span class='ocrx_word' id='word_1_243' title='bbox 2197 1719 2251 1764; x_wconf 94' lang='lat' dir='ltr'><strong>et</strong></span> <span class='ocrx_word' id='word_1_244' title='bbox 2304 1712 2661 1778; x_wconf 83' lang='lat' dir='ltr'><strong>quaerentibus</strong></span> <span class='ocrx_word' id='word_1_245' title='bbox 2730 1713 3026 1779; x_wconf 83' lang='lat' dir='ltr'><strong>aperiatur.</strong></span> <span class='ocrx_word' id='word_1_246' title='bbox 3103 1712 3313 1781; x_wconf 80' lang='lat' dir='ltr'><strong>Repetit</strong></span> <span class='ocrx_word' id='word_1_247' title='bbox 3374 1729 3502 1783; x_wconf 82' lang='lat' dir='ltr'><strong>ergo</strong></span> 
     </span>
    </p>
   </div>
   <div class='ocr_carea' id='block_1_33' title="bbox 289 1769 3498 1862">
    <p class='ocr_par' dir='ltr' id='par_1_33' title="bbox 289 1769 3498 1862">
     <span class='ocr_line' id='line_1_33' title="bbox 289 1769 3498 1862; baseline -0.008 -8"><span class='ocrx_word' id='word_1_248' title='bbox 289 1814 440 1854; x_wconf 88' lang='lat' dir='ltr'><strong>mur.</strong></span> <span class='ocrx_word' id='word_1_249' title='bbox 485 1815 508 1846; x_wconf 71' lang='grc' dir='ltr'><strong>ι</strong></span> <span class='ocrx_word' id='word_1_250' title='bbox 549 1796 856 1860; x_wconf 77' lang='lat' dir='ltr'><strong>Propterea</strong></span> <span class='ocrx_word' id='word_1_251' title='bbox 904 1789 1135 1856; x_wconf 87' lang='lat' dir='ltr'><strong>denique</strong></span> <span class='ocrx_word' id='word_1_252' title='bbox 1173 1797 1229 1840; x_wconf 91' lang='lat' dir='ltr'><strong>et</strong></span> <span class='ocrx_word' id='word_1_253' title='bbox 1265 1787 1457 1840; x_wconf 87' lang='lat' dir='ltr'><strong>beatus</strong></span> <span class='ocrx_word' id='word_1_254' title='bbox 1499 1782 1596 1836; x_wconf 81' lang='lat' dir='ltr'><strong>Job</strong></span> <span class='ocrx_word' id='word_1_255' title='bbox 1649 1781 1878 1834; x_wconf 81' lang='lat' dir='ltr'><strong>libenter</strong></span> <span class='ocrx_word' id='word_1_256' title='bbox 1909 1769 1951 1821; x_wconf 82' lang='grc' dir='ltr'><strong><em>Β</em></strong></span> <span class='ocrx_word' id='word_1_257' title='bbox 1983 1814 2188 1852; x_wconf 62' lang='lat' dir='ltr'><strong>rursum</strong></span> <span class='ocrx_word' id='word_1_258' title='bbox 2215 1801 2278 1853; x_wconf 69' lang='lat' dir='ltr'><strong>de</strong></span> <span class='ocrx_word' id='word_1_259' title='bbox 2315 1801 2672 1862; x_wconf 47' lang='lat' dir='ltr'><strong>tabernaculo,</strong></span> <span class='ocrx_word' id='word_1_260' title='bbox 2715 1769 2777 1854; x_wconf 57' lang='grc' dir='ltr'><strong>δι’</strong></span> <span class='ocrx_word' id='word_1_261' title='bbox 2803 1801 2931 1854; x_wconf 58' lang='grc' dir='ltr'><strong>(ᾕρει</strong></span> <span class='ocrx_word' id='word_1_262' title='bbox 2958 1801 2978 1832; x_wconf 87' lang='lat' dir='ltr'><strong>s</strong></span> <span class='ocrx_word' id='word_1_263' title='bbox 3011 1819 3022 1853; x_wconf 58' lang='grc' dir='ltr'>ε</span> <span class='ocrx_word' id='word_1_264' title='bbox 3059 1819 3076 1851; x_wconf 56' lang='grc' dir='ltr'>ε</span> <span class='ocrx_word' id='word_1_265' title='bbox 3114 1769 3226 1856; x_wconf 44' lang='lat' dir='ltr'><strong>No.&quot;</strong></span> <span class='ocrx_word' id='word_1_266' title='bbox 3264 1807 3404 1858; x_wconf 67' lang='lat' dir='ltr'><strong>enim</strong></span> <span class='ocrx_word' id='word_1_267' title='bbox 3435 1769 3498 1860; x_wconf 60' lang='grc' dir='ltr'><strong>ἷη</strong></span> 
     </span>
    </p>
   </div>
   <div class='ocr_carea' id='block_1_34' title="bbox 286 1867 1878 1952">
    <p class='ocr_par' dir='ltr' id='par_1_34' title="bbox 286 1867 1878 1952">
     <span class='ocr_line' id='line_1_34' title="bbox 286 1867 1878 1952; baseline -0.013 -12"><span class='ocrx_word' id='word_1_268' title='bbox 286 1884 652 1952; x_wconf 85' lang='lat' dir='ltr'><strong>suscipiebat</strong></span> <span class='ocrx_word' id='word_1_269' title='bbox 678 1889 878 1933; x_wconf 87' lang='lat' dir='ltr'><strong>cuncta</strong></span> <span class='ocrx_word' id='word_1_270' title='bbox 906 1876 1192 1944; x_wconf 88' lang='lat' dir='ltr'><strong>supplicia,</strong></span> <span class='ocrx_word' id='word_1_271' title='bbox 1215 1881 1269 1927; x_wconf 89' lang='lat' dir='ltr'><strong>et</strong></span> <span class='ocrx_word' id='word_1_272' title='bbox 1294 1871 1505 1924; x_wconf 88' lang='lat' dir='ltr'><strong>dicebat</strong></span> <span class='ocrx_word' id='word_1_273' title='bbox 1538 1870 1554 1899; x_wconf 73' lang='grc' dir='ltr'><strong>ι</strong></span> <span class='ocrx_word' id='word_1_274' title='bbox 1591 1869 1745 1937; x_wconf 85' lang='lat' dir='ltr'><strong>quia,</strong></span> <span class='ocrx_word' id='word_1_275' title='bbox 1778 1886 1795 1918; x_wconf 83' lang='lat' dir='ltr'><strong>t</strong></span> <span class='ocrx_word' id='word_1_276' title='bbox 1835 1867 1878 1920; x_wconf 86' lang='lat' dir='ltr'><strong>si</strong></span> 
     </span>
    </p>
   </div>
   <div class='ocr_carea' id='block_1_35' title="bbox 288 1955 1879 2038">
    <p class='ocr_par' dir='ltr' id='par_1_35' title="bbox 288 1955 1879 2038">
     <span class='ocr_line' id='line_1_35' title="bbox 288 1955 1879 2038; baseline -0.014 -9"><span class='ocrx_word' id='word_1_277' title='bbox 288 1978 439 2029; x_wconf 87' lang='lat' dir='ltr'><strong>bona</strong></span> <span class='ocrx_word' id='word_1_278' title='bbox 481 1971 811 2038; x_wconf 84' lang='lat' dir='ltr'><strong>accepimus</strong></span> <span class='ocrx_word' id='word_1_279' title='bbox 840 1967 906 2019; x_wconf 91' lang='lat' dir='ltr'><strong>de</strong></span> <span class='ocrx_word' id='word_1_280' title='bbox 944 1978 1104 2016; x_wconf 89' lang='lat' dir='ltr'><strong>manu</strong></span> <span class='ocrx_word' id='word_1_281' title='bbox 1145 1960 1376 2022; x_wconf 88' lang='lat' dir='ltr'><strong>Domini,</strong></span> <span class='ocrx_word' id='word_1_282' title='bbox 1419 1972 1590 2012; x_wconf 90' lang='lat' dir='ltr'><strong>nonne</strong></span> <span class='ocrx_word' id='word_1_283' title='bbox 1636 1965 1690 2010; x_wconf 91' lang='lat' dir='ltr'><strong>et</strong></span> <span class='ocrx_word' id='word_1_284' title='bbox 1744 1955 1879 2009; x_wconf 87' lang='lat' dir='ltr'><strong>mala</strong></span> 
     </span>
    </p>
   </div>
   <div class='ocr_carea' id='block_1_36' title="bbox 289 2047 1872 2120">
    <p class='ocr_par' dir='ltr' id='par_1_36' title="bbox 289 2047 1872 2120">
     <span class='ocr_line' id='line_1_36' title="bbox 289 2047 1872 2120; baseline -0.015 -1"><span class='ocrx_word' id='word_1_285' title='bbox 289 2059 707 2120; x_wconf 85' lang='lat' dir='ltr'><strong>tolerabimus?</strong></span> <span class='ocrx_word' id='word_1_286' title='bbox 761 2055 1023 2109; x_wconf 89' lang='lat' dir='ltr'><strong>Dominus</strong></span> <span class='ocrx_word' id='word_1_287' title='bbox 1091 2052 1258 2114; x_wconf 84' lang='lat' dir='ltr'><strong>dedit,</strong></span> <span class='ocrx_word' id='word_1_288' title='bbox 1326 2050 1582 2102; x_wconf 89' lang='lat' dir='ltr'><strong>Dominus</strong></span> <span class='ocrx_word' id='word_1_289' title='bbox 1625 2047 1872 2108; x_wconf 87' lang='lat' dir='ltr'><strong>abstulit;</strong></span> 
     </span>
    </p>
   </div>
   <div class='ocr_carea' id='block_1_37' title="bbox 287 2134 1879 2212">
    <p class='ocr_par' dir='ltr' id='par_1_37' title="bbox 287 2134 1879 2212">
     <span class='ocr_line' id='line_1_37' title="bbox 287 2134 1879 2212; baseline -0.014 -4"><span class='ocrx_word' id='word_1_290' title='bbox 287 2156 440 2209; x_wconf 85' lang='lat' dir='ltr'><strong>sicut</strong></span> <span class='ocrx_word' id='word_1_291' title='bbox 476 2149 724 2204; x_wconf 83' lang='lat' dir='ltr'><strong>Domino</strong></span> <span class='ocrx_word' id='word_1_292' title='bbox 771 2142 994 2212; x_wconf 89' lang='lat' dir='ltr'><strong>placuit,</strong></span> <span class='ocrx_word' id='word_1_293' title='bbox 1047 2141 1120 2192; x_wconf 88' lang='lat' dir='ltr'><strong>ita</strong></span> <span class='ocrx_word' id='word_1_294' title='bbox 1169 2139 1364 2191; x_wconf 85' lang='lat' dir='ltr'><strong>factum</strong></span> <span class='ocrx_word' id='word_1_295' title='bbox 1411 2147 1525 2199; x_wconf 86' lang='lat' dir='ltr'><strong>est;</strong></span> <span class='ocrx_word' id='word_1_296' title='bbox 1576 2134 1645 2188; x_wconf 87' lang='lat' dir='ltr'><strong>sit</strong></span> <span class='ocrx_word' id='word_1_297' title='bbox 1691 2147 1879 2186; x_wconf 89' lang='lat' dir='ltr'><strong>nomen</strong></span> 
     </span>
    </p>
   </div>
   <div class='ocr_carea' id='block_1_38' title="bbox 289 2223 1880 2297">
    <p class='ocr_par' dir='ltr' id='par_1_38' title="bbox 289 2223 1880 2297">
     <span class='ocr_line' id='line_1_38' title="bbox 289 2223 1880 2297; baseline -0.016 0"><span class='ocrx_word' id='word_1_298' title='bbox 289 2240 526 2297; x_wconf 87' lang='lat' dir='ltr'><strong>Domini</strong></span> <span class='ocrx_word' id='word_1_299' title='bbox 556 2236 936 2290; x_wconf 86' lang='lat' dir='ltr'><strong>benedictum.</strong></span> <span class='ocrx_word' id='word_1_300' title='bbox 969 2246 987 2279; x_wconf 75' lang='grc' dir='ltr'><strong>ι</strong></span> <span class='ocrx_word' id='word_1_301' title='bbox 1038 2227 1232 2282; x_wconf 81' lang='lat' dir='ltr'><strong>Reddit</strong></span> <span class='ocrx_word' id='word_1_302' title='bbox 1276 2235 1448 2278; x_wconf 88' lang='lat' dir='ltr'><strong>autem</strong></span> <span class='ocrx_word' id='word_1_303' title='bbox 1487 2232 1540 2276; x_wconf 90' lang='lat' dir='ltr'><strong>et</strong></span> <span class='ocrx_word' id='word_1_304' title='bbox 1578 2223 1880 2275; x_wconf 85' lang='lat' dir='ltr'><strong>misericor-</strong></span> 
     </span>
    </p>
   </div>
   <div class='ocr_carea' id='block_1_39' title="bbox 287 2311 1881 2389">
    <p class='ocr_par' dir='ltr' id='par_1_39' title="bbox 287 2311 1881 2389">
     <span class='ocr_line' id='line_1_39' title="bbox 287 2311 1881 2389; baseline -0.016 -3"><span class='ocrx_word' id='word_1_305' title='bbox 287 2335 438 2386; x_wconf 85' lang='lat' dir='ltr'><strong>diam</strong></span> <span class='ocrx_word' id='word_1_306' title='bbox 477 2331 540 2382; x_wconf 88' lang='lat' dir='ltr'><strong>in</strong></span> <span class='ocrx_word' id='word_1_307' title='bbox 575 2327 751 2380; x_wconf 89' lang='lat' dir='ltr'><strong>millia</strong></span> <span class='ocrx_word' id='word_1_308' title='bbox 778 2324 845 2376; x_wconf 87' lang='lat' dir='ltr'><strong>iis</strong></span> <span class='ocrx_word' id='word_1_309' title='bbox 869 2321 962 2389; x_wconf 90' lang='lat' dir='ltr'><strong>qui</strong></span> <span class='ocrx_word' id='word_1_310' title='bbox 993 2319 1221 2387; x_wconf 81' lang='lat' dir='ltr'><strong>diligunt</strong></span> <span class='ocrx_word' id='word_1_311' title='bbox 1258 2331 1376 2368; x_wconf 91' lang='lat' dir='ltr'><strong>eum</strong></span> <span class='ocrx_word' id='word_1_312' title='bbox 1406 2318 1448 2366; x_wconf 83' lang='grc'><strong>².</strong></span> <span class='ocrx_word' id='word_1_313' title='bbox 1491 2314 1588 2379; x_wconf 85' lang='lat' dir='ltr'><strong>Qui</strong></span> <span class='ocrx_word' id='word_1_314' title='bbox 1624 2313 1766 2366; x_wconf 90' lang='lat' dir='ltr'><strong>enim</strong></span> <span class='ocrx_word' id='word_1_315' title='bbox 1808 2311 1881 2363; x_wconf 84' lang='lat' dir='ltr'><strong>di-</strong></span> 
     </span>
    </p>
   </div>
   <div class='ocr_carea' id='block_1_40' title="bbox 287 2402 1878 2492">
    <p class='ocr_par' dir='ltr' id='par_1_40' title="bbox 287 2402 1878 2492">
     <span class='ocr_line' id='line_1_40' title="bbox 287 2402 1878 2492; baseline -0.017 -15"><span class='ocrx_word' id='word_1_316' title='bbox 287 2425 502 2492; x_wconf 71' lang='lat' dir='ltr'><strong>ligunt,</strong></span> <span class='ocrx_word' id='word_1_317' title='bbox 535 2415 896 2479; x_wconf 85' lang='lat' dir='ltr'><strong>correptione</strong></span> <span class='ocrx_word' id='word_1_318' title='bbox 927 2425 1031 2462; x_wconf 89' lang='lat' dir='ltr'><strong>non</strong></span> <span class='ocrx_word' id='word_1_319' title='bbox 1064 2406 1326 2471; x_wconf 86' lang='lat' dir='ltr'><strong>indigent,</strong></span> <span class='ocrx_word' id='word_1_320' title='bbox 1357 2416 1526 2470; x_wconf 88' lang='lat' dir='ltr'><strong>neque</strong></span> <span class='ocrx_word' id='word_1_321' title='bbox 1567 2402 1706 2455; x_wconf 91' lang='lat' dir='ltr'><strong>enim</strong></span> <span class='ocrx_word' id='word_1_322' title='bbox 1753 2411 1878 2466; x_wconf 85' lang='lat' dir='ltr'><strong>pec-</strong></span> 
     </span>
    </p>
   </div>
   <div class='ocr_carea' id='block_1_41' title="bbox 285 2490 1875 2574">
    <p class='ocr_par' dir='ltr' id='par_1_41' title="bbox 285 2490 1875 2574">
     <span class='ocr_line' id='line_1_41' title="bbox 285 2490 1875 2574; baseline -0.018 -8"><span class='ocrx_word' id='word_1_323' title='bbox 285 2490 448 2574; x_wconf 63' lang='lat' dir='ltr'><strong>cant,</strong></span> <span class='ocrx_word' id='word_1_324' title='bbox 505 2508 652 2561; x_wconf 91' lang='lat' dir='ltr'><strong>sicut</strong></span> <span class='ocrx_word' id='word_1_325' title='bbox 681 2511 743 2556; x_wconf 90' lang='lat' dir='ltr'><strong>et</strong></span> <span class='ocrx_word' id='word_1_326' title='bbox 777 2497 1039 2554; x_wconf 86' lang='lat' dir='ltr'><strong>Dominus</strong></span> <span class='ocrx_word' id='word_1_327' title='bbox 1088 2495 1218 2548; x_wconf 85' lang='lat' dir='ltr'><strong>dicit</strong></span> <span class='ocrx_word' id='word_1_328' title='bbox 1241 2493 1262 2522; x_wconf 89' lang='grc'><em>³</em></span> <span class='ocrx_word' id='word_1_329' title='bbox 1299 2510 1313 2545; x_wconf 88' lang='lat'><strong>:</strong></span> <span class='ocrx_word' id='word_1_330' title='bbox 1348 2509 1368 2541; x_wconf 72' lang='grc' dir='ltr'><strong>ι</strong></span> <span class='ocrx_word' id='word_1_331' title='bbox 1403 2491 1500 2557; x_wconf 84' lang='lat' dir='ltr'><strong>Qui</strong></span> <span class='ocrx_word' id='word_1_332' title='bbox 1553 2490 1728 2557; x_wconf 88' lang='lat' dir='ltr'><strong>diligit</strong></span> <span class='ocrx_word' id='word_1_333' title='bbox 1773 2501 1875 2548; x_wconf 90' lang='lat' dir='ltr'><strong>me,</strong></span> 
     </span>
    </p>
   </div>
   <div class='ocr_carea' id='block_1_42' title="bbox 297 2577 1878 2654">
    <p class='ocr_par' dir='ltr' id='par_1_42' title="bbox 297 2577 1878 2654">
     <span class='ocr_line' id='line_1_42' title="bbox 297 2577 1878 2654; baseline -0.018 0"><span class='ocrx_word' id='word_1_334' title='bbox 297 2601 568 2654; x_wconf 63' lang='lat' dir='ltr'><strong>pandata</strong></span> <span class='ocrx_word' id='word_1_335' title='bbox 599 2607 726 2646; x_wconf 88' lang='lat' dir='ltr'><strong>mea</strong></span> <span class='ocrx_word' id='word_1_336' title='bbox 756 2587 1019 2644; x_wconf 88' lang='lat' dir='ltr'><strong>custodit.</strong></span> <span class='ocrx_word' id='word_1_337' title='bbox 1057 2601 1075 2634; x_wconf 78' lang='grc' dir='ltr'><strong>ι</strong></span> <span class='ocrx_word' id='word_1_338' title='bbox 1114 2583 1179 2636; x_wconf 85' lang='grc' dir='ltr'>Ει</span> <span class='ocrx_word' id='word_1_339' title='bbox 1203 2583 1319 2636; x_wconf 89' lang='lat' dir='ltr'><strong>ideo</strong></span> <span class='ocrx_word' id='word_1_340' title='bbox 1355 2599 1371 2631; x_wconf 79' lang='grc' dir='ltr'><strong>ι</strong></span> <span class='ocrx_word' id='word_1_341' title='bbox 1407 2578 1640 2648; x_wconf 87' lang='lat' dir='ltr'><strong>perfecta</strong></span> <span class='ocrx_word' id='word_1_342' title='bbox 1665 2577 1878 2630; x_wconf 90' lang='lat' dir='ltr'><strong>dilectio</strong></span> 
     </span>
    </p>
   </div>
   <div class='ocr_carea' id='block_1_43' title="bbox 289 2665 1879 2746">
    <p class='ocr_par' dir='ltr' id='par_1_43' title="bbox 289 2665 1879 2746">
     <span class='ocr_line' id='line_1_43' title="bbox 289 2665 1879 2746; baseline -0.018 0"><span class='ocrx_word' id='word_1_343' title='bbox 289 2694 442 2746; x_wconf 88' lang='lat' dir='ltr'><strong>foras</strong></span> <span class='ocrx_word' id='word_1_344' title='bbox 476 2687 659 2742; x_wconf 84' lang='lat' dir='ltr'><strong>mittit</strong></span> <span class='ocrx_word' id='word_1_345' title='bbox 681 2687 936 2737; x_wconf 89' lang='lat' dir='ltr'><strong>timorem</strong></span> <span class='ocrx_word' id='word_1_346' title='bbox 961 2677 1006 2729; x_wconf 73' lang='grc' dir='ltr'><strong>δ.</strong></span> <span class='ocrx_word' id='word_1_347' title='bbox 1040 2692 1059 2726; x_wconf 76' lang='grc' dir='ltr'><strong>ι</strong></span> <span class='ocrx_word' id='word_1_348' title='bbox 1095 2672 1174 2728; x_wconf 91' lang='lat' dir='ltr'><strong>Ob</strong></span> <span class='ocrx_word' id='word_1_349' title='bbox 1224 2674 1324 2726; x_wconf 90' lang='lat' dir='ltr'><strong>hoc</strong></span> <span class='ocrx_word' id='word_1_350' title='bbox 1363 2685 1488 2740; x_wconf 83' lang='lat' dir='ltr'><strong>ergo</strong></span> <span class='ocrx_word' id='word_1_351' title='bbox 1534 2665 1879 2736; x_wconf 84' lang='lat' dir='ltr'><strong>diligentibus</strong></span> 
     </span>
    </p>
   </div>
   <div class='ocr_carea' id='block_1_44' title="bbox 287 2756 1877 2839">
    <p class='ocr_par' dir='ltr' id='par_1_44' title="bbox 287 2756 1877 2839">
     <span class='ocr_line' id='line_1_44' title="bbox 287 2756 1877 2839; baseline -0.019 -3"><span class='ocrx_word' id='word_1_352' title='bbox 287 2783 404 2836; x_wconf 88' lang='lat' dir='ltr'><strong>sola</strong></span> <span class='ocrx_word' id='word_1_353' title='bbox 431 2773 834 2832; x_wconf 85' lang='lat' dir='ltr'><strong>misericordia</strong></span> <span class='ocrx_word' id='word_1_354' title='bbox 861 2767 1043 2839; x_wconf 89' lang='lat' dir='ltr'><strong>posita</strong></span> <span class='ocrx_word' id='word_1_355' title='bbox 1067 2775 1169 2825; x_wconf 91' lang='lat' dir='ltr'><strong>est.</strong></span> <span class='ocrx_word' id='word_1_356' title='bbox 1198 2763 1334 2817; x_wconf 88' lang='lat' dir='ltr'><strong>beati</strong></span> <span class='ocrx_word' id='word_1_357' title='bbox 1376 2762 1518 2816; x_wconf 91' lang='lat' dir='ltr'><strong>enim</strong></span> <span class='ocrx_word' id='word_1_358' title='bbox 1569 2756 1877 2812; x_wconf 88' lang='lat' dir='ltr'><strong>misericor-</strong></span> 
     </span>
    </p>
   </div>
   <div class='ocr_carea' id='block_1_45' title="bbox 289 2847 1873 2938">
    <p class='ocr_par' dir='ltr' id='par_1_45' title="bbox 289 2847 1873 2938">
     <span class='ocr_line' id='line_1_45' title="bbox 289 2847 1873 2938; baseline -0.019 -9"><span class='ocrx_word' id='word_1_359' title='bbox 289 2877 385 2928; x_wconf 84' lang='lat' dir='ltr'><strong>des</strong></span> <span class='ocrx_word' id='word_1_360' title='bbox 418 2873 473 2935; x_wconf 82' lang='grc'><strong>⁸,</strong></span> <span class='ocrx_word' id='word_1_361' title='bbox 516 2870 648 2938; x_wconf 87' lang='lat' dir='ltr'><strong>quia</strong></span> <span class='ocrx_word' id='word_1_362' title='bbox 678 2867 811 2934; x_wconf 87' lang='lat' dir='ltr'><strong>ipsis</strong></span> <span class='ocrx_word' id='word_1_363' title='bbox 851 2858 1206 2914; x_wconf 85' lang='lat' dir='ltr'><strong>miserebitur</strong></span> <span class='ocrx_word' id='word_1_364' title='bbox 1248 2856 1387 2908; x_wconf 89' lang='lat' dir='ltr'><strong>Deus</strong></span> <span class='ocrx_word' id='word_1_365' title='bbox 1426 2855 1476 2904; x_wconf 92' lang='lat' dir='ltr'><strong>in</strong></span> <span class='ocrx_word' id='word_1_366' title='bbox 1508 2849 1722 2904; x_wconf 81' lang='lat' dir='ltr'><strong>Christo</strong></span> <span class='ocrx_word' id='word_1_367' title='bbox 1746 2847 1873 2902; x_wconf 73' lang='lat' dir='ltr'><strong>Jesu</strong></span> 
     </span>
    </p>
   </div>
   <div class='ocr_carea' id='block_1_46' title="bbox 291 2939 1877 3020">
    <p class='ocr_par' dir='ltr' id='par_1_46' title="bbox 291 2939 1877 3020">
     <span class='ocr_line' id='line_1_46' title="bbox 291 2939 1877 3020; baseline -0.019 -2"><span class='ocrx_word' id='word_1_368' title='bbox 291 2963 541 3017; x_wconf 87' lang='lat' dir='ltr'><strong>Domino</strong></span> <span class='ocrx_word' id='word_1_369' title='bbox 584 2969 792 3020; x_wconf 89' lang='lat' dir='ltr'><strong>nostro,</strong></span> <span class='ocrx_word' id='word_1_370' title='bbox 828 2953 915 3007; x_wconf 89' lang='lat' dir='ltr'><strong>cui</strong></span> <span class='ocrx_word' id='word_1_371' title='bbox 943 2960 1028 3005; x_wconf 92' lang='lat' dir='ltr'><strong>est</strong></span> <span class='ocrx_word' id='word_1_372' title='bbox 1055 2948 1222 3018; x_wconf 89' lang='lat' dir='ltr'><strong>gloria</strong></span> <span class='ocrx_word' id='word_1_373' title='bbox 1281 2956 1332 2998; x_wconf 88' lang='lat' dir='ltr'><strong>et</strong></span> <span class='ocrx_word' id='word_1_374' title='bbox 1368 2942 1644 3010; x_wconf 89' lang='lat' dir='ltr'><strong>imperium</strong></span> <span class='ocrx_word' id='word_1_375' title='bbox 1695 2939 1746 2990; x_wconf 93' lang='lat' dir='ltr'><strong>in</strong></span> <span class='ocrx_word' id='word_1_376' title='bbox 1780 2952 1877 2990; x_wconf 75' lang='lat' dir='ltr'><strong>sa:-</strong></span> 
     </span>
    </p>
   </div>
   <div class='ocr_carea' id='block_1_47' title="bbox 287 3043 1059 3107">
    <p class='ocr_par' dir='ltr' id='par_1_47' title="bbox 287 3043 1059 3107">
     <span class='ocr_line' id='line_1_47' title="bbox 287 3043 1059 3107; baseline -0.019 -1"><span class='ocrx_word' id='word_1_377' title='bbox 287 3053 414 3107; x_wconf 78' lang='lat' dir='ltr'><strong>cula</strong></span> <span class='ocrx_word' id='word_1_378' title='bbox 460 3049 824 3104; x_wconf 73' lang='lat' dir='ltr'><strong>saeculorum.</strong></span> <span class='ocrx_word' id='word_1_379' title='bbox 857 3043 1059 3094; x_wconf 83' lang='lat' dir='ltr'><strong>Amen.</strong></span> 
     </span>
    </p>
   </div>
   <div class='ocr_carea' id='block_1_48' title="bbox 900 3121 1312 3182">
    <p class='ocr_par' dir='ltr' id='par_1_48' title="bbox 900 3121 1312 3182">
     <span class='ocr_line' id='line_1_48' title="bbox 900 3121 1312 3182; baseline -0.022 0"><span class='ocrx_word' id='word_1_380' title='bbox 900 3124 1183 3182; x_wconf 73' lang='lat' dir='ltr'><strong>HOMILIA</strong></span> <span class='ocrx_word' id='word_1_381' title='bbox 1224 3121 1312 3175; x_wconf 82' lang='lat' dir='ltr'><strong>IX.</strong></span> 
     </span>
    </p>
   </div>
   <div class='ocr_carea' id='block_1_49' title="bbox 622 3210 1350 3270">
    <p class='ocr_par' dir='ltr' id='par_1_49' title="bbox 622 3210 1350 3270">
     <span class='ocr_line' id='line_1_49' title="bbox 622 3210 1350 3270; baseline -0.004 -5"><span class='ocrx_word' id='word_1_382' title='bbox 622 3263 624 3265; x_wconf 74' lang='lat'><strong>.</strong></span> <span class='ocrx_word' id='word_1_383' title='bbox 848 3218 928 3270; x_wconf 81' lang='lat' dir='ltr'><strong>De</strong></span> <span class='ocrx_word' id='word_1_384' title='bbox 989 3210 1350 3266; x_wconf 86' lang='lat' dir='ltr'><strong>tabernaculo.</strong></span> 
     </span>
    </p>
   </div>
   <div class='ocr_carea' id='block_1_50' title="bbox 354 3294 1879 3383">
    <p class='ocr_par' dir='ltr' id='par_1_50' title="bbox 354 3294 1879 3383">
     <span class='ocr_line' id='line_1_50' title="bbox 354 3294 1879 3383; baseline -0.019 -7"><span class='ocrx_word' id='word_1_385' title='bbox 354 3321 412 3376; x_wconf 75' lang='grc' dir='ltr'><strong>ί.</strong></span> <span class='ocrx_word' id='word_1_386' title='bbox 447 3315 669 3383; x_wconf 88' lang='lat' dir='ltr'><strong>Siquis</strong></span> <span class='ocrx_word' id='word_1_387' title='bbox 691 3312 852 3378; x_wconf 81' lang='lat' dir='ltr'><strong>digne</strong></span> <span class='ocrx_word' id='word_1_388' title='bbox 887 3301 1268 3382; x_wconf 80' lang='lat' dir='ltr'><strong>intelligat,ve|</strong></span> <span class='ocrx_word' id='word_1_389' title='bbox 1291 3313 1352 3352; x_wconf 91' lang='lat' dir='ltr'><strong>ex</strong></span> <span class='ocrx_word' id='word_1_390' title='bbox 1386 3294 1879 3367; x_wconf 66' lang='lat' dir='ltr'><strong>Egyptollebrmo—</strong></span> 
     </span>
    </p>
   </div>
   <div class='ocr_carea' id='block_1_51' title="bbox 290 3379 1873 3478">
    <p class='ocr_par' dir='ltr' id='par_1_51' title="bbox 290 3379 1873 3478">
     <span class='ocr_line' id='line_1_51' title="bbox 290 3379 1873 3478; baseline -0.018 -13"><span class='ocrx_word' id='word_1_391' title='bbox 290 3429 414 3466; x_wconf 87' lang='lat' dir='ltr'><strong>rum</strong></span> <span class='ocrx_word' id='word_1_392' title='bbox 440 3379 877 3478; x_wconf 82' lang='lat' dir='ltr'><strong>profectiOnem,</strong></span> <span class='ocrx_word' id='word_1_393' title='bbox 904 3396 988 3448; x_wconf 84' lang='lat' dir='ltr'><strong>vel</strong></span> <span class='ocrx_word' id='word_1_394' title='bbox 1018 3379 1298 3446; x_wconf 86' lang='lat' dir='ltr'><strong>transitum</strong></span> <span class='ocrx_word' id='word_1_395' title='bbox 1323 3389 1476 3457; x_wconf 75' lang='grc'><strong>162</strong></span> <span class='ocrx_word' id='word_1_396' title='bbox 1498 3387 1662 3441; x_wconf 86' lang='lat' dir='ltr'><strong>maris</strong></span> <span class='ocrx_word' id='word_1_397' title='bbox 1684 3385 1873 3450; x_wconf 85' lang='lat' dir='ltr'><strong>Rubri,</strong></span> 
     </span>
    </p>
   </div>
   <div class='ocr_carea' id='block_1_52' title="bbox 287 3478 1871 3556">
    <p class='ocr_par' dir='ltr' id='par_1_52' title="bbox 287 3478 1871 3556">
     <span class='ocr_line' id='line_1_52' title="bbox 287 3478 1871 3556; baseline -0.018 0"><span class='ocrx_word' id='word_1_398' title='bbox 287 3505 385 3556; x_wconf 79' lang='lat' dir='ltr'><strong>sed</strong></span> <span class='ocrx_word' id='word_1_399' title='bbox 416 3509 482 3554; x_wconf 92' lang='lat' dir='ltr'><strong>et</strong></span> <span class='ocrx_word' id='word_1_400' title='bbox 513 3508 738 3550; x_wconf 89' lang='lat' dir='ltr'><strong>omnem</strong></span> <span class='ocrx_word' id='word_1_401' title='bbox 767 3491 909 3543; x_wconf 87' lang='lat' dir='ltr'><strong>hanc</strong></span> <span class='ocrx_word' id='word_1_402' title='bbox 932 3487 1096 3548; x_wconf 88' lang='lat' dir='ltr'><strong>viam,</strong></span> <span class='ocrx_word' id='word_1_403' title='bbox 1130 3497 1252 3550; x_wconf 68' lang='lat' dir='ltr'><strong>quze</strong></span> <span class='ocrx_word' id='word_1_404' title='bbox 1283 3482 1455 3548; x_wconf 80' lang='lat' dir='ltr'><strong>agitur</strong></span> <span class='ocrx_word' id='word_1_405' title='bbox 1480 3493 1572 3545; x_wconf 91' lang='lat' dir='ltr'><strong>per</strong></span> <span class='ocrx_word' id='word_1_406' title='bbox 1603 3478 1871 3530; x_wconf 86' lang='lat' dir='ltr'><strong>desertum</strong></span> 
     </span>
    </p>
   </div>
   <div class='ocr_carea' id='block_1_53' title="bbox 289 3561 1881 3644">
    <p class='ocr_par' dir='ltr' id='par_1_53' title="bbox 289 3561 1881 3644">
     <span class='ocr_line' id='line_1_53' title="bbox 289 3561 1881 3644; baseline -0.021 0"><span class='ocrx_word' id='word_1_407' title='bbox 289 3600 345 3644; x_wconf 79' lang='lat' dir='ltr'><strong>et</strong></span> <span class='ocrx_word' id='word_1_408' title='bbox 380 3585 733 3641; x_wconf 85' lang='lat' dir='ltr'><strong>melationes</strong></span> <span class='ocrx_word' id='word_1_409' title='bbox 783 3573 1029 3641; x_wconf 84' lang='lat' dir='ltr'><strong>singulas</strong></span> <span class='ocrx_word' id='word_1_410' title='bbox 1077 3580 1317 3636; x_wconf 87' lang='lat' dir='ltr'><strong>quasque</strong></span> <span class='ocrx_word' id='word_1_411' title='bbox 1351 3571 1680 3627; x_wconf 85' lang='lat' dir='ltr'><strong>castrorum;</strong></span> <span class='ocrx_word' id='word_1_412' title='bbox 1711 3561 1755 3614; x_wconf 91' lang='lat' dir='ltr'><strong>si</strong></span> <span class='ocrx_word' id='word_1_413' title='bbox 1783 3561 1881 3613; x_wconf 91' lang='lat' dir='ltr'><strong>ho-</strong></span> 
     </span>
    </p>
   </div>
   <div class='ocr_carea' id='block_1_54' title="bbox 292 3651 1880 3732">
    <p class='ocr_par' dir='ltr' id='par_1_54' title="bbox 292 3651 1880 3732">
     <span class='ocr_line' id='line_1_54' title="bbox 292 3651 1880 3732; baseline -0.019 0"><span class='ocrx_word' id='word_1_414' title='bbox 292 3695 413 3732; x_wconf 86' lang='lat' dir='ltr'><strong>rum</strong></span> <span class='ocrx_word' id='word_1_415' title='bbox 452 3678 536 3727; x_wconf 79' lang='lat' dir='ltr'><strong>ita</strong></span> <span class='ocrx_word' id='word_1_416' title='bbox 573 3664 853 3724; x_wconf 79' lang='lat' dir='ltr'><strong>exstiterit</strong></span> <span class='ocrx_word' id='word_1_417' title='bbox 875 3673 1071 3725; x_wconf 83' lang='lat' dir='ltr'><strong>capax,</strong></span> <span class='ocrx_word' id='word_1_418' title='bbox 1103 3665 1160 3709; x_wconf 91' lang='lat' dir='ltr'><strong>ut</strong></span> <span class='ocrx_word' id='word_1_419' title='bbox 1192 3656 1352 3709; x_wconf 89' lang='lat' dir='ltr'><strong>etiam</strong></span> <span class='ocrx_word' id='word_1_420' title='bbox 1378 3654 1547 3721; x_wconf 81' lang='lat' dir='ltr'><strong>legem</strong></span> <span class='ocrx_word' id='word_1_421' title='bbox 1575 3652 1666 3704; x_wconf 91' lang='lat' dir='ltr'><strong>Dei</strong></span> <span class='ocrx_word' id='word_1_422' title='bbox 1711 3651 1880 3704; x_wconf 88' lang='lat' dir='ltr'><strong>susci-</strong></span> 
     </span>
    </p>
   </div>
   <div class='ocr_carea' id='block_1_55' title="bbox 292 3741 1872 3838">
    <p class='ocr_par' dir='ltr' id='par_1_55' title="bbox 292 3741 1872 3838">
     <span class='ocr_line' id='line_1_55' title="bbox 292 3741 1872 3838; baseline -0.018 -16"><span class='ocrx_word' id='word_1_423' title='bbox 292 3771 410 3838; x_wconf 87' lang='lat' dir='ltr'><strong>piat</strong></span> <span class='ocrx_word' id='word_1_424' title='bbox 473 3764 746 3828; x_wconf 87' lang='lat' dir='ltr'><strong>scriptam</strong></span> <span class='ocrx_word' id='word_1_425' title='bbox 803 3769 911 3807; x_wconf 92' lang='lat' dir='ltr'><strong>non</strong></span> <span class='ocrx_word' id='word_1_426' title='bbox 976 3755 1316 3809; x_wconf 91' lang='lat' dir='ltr'><strong>atramento,</strong></span> <span class='ocrx_word' id='word_1_427' title='bbox 1384 3747 1476 3798; x_wconf 87' lang='lat' dir='ltr'><strong>sed</strong></span> <span class='ocrx_word' id='word_1_428' title='bbox 1525 3742 1725 3811; x_wconf 87' lang='lat' dir='ltr'><strong>Spiritu</strong></span> <span class='ocrx_word' id='word_1_429' title='bbox 1780 3741 1872 3794; x_wconf 91' lang='lat' dir='ltr'><strong>Dei</strong></span> 
     </span>
    </p>
   </div>
   <div class='ocr_carea' id='block_1_56' title="bbox 295 3833 1874 3922">
    <p class='ocr_par' dir='ltr' id='par_1_56' title="bbox 295 3833 1874 3922">
     <span class='ocr_line' id='line_1_56' title="bbox 295 3833 1874 3922; baseline -0.022 -5"><span class='ocrx_word' id='word_1_430' title='bbox 295 3833 411 3919; x_wconf 63' lang='lat' dir='ltr'><strong>vivi</strong></span> <span class='ocrx_word' id='word_1_431' title='bbox 456 3863 527 3922; x_wconf 86' lang='grc'>⁶;</span> <span class='ocrx_word' id='word_1_432' title='bbox 562 3859 612 3910; x_wconf 84' lang='lat' dir='ltr'><strong>si</strong></span> <span class='ocrx_word' id='word_1_433' title='bbox 635 3855 779 3922; x_wconf 88' lang='lat' dir='ltr'><strong>quis,</strong></span> <span class='ocrx_word' id='word_1_434' title='bbox 819 3853 1064 3918; x_wconf 87' lang='lat' dir='ltr'><strong>inquam,</strong></span> <span class='ocrx_word' id='word_1_435' title='bbox 1101 3847 1168 3898; x_wconf 85' lang='lat' dir='ltr'><strong>ad</strong></span> <span class='ocrx_word' id='word_1_436' title='bbox 1203 3843 1314 3896; x_wconf 56' lang='lat' dir='ltr'><strong>hanc</strong></span> <span class='ocrx_word' id='word_1_437' title='bbox 1372 3839 1441 3890; x_wconf 89' lang='lat' dir='ltr'><strong>ita</strong></span> <span class='ocrx_word' id='word_1_438' title='bbox 1484 3851 1580 3905; x_wconf 91' lang='lat' dir='ltr'><strong>per</strong></span> <span class='ocrx_word' id='word_1_439' title='bbox 1635 3833 1874 3886; x_wconf 89' lang='lat' dir='ltr'><strong>ordinem</strong></span> 
     </span>
    </p>
   </div>
   <div class='ocr_carea' id='block_1_57' title="bbox 291 3925 1882 4027">
    <p class='ocr_par' dir='ltr' id='par_1_57' title="bbox 291 3925 1882 4027">
     <span class='ocr_line' id='line_1_57' title="bbox 291 3925 1882 4027; baseline -0.021 -18"><span class='ocrx_word' id='word_1_440' title='bbox 291 3956 656 4027; x_wconf 86' lang='lat' dir='ltr'><strong>profectuum</strong></span> <span class='ocrx_word' id='word_1_441' title='bbox 685 3945 932 4016; x_wconf 75' lang='lat' dir='ltr'><strong>perfecte</strong></span> <span class='ocrx_word' id='word_1_442' title='bbox 957 3939 1159 4000; x_wconf 82' lang='lat' dir='ltr'><strong>veniat,</strong></span> <span class='ocrx_word' id='word_1_443' title='bbox 1191 3943 1248 3987; x_wconf 92' lang='lat' dir='ltr'><strong>ut</strong></span> <span class='ocrx_word' id='word_1_444' title='bbox 1284 3929 1492 4000; x_wconf 80' lang='lat' dir='ltr'><strong>singula</strong></span> <span class='ocrx_word' id='word_1_445' title='bbox 1522 3940 1748 4027; x_wconf 63' lang='lat' dir='ltr'><strong>quaeque</strong></span> <span class='ocrx_word' id='word_1_446' title='bbox 1773 3925 1882 4024; x_wconf 80' lang='lat' dir='ltr'><strong>im-</strong></span> 
     </span>
    </p>
   </div>
   <div class='ocr_carea' id='block_1_58' title="bbox 294 4014 1879 4115">
    <p class='ocr_par' dir='ltr' id='par_1_58' title="bbox 294 4014 1879 4115">
     <span class='ocr_line' id='line_1_58' title="bbox 294 4014 1879 4115; baseline -0.023 -16"><span class='ocrx_word' id='word_1_447' title='bbox 294 4014 467 4115; x_wconf 72' lang='lat' dir='ltr'><strong>plens</strong></span> <span class='ocrx_word' id='word_1_448' title='bbox 504 4044 565 4094; x_wconf 89' lang='lat' dir='ltr'><strong>in</strong></span> <span class='ocrx_word' id='word_1_449' title='bbox 589 4014 781 4106; x_wconf 83' lang='lat' dir='ltr'><strong>spiritu</strong></span> <span class='ocrx_word' id='word_1_450' title='bbox 803 4040 1095 4087; x_wconf 87' lang='lat' dir='ltr'><strong>assecutus</strong></span> <span class='ocrx_word' id='word_1_451' title='bbox 1122 4025 1214 4090; x_wconf 90' lang='lat' dir='ltr'><strong>sit,</strong></span> <span class='ocrx_word' id='word_1_452' title='bbox 1254 4029 1308 4076; x_wconf 91' lang='lat' dir='ltr'><strong>et</strong></span> <span class='ocrx_word' id='word_1_453' title='bbox 1336 4035 1396 4073; x_wconf 89' lang='lat' dir='ltr'><strong>ea</strong></span> <span class='ocrx_word' id='word_1_454' title='bbox 1423 4032 1542 4086; x_wconf 77' lang='lat' dir='ltr'><strong>qua:</strong></span> <span class='ocrx_word' id='word_1_455' title='bbox 1569 4017 1622 4068; x_wconf 91' lang='lat' dir='ltr'><strong>in</strong></span> <span class='ocrx_word' id='word_1_456' title='bbox 1673 4014 1755 4066; x_wconf 86' lang='lat' dir='ltr'><strong>his</strong></span> <span class='ocrx_word' id='word_1_457' title='bbox 1797 4014 1879 4065; x_wconf 91' lang='lat' dir='ltr'><strong>in-</strong></span> 
     </span>
    </p>
   </div>
   <div class='ocr_carea' id='block_1_59' title="bbox 291 4107 1877 4198">
    <p class='ocr_par' dir='ltr' id='par_1_59' title="bbox 291 4107 1877 4198">
     <span class='ocr_line' id='line_1_59' title="bbox 291 4107 1877 4198; baseline -0.024 -6"><span class='ocrx_word' id='word_1_458' title='bbox 291 4107 574 4192; x_wconf 74' lang='lat' dir='ltr'><strong>dicantur</strong></span> <span class='ocrx_word' id='word_1_459' title='bbox 617 4134 902 4198; x_wconf 78' lang='lat' dir='ltr'><strong>augtnenta</strong></span> <span class='ocrx_word' id='word_1_460' title='bbox 955 4121 1238 4176; x_wconf 88' lang='lat' dir='ltr'><strong>virtutum,</strong></span> <span class='ocrx_word' id='word_1_461' title='bbox 1307 4110 1391 4164; x_wconf 90' lang='lat' dir='ltr'><strong>ille</strong></span> <span class='ocrx_word' id='word_1_462' title='bbox 1435 4107 1629 4198; x_wconf 89' lang='lat' dir='ltr'><strong>poterit</strong></span> <span class='ocrx_word' id='word_1_463' title='bbox 1685 4117 1877 4198; x_wconf 84' lang='lat' dir='ltr'><strong>conse-</strong></span> 
     </span>
    </p>
   </div>
   <div class='ocr_carea' id='block_1_60' title="bbox 290 4195 1877 4298">
    <p class='ocr_par' dir='ltr' id='par_1_60' title="bbox 290 4195 1877 4298">
     <span class='ocr_line' id='line_1_60' title="bbox 290 4195 1877 4298; baseline -0.023 -19"><span class='ocrx_word' id='word_1_464' title='bbox 290 4236 550 4298; x_wconf 85' lang='lat' dir='ltr'><strong>quenter</strong></span> <span class='ocrx_word' id='word_1_465' title='bbox 583 4195 739 4275; x_wconf 80' lang='lat' dir='ltr'><strong>etiam</strong></span> <span class='ocrx_word' id='word_1_466' title='bbox 772 4217 842 4269; x_wconf 92' lang='lat' dir='ltr'><strong>ad</strong></span> <span class='ocrx_word' id='word_1_467' title='bbox 873 4212 1138 4266; x_wconf 86' lang='lat' dir='ltr'><strong>visionem</strong></span> <span class='ocrx_word' id='word_1_468' title='bbox 1167 4215 1221 4258; x_wconf 91' lang='lat' dir='ltr'><strong>et</strong></span> <span class='ocrx_word' id='word_1_469' title='bbox 1256 4195 1877 4298; x_wconf 39' lang='lat' dir='ltr'><strong>intellig-entiam.taber-</strong></span> 
     </span>
    </p>
   </div>
   <div class='ocr_carea' id='block_1_61' title="bbox 291 4283 1878 4380">
    <p class='ocr_par' dir='ltr' id='par_1_61' title="bbox 291 4283 1878 4380">
     <span class='ocr_line' id='line_1_61' title="bbox 291 4283 1878 4380; baseline -0.027 -6"><span class='ocrx_word' id='word_1_470' title='bbox 291 4283 484 4374; x_wconf 68' lang='lat' dir='ltr'><strong>naculi</strong></span> <span class='ocrx_word' id='word_1_471' title='bbox 527 4309 845 4380; x_wconf 79' lang='lat' dir='ltr'><strong>pervenire.</strong></span> <span class='ocrx_word' id='word_1_472' title='bbox 898 4305 973 4356; x_wconf 91' lang='lat' dir='ltr'><strong>De</strong></span> <span class='ocrx_word' id='word_1_473' title='bbox 999 4313 1107 4367; x_wconf 91' lang='lat' dir='ltr'><strong>quo</strong></span> <span class='ocrx_word' id='word_1_474' title='bbox 1163 4287 1504 4346; x_wconf 82' lang='lat' dir='ltr'><strong>tabernaculo</strong></span> <span class='ocrx_word' id='word_1_475' title='bbox 1550 4283 1730 4338; x_wconf 88' lang='lat' dir='ltr'><strong>multis</strong></span> <span class='ocrx_word' id='word_1_476' title='bbox 1761 4283 1878 4380; x_wconf 78' lang='lat' dir='ltr'><strong>qui-</strong></span> 
     </span>
    </p>
   </div>
   <div class='ocr_carea' id='block_1_62' title="bbox 1979 1885 3501 1960">
    <p class='ocr_par' dir='ltr' id='par_1_62' title="bbox 1979 1885 3501 1960">
     <span class='ocr_line' id='line_1_62' title="bbox 1979 1885 3501 1960; baseline 0.005 -22"><span class='ocrx_word' id='word_1_477' title='bbox 1979 1895 2161 1938; x_wconf 87' lang='lat' dir='ltr'><strong>sancta</strong></span> <span class='ocrx_word' id='word_1_478' title='bbox 2201 1901 2355 1938; x_wconf 91' lang='lat' dir='ltr'><strong>manu</strong></span> <span class='ocrx_word' id='word_1_479' title='bbox 2384 1885 2522 1939; x_wconf 82' lang='lat' dir='ltr'><strong>facta</strong></span> <span class='ocrx_word' id='word_1_480' title='bbox 2563 1887 2833 1955; x_wconf 80' lang='lat' dir='ltr'><strong>ingressus</strong></span> <span class='ocrx_word' id='word_1_481' title='bbox 2879 1897 2960 1941; x_wconf 89' lang='lat' dir='ltr'><strong>cst</strong></span> <span class='ocrx_word' id='word_1_482' title='bbox 2992 1885 3145 1942; x_wconf 81' lang='lat' dir='ltr'><strong>Jesus</strong></span> <span class='ocrx_word' id='word_1_483' title='bbox 3181 1891 3501 1960; x_wconf 80' lang='lat' dir='ltr'><strong>exemplaria</strong></span> 
     </span>
    </p>
   </div>
   <div class='ocr_carea' id='block_1_63' title="bbox 1978 1964 3502 2046">
    <p class='ocr_par' dir='ltr' id='par_1_63' title="bbox 1978 1964 3502 2046">
     <span class='ocr_line' id='line_1_63' title="bbox 1978 1964 3502 2046; baseline 0.006 -22"><span class='ocrx_word' id='word_1_484' title='bbox 1978 1987 2242 2040; x_wconf 89' lang='lat' dir='ltr'><strong>verorum,</strong></span> <span class='ocrx_word' id='word_1_485' title='bbox 2283 1975 2373 2028; x_wconf 89' lang='lat' dir='ltr'><strong>sed</strong></span> <span class='ocrx_word' id='word_1_486' title='bbox 2403 1975 2451 2026; x_wconf 94' lang='lat' dir='ltr'><strong>in</strong></span> <span class='ocrx_word' id='word_1_487' title='bbox 2475 1964 2654 2043; x_wconf 80' lang='lat' dir='ltr'><strong>ipsum</strong></span> <span class='ocrx_word' id='word_1_488' title='bbox 2701 1977 2915 2040; x_wconf 87' lang='lat' dir='ltr'><strong>coelum,</strong></span> <span class='ocrx_word' id='word_1_489' title='bbox 2951 1985 3009 2029; x_wconf 91' lang='lat' dir='ltr'><strong>ut</strong></span> <span class='ocrx_word' id='word_1_490' title='bbox 3057 1990 3311 2046; x_wconf 88' lang='lat' dir='ltr'><strong>appareat</strong></span> <span class='ocrx_word' id='word_1_491' title='bbox 3362 1994 3502 2032; x_wconf 87' lang='lat' dir='ltr'><strong>nunc</strong></span> 
     </span>
    </p>
   </div>
   <div class='ocr_carea' id='block_1_64' title="bbox 1981 2061 3494 2130">
    <p class='ocr_par' dir='ltr' id='par_1_64' title="bbox 1981 2061 3494 2130">
     <span class='ocr_line' id='line_1_64' title="bbox 1981 2061 3494 2130; baseline 0.005 -19"><span class='ocrx_word' id='word_1_492' title='bbox 1981 2061 2138 2114; x_wconf 91' lang='lat' dir='ltr'><strong>vnltui</strong></span> <span class='ocrx_word' id='word_1_493' title='bbox 2174 2062 2260 2114; x_wconf 90' lang='lat' dir='ltr'><strong>Dei</strong></span> <span class='ocrx_word' id='word_1_494' title='bbox 2295 2077 2387 2129; x_wconf 92' lang='lat' dir='ltr'><strong>per</strong></span> <span class='ocrx_word' id='word_1_495' title='bbox 2418 2061 2678 2124; x_wconf 86' lang='lat' dir='ltr'><strong>velamen,</strong></span> <span class='ocrx_word' id='word_1_496' title='bbox 2705 2063 2756 2115; x_wconf 89' lang='lat' dir='ltr'><strong>id</strong></span> <span class='ocrx_word' id='word_1_497' title='bbox 2783 2071 2862 2117; x_wconf 90' lang='lat' dir='ltr'><strong>est</strong></span> <span class='ocrx_word' id='word_1_498' title='bbox 2887 2079 2980 2130; x_wconf 89' lang='lat' dir='ltr'><strong>per</strong></span> <span class='ocrx_word' id='word_1_499' title='bbox 3017 2079 3233 2119; x_wconf 91' lang='lat' dir='ltr'><strong>carnem</strong></span> <span class='ocrx_word' id='word_1_500' title='bbox 3263 2081 3435 2122; x_wconf 86' lang='lat' dir='ltr'><strong>suam.</strong></span> <span class='ocrx_word' id='word_1_501' title='bbox 3476 2085 3494 2118; x_wconf 73' lang='grc' dir='ltr'><strong>ι</strong></span> 
     </span>
    </p>
   </div>
   <div class='ocr_carea' id='block_1_65' title="bbox 1978 2150 3498 2221">
    <p class='ocr_par' dir='ltr' id='par_1_65' title="bbox 1978 2150 3498 2221">
     <span class='ocr_line' id='line_1_65' title="bbox 1978 2150 3498 2221; baseline 0.005 -20"><span class='ocrx_word' id='word_1_502' title='bbox 1978 2151 2075 2212; x_wconf 86' lang='lat' dir='ltr'><strong>Qui</strong></span> <span class='ocrx_word' id='word_1_503' title='bbox 2104 2165 2228 2216; x_wconf 89' lang='lat' dir='ltr'><strong>ergo</strong></span> <span class='ocrx_word' id='word_1_504' title='bbox 2266 2150 2508 2204; x_wconf 86' lang='lat' dir='ltr'><strong>velamen</strong></span> <span class='ocrx_word' id='word_1_505' title='bbox 2565 2152 2834 2206; x_wconf 90' lang='lat' dir='ltr'><strong>interioris</strong></span> <span class='ocrx_word' id='word_1_506' title='bbox 2895 2154 3244 2221; x_wconf 83' lang='lat' dir='ltr'><strong>tabernaculi,</strong></span> <span class='ocrx_word' id='word_1_507' title='bbox 3286 2170 3498 2210; x_wconf 90' lang='lat' dir='ltr'><strong>carnem</strong></span> 
     </span>
    </p>
   </div>
   <div class='ocr_carea' id='block_1_66' title="bbox 1976 2225 3506 2312">
    <p class='ocr_par' dir='ltr' id='par_1_66' title="bbox 1976 2225 3506 2312">
     <span class='ocr_line' id='line_1_66' title="bbox 1976 2225 3506 2312; baseline 0.003 -20"><span class='ocrx_word' id='word_1_508' title='bbox 1976 2239 2171 2292; x_wconf 88' lang='lat' dir='ltr'><strong>Christi</strong></span> <span class='ocrx_word' id='word_1_509' title='bbox 2208 2241 2586 2306; x_wconf 88' lang='lat' dir='ltr'><strong>interpretatus</strong></span> <span class='ocrx_word' id='word_1_510' title='bbox 2621 2249 2719 2304; x_wconf 88' lang='lat' dir='ltr'><strong>est,</strong></span> <span class='ocrx_word' id='word_1_511' title='bbox 2754 2251 2935 2294; x_wconf 83' lang='lat' dir='ltr'><strong>sancta</strong></span> <span class='ocrx_word' id='word_1_512' title='bbox 2973 2252 3148 2296; x_wconf 90' lang='lat' dir='ltr'><strong>autem</strong></span> <span class='ocrx_word' id='word_1_513' title='bbox 3181 2245 3350 2312; x_wconf 90' lang='lat' dir='ltr'><strong>ipsum</strong></span> <span class='ocrx_word' id='word_1_514' title='bbox 3388 2225 3506 2298; x_wconf 42' lang='lat' dir='ltr'><strong>cas-5</strong></span> 
     </span>
    </p>
   </div>
   <div class='ocr_carea' id='block_1_67' title="bbox 1977 2326 3500 2399">
    <p class='ocr_par' dir='ltr' id='par_1_67' title="bbox 1977 2326 3500 2399">
     <span class='ocr_line' id='line_1_67' title="bbox 1977 2326 3500 2399; baseline 0.005 -21"><span class='ocrx_word' id='word_1_515' title='bbox 1977 2326 2104 2390; x_wconf 91' lang='lat' dir='ltr'><strong>lum,</strong></span> <span class='ocrx_word' id='word_1_516' title='bbox 2139 2328 2220 2379; x_wconf 83' lang='lat' dir='ltr'><strong>vel</strong></span> <span class='ocrx_word' id='word_1_517' title='bbox 2253 2328 2433 2392; x_wconf 59' lang='lat' dir='ltr'><strong>caelos,</strong></span> <span class='ocrx_word' id='word_1_518' title='bbox 2488 2330 2767 2381; x_wconf 92' lang='lat' dir='ltr'><strong>Dominum</strong></span> <span class='ocrx_word' id='word_1_519' title='bbox 2807 2343 2933 2382; x_wconf 86' lang='lat' dir='ltr'><strong>vero</strong></span> <span class='ocrx_word' id='word_1_520' title='bbox 2987 2329 3254 2384; x_wconf 89' lang='lat' dir='ltr'><strong>Christum</strong></span> <span class='ocrx_word' id='word_1_521' title='bbox 3287 2333 3500 2399; x_wconf 83' lang='lat' dir='ltr'><strong>pontifi-</strong></span> 
     </span>
    </p>
   </div>
   <div class='ocr_carea' id='block_1_68' title="bbox 1978 2415 3497 2483">
    <p class='ocr_par' dir='ltr' id='par_1_68' title="bbox 1978 2415 3497 2483">
     <span class='ocr_line' id='line_1_68' title="bbox 1978 2415 3497 2483; baseline 0.005 -18"><span class='ocrx_word' id='word_1_522' title='bbox 1978 2427 2091 2468; x_wconf 81' lang='lat' dir='ltr'><strong>cem</strong></span> <span class='ocrx_word' id='word_1_523' title='bbox 2137 2429 2362 2483; x_wconf 88' lang='lat' dir='ltr'><strong>eumque</strong></span> <span class='ocrx_word' id='word_1_524' title='bbox 2399 2415 2528 2468; x_wconf 87' lang='lat' dir='ltr'><strong>dicit</strong></span> <span class='ocrx_word' id='word_1_525' title='bbox 2573 2415 2841 2470; x_wconf 75' lang='lat' dir='ltr'><strong>introiisse</strong></span> <span class='ocrx_word' id='word_1_526' title='bbox 2893 2433 2913 2466; x_wconf 79' lang='grc' dir='ltr'><strong>ι</strong></span> <span class='ocrx_word' id='word_1_527' title='bbox 2965 2417 3130 2470; x_wconf 83' lang='lat' dir='ltr'><strong>semel</strong></span> <span class='ocrx_word' id='word_1_528' title='bbox 3183 2418 3236 2471; x_wconf 91' lang='lat' dir='ltr'><strong>in</strong></span> <span class='ocrx_word' id='word_1_529' title='bbox 3281 2427 3497 2482; x_wconf 89' lang='lat' dir='ltr'><strong>sancta,</strong></span> 
     </span>
    </p>
   </div>
   <div class='ocr_carea' id='block_1_69' title="bbox 1975 2507 3502 2574">
    <p class='ocr_par' dir='ltr' id='par_1_69' title="bbox 1975 2507 3502 2574">
     <span class='ocr_line' id='line_1_69' title="bbox 1975 2507 3502 2574; baseline 0.002 -15"><span class='ocrx_word' id='word_1_530' title='bbox 1975 2514 2171 2559; x_wconf 69' lang='lat' dir='ltr'><strong>aeterna</strong></span> <span class='ocrx_word' id='word_1_531' title='bbox 2209 2507 2568 2574; x_wconf 90' lang='lat' dir='ltr'><strong>redemptione</strong></span> <span class='ocrx_word' id='word_1_532' title='bbox 2591 2507 2804 2560; x_wconf 89' lang='lat' dir='ltr'><strong>inventa</strong></span> <span class='ocrx_word' id='word_1_533' title='bbox 2835 2509 2876 2566; x_wconf 82' lang='lat'><strong>’,</strong></span> <span class='ocrx_word' id='word_1_534' title='bbox 2926 2524 2944 2557; x_wconf 73' lang='grc' dir='ltr'><strong>ι</strong></span> <span class='ocrx_word' id='word_1_535' title='bbox 2979 2522 3042 2560; x_wconf 81' lang='lat' dir='ltr'><strong>ex</strong></span> <span class='ocrx_word' id='word_1_536' title='bbox 3074 2507 3156 2560; x_wconf 86' lang='lat' dir='ltr'><strong>his</strong></span> <span class='ocrx_word' id='word_1_537' title='bbox 3179 2509 3362 2574; x_wconf 89' lang='lat' dir='ltr'><strong>paucis</strong></span> <span class='ocrx_word' id='word_1_538' title='bbox 3388 2524 3502 2562; x_wconf 86' lang='lat' dir='ltr'><strong>ser-</strong></span> 
     </span>
    </p>
   </div>
   <div class='ocr_carea' id='block_1_70' title="bbox 1976 2595 3497 2675">
    <p class='ocr_par' dir='ltr' id='par_1_70' title="bbox 1976 2595 3497 2675">
     <span class='ocr_line' id='line_1_70' title="bbox 1976 2595 3497 2675; baseline 0.002 -27"><span class='ocrx_word' id='word_1_539' title='bbox 1976 2597 2240 2658; x_wconf 90' lang='lat' dir='ltr'><strong>monibus,</strong></span> <span class='ocrx_word' id='word_1_540' title='bbox 2297 2597 2341 2649; x_wconf 90' lang='lat' dir='ltr'><strong>si</strong></span> <span class='ocrx_word' id='word_1_541' title='bbox 2385 2596 2500 2663; x_wconf 90' lang='lat' dir='ltr'><strong>quis</strong></span> <span class='ocrx_word' id='word_1_542' title='bbox 2548 2596 2834 2664; x_wconf 88' lang='lat' dir='ltr'><strong>intelligere</strong></span> <span class='ocrx_word' id='word_1_543' title='bbox 2863 2597 3026 2675; x_wconf 44' lang='lat' dir='ltr'><strong>‘novit</strong></span> <span class='ocrx_word' id='word_1_544' title='bbox 3064 2595 3214 2649; x_wconf 84' lang='lat' dir='ltr'><strong>Pauli</strong></span> <span class='ocrx_word' id='word_1_545' title='bbox 3267 2611 3497 2662; x_wconf 89' lang='lat' dir='ltr'><strong>sensum,</strong></span> 
     </span>
    </p>
   </div>
   <div class='ocr_carea' id='block_1_71' title="bbox 1975 2685 3503 2755">
    <p class='ocr_par' dir='ltr' id='par_1_71' title="bbox 1975 2685 3503 2755">
     <span class='ocr_line' id='line_1_71' title="bbox 1975 2685 3503 2755; baseline -0.002 -15"><span class='ocrx_word' id='word_1_546' title='bbox 1975 2694 2146 2753; x_wconf 81' lang='lat' dir='ltr'><strong>potest</strong></span> <span class='ocrx_word' id='word_1_547' title='bbox 2173 2685 2448 2739; x_wconf 74' lang='lat' dir='ltr'><strong>advertere</strong></span> <span class='ocrx_word' id='word_1_548' title='bbox 2485 2695 2736 2753; x_wconf 89' lang='lat' dir='ltr'><strong>quantum</strong></span> <span class='ocrx_word' id='word_1_549' title='bbox 2776 2686 2926 2740; x_wconf 89' lang='lat' dir='ltr'><strong>nobis</strong></span> <span class='ocrx_word' id='word_1_550' title='bbox 2961 2685 3319 2752; x_wconf 75' lang='lat' dir='ltr'><strong>intelligentia:</strong></span> <span class='ocrx_word' id='word_1_551' title='bbox 3357 2687 3503 2755; x_wconf 78' lang='lat' dir='ltr'><strong>pelu-</strong></span> 
     </span>
    </p>
   </div>
   <div class='ocr_carea' id='block_1_72' title="bbox 1975 2776 3503 2847">
    <p class='ocr_par' dir='ltr' id='par_1_72' title="bbox 1975 2776 3503 2847">
     <span class='ocr_line' id='line_1_72' title="bbox 1975 2776 3503 2847; baseline 0.001 -17"><span class='ocrx_word' id='word_1_552' title='bbox 1975 2792 2070 2847; x_wconf 84' lang='lat' dir='ltr'><strong>gus</strong></span> <span class='ocrx_word' id='word_1_553' title='bbox 2093 2776 2418 2846; x_wconf 82' lang='lat' dir='ltr'><strong>patefecerit.</strong></span> <span class='ocrx_word' id='word_1_554' title='bbox 2455 2777 2555 2830; x_wconf 86' lang='lat' dir='ltr'><strong>Sed</strong></span> <span class='ocrx_word' id='word_1_555' title='bbox 2584 2778 2671 2845; x_wconf 86' lang='lat' dir='ltr'><strong>qui</strong></span> <span class='ocrx_word' id='word_1_556' title='bbox 2705 2777 2836 2831; x_wconf 83' lang='lat' dir='ltr'><strong>satis</strong></span> <span class='ocrx_word' id='word_1_557' title='bbox 2871 2787 3051 2832; x_wconf 88' lang='lat' dir='ltr'><strong>amant</strong></span> <span class='ocrx_word' id='word_1_558' title='bbox 3100 2777 3328 2832; x_wconf 85' lang='lat' dir='ltr'><strong>litteram</strong></span> <span class='ocrx_word' id='word_1_559' title='bbox 3375 2780 3503 2847; x_wconf 81' lang='lat' dir='ltr'><strong>legis</strong></span> 
     </span>
    </p>
   </div>
   <div class='ocr_carea' id='block_1_73' title="bbox 1975 2867 3499 2940">
    <p class='ocr_par' dir='ltr' id='par_1_73' title="bbox 1975 2867 3499 2940">
     <span class='ocr_line' id='line_1_73' title="bbox 1975 2867 3499 2940; baseline -0.001 -18"><span class='ocrx_word' id='word_1_560' title='bbox 1975 2867 2161 2937; x_wconf 70' lang='lat' dir='ltr'><strong>Moysi,</strong></span> <span class='ocrx_word' id='word_1_561' title='bbox 2184 2869 2424 2940; x_wconf 82' lang='lat' dir='ltr'><strong>spiritum</strong></span> <span class='ocrx_word' id='word_1_562' title='bbox 2453 2881 2576 2920; x_wconf 86' lang='lat' dir='ltr'><strong>vero</strong></span> <span class='ocrx_word' id='word_1_563' title='bbox 2595 2867 2707 2935; x_wconf 88' lang='lat' dir='ltr'><strong>ejus</strong></span> <span class='ocrx_word' id='word_1_564' title='bbox 2737 2867 3023 2936; x_wconf 85' lang='lat' dir='ltr'><strong>refugium,</strong></span> <span class='ocrx_word' id='word_1_565' title='bbox 3065 2878 3370 2936; x_wconf 79' lang='lat' dir='ltr'><strong>suspectum</strong></span> <span class='ocrx_word' id='word_1_566' title='bbox 3403 2870 3499 2922; x_wconf 90' lang='lat' dir='ltr'><strong>ha-</strong></span> 
     </span>
    </p>
   </div>
   <div class='ocr_carea' id='block_1_74' title="bbox 1975 2945 3504 3025">
    <p class='ocr_par' dir='ltr' id='par_1_74' title="bbox 1975 2945 3504 3025">
     <span class='ocr_line' id='line_1_74' title="bbox 1975 2945 3504 3025; baseline 0.001 -15"><span class='ocrx_word' id='word_1_567' title='bbox 1975 2957 2100 3010; x_wconf 91' lang='lat' dir='ltr'><strong>bent</strong></span> <span class='ocrx_word' id='word_1_568' title='bbox 2141 2958 2434 3025; x_wconf 89' lang='lat' dir='ltr'><strong>apostolum</strong></span> <span class='ocrx_word' id='word_1_569' title='bbox 2464 2945 2702 3010; x_wconf 49' lang='lat' dir='ltr'><strong>&#39;Paulum</strong></span> <span class='ocrx_word' id='word_1_570' title='bbox 2750 2956 3221 3024; x_wconf 75' lang='lat' dir='ltr'><strong>interpretationes</strong></span> <span class='ocrx_word' id='word_1_571' title='bbox 3250 2957 3504 3025; x_wconf 83' lang='lat' dir='ltr'><strong>hujusce-</strong></span> 
     </span>
    </p>
   </div>
   <div class='ocr_carea' id='block_1_75' title="bbox 1904 3044 2523 3126">
    <p class='ocr_par' dir='ltr' id='par_1_75' title="bbox 1904 3044 2523 3126">
     <span class='ocr_line' id='line_1_75' title="bbox 1904 3044 2523 3126; baseline -0.005 -29"><span class='ocrx_word' id='word_1_572' title='bbox 1904 3065 1952 3126; x_wconf 66' lang='grc' dir='ltr'>ο</span> <span class='ocrx_word' id='word_1_573' title='bbox 1981 3045 2116 3096; x_wconf 92' lang='lat' dir='ltr'><strong>modi</strong></span> <span class='ocrx_word' id='word_1_574' title='bbox 2149 3044 2523 3110; x_wconf 90' lang='lat' dir='ltr'><strong>proferentem.</strong></span> 
     </span>
    </p>
   </div>
   <div class='ocr_carea' id='block_1_76' title="bbox 2043 3131 3501 3200">
    <p class='ocr_par' dir='ltr' id='par_1_76' title="bbox 2043 3131 3501 3200">
     <span class='ocr_line' id='line_1_76' title="bbox 2043 3131 3501 3200; baseline 0.003 -16"><span class='ocrx_word' id='word_1_575' title='bbox 2043 3131 2098 3185; x_wconf 69' lang='lat'><strong>‘2.</strong></span> <span class='ocrx_word' id='word_1_576' title='bbox 2122 3133 2402 3186; x_wconf 80' lang='lat' dir='ltr'><strong>Videamus</strong></span> <span class='ocrx_word' id='word_1_577' title='bbox 2427 3146 2549 3200; x_wconf 88' lang='lat' dir='ltr'><strong>ergo</strong></span> <span class='ocrx_word' id='word_1_578' title='bbox 2577 3131 2621 3190; x_wconf 82' lang='lat' dir='ltr'><strong>si</strong></span> <span class='ocrx_word' id='word_1_579' title='bbox 2648 3145 2748 3183; x_wconf 91' lang='lat' dir='ltr'><strong>non</strong></span> <span class='ocrx_word' id='word_1_580' title='bbox 2764 3131 2920 3184; x_wconf 88' lang='lat' dir='ltr'><strong>etiam</strong></span> <span class='ocrx_word' id='word_1_581' title='bbox 2941 3138 3176 3188; x_wconf 89' lang='lat' dir='ltr'><strong>veterum</strong></span> <span class='ocrx_word' id='word_1_582' title='bbox 3197 3141 3501 3188; x_wconf 88' lang='lat' dir='ltr'><strong>sanctorum</strong></span> 
     </span>
    </p>
   </div>
   <div class='ocr_carea' id='block_1_77' title="bbox 1979 3219 3500 3290">
    <p class='ocr_par' dir='ltr' id='par_1_77' title="bbox 1979 3219 3500 3290">
     <span class='ocr_line' id='line_1_77' title="bbox 1979 3219 3500 3290; baseline 0.003 -19"><span class='ocrx_word' id='word_1_583' title='bbox 1979 3219 2136 3286; x_wconf 90' lang='lat' dir='ltr'><strong>aliqui</strong></span> <span class='ocrx_word' id='word_1_584' title='bbox 2158 3219 2458 3287; x_wconf 78' lang='lat' dir='ltr'><strong>Opinionem</strong></span> <span class='ocrx_word' id='word_1_585' title='bbox 2494 3219 2816 3272; x_wconf 81' lang='lat' dir='ltr'><strong>tabernaculi</strong></span> <span class='ocrx_word' id='word_1_586' title='bbox 2849 3219 3001 3286; x_wconf 86' lang='lat' dir='ltr'><strong>longe</strong></span> <span class='ocrx_word' id='word_1_587' title='bbox 3027 3219 3208 3285; x_wconf 90' lang='lat' dir='ltr'><strong>aliam,</strong></span> <span class='ocrx_word' id='word_1_588' title='bbox 3233 3235 3390 3290; x_wconf 86' lang='lat' dir='ltr'><strong>quam</strong></span> <span class='ocrx_word' id='word_1_589' title='bbox 3417 3223 3500 3277; x_wconf 90' lang='lat' dir='ltr'><strong>isti</strong></span> 
     </span>
    </p>
   </div>
   <div class='ocr_carea' id='block_1_78' title="bbox 1979 3307 3502 3377">
    <p class='ocr_par' dir='ltr' id='par_1_78' title="bbox 1979 3307 3502 3377">
     <span class='ocr_line' id='line_1_78' title="bbox 1979 3307 3502 3377; baseline 0.003 -15"><span class='ocrx_word' id='word_1_590' title='bbox 1979 3325 2118 3363; x_wconf 91' lang='lat' dir='ltr'><strong>nunc</strong></span> <span class='ocrx_word' id='word_1_591' title='bbox 2158 3309 2482 3372; x_wconf 83' lang='lat' dir='ltr'><strong>existimant,</strong></span> <span class='ocrx_word' id='word_1_592' title='bbox 2513 3307 2764 3361; x_wconf 90' lang='lat' dir='ltr'><strong>habuere.</strong></span> <span class='ocrx_word' id='word_1_593' title='bbox 2805 3308 2969 3362; x_wconf 90' lang='lat' dir='ltr'><strong>David</strong></span> <span class='ocrx_word' id='word_1_594' title='bbox 3005 3322 3230 3377; x_wconf 89' lang='lat' dir='ltr'><strong>namque</strong></span> <span class='ocrx_word' id='word_1_595' title='bbox 3275 3313 3502 3366; x_wconf 81' lang='lat' dir='ltr'><strong>eximius</strong></span> 
     </span>
    </p>
   </div>
   <div class='ocr_carea' id='block_1_79' title="bbox 1977 3393 3506 3464">
    <p class='ocr_par' dir='ltr' id='par_1_79' title="bbox 1977 3393 3506 3464">
     <span class='ocr_line' id='line_1_79' title="bbox 1977 3393 3506 3464; baseline 0.003 -16"><span class='ocrx_word' id='word_1_596' title='bbox 1977 3397 2369 3464; x_wconf 89' lang='lat' dir='ltr'><strong>prophetarum,</strong></span> <span class='ocrx_word' id='word_1_597' title='bbox 2405 3409 2564 3461; x_wconf 88' lang='lat' dir='ltr'><strong>quam</strong></span> <span class='ocrx_word' id='word_1_598' title='bbox 2590 3393 2869 3462; x_wconf 86' lang='lat' dir='ltr'><strong>magnifice</strong></span> <span class='ocrx_word' id='word_1_599' title='bbox 2903 3395 2968 3448; x_wconf 93' lang='lat' dir='ltr'><strong>de</strong></span> <span class='ocrx_word' id='word_1_600' title='bbox 3009 3398 3350 3451; x_wconf 88' lang='lat' dir='ltr'><strong>tabernaculo</strong></span> <span class='ocrx_word' id='word_1_601' title='bbox 3383 3414 3506 3452; x_wconf 87' lang='lat' dir='ltr'><strong>sen-</strong></span> 
     </span>
    </p>
   </div>
   <div class='ocr_carea' id='block_1_80' title="bbox 1981 3481 3506 3555">
    <p class='ocr_par' dir='ltr' id='par_1_80' title="bbox 1981 3481 3506 3555">
     <span class='ocr_line' id='line_1_80' title="bbox 1981 3481 3506 3555; baseline 0.002 -18"><span class='ocrx_word' id='word_1_602' title='bbox 1981 3487 2060 3549; x_wconf 90' lang='lat' dir='ltr'><strong>tit,</strong></span> <span class='ocrx_word' id='word_1_603' title='bbox 2093 3483 2336 3536; x_wconf 86' lang='lat' dir='ltr'><strong>ausculta</strong></span> <span class='ocrx_word' id='word_1_604' title='bbox 2373 3497 2388 3535; x_wconf 93' lang='lat'><strong>:</strong></span> <span class='ocrx_word' id='word_1_605' title='bbox 2423 3500 2442 3532; x_wconf 80' lang='lat' dir='ltr'><strong>t</strong></span> <span class='ocrx_word' id='word_1_606' title='bbox 2489 3484 2617 3535; x_wconf 90' lang='lat' dir='ltr'><strong>Dum</strong></span> <span class='ocrx_word' id='word_1_607' title='bbox 2665 3481 2876 3545; x_wconf 90' lang='lat' dir='ltr'><strong>dicitur,</strong></span> <span class='ocrx_word' id='word_1_608' title='bbox 2928 3482 3100 3549; x_wconf 91' lang='lat' dir='ltr'><strong>inquit</strong></span> <span class='ocrx_word' id='word_1_609' title='bbox 3143 3483 3218 3555; x_wconf 26' lang='grc'><strong>¹⁰,.</strong></span> <span class='ocrx_word' id='word_1_610' title='bbox 3252 3486 3378 3539; x_wconf 88' lang='lat' dir='ltr'><strong>mihi</strong></span> <span class='ocrx_word' id='word_1_611' title='bbox 3411 3502 3506 3554; x_wconf 89' lang='lat' dir='ltr'><strong>per</strong></span> 
     </span>
    </p>
   </div>
   <div class='ocr_carea' id='block_1_81' title="bbox 1977 3569 3502 3639">
    <p class='ocr_par' dir='ltr' id='par_1_81' title="bbox 1977 3569 3502 3639">
     <span class='ocr_line' id='line_1_81' title="bbox 1977 3569 3502 3639; baseline 0.001 -13"><span class='ocrx_word' id='word_1_612' title='bbox 1977 3573 2209 3639; x_wconf 88' lang='lat' dir='ltr'><strong>singulos</strong></span> <span class='ocrx_word' id='word_1_613' title='bbox 2237 3573 2368 3633; x_wconf 80' lang='lat' dir='ltr'><strong>dies,</strong></span> <span class='ocrx_word' id='word_1_614' title='bbox 2403 3571 2488 3623; x_wconf 92' lang='lat' dir='ltr'><strong>ubi</strong></span> <span class='ocrx_word' id='word_1_615' title='bbox 2529 3579 2607 3624; x_wconf 90' lang='lat' dir='ltr'><strong>est</strong></span> <span class='ocrx_word' id='word_1_616' title='bbox 2649 3570 2784 3621; x_wconf 87' lang='lat' dir='ltr'><strong>Deus</strong></span> <span class='ocrx_word' id='word_1_617' title='bbox 2825 3569 2984 3623; x_wconf 87' lang='lat' dir='ltr'><strong>tuus?</strong></span> <span class='ocrx_word' id='word_1_618' title='bbox 3016 3571 3129 3624; x_wconf 84' lang='lat' dir='ltr'><strong>haec</strong></span> <span class='ocrx_word' id='word_1_619' title='bbox 3176 3584 3502 3630; x_wconf 80' lang='lat' dir='ltr'><strong>memoratus</strong></span> 
     </span>
    </p>
   </div>
   <div class='ocr_carea' id='block_1_82' title="bbox 1979 3657 3501 3724">
    <p class='ocr_par' dir='ltr' id='par_1_82' title="bbox 1979 3657 3501 3724">
     <span class='ocr_line' id='line_1_82' title="bbox 1979 3657 3501 3724; baseline 0 -10"><span class='ocrx_word' id='word_1_620' title='bbox 1979 3673 2115 3722; x_wconf 87' lang='lat' dir='ltr'><strong>sum,</strong></span> <span class='ocrx_word' id='word_1_621' title='bbox 2145 3667 2196 3710; x_wconf 90' lang='lat' dir='ltr'><strong>et</strong></span> <span class='ocrx_word' id='word_1_622' title='bbox 2222 3657 2381 3712; x_wconf 78' lang='lat' dir='ltr'><strong>elludi</strong></span> <span class='ocrx_word' id='word_1_623' title='bbox 2411 3659 2462 3708; x_wconf 93' lang='lat' dir='ltr'><strong>in</strong></span> <span class='ocrx_word' id='word_1_624' title='bbox 2501 3672 2582 3710; x_wconf 87' lang='lat' dir='ltr'><strong>nte</strong></span> <span class='ocrx_word' id='word_1_625' title='bbox 2609 3657 2837 3708; x_wconf 76' lang='lat' dir='ltr'><strong>animum</strong></span> <span class='ocrx_word' id='word_1_626' title='bbox 2883 3671 3071 3720; x_wconf 88' lang='lat' dir='ltr'><strong>meam,</strong></span> <span class='ocrx_word' id='word_1_627' title='bbox 3123 3660 3374 3724; x_wconf 90' lang='lat' dir='ltr'><strong>quoniam</strong></span> <span class='ocrx_word' id='word_1_628' title='bbox 3420 3663 3501 3715; x_wconf 90' lang='lat' dir='ltr'><strong>in-</strong></span> 
     </span>
    </p>
   </div>
   <div class='ocr_carea' id='block_1_83' title="bbox 1978 3742 3506 3816">
    <p class='ocr_par' dir='ltr' id='par_1_83' title="bbox 1978 3742 3506 3816">
     <span class='ocr_line' id='line_1_83' title="bbox 1978 3742 3506 3816; baseline 0.003 -18"><span class='ocrx_word' id='word_1_629' title='bbox 1978 3747 2186 3816; x_wconf 83' lang='lat' dir='ltr'><strong>grediar</strong></span> <span class='ocrx_word' id='word_1_630' title='bbox 2211 3747 2261 3798; x_wconf 93' lang='lat' dir='ltr'><strong>in</strong></span> <span class='ocrx_word' id='word_1_631' title='bbox 2293 3745 2462 3798; x_wconf 90' lang='lat' dir='ltr'><strong>locum</strong></span> <span class='ocrx_word' id='word_1_632' title='bbox 2498 3742 2822 3796; x_wconf 89' lang='lat' dir='ltr'><strong>tabernaculi</strong></span> <span class='ocrx_word' id='word_1_633' title='bbox 2865 3743 3214 3809; x_wconf 88' lang='lat' dir='ltr'><strong>admirabilis,</strong></span> <span class='ocrx_word' id='word_1_634' title='bbox 3243 3761 3408 3815; x_wconf 86' lang='lat' dir='ltr'><strong>usque</strong></span> <span class='ocrx_word' id='word_1_635' title='bbox 3437 3751 3506 3803; x_wconf 88' lang='lat' dir='ltr'><strong>ad</strong></span> 
     </span>
    </p>
   </div>
   <div class='ocr_carea' id='block_1_84' title="bbox 1979 3829 3506 3900">
    <p class='ocr_par' dir='ltr' id='par_1_84' title="bbox 1979 3829 3506 3900">
     <span class='ocr_line' id='line_1_84' title="bbox 1979 3829 3506 3900; baseline -0.001 -10"><span class='ocrx_word' id='word_1_636' title='bbox 1979 3837 2193 3890; x_wconf 90' lang='lat' dir='ltr'><strong>domum</strong></span> <span class='ocrx_word' id='word_1_637' title='bbox 2239 3833 2352 3886; x_wconf 87' lang='lat' dir='ltr'><strong>Dei.</strong></span> <span class='ocrx_word' id='word_1_638' title='bbox 2407 3849 2426 3882; x_wconf 72' lang='grc' dir='ltr'><strong>ι</strong></span> <span class='ocrx_word' id='word_1_639' title='bbox 2467 3831 2532 3882; x_wconf 84' lang='grc' dir='ltr'>Ει</span> <span class='ocrx_word' id='word_1_640' title='bbox 2577 3831 2766 3882; x_wconf 88' lang='lat' dir='ltr'><strong>iterum</strong></span> <span class='ocrx_word' id='word_1_641' title='bbox 2810 3838 3001 3896; x_wconf 90' lang='lat' dir='ltr'><strong>quarto</strong></span> <span class='ocrx_word' id='word_1_642' title='bbox 3053 3829 3260 3885; x_wconf 83' lang='lat' dir='ltr'><strong>decimo</strong></span> <span class='ocrx_word' id='word_1_643' title='bbox 3304 3835 3506 3900; x_wconf 89' lang='lat' dir='ltr'><strong>psalmo</strong></span> 
     </span>
    </p>
   </div>
   <div class='ocr_carea' id='block_1_85' title="bbox 1979 3916 3507 3984">
    <p class='ocr_par' dir='ltr' id='par_1_85' title="bbox 1979 3916 3507 3984">
     <span class='ocr_line' id='line_1_85' title="bbox 1979 3916 3507 3984; baseline 0 -8"><span class='ocrx_word' id='word_1_644' title='bbox 1979 3922 2104 3976; x_wconf 90' lang='lat' dir='ltr'><strong>dicit</strong></span> <span class='ocrx_word' id='word_1_645' title='bbox 2129 3922 2208 3972; x_wconf 70' lang='grc' dir='ltr'><strong>ηε</strong></span> <span class='ocrx_word' id='word_1_646' title='bbox 2245 3937 2264 3970; x_wconf 78' lang='grc' dir='ltr'><strong>ι</strong></span> <span class='ocrx_word' id='word_1_647' title='bbox 2305 3919 2544 3980; x_wconf 88' lang='lat' dir='ltr'><strong>Domine,</strong></span> <span class='ocrx_word' id='word_1_648' title='bbox 2594 3918 2716 3984; x_wconf 88' lang='lat' dir='ltr'><strong>quis</strong></span> <span class='ocrx_word' id='word_1_649' title='bbox 2764 3916 3027 3973; x_wconf 89' lang='lat' dir='ltr'><strong>habitabit</strong></span> <span class='ocrx_word' id='word_1_650' title='bbox 3073 3917 3125 3972; x_wconf 92' lang='lat' dir='ltr'><strong>in</strong></span> <span class='ocrx_word' id='word_1_651' title='bbox 3171 3922 3507 3976; x_wconf 87' lang='lat' dir='ltr'><strong>tabernaculo</strong></span> 
     </span>
    </p>
   </div>
   <div class='ocr_carea' id='block_1_86' title="bbox 1979 4009 3505 4077">
    <p class='ocr_par' dir='ltr' id='par_1_86' title="bbox 1979 4009 3505 4077">
     <span class='ocr_line' id='line_1_86' title="bbox 1979 4009 3505 4077; baseline -0.001 -12"><span class='ocrx_word' id='word_1_652' title='bbox 1979 4012 2107 4066; x_wconf 80' lang='lat' dir='ltr'><strong>tuo?</strong></span> <span class='ocrx_word' id='word_1_653' title='bbox 2160 4018 2250 4063; x_wconf 90' lang='lat' dir='ltr'><strong>aut</strong></span> <span class='ocrx_word' id='word_1_654' title='bbox 2293 4009 2410 4077; x_wconf 91' lang='lat' dir='ltr'><strong>quis</strong></span> <span class='ocrx_word' id='word_1_655' title='bbox 2464 4009 2757 4075; x_wconf 84' lang='lat' dir='ltr'><strong>requiescet</strong></span> <span class='ocrx_word' id='word_1_656' title='bbox 2804 4011 2856 4062; x_wconf 90' lang='lat' dir='ltr'><strong>in</strong></span> <span class='ocrx_word' id='word_1_657' title='bbox 2903 4020 3080 4064; x_wconf 90' lang='lat' dir='ltr'><strong>monte</strong></span> <span class='ocrx_word' id='word_1_658' title='bbox 3130 4020 3316 4065; x_wconf 84' lang='lat' dir='ltr'><strong>sancto</strong></span> <span class='ocrx_word' id='word_1_659' title='bbox 3378 4011 3505 4066; x_wconf 81' lang='lat' dir='ltr'><strong>tuo?</strong></span> 
     </span>
    </p>
   </div>
   <div class='ocr_carea' id='block_1_87' title="bbox 1978 4099 3504 4169">
    <p class='ocr_par' dir='ltr' id='par_1_87' title="bbox 1978 4099 3504 4169">
     <span class='ocr_line' id='line_1_87' title="bbox 1978 4099 3504 4169; baseline -0.003 -13"><span class='ocrx_word' id='word_1_660' title='bbox 1978 4103 2078 4168; x_wconf 88' lang='lat' dir='ltr'><strong>Qui</strong></span> <span class='ocrx_word' id='word_1_661' title='bbox 2127 4101 2422 4169; x_wconf 82' lang='lat' dir='ltr'><strong>ingreditur</strong></span> <span class='ocrx_word' id='word_1_662' title='bbox 2469 4099 2584 4154; x_wconf 88' lang='lat' dir='ltr'><strong>sine</strong></span> <span class='ocrx_word' id='word_1_663' title='bbox 2639 4100 2884 4162; x_wconf 86' lang='lat' dir='ltr'><strong>macula,</strong></span> <span class='ocrx_word' id='word_1_664' title='bbox 2937 4110 2990 4153; x_wconf 92' lang='lat' dir='ltr'><strong>et</strong></span> <span class='ocrx_word' id='word_1_665' title='bbox 3043 4111 3293 4168; x_wconf 90' lang='lat' dir='ltr'><strong>operatur</strong></span> <span class='ocrx_word' id='word_1_666' title='bbox 3344 4101 3504 4168; x_wconf 83' lang='lat' dir='ltr'><strong>justi-</strong></span> 
     </span>
    </p>
   </div>
   <div class='ocr_carea' id='block_1_88' title="bbox 1981 4188 3506 4256">
    <p class='ocr_par' dir='ltr' id='par_1_88' title="bbox 1981 4188 3506 4256">
     <span class='ocr_line' id='line_1_88' title="bbox 1981 4188 3506 4256; baseline -0.001 -11"><span class='ocrx_word' id='word_1_667' title='bbox 1981 4193 2131 4256; x_wconf 91' lang='lat' dir='ltr'><strong>tiam,</strong></span> <span class='ocrx_word' id='word_1_668' title='bbox 2161 4209 2179 4241; x_wconf 79' lang='grc' dir='ltr'><strong>ι</strong></span> <span class='ocrx_word' id='word_1_669' title='bbox 2213 4198 2319 4246; x_wconf 91' lang='lat' dir='ltr'><strong>etc.</strong></span> <span class='ocrx_word' id='word_1_670' title='bbox 2361 4188 2498 4254; x_wconf 85' lang='lat' dir='ltr'><strong>Quid</strong></span> <span class='ocrx_word' id='word_1_671' title='bbox 2537 4203 2666 4256; x_wconf 85' lang='lat' dir='ltr'><strong>ergo</strong></span> <span class='ocrx_word' id='word_1_672' title='bbox 2696 4198 2776 4242; x_wconf 91' lang='lat' dir='ltr'><strong>est</strong></span> <span class='ocrx_word' id='word_1_673' title='bbox 2833 4189 2933 4242; x_wconf 88' lang='lat' dir='ltr'><strong>iste</strong></span> <span class='ocrx_word' id='word_1_674' title='bbox 2987 4189 3133 4246; x_wconf 87' lang='lat' dir='ltr'><strong>locus</strong></span> <span class='ocrx_word' id='word_1_675' title='bbox 3179 4191 3506 4246; x_wconf 88' lang='lat' dir='ltr'><strong>tabernaculi</strong></span> 
     </span>
    </p>
   </div>
   <div class='ocr_carea' id='block_1_89' title="bbox 1979 4279 3506 4347">
    <p class='ocr_par' dir='ltr' id='par_1_89' title="bbox 1979 4279 3506 4347">
     <span class='ocr_line' id='line_1_89' title="bbox 1979 4279 3506 4347; baseline -0.001 -11"><span class='ocrx_word' id='word_1_676' title='bbox 1979 4279 2321 4345; x_wconf 88' lang='lat' dir='ltr'><strong>admirabilis,</strong></span> <span class='ocrx_word' id='word_1_677' title='bbox 2369 4293 2432 4333; x_wconf 82' lang='lat' dir='ltr'><strong>ex</strong></span> <span class='ocrx_word' id='word_1_678' title='bbox 2461 4292 2566 4346; x_wconf 92' lang='lat' dir='ltr'><strong>quo</strong></span> <span class='ocrx_word' id='word_1_679' title='bbox 2614 4279 2924 4345; x_wconf 88' lang='lat' dir='ltr'><strong>pervenitur</strong></span> <span class='ocrx_word' id='word_1_680' title='bbox 2972 4293 3142 4347; x_wconf 86' lang='lat' dir='ltr'><strong>usque</strong></span> <span class='ocrx_word' id='word_1_681' title='bbox 3193 4281 3258 4334; x_wconf 92' lang='lat' dir='ltr'><strong>ad</strong></span> <span class='ocrx_word' id='word_1_682' title='bbox 3294 4281 3506 4336; x_wconf 91' lang='lat' dir='ltr'><strong>domum</strong></span> 
     </span>
    </p>
   </div>
   <div class='ocr_carea' id='block_1_90' title="bbox 292 4365 3509 4463">
    <p class='ocr_par' dir='ltr' id='par_1_90' title="bbox 292 4365 3509 4463">
     <span class='ocr_line' id='line_1_90' title="bbox 292 4365 3509 4463; baseline -0.011 -1"><span class='ocrx_word' id='word_1_683' title='bbox 292 4365 688 4463; x_wconf 39' lang='lat' dir='ltr'><strong>delphin-locis</strong></span> <span class='ocrx_word' id='word_1_684' title='bbox 716 4365 1033 4452; x_wconf 78' lang='lat' dir='ltr'><strong>memorant</strong></span> <span class='ocrx_word' id='word_1_685' title='bbox 1063 4387 1358 4453; x_wconf 63' lang='lat' dir='ltr'><strong>Scriptura:</strong></span> <span class='ocrx_word' id='word_1_686' title='bbox 1409 4381 1622 4446; x_wconf 72' lang='lat' dir='ltr'><strong>divinae,</strong></span> <span class='ocrx_word' id='word_1_687' title='bbox 1649 4389 1704 4432; x_wconf 89' lang='lat' dir='ltr'><strong>et</strong></span> <span class='ocrx_word' id='word_1_688' title='bbox 1739 4377 1875 4431; x_wconf 90' lang='lat' dir='ltr'><strong>indi-</strong></span> <span class='ocrx_word' id='word_1_689' title='bbox 1911 4365 1957 4418; x_wconf 80' lang='grc' dir='ltr'>Ῑ)</span> <span class='ocrx_word' id='word_1_690' title='bbox 1985 4374 2100 4436; x_wconf 91' lang='lat' dir='ltr'><strong>Dei,</strong></span> <span class='ocrx_word' id='word_1_691' title='bbox 2122 4373 2271 4463; x_wconf 80' lang='lat' dir='ltr'><strong>cujus</strong></span> <span class='ocrx_word' id='word_1_692' title='bbox 2299 4371 2421 4440; x_wconf 85' lang='lat' dir='ltr'><strong>quia</strong></span> <span class='ocrx_word' id='word_1_693' title='bbox 2450 4385 2651 4463; x_wconf 82' lang='lat' dir='ltr'><strong>memor</strong></span> <span class='ocrx_word' id='word_1_694' title='bbox 2678 4369 2844 4463; x_wconf 76' lang='lat' dir='ltr'><strong>factus</strong></span> <span class='ocrx_word' id='word_1_695' title='bbox 2870 4377 2973 4463; x_wconf 76' lang='lat' dir='ltr'><strong>est,</strong></span> <span class='ocrx_word' id='word_1_696' title='bbox 2991 4372 3156 4463; x_wconf 70' lang='lat' dir='ltr'><strong>effusa</strong></span> <span class='ocrx_word' id='word_1_697' title='bbox 3184 4381 3265 4426; x_wconf 89' lang='lat' dir='ltr'><strong>est</strong></span> <span class='ocrx_word' id='word_1_698' title='bbox 3295 4373 3344 4426; x_wconf 90' lang='lat' dir='ltr'><strong>in</strong></span> <span class='ocrx_word' id='word_1_699' title='bbox 3395 4376 3509 4440; x_wconf 87' lang='lat' dir='ltr'><strong>ipso</strong></span> 
     </span>
    </p>
   </div>
   <div class='ocr_carea' id='block_1_91' title="bbox 289 4472 1881 4564">
    <p class='ocr_par' dir='ltr' id='par_1_91' title="bbox 289 4472 1881 4564">
     <span class='ocr_line' id='line_1_91' title="bbox 289 4472 1881 4564; baseline -0.023 -9"><span class='ocrx_word' id='word_1_700' title='bbox 289 4515 425 4556; x_wconf 83' lang='lat' dir='ltr'><strong>care</strong></span> <span class='ocrx_word' id='word_1_701' title='bbox 465 4494 733 4564; x_wconf 70' lang='lat' dir='ltr'><strong>quaedam</strong></span> <span class='ocrx_word' id='word_1_702' title='bbox 791 4485 1066 4542; x_wconf 88' lang='lat' dir='ltr'><strong>videntur,</strong></span> <span class='ocrx_word' id='word_1_703' title='bbox 1127 4488 1354 4544; x_wconf 81' lang='lat' dir='ltr'><strong>quorum</strong></span> <span class='ocrx_word' id='word_1_704' title='bbox 1408 4472 1494 4524; x_wconf 69' lang='lat' dir='ltr'><strong>vix</strong></span> <span class='ocrx_word' id='word_1_705' title='bbox 1545 4483 1713 4537; x_wconf 82' lang='lat' dir='ltr'><strong>capax</strong></span> <span class='ocrx_word' id='word_1_706' title='bbox 1763 4481 1881 4564; x_wconf 77' lang='lat' dir='ltr'><strong>esse</strong></span> 
     </span>
    </p>
   </div>
   <div class='ocr_carea' id='block_1_92' title="bbox 294 4555 1880 4661">
    <p class='ocr_par' dir='ltr' id='par_1_92' title="bbox 294 4555 1880 4661">
     <span class='ocr_line' id='line_1_92' title="bbox 294 4555 1880 4661; baseline -0.025 -15"><span class='ocrx_word' id='word_1_707' title='bbox 294 4555 800 4661; x_wconf 48' lang='lat' dir='ltr'><strong>possit-humanus</strong></span> <span class='ocrx_word' id='word_1_708' title='bbox 835 4573 1092 4632; x_wconf 89' lang='lat' dir='ltr'><strong>auditus;</strong></span> <span class='ocrx_word' id='word_1_709' title='bbox 1119 4565 1385 4635; x_wconf 63' lang='lat' dir='ltr'><strong>prmeipue</strong></span> <span class='ocrx_word' id='word_1_710' title='bbox 1415 4570 1592 4661; x_wconf 71' lang='lat' dir='ltr'><strong>tamep</strong></span> <span class='ocrx_word' id='word_1_711' title='bbox 1611 4555 1880 4661; x_wconf 69' lang='lat' dir='ltr'><strong>apostolus</strong></span> 
     </span>
    </p>
   </div>
   <div class='ocr_carea' id='block_1_93' title="bbox 291 4645 1880 4734">
    <p class='ocr_par' dir='ltr' id='par_1_93' title="bbox 291 4645 1880 4734">
     <span class='ocr_line' id='line_1_93' title="bbox 291 4645 1880 4734; baseline -0.024 0"><span class='ocrx_word' id='word_1_712' title='bbox 291 4645 509 4734; x_wconf 58' lang='lat' dir='ltr'><strong>i’aulus</strong></span> <span class='ocrx_word' id='word_1_713' title='bbox 546 4673 618 4722; x_wconf 89' lang='lat' dir='ltr'><strong>de</strong></span> <span class='ocrx_word' id='word_1_714' title='bbox 654 4663 1012 4730; x_wconf 83' lang='lat' dir='ltr'><strong>intelligentia</strong></span> <span class='ocrx_word' id='word_1_715' title='bbox 1059 4653 1383 4709; x_wconf 88' lang='lat' dir='ltr'><strong>tabernaculi</strong></span> <span class='ocrx_word' id='word_1_716' title='bbox 1432 4651 1672 4718; x_wconf 66' lang='lat' dir='ltr'><strong>quaedam</strong></span> <span class='ocrx_word' id='word_1_717' title='bbox 1729 4645 1880 4699; x_wconf 89' lang='lat' dir='ltr'><strong>nobis</strong></span> 
     </span>
    </p>
   </div>
   <div class='ocr_carea' id='block_1_94' title="bbox 292 4737 1880 4836">
    <p class='ocr_par' dir='ltr' id='par_1_94' title="bbox 292 4737 1880 4836">
     <span class='ocr_line' id='line_1_94' title="bbox 292 4737 1880 4836; baseline -0.024 -13"><span class='ocrx_word' id='word_1_718' title='bbox 292 4769 486 4836; x_wconf 85' lang='lat' dir='ltr'><strong>prodit</strong></span> <span class='ocrx_word' id='word_1_719' title='bbox 513 4761 773 4815; x_wconf 67' lang='lat' dir='ltr'><strong>scientiae</strong></span> <span class='ocrx_word' id='word_1_720' title='bbox 812 4748 1128 4807; x_wconf 83' lang='lat' dir='ltr'><strong>excelsioris</strong></span> <span class='ocrx_word' id='word_1_721' title='bbox 1163 4743 1384 4803; x_wconf 88' lang='lat' dir='ltr'><strong>indicia,</strong></span> <span class='ocrx_word' id='word_1_722' title='bbox 1439 4739 1529 4792; x_wconf 89' lang='lat' dir='ltr'><strong>sed</strong></span> <span class='ocrx_word' id='word_1_723' title='bbox 1567 4737 1746 4836; x_wconf 65' lang='lat' dir='ltr'><strong>nescio</strong></span> <span class='ocrx_word' id='word_1_724' title='bbox 1776 4750 1880 4800; x_wconf 89' lang='lat' dir='ltr'><strong>quo</strong></span> 
     </span>
    </p>
   </div>
   <div class='ocr_carea' id='block_1_95' title="bbox 290 4825 1878 4930">
    <p class='ocr_par' dir='ltr' id='par_1_95' title="bbox 290 4825 1878 4930">
     <span class='ocr_line' id='line_1_95' title="bbox 290 4825 1878 4930; baseline -0.026 -17"><span class='ocrx_word' id='word_1_725' title='bbox 290 4825 468 4930; x_wconf 78' lang='lat' dir='ltr'><strong>pacto</strong></span> <span class='ocrx_word' id='word_1_726' title='bbox 528 4847 896 4917; x_wconf 81' lang='lat' dir='ltr'><strong>fragilitatem</strong></span> <span class='ocrx_word' id='word_1_727' title='bbox 952 4835 1200 4892; x_wconf 89' lang='lat' dir='ltr'><strong>fortassis</strong></span> <span class='ocrx_word' id='word_1_728' title='bbox 1272 4833 1483 4884; x_wconf 90' lang='lat' dir='ltr'><strong>intuens</strong></span> <span class='ocrx_word' id='word_1_729' title='bbox 1547 4825 1878 4930; x_wconf 62' lang='lat' dir='ltr'><strong>auditorum,</strong></span> 
     </span>
    </p>
   </div>
   <div class='ocr_carea' id='block_1_96' title="bbox 293 4913 1886 5010">
    <p class='ocr_par' dir='ltr' id='par_1_96' title="bbox 293 4913 1886 5010">
     <span class='ocr_line' id='line_1_96' title="bbox 293 4913 1886 5010; baseline -0.026 -9"><span class='ocrx_word' id='word_1_730' title='bbox 293 4913 516 5001; x_wconf 61' lang='lat' dir='ltr'><strong>claudit</strong></span> <span class='ocrx_word' id='word_1_731' title='bbox 555 4913 966 5005; x_wconf 69' lang='lat' dir='ltr'><strong>quodammodo</strong></span> <span class='ocrx_word' id='word_1_732' title='bbox 996 4928 1110 4992; x_wconf 86' lang='lat' dir='ltr'><strong>ipsa</strong></span> <span class='ocrx_word' id='word_1_733' title='bbox 1155 4936 1273 4989; x_wconf 68' lang='lat' dir='ltr'><strong>quae</strong></span> <span class='ocrx_word' id='word_1_734' title='bbox 1291 4917 1518 5010; x_wconf 35' lang='lat' dir='ltr'><strong>#pandit.</strong></span> <span class='ocrx_word' id='word_1_735' title='bbox 1568 4913 1706 5010; x_wconf 73' lang='lat' dir='ltr'><strong>Dicit</strong></span> <span class='ocrx_word' id='word_1_736' title='bbox 1741 4925 1886 5010; x_wconf 80' lang='lat' dir='ltr'><strong>nam-</strong></span> 
     </span>
    </p>
   </div>
   <div class='ocr_carea' id='block_1_97' title="bbox 291 5002 1882 5106">
    <p class='ocr_par' dir='ltr' id='par_1_97' title="bbox 291 5002 1882 5106">
     <span class='ocr_line' id='line_1_97' title="bbox 291 5002 1882 5106; baseline -0.025 -16"><span class='ocrx_word' id='word_1_737' title='bbox 291 5051 407 5106; x_wconf 86' lang='lat' dir='ltr'><strong>que</strong></span> <span class='ocrx_word' id='word_1_738' title='bbox 437 5032 515 5086; x_wconf 85' lang='lat' dir='ltr'><strong>ad</strong></span> <span class='ocrx_word' id='word_1_739' title='bbox 554 5002 826 5080; x_wconf 65' lang='lat' dir='ltr'><strong>Rebrieos</strong></span> <span class='ocrx_word' id='word_1_740' title='bbox 855 5017 1101 5072; x_wconf 86' lang='lat' dir='ltr'><strong>scribens</strong></span> <span class='ocrx_word' id='word_1_741' title='bbox 1129 5012 1148 5042; x_wconf 87' lang='grc'><strong>⁷</strong></span> <span class='ocrx_word' id='word_1_742' title='bbox 1188 5028 1202 5062; x_wconf 89' lang='lat'><strong>:</strong></span> <span class='ocrx_word' id='word_1_743' title='bbox 1235 5027 1252 5059; x_wconf 83' lang='grc' dir='ltr'><strong>ι</strong></span> <span class='ocrx_word' id='word_1_744' title='bbox 1289 5002 1714 5106; x_wconf 60' lang='lat' dir='ltr'><strong>Tabernpculttm</strong></span> <span class='ocrx_word' id='word_1_745' title='bbox 1743 5002 1882 5052; x_wconf 88' lang='lat' dir='ltr'><strong>enim</strong></span> 
     </span>
    </p>
   </div>
   <div class='ocr_carea' id='block_1_98' title="bbox 292 5089 1884 5183">
    <p class='ocr_par' dir='ltr' id='par_1_98' title="bbox 292 5089 1884 5183">
     <span class='ocr_line' id='line_1_98' title="bbox 292 5089 1884 5183; baseline -0.024 -8"><span class='ocrx_word' id='word_1_746' title='bbox 292 5089 521 5183; x_wconf 54' lang='lat' dir='ltr'><strong>factum</strong></span> <span class='ocrx_word' id='word_1_747' title='bbox 575 5123 663 5168; x_wconf 83' lang='lat' dir='ltr'><strong>est</strong></span> <span class='ocrx_word' id='word_1_748' title='bbox 692 5110 955 5178; x_wconf 83' lang='lat' dir='ltr'><strong>primum,</strong></span> <span class='ocrx_word' id='word_1_749' title='bbox 992 5105 1046 5155; x_wconf 91' lang='lat' dir='ltr'><strong>in</strong></span> <span class='ocrx_word' id='word_1_750' title='bbox 1078 5113 1185 5168; x_wconf 90' lang='lat' dir='ltr'><strong>quo</strong></span> <span class='ocrx_word' id='word_1_751' title='bbox 1219 5104 1333 5149; x_wconf 90' lang='lat' dir='ltr'><strong>erat</strong></span> <span class='ocrx_word' id='word_1_752' title='bbox 1380 5089 1784 5183; x_wconf 75' lang='lat' dir='ltr'><strong>candelabrum,</strong></span> <span class='ocrx_word' id='word_1_753' title='bbox 1830 5093 1884 5139; x_wconf 87' lang='lat' dir='ltr'><strong>et</strong></span> 
     </span>
    </p>
   </div>
   <div class='ocr_carea' id='block_1_99' title="bbox 291 5177 1883 5272">
    <p class='ocr_par' dir='ltr' id='par_1_99' title="bbox 291 5177 1883 5272">
     <span class='ocr_line' id='line_1_99' title="bbox 291 5177 1883 5272; baseline -0.024 -4"><span class='ocrx_word' id='word_1_754' title='bbox 291 5177 502 5269; x_wconf 58' lang='lat' dir='ltr'><strong>mensa</strong></span> <span class='ocrx_word' id='word_1_755' title='bbox 542 5201 668 5272; x_wconf 69' lang='grc'><strong>(45)</strong></span> <span class='ocrx_word' id='word_1_756' title='bbox 696 5177 755 5251; x_wconf 84' lang='lat' dir='ltr'><strong>et</strong></span> <span class='ocrx_word' id='word_1_757' title='bbox 795 5191 1096 5264; x_wconf 89' lang='lat' dir='ltr'><strong>propositio</strong></span> <span class='ocrx_word' id='word_1_758' title='bbox 1147 5201 1360 5254; x_wconf 88' lang='lat' dir='ltr'><strong>panum,</strong></span> <span class='ocrx_word' id='word_1_759' title='bbox 1409 5181 1547 5249; x_wconf 91' lang='lat' dir='ltr'><strong>quod</strong></span> <span class='ocrx_word' id='word_1_760' title='bbox 1601 5177 1883 5272; x_wconf 67' lang='lat' dir='ltr'><strong>dicebatur</strong></span> 
     </span>
    </p>
   </div>
   <div class='ocr_carea' id='block_1_100' title="bbox 369 5285 1752 5352">
    <p class='ocr_par' dir='ltr' id='par_1_100' title="bbox 369 5285 1752 5352">
     <span class='ocr_line' id='line_1_100' title="bbox 369 5285 1752 5352; baseline -0.027 3"><span class='ocrx_word' id='word_1_761' title='bbox 369 5302 419 5332; x_wconf 76' lang='grc'>’⁷</span> <span class='ocrx_word' id='word_1_762' title='bbox 459 5293 676 5352; x_wconf 75' lang='lat' dir='ltr'><strong>Matth.</strong></span> <span class='ocrx_word' id='word_1_763' title='bbox 715 5303 842 5352; x_wconf 83' lang='lat' dir='ltr'><strong>xxv,</strong></span> <span class='ocrx_word' id='word_1_764' title='bbox 870 5285 984 5352; x_wconf 66' lang='lat'><strong>4|._</strong></span> <span class='ocrx_word' id='word_1_765' title='bbox 1038 5285 1084 5352; x_wconf 47' lang='grc' dir='ltr'><strong>’ἢ</strong></span> <span class='ocrx_word' id='word_1_766' title='bbox 1102 5285 1501 5352; x_wconf 49' lang='lat' dir='ltr'><strong>Luc._xvr._‘2-:_3.n</strong></span> <span class='ocrx_word' id='word_1_767' title='bbox 1540 5285 1586 5303; x_wconf 87' lang='lat'><strong>&quot;</strong></span> <span class='ocrx_word' id='word_1_768' title='bbox 1627 5285 1647 5320; x_wconf 85' lang='grc' dir='ltr'><strong>ι</strong></span> <span class='ocrx_word' id='word_1_769' title='bbox 1676 5285 1752 5352; x_wconf 65' lang='lat' dir='ltr'><strong>up</strong></span> 
     </span>
    </p>
   </div>
   <div class='ocr_carea' id='block_1_101' title="bbox 295 5342 1773 5422">
    <p class='ocr_par' dir='ltr' id='par_1_101' title="bbox 295 5342 1773 5422">
     <span class='ocr_line' id='line_1_101' title="bbox 295 5342 1773 5422; baseline -0.027 3"><span class='ocrx_word' id='word_1_770' title='bbox 295 5342 694 5422; x_wconf 63' lang='grc' dir='ltr'><strong>⁸1ιυῖιῖἷῖἷὴ</strong></span> <span class='ocrx_word' id='word_1_771' title='bbox 732 5342 841 5408; x_wconf 56' lang='grc' dir='ltr'><strong>ιε]</strong></span> <span class='ocrx_word' id='word_1_772' title='bbox 895 5349 1128 5401; x_wconf 71' lang='lat' dir='ltr'><strong>“Matth.</strong></span> <span class='ocrx_word' id='word_1_773' title='bbox 1160 5345 1287 5410; x_wconf 87' lang='lat' dir='ltr'><strong>v,7.</strong></span> <span class='ocrx_word' id='word_1_774' title='bbox 1356 5342 1437 5394; x_wconf 65' lang='lat' dir='ltr'><strong>on</strong></span> <span class='ocrx_word' id='word_1_775' title='bbox 1463 5342 1587 5395; x_wconf 84' lang='lat' dir='ltr'><strong>Cor.</strong></span> <span class='ocrx_word' id='word_1_776' title='bbox 1617 5352 1693 5398; x_wconf 83' lang='grc' dir='ltr'>ιιι,</span> <span class='ocrx_word' id='word_1_777' title='bbox 1723 5342 1773 5386; x_wconf 73' lang='lat' dir='ltr'><strong>s.</strong></span> 
     </span>
    </p>
   </div>
   <div class='ocr_carea' id='block_1_102' title="bbox 297 5424 857 5492">
    <p class='ocr_par' dir='ltr' id='par_1_102' title="bbox 297 5424 857 5492">
     <span class='ocr_line' id='line_1_102' title="bbox 297 5424 857 5492; baseline -0.021 -7"><span class='ocrx_word' id='word_1_778' title='bbox 297 5439 348 5472; x_wconf 73' lang='grc' dir='ltr'><strong>ιι</strong></span> <span class='ocrx_word' id='word_1_779' title='bbox 379 5435 540 5492; x_wconf 76' lang='lat' dir='ltr'><strong>Psal.</strong></span> <span class='ocrx_word' id='word_1_780' title='bbox 575 5443 698 5491; x_wconf 81' lang='lat' dir='ltr'><strong>xtv,</strong></span> <span class='ocrx_word' id='word_1_781' title='bbox 722 5427 775 5488; x_wconf 77' lang='grc'><strong>1,</strong></span> <span class='ocrx_word' id='word_1_782' title='bbox 801 5424 857 5474; x_wconf 74' lang='lat'><strong>2.</strong></span> 
     </span>
    </p>
   </div>
   <div class='ocr_carea' id='block_1_103' title="bbox 373 5512 1351 5596">
    <p class='ocr_par' dir='ltr' id='par_1_103' title="bbox 373 5512 1351 5596">
     <span class='ocr_line' id='line_1_103' title="bbox 373 5512 1351 5596; baseline 0 0"><span class='ocrx_word' id='word_1_783' title='bbox 373 5524 506 5596; x_wconf 60' lang='lat' dir='ltr'><strong>(es)</strong></span> <span class='ocrx_word' id='word_1_784' title='bbox 528 5519 692 5596; x_wconf 55' lang='lat' dir='ltr'><strong>At?”</strong></span> <span class='ocrx_word' id='word_1_785' title='bbox 723 5515 944 5596; x_wconf 59' lang='lat' dir='ltr'><strong>deccat:</strong></span> <span class='ocrx_word' id='word_1_786' title='bbox 962 5512 1351 5596; x_wconf 56' lang='grc' dir='ltr'><strong>,εξεξξέῗιξὲἱςεζ</strong></span> 
     </span>
    </p>
   </div>
   <div class='ocr_carea' id='block_1_104' title="bbox 381 5566 2265 5658">
    <p class='ocr_par' dir='ltr' id='par_1_104' title="bbox 381 5566 2265 5658">
     <span class='ocr_line' id='line_1_104' title="bbox 381 5566 2265 5658; baseline -0.019 -16"><span class='ocrx_word' id='word_1_787' title='bbox 528 5566 704 5642; x_wconf 58' lang='lat' dir='ltr'><strong>Klias.</strong></span> <span class='ocrx_word' id='word_1_788' title='bbox 731 5566 758 5630; x_wconf 15' lang='lat' dir='ltr'><strong>Vr</strong></span> <span class='ocrx_word' id='word_1_789' title='bbox 797 5566 1178 5632; x_wconf 79' lang='lat' dir='ltr'><strong>effunderetur</strong></span> <span class='ocrx_word' id='word_1_790' title='bbox 1233 5569 1401 5619; x_wconf 83' lang='lat' dir='ltr'><strong>animo</strong></span> <span class='ocrx_word' id='word_1_791' title='bbox 1444 5577 1505 5617; x_wconf 89' lang='lat' dir='ltr'><strong>ac</strong></span> <span class='ocrx_word' id='word_1_792' title='bbox 1558 5567 1670 5614; x_wconf 89' lang='lat' dir='ltr'><strong>tota</strong></span> <span class='ocrx_word' id='word_1_793' title='bbox 1713 5566 1882 5612; x_wconf 90' lang='lat' dir='ltr'><strong>mente</strong></span> <span class='ocrx_word' id='word_1_794' title='bbox 1908 5566 2202 5615; x_wconf 86' lang='lat' dir='ltr'><strong>corrueret.</strong></span> <span class='ocrx_word' id='word_1_795' title='bbox 2247 5577 2265 5609; x_wconf 74' lang='grc' dir='ltr'><strong>ι</strong></span> 
     </span>
    </p>
   </div>
   <div class='ocr_carea' id='block_1_105' title="bbox 652 5657 1284 5736">
    <p class='ocr_par' dir='ltr' id='par_1_105' title="bbox 652 5657 1284 5736">
     <span class='ocr_line' id='line_1_105' title="bbox 652 5657 1284 5736; baseline -0.021 -7"><span class='ocrx_word' id='word_1_796' title='bbox 652 5677 946 5736; x_wconf 53' lang='lat' dir='ltr'><strong>Parnm&quot;</strong></span> <span class='ocrx_word' id='word_1_797' title='bbox 987 5663 1110 5719; x_wconf 76' lang='lat' dir='ltr'><strong>GR.</strong></span> <span class='ocrx_word' id='word_1_798' title='bbox 1145 5657 1284 5716; x_wconf 79' lang='lat' dir='ltr'><strong>XII.</strong></span> 
     </span>
    </p>
   </div>
   <div class='ocr_carea' id='block_1_106' title="bbox 1038 5266 1878 5399">
    <p class='ocr_par' dir='ltr' id='par_1_106' title="bbox 1038 5266 1873 5399">
     <span class='ocr_line' id='line_1_106' title="bbox 1038 5266 1873 5336; baseline -0.017 -4"><span class='ocrx_word' id='word_1_799' title='bbox 1038 5280 1084 5310; x_wconf 78' lang='grc'><strong>⁸⁸</strong></span> <span class='ocrx_word' id='word_1_800' title='bbox 1100 5279 1228 5331; x_wconf 89' lang='lat' dir='ltr'><strong>Luc.</strong></span> <span class='ocrx_word' id='word_1_801' title='bbox 1253 5292 1357 5336; x_wconf 72' lang='grc' dir='ltr'>χιιι.</span> <span class='ocrx_word' id='word_1_802' title='bbox 1378 5275 1466 5327; x_wconf 70' lang='grc'><strong>95.</strong></span> <span class='ocrx_word' id='word_1_803' title='bbox 1540 5273 1586 5303; x_wconf 85' lang='grc'><strong><em>⁹⁹</em></strong></span> <span class='ocrx_word' id='word_1_804' title='bbox 1627 5268 1647 5320; x_wconf 85' lang='grc'><strong>1</strong></span> <span class='ocrx_word' id='word_1_805' title='bbox 1676 5266 1795 5320; x_wconf 88' lang='lat' dir='ltr'><strong>Cor.</strong></span> <span class='ocrx_word' id='word_1_806' title='bbox 1819 5282 1873 5319; x_wconf 73' lang='grc' dir='ltr'><strong>ιι</strong></span> 
     </span>
     <span class='ocr_line' id='line_1_107' title="bbox 1038 5335 1852 5399; baseline -0.018 0"><span class='ocrx_word' id='word_1_807' title='bbox 1038 5350 1128 5399; x_wconf 67' lang='grc' dir='ltr'>ιιιι.</span> <span class='ocrx_word' id='word_1_808' title='bbox 1160 5361 1212 5399; x_wconf 88' lang='lat' dir='ltr'><strong>v.</strong></span> <span class='ocrx_word' id='word_1_809' title='bbox 1236 5345 1287 5395; x_wconf 87' lang='lat'><strong>7.</strong></span> <span class='ocrx_word' id='word_1_810' title='bbox 1356 5346 1375 5374; x_wconf 81' lang='lat'>°</span> <span class='ocrx_word' id='word_1_811' title='bbox 1399 5342 1437 5394; x_wconf 86' lang='lat' dir='ltr'>II</span> <span class='ocrx_word' id='word_1_812' title='bbox 1463 5342 1587 5395; x_wconf 83' lang='lat' dir='ltr'><strong>Cor.</strong></span> <span class='ocrx_word' id='word_1_813' title='bbox 1617 5352 1693 5398; x_wconf 88' lang='lat' dir='ltr'><strong>Ill,</strong></span> <span class='ocrx_word' id='word_1_814' title='bbox 1723 5335 1773 5386; x_wconf 77' lang='grc'><strong>5.</strong></span> <span class='ocrx_word' id='word_1_815' title='bbox 1833 5335 1852 5364; x_wconf 81' lang='grc'><strong>⁷</strong></span> 
     </span>
    </p>
   </div>
   <div class='ocr_carea' id='block_1_107' title="bbox 1981 5266 3507 5399">
    <p class='ocr_par' dir='ltr' id='par_1_107' title="bbox 1981 5266 3507 5399">
     <span class='ocr_line' id='line_1_108' title="bbox 1981 5266 3507 5327; baseline -0.015 -7"><span class='ocrx_word' id='word_1_816' title='bbox 1981 5269 2019 5320; x_wconf 69' lang='grc' dir='ltr'><strong>Β.</strong></span> <span class='ocrx_word' id='word_1_817' title='bbox 2096 5267 2113 5297; x_wconf 71' lang='grc' dir='ltr'>ί</span> <span class='ocrx_word' id='word_1_818' title='bbox 2140 5266 2237 5320; x_wconf 84' lang='lat' dir='ltr'><strong>Job</strong></span> <span class='ocrx_word' id='word_1_819' title='bbox 2288 5280 2328 5327; x_wconf 85' lang='grc' dir='ltr'>ι,</span> <span class='ocrx_word' id='word_1_820' title='bbox 2351 5266 2438 5317; x_wconf 74' lang='lat'><strong>2|.</strong></span> <span class='ocrx_word' id='word_1_821' title='bbox 2513 5266 2534 5292; x_wconf 82' lang='grc'>³</span> <span class='ocrx_word' id='word_1_822' title='bbox 2563 5266 2727 5314; x_wconf 88' lang='lat' dir='ltr'><strong>Exod.</strong></span> <span class='ocrx_word' id='word_1_823' title='bbox 2773 5273 2863 5315; x_wconf 77' lang='lat' dir='ltr'><strong>xx.</strong></span> <span class='ocrx_word' id='word_1_824' title='bbox 2907 5266 2956 5306; x_wconf 78' lang='lat' dir='ltr'><strong>ti.</strong></span> <span class='ocrx_word' id='word_1_825' title='bbox 3058 5266 3079 5285; x_wconf 75' lang='grc' dir='ltr'><strong><em>ο</em></strong></span> <span class='ocrx_word' id='word_1_826' title='bbox 3106 5266 3257 5303; x_wconf 76' lang='lat' dir='ltr'><strong>Joan.</strong></span> <span class='ocrx_word' id='word_1_827' title='bbox 3286 5266 3394 5312; x_wconf 82' lang='lat' dir='ltr'><strong>xw,</strong></span> <span class='ocrx_word' id='word_1_828' title='bbox 3416 5266 3507 5299; x_wconf 70' lang='grc' dir='ltr'>ιι.</span> 
     </span>
     <span class='ocr_line' id='line_1_109' title="bbox 1981 5314 3507 5399; baseline -0.014 -11"><span class='ocrx_word' id='word_1_829' title='bbox 1981 5351 2047 5390; x_wconf 73' lang='grc' dir='ltr'><strong>π.</strong></span> <span class='ocrx_word' id='word_1_830' title='bbox 2089 5333 2316 5399; x_wconf 77' lang='grc' dir='ltr'><strong>ιχ,2,5.</strong></span> <span class='ocrx_word' id='word_1_831' title='bbox 2378 5331 2548 5385; x_wconf 72' lang='lat' dir='ltr'><strong>‘ibid.</strong></span> <span class='ocrx_word' id='word_1_832' title='bbox 2588 5329 2680 5382; x_wconf 70' lang='lat'><strong>24.</strong></span> <span class='ocrx_word' id='word_1_833' title='bbox 2752 5321 3027 5379; x_wconf 73' lang='lat' dir='ltr'><strong>’ibid.12.</strong></span> <span class='ocrx_word' id='word_1_834' title='bbox 3088 5320 3130 5351; x_wconf 75' lang='grc' dir='ltr'><strong>⁸ο</strong></span> <span class='ocrx_word' id='word_1_835' title='bbox 3149 5315 3288 5370; x_wconf 90' lang='lat' dir='ltr'><strong>Psal.</strong></span> <span class='ocrx_word' id='word_1_836' title='bbox 3317 5314 3507 5378; x_wconf 65' lang='lat' dir='ltr'><strong>xu,£.</strong></span> 
     </span>
    </p>
   </div>
   <div class='ocr_carea' id='block_1_108' title="bbox 1985 4457 3509 4525">
    <p class='ocr_par' dir='ltr' id='par_1_108' title="bbox 1985 4457 3509 4525">
     <span class='ocr_line' id='line_1_110' title="bbox 1985 4457 3509 4525; baseline 0 -10"><span class='ocrx_word' id='word_1_837' title='bbox 1985 4463 2156 4515; x_wconf 86' lang='lat' dir='ltr'><strong>anima</strong></span> <span class='ocrx_word' id='word_1_838' title='bbox 2180 4459 2314 4525; x_wconf 85' lang='lat' dir='ltr'><strong>ejus,</strong></span> <span class='ocrx_word' id='word_1_839' title='bbox 2341 4467 2394 4510; x_wconf 90' lang='lat' dir='ltr'><strong>et</strong></span> <span class='ocrx_word' id='word_1_840' title='bbox 2421 4458 2564 4510; x_wconf 89' lang='lat' dir='ltr'><strong>velut</strong></span> <span class='ocrx_word' id='word_1_841' title='bbox 2604 4457 2834 4525; x_wconf 90' lang='lat' dir='ltr'><strong>quodam</strong></span> <span class='ocrx_word' id='word_1_842' title='bbox 2881 4459 3204 4514; x_wconf 89' lang='lat' dir='ltr'><strong>intolerabili</strong></span> <span class='ocrx_word' id='word_1_843' title='bbox 3245 4462 3509 4516; x_wconf 91' lang='lat' dir='ltr'><strong>desiderio</strong></span> 
     </span>
    </p>
   </div>
   <div class='ocr_carea' id='block_1_109' title="bbox 1986 4546 3506 4617">
    <p class='ocr_par' dir='ltr' id='par_1_109' title="bbox 1986 4546 3506 4617">
     <span class='ocr_line' id='line_1_111' title="bbox 1986 4546 3506 4617; baseline 0.001 -14"><span class='ocrx_word' id='word_1_844' title='bbox 1986 4549 2249 4603; x_wconf 87' lang='lat' dir='ltr'><strong>resolutus</strong></span> <span class='ocrx_word' id='word_1_845' title='bbox 2278 4547 2390 4600; x_wconf 74' lang='grc' dir='ltr'><strong>θειῖ</strong></span> <span class='ocrx_word' id='word_1_846' title='bbox 2436 4547 2576 4598; x_wconf 85' lang='lat' dir='ltr'><strong>Itane</strong></span> <span class='ocrx_word' id='word_1_847' title='bbox 2615 4546 2824 4599; x_wconf 89' lang='lat' dir='ltr'><strong>tandem</strong></span> <span class='ocrx_word' id='word_1_848' title='bbox 2877 4547 3198 4602; x_wconf 89' lang='lat' dir='ltr'><strong>credendum</strong></span> <span class='ocrx_word' id='word_1_849' title='bbox 3243 4559 3344 4614; x_wconf 91' lang='lat' dir='ltr'><strong>est,</strong></span> <span class='ocrx_word' id='word_1_850' title='bbox 3385 4550 3506 4617; x_wconf 90' lang='lat' dir='ltr'><strong>quia</strong></span> 
     </span>
    </p>
   </div>
   <div class='ocr_carea' id='block_1_110' title="bbox 1985 4634 3506 4702">
    <p class='ocr_par' dir='ltr' id='par_1_110' title="bbox 1985 4634 3506 4702">
     <span class='ocr_line' id='line_1_112' title="bbox 1985 4634 3506 4702; baseline -0.002 -9"><span class='ocrx_word' id='word_1_851' title='bbox 1985 4639 2124 4694; x_wconf 90' lang='lat' dir='ltr'><strong>istud</strong></span> <span class='ocrx_word' id='word_1_852' title='bbox 2155 4634 2550 4690; x_wconf 83' lang='lat' dir='ltr'><strong>tabernaculum</strong></span> <span class='ocrx_word' id='word_1_853' title='bbox 2592 4636 2730 4701; x_wconf 89' lang='lat' dir='ltr'><strong>quod</strong></span> <span class='ocrx_word' id='word_1_854' title='bbox 2781 4649 2847 4688; x_wconf 89' lang='lat' dir='ltr'><strong>ex</strong></span> <span class='ocrx_word' id='word_1_855' title='bbox 2900 4636 3124 4702; x_wconf 82' lang='lat' dir='ltr'><strong>pellibus</strong></span> <span class='ocrx_word' id='word_1_856' title='bbox 3166 4648 3221 4691; x_wconf 91' lang='lat' dir='ltr'><strong>et</strong></span> <span class='ocrx_word' id='word_1_857' title='bbox 3265 4639 3506 4700; x_wconf 91' lang='lat' dir='ltr'><strong>cortinis,</strong></span> 
     </span>
    </p>
   </div>
   <div class='ocr_carea' id='block_1_111' title="bbox 1987 4724 3506 4798">
    <p class='ocr_par' dir='ltr' id='par_1_111' title="bbox 1987 4724 3506 4798">
     <span class='ocr_line' id='line_1_113' title="bbox 1987 4724 3506 4798; baseline -0.003 -14"><span class='ocrx_word' id='word_1_858' title='bbox 1987 4741 2144 4798; x_wconf 87' lang='lat' dir='ltr'><strong>atque</strong></span> <span class='ocrx_word' id='word_1_859' title='bbox 2201 4725 2543 4796; x_wconf 87' lang='lat' dir='ltr'><strong>operimentis</strong></span> <span class='ocrx_word' id='word_1_860' title='bbox 2593 4724 2816 4789; x_wconf 90' lang='lat' dir='ltr'><strong>ciliciis,</strong></span> <span class='ocrx_word' id='word_1_861' title='bbox 2865 4725 3091 4792; x_wconf 88' lang='lat' dir='ltr'><strong>aliisque</strong></span> <span class='ocrx_word' id='word_1_862' title='bbox 3155 4726 3320 4779; x_wconf 87' lang='lat' dir='ltr'><strong>nostri</strong></span> <span class='ocrx_word' id='word_1_863' title='bbox 3383 4740 3506 4780; x_wconf 79' lang='lat' dir='ltr'><strong>usus</strong></span> 
     </span>
    </p>
   </div>
   <div class='ocr_carea' id='block_1_112' title="bbox 1986 4812 3510 4880">
    <p class='ocr_par' dir='ltr' id='par_1_112' title="bbox 1986 4812 3510 4880">
     <span class='ocr_line' id='line_1_114' title="bbox 1986 4812 3510 4880; baseline -0.005 -6"><span class='ocrx_word' id='word_1_864' title='bbox 1986 4819 2221 4875; x_wconf 90' lang='lat' dir='ltr'><strong>materiis</strong></span> <span class='ocrx_word' id='word_1_865' title='bbox 2266 4816 2565 4877; x_wconf 87' lang='lat' dir='ltr'><strong>constabat,</strong></span> <span class='ocrx_word' id='word_1_866' title='bbox 2602 4814 2863 4880; x_wconf 87' lang='lat' dir='ltr'><strong>Propheta</strong></span> <span class='ocrx_word' id='word_1_867' title='bbox 2911 4814 3216 4867; x_wconf 88' lang='lat' dir='ltr'><strong>desiderans</strong></span> <span class='ocrx_word' id='word_1_868' title='bbox 3271 4812 3510 4867; x_wconf 73' lang='lat' dir='ltr'><strong>effunde-</strong></span> 
     </span>
    </p>
   </div>
   <div class='ocr_carea' id='block_1_113' title="bbox 1988 4901 3510 4970">
    <p class='ocr_par' dir='ltr' id='par_1_113' title="bbox 1988 4901 3510 4970">
     <span class='ocr_line' id='line_1_115' title="bbox 1988 4901 3510 4970; baseline -0.007 -6"><span class='ocrx_word' id='word_1_869' title='bbox 1988 4920 2070 4964; x_wconf 92' lang='lat' dir='ltr'><strong>ret</strong></span> <span class='ocrx_word' id='word_1_870' title='bbox 2098 4909 2348 4970; x_wconf 87' lang='lat' dir='ltr'><strong>animam,</strong></span> <span class='ocrx_word' id='word_1_871' title='bbox 2379 4919 2442 4957; x_wconf 91' lang='lat' dir='ltr'><strong>ac</strong></span> <span class='ocrx_word' id='word_1_872' title='bbox 2475 4911 2580 4956; x_wconf 88' lang='lat' dir='ltr'><strong>tota</strong></span> <span class='ocrx_word' id='word_1_873' title='bbox 2611 4911 2788 4957; x_wconf 90' lang='lat' dir='ltr'><strong>mente</strong></span> <span class='ocrx_word' id='word_1_874' title='bbox 2807 4911 3202 4957; x_wconf 86' lang='lat' dir='ltr'><strong>converteretur</strong></span> <span class='ocrx_word' id='word_1_875' title='bbox 3224 4902 3373 4970; x_wconf 69' lang='lat'><strong>(44)?</strong></span> <span class='ocrx_word' id='word_1_876' title='bbox 3418 4901 3510 4955; x_wconf 87' lang='lat' dir='ltr'><strong>Vel</strong></span> 
     </span>
    </p>
   </div>
   <div class='ocr_carea' id='block_1_114' title="bbox 1989 4987 3510 5066">
    <p class='ocr_par' dir='ltr' id='par_1_114' title="bbox 1989 4987 3510 5066">
     <span class='ocr_line' id='line_1_116' title="bbox 1989 4987 3510 5066; baseline -0.01 -11"><span class='ocrx_word' id='word_1_877' title='bbox 1989 5008 2132 5055; x_wconf 90' lang='lat' dir='ltr'><strong>certe</strong></span> <span class='ocrx_word' id='word_1_878' title='bbox 2167 4996 2428 5066; x_wconf 89' lang='lat' dir='ltr'><strong>quomodo</strong></span> <span class='ocrx_word' id='word_1_879' title='bbox 2445 5005 2626 5046; x_wconf 89' lang='lat' dir='ltr'><strong>verum</strong></span> <span class='ocrx_word' id='word_1_880' title='bbox 2661 4991 2763 5044; x_wconf 92' lang='lat' dir='ltr'><strong>erit</strong></span> <span class='ocrx_word' id='word_1_881' title='bbox 2788 4993 2852 5045; x_wconf 93' lang='lat' dir='ltr'><strong>de</strong></span> <span class='ocrx_word' id='word_1_882' title='bbox 2878 4989 2980 5042; x_wconf 91' lang='lat' dir='ltr'><strong>isto</strong></span> <span class='ocrx_word' id='word_1_883' title='bbox 3025 4990 3128 5042; x_wconf 93' lang='lat' dir='ltr'><strong>dici</strong></span> <span class='ocrx_word' id='word_1_884' title='bbox 3173 4987 3510 5044; x_wconf 90' lang='lat' dir='ltr'><strong>tabernacqu</strong></span> 
     </span>
    </p>
   </div>
   <div class='ocr_carea' id='block_1_115' title="bbox 1989 5076 3506 5155">
    <p class='ocr_par' dir='ltr' id='par_1_115' title="bbox 1989 5076 3506 5155">
     <span class='ocr_line' id='line_1_117' title="bbox 1989 5076 3506 5155; baseline -0.012 -13"><span class='ocrx_word' id='word_1_885' title='bbox 1989 5087 2128 5155; x_wconf 88' lang='lat' dir='ltr'><strong>quod</strong></span> <span class='ocrx_word' id='word_1_886' title='bbox 2160 5100 2263 5140; x_wconf 93' lang='lat' dir='ltr'><strong>non</strong></span> <span class='ocrx_word' id='word_1_887' title='bbox 2291 5084 2493 5138; x_wconf 91' lang='lat' dir='ltr'><strong>habitet</strong></span> <span class='ocrx_word' id='word_1_888' title='bbox 2525 5083 2575 5135; x_wconf 92' lang='lat' dir='ltr'><strong>in</strong></span> <span class='ocrx_word' id='word_1_889' title='bbox 2620 5091 2686 5132; x_wconf 89' lang='lat' dir='ltr'><strong>eo</strong></span> <span class='ocrx_word' id='word_1_890' title='bbox 2722 5077 2822 5131; x_wconf 89' lang='lat' dir='ltr'><strong>nisi</strong></span> <span class='ocrx_word' id='word_1_891' title='bbox 2868 5095 2887 5128; x_wconf 86' lang='grc'>‹</span> <span class='ocrx_word' id='word_1_892' title='bbox 2937 5077 3192 5130; x_wconf 91' lang='lat' dir='ltr'><strong>innocens</strong></span> <span class='ocrx_word' id='word_1_893' title='bbox 3237 5076 3506 5138; x_wconf 89' lang='lat' dir='ltr'><strong>manibus,</strong></span> 
     </span>
    </p>
   </div>
   <div class='ocr_carea' id='block_1_116' title="bbox 1991 5160 3508 5238">
    <p class='ocr_par' dir='ltr' id='par_1_116' title="bbox 1991 5160 3508 5238">
     <span class='ocr_line' id='line_1_118' title="bbox 1991 5160 3508 5238; baseline -0.013 -9"><span class='ocrx_word' id='word_1_894' title='bbox 1991 5185 2043 5229; x_wconf 91' lang='lat' dir='ltr'><strong>et</strong></span> <span class='ocrx_word' id='word_1_895' title='bbox 2070 5173 2265 5226; x_wconf 91' lang='lat' dir='ltr'><strong>mundo</strong></span> <span class='ocrx_word' id='word_1_896' title='bbox 2301 5173 2479 5234; x_wconf 85' lang='lat' dir='ltr'><strong>corde,</strong></span> <span class='ocrx_word' id='word_1_897' title='bbox 2513 5171 2602 5238; x_wconf 90' lang='lat' dir='ltr'><strong>qui</strong></span> <span class='ocrx_word' id='word_1_898' title='bbox 2629 5184 2731 5223; x_wconf 90' lang='lat' dir='ltr'><strong>non</strong></span> <span class='ocrx_word' id='word_1_899' title='bbox 2755 5164 3025 5234; x_wconf 90' lang='lat' dir='ltr'><strong>accepitin</strong></span> <span class='ocrx_word' id='word_1_900' title='bbox 3056 5176 3250 5216; x_wconf 90' lang='lat' dir='ltr'><strong>vanum</strong></span> <span class='ocrx_word' id='word_1_901' title='bbox 3278 5160 3508 5212; x_wconf 86' lang='lat' dir='ltr'><strong>animam</strong></span> 
     </span>
    </p>
   </div>
   <div class='ocr_carea' id='block_1_117' title="bbox 2096 5247 3507 5327">
    <p class='ocr_par' dir='ltr' id='par_1_117' title="bbox 2096 5247 3507 5327">
     <span class='ocr_line' id='line_1_119' title="bbox 2096 5247 3507 5327; baseline -0.016 -8"><span class='ocrx_word' id='word_1_902' title='bbox 2096 5265 2237 5320; x_wconf 68' lang='lat' dir='ltr'><strong>‘Job</strong></span> <span class='ocrx_word' id='word_1_903' title='bbox 2288 5264 2438 5327; x_wconf 71' lang='lat'><strong>1,21.</strong></span> <span class='ocrx_word' id='word_1_904' title='bbox 2513 5263 2534 5292; x_wconf 82' lang='grc'><strong><em>²</em></strong></span> <span class='ocrx_word' id='word_1_905' title='bbox 2563 5261 2727 5314; x_wconf 88' lang='lat' dir='ltr'><strong>Exod.</strong></span> <span class='ocrx_word' id='word_1_906' title='bbox 2773 5256 3002 5327; x_wconf 74' lang='lat' dir='ltr'><strong>xx,_6.__</strong></span> <span class='ocrx_word' id='word_1_907' title='bbox 3058 5247 3507 5327; x_wconf 37' lang='lat' dir='ltr'><strong>&quot;.‘ioanzxwﬂl.</strong></span> 
     </span>
    </p>
   </div>
   <div class='ocr_carea' id='block_1_118' title="bbox 3173 5624 3244 5684">
    <p class='ocr_par' dir='ltr' id='par_1_118' title="bbox 3173 5624 3244 5684">
     <span class='ocr_line' id='line_1_120' title="bbox 3173 5624 3244 5684; baseline -0.028 0"><span class='ocrx_word' id='word_1_908' title='bbox 3173 5624 3244 5684; x_wconf 76' lang='lat'><strong>12</strong></span> 
     </span>
    </p>
   </div>
  </div>
