3922 6222
401 315 508 377 365

1584 325 1662 382 ΙΝ
1708 333 1989 390 EXODUM
2021 335 2300 394 HOMILIA
2335 341 2424 396 IX.

3493 356 3600 409 366

404 434 523 534 ista!
552 415 1324 534 inafﬂenfffifjij‘I-‘fmejfases
1350 440 1545 534 earum
1583 442 1959 520 inargentatze.
1990 452 2037 511 Α
2065 452 2323 510 ricordiae.
2357 455 2460 510 Sed
2510 465 2561 512 et
2593 457 2692 511 alia
2733 459 3077 518 nihilominus
3120 441 3408 534 Apostolus
3440 465 3598 522 indu-

404 521 550 575 Binze
566 529 720 573 autem
735 515 873 569 bases
888 505 1170 568 columnis
1213 517 1450 590 singulis
1475 505 1828 598 deputentur.
1850 539 1963 594 Una

397 624 530 678 qua;
558 615 697 677 caput
730 601 927 662 dicitur,
957 603 1012 648 ει
1044 613 1508 693 §l|perponitur;
1545 621 1654 674 alia
1688 641 1806 693 quze
1838 641 1964 683 vere

394 699 548 756 basis
579 699 858 768 appellatur,
883 701 932 748 et
981 691 1289 755 columnae
1337 705 1484 760 velut
1553 691 1959 770 fundamentum

397 791 696 857 subjicitur.
722 787 1054 856 lnargenlatze
1099 801 1252 857 ergo
1278 805 1410 849 sunt
1441 798 1708 857 columna:
1740 806 1961 868 idcirco,

395 883 524 947 quia
560 883 766 935 verbum
794 879 877 932 Dei
900 874 1236 946 praedicant,
1274 885 1554 954 accipiunt
1589 907 1684 959 per
1718 895 1960 960 spiritum

400 988 422 1020 ι
449 971 660 1039 eloquia
679 970 887 1030 Domini,
915 980 1025 1035 qua:
1047 980 1191 1024 sunt
1217 974 1443 1044 eloquia
1474 990 1644 1044 casta,
1680 993 1961 1050 argentum

395 1061 520 1128 igne
557 1064 839 1130 probatum
883 1061 946 1112 ³³.
980 1078 997 1110 ι
1029 1057 1126 1113 lsti
1170 1074 1365 1121 autem
1412 1071 1808 1136 praedicationis
1855 1087 1961 1127 suae

393 1157 556 1211 bases
588 1159 788 1212 habent
813 1155 1110 1226 prophetas.
1145 1158 1338 1227 Super
1368 1162 1768 1217 fundamentum
1819 1167 1958 1218 enim

389 1248 762 1315 apostolorum
780 1258 828 1300 et
844 1247 1225 1314 prOphetarum
1247 1250 1541 1304 Ecclesium
1557 1254 1811 1306 collucent
1825 1254 1952 1323 (50),

385 1354 623 1407 quorum
692 1339 1001 1392 testimoniis
1045 1348 1296 1405 utentes,
1333 1341 1489 1394 fidem
1533 1341 1727 1395 Christi
1766 1344 1957 1395 contir-

385 1437 561 1481 mant.
597 1430 776 1497 Caput
807 1437 975 1481 autem
1002 1427 1389 1482 columnarum
1426 1439 1505 1483 est
1533 1430 1638 1492 ille,
1670 1440 1724 1483 ut
1747 1433 1954 1500 opinor,

380 1519 440 1573 de
470 1535 595 1588 quo
622 1522 760 1574 dicit
799 1520 1101 1589 Apostolus,
1149 1522 1278 1588 quia
1324 1540 1344 1571 ι
1379 1531 1537 1590 caput
1574 1523 1673 1575 viri
1713 1522 1955 1576 Christus

375 1618 448 1661 est
478 1610 561 1660 ".
604 1628 626 1660 ι
665 1609 831 1664 Seras
853 1624 977 1664 vero
1009 1609 1406 1671 columnarum,
1431 1611 1705 1665 societatis
1737 1621 1951 1677 aposto—

372 1695 488 1750 liras
524 1697 699 1752 datas
728 1698 833 1752 sibi
878 1698 1102 1752 invicem
1136 1699 1359 1753 dextras
1381 1699 1488 1767 jam
1519 1700 1769 1753 diximus.
1811 1697 1949 1753 Ten-

2065 548 2236 593 menta
2292 542 2545 598 nobiliora
2600 545 2856 615 designat,
2895 563 3012 602 cum
3039 552 3165 605 dicit
3195 552 3238 584 ¹⁹
3271 571 3283 606 :
3335 571 3354 606 ι
3384 553 3594 608 lnduite

2064 641 2156 682 vos
2187 629 2461 683 Dominum
2489 629 2665 687 Jesum
2696 633 2988 700 Christum,
3022 649 3072 691 et
3102 641 3275 695 carnis
3314 657 3494 696 curam
3527 658 3594 698 ne

2065 716 2298 772 feceritis
2337 722 2400 773 ad
2429 724 2904 790 concupiscentias.
2938 745 2955 776 ι
2991 728 3090 781 Ista
3126 739 3250 784 sunt
3288 745 3412 801 ergo
3434 733 3593 787 indu-

2063 817 2258 872 menta,
2281 810 2470 876 quibus
2497 823 2716 866 ornatur
2753 814 3009 869 Ecclesia.

2128 897 2180 949 4.
2221 897 2399 952 Potest
2443 910 2616 954 autem
2647 911 2700 955 et
2744 905 3109 972 unusquisque
3157 917 3391 961 nostrum
3428 911 3589 963 etiam

2062 984 2112 1035 in
2169 986 2454 1054 semetipso
2515 991 2836 1044 constituere
2888 994 3286 1046 labernaculmn
3343 996 3476 1050 Deo.
3531 1000 3589 1052 Si

2059 1073 2219 1135 enim,
2247 1082 2306 1126 ut
2338 1075 2547 1140 quidam
2599 1087 2724 1132 ante
2780 1094 2873 1132 nos
2920 1097 3131 1150 quoque
3181 1083 3427 1137 dixerunt
3457 1085 3588 1155 (53),

2063 1160 2458 1217 tabernaculum
2479 1166 2579 1219 hoc
2608 1166 2766 1218 totius
2795 1170 2972 1222 mundi
2999 1181 3137 1224 tenet
3160 1172 3402 1240 ﬁguram,
3439 1190 3590 1229 mun-

2058 1247 2107 1300 di
2143 1258 2317 1303 autem
2366 1252 2522 1305 etiam
2570 1254 2760 1324 singuli
2803 1258 2997 1326 quique
3048 1260 3244 1315 habere
3299 1262 3580 1331 imaginem

2057 1348 2292 1403 possunt,
2321 1353 2417 1392 cur
2449 1356 2550 1394 non
2584 1352 2635 1396 et
2673 1346 2990 1400 tabernaculi
3021 1350 3382 1418 unusquisque
3413 1353 3463 1405 in
3500 1369 3585 1408 se-

2058 1424 2276 1489 metipso
2308 1423 2529 1480 formam
2555 1430 2717 1495 possit
2752 1432 2996 1499 explere?
3023 1434 3125 1487 Has
3153 1449 3278 1504 ergo
3310 1437 3465 1492 debet
3491 1454 3587 1494 σου

2057 1508 2267 1564 lumnas
2291 1513 2390 1566 sibi
2433 1525 2616 1582 aptare
2643 1518 2916 1584 virtutum,
2965 1521 3238 1577 columnas
3279 1535 3583 1593 argenteas,

2056 1599 2106 1651 id
2148 1608 2228 1653 est
2261 1602 2564 1668 patientiam
2616 1608 3005 1663 rationabilem.
3059 1610 3239 1666 Potest
3287 1614 3427 1669 enim
3466 1630 3586 1672 esse

2055 1689 2265 1754 quidem
2289 1691 2338 1742 iu
2365 1692 2593 1758 homine,
2629 1711 2746 1763 qua:
2771 1697 3010 1754 videatur
3038 1702 3310 1771 patientia,
3341 1706 3432 1760 sed
3467 1721 3585 1776 qua:

1381 1757 1398 1767 .
2645 1757 2660 1763 -
3038 1757 3050 1768 ,
3298 1757 3310 1771 ,
3352 1757 3432 1760 κν-
3472 1757 3573 1776 Ἰη-

372 1787 514 1840 [or-ia
569 1804 703 1857 qum
749 1788 950 1842 ansulis
985 1797 1188 1854 assuta,
1227 1797 1282 1842 et
1327 1789 1541 1843 circulis
1571 1804 1848 1856 suspensa,
1873 1798 1951 1842 ει.
1985 1757 2029 1816 Β
2058 1779 2388 1833 rationabilis
2435 1798 2535 1836 non
2566 1785 2654 1838 Sil.
2712 1786 2838 1839 Nam
2871 1797 2924 1841 Cl
2971 1789 3058 1856 ιιιιί
3102 1807 3204 1846 non
3235 1795 3398 1848 εοηιίι
3441 1797 3573 1866 inju-

367 1891 468 1943 que
500 1877 718 1930 innexa
757 1875 992 1940 funibus,
1023 1877 1088 1929 ad
1124 1877 1338 1930 modum
1383 1877 1712 1931 cortinarum
1764 1875 1950 1941 viginti

362 1975 408 2019 et
438 1975 589 2018 octo
624 1966 682 2019 in
727 1965 969 2034 longum,
1010 1965 1248 2032 atquein
1283 1965 1445 2016 latum
1500 1973 1730 2031 quatuor
1755 1965 1952 2018 cubitis

359 2053 795 2113 distenduntur,
849 2054 1112 2106 habeatur
1159 2053 1362 2120 reliqua
1410 2053 1740 2107 credentium
1777 2054 1947 2121 plebs,

353 2157 480 2209 qua:
518 2143 707 2196 haeret
743 2149 799 2194 et
829 2143 1024 2208 pendet
1068 2143 1121 2195 in
1166 2141 1378 2195 funibus
1431 2141 1572 2195 lidei.
1606 2142 1770 2197 Funis
1807 2143 1948 2197 enim

350 2229 573 2297 triplex
623 2245 736 2281 non
774 2229 1064 2296 rumpitur,
1094 2242 1212 2296 quae
1259 2237 1339 2281 est
1367 2228 1640 2282 Trinitatis
1675 2229 1825 2291 ﬁdes,
1880 2245 1946 2284 ex

342 2309 454 2382 qui:
499 2316 813 2384 dependet,
870 2324 922 2368 et
973 2330 1067 2384 per
1114 2330 1272 2384 quam
1304 2316 1597 2369 sustinetur
1637 2317 1811 2369 omnis
1846 2317 1947 2370 Ec-

337 2405 560 2460 clesia.
602 2405 811 2474 Viginti
849 2413 1031 2458 autem
1079 2412 1133 2458 et
1189 2414 1310 2458 octo
1350 2406 1669 2464 cubitorum,
1715 2413 1843 2470 quot
1891 2406 1943 2457 in

331 2491 589 2560 longum
623 2492 974 2556 distenditur,
1006 2501 1061 2545 et
1083 2493 1134 2545 in
1170 2493 1331 2546 latum
1360 2502 1613 2560 quatuor,
1637 2493 1760 2546 atrii
1789 2495 1944 2549 unius

325 2598 665 2644 mensura,
690 2595 826 2648 puto
859 2583 1000 2649 quod
1034 2583 1232 2635 inserta
1265 2582 1348 2635 lex
1378 2582 1679 2652 Evangeliis
1700 2581 1942 2652 designe-

321 2682 454 2726 tnr.
498 2670 876 2737 Septenarius
898 2687 1130 2738 namque
1151 2685 1404 2724 numerus
1434 2670 1600 2739 legem
1641 2671 1942 2739 significare

313 2759 526 2822 solet,
559 2774 672 2828 pro
698 2758 884 2812 multis
921 2758 1212 2827 septenarii
1246 2761 1452 2811 numeri
1487 2759 1594 2828 (5|)
1637 2774 1941 2814 sacramen-

311 2852 425 2902 tis.
464 2847 540 2902 Si
575 2845 941 2901 consociatur
961 2849 1025 2898 ad
1061 2854 1316 2913 quatuor,
1345 2854 1536 2914 quater
1569 2856 1772 2914 septem
1809 2862 1939 2900 con-

305 2945 671 3007 sequenter
699 2936 890 3004 viginti
919 2946 974 2989 et
1018 2944 1140 2990 octo
1188 2949 1464 2988 numerum
1491 2934 1712 2989 faciunt.
1744 2933 1935 2989 Decem

2055 1869 2207 1933 riam,
2228 1879 2280 1923 et
2308 1883 2584 1938 propterea
2617 1889 2718 1928 non
2760 1877 2946 1943 reddit,
2986 1881 3194 1946 patiens
3227 1883 3456 1948 videtur,
3491 1888 3582 1941 sed

2054 1971 2156 2010 non
2191 1967 2272 2012 est
2303 1961 2632 2016 rationabilis
2677 1963 2775 2016 ista
2828 1965 3103 2032 patientia.
3133 1968 3236 2024 lste
3265 1984 3390 2039 ergo
3423 1973 3582 2030 habet

2009 2079 2012 2082 .
2050 2045 2259 2111 quidem
2289 2048 2583 2112 columnas,
2621 2051 2711 2104 sed
2744 2069 2846 2106 nou
2873 2063 2994 2108 sunt
3024 2067 3288 2126 argentea:
3314 2060 3446 2130 (54).
3478 2062 3578 2128 Qui

2049 2147 2174 2185 vero
2205 2145 2420 2202 propter
2469 2138 2687 2191 verbum
2740 2140 2826 2192 Dei
2862 2143 3080 2210 patitur,
3114 2155 3165 2198 et
3203 2145 3413 2202 fortiter
3454 2149 3576 2216 fert,

2050 2219 2148 2272 iste
2175 2221 2432 2275 columnis
2481 2226 2744 2292 argenteis
2797 2228 3077 2282 decoratus
3125 2240 3206 2284 est
3237 2242 3290 2284 et
3321 2236 3574 2291 munitus.

2049 2304 2224 2366 Potest
2253 2313 2303 2365 in
2335 2327 2390 2366 se
2413 2323 2464 2367 et
2491 2316 2620 2367 atria
2643 2316 2962 2380 distendere,
3002 2333 3119 2371 cum
3158 2320 3460 2378 dilataverit
3484 2342 3576 2380 cor

2047 2412 2198 2450 suum
2234 2401 2520 2452 secundum
2560 2401 2796 2468 Apostoli
2837 2418 3018 2457 vocem
3049 2405 3272 2461 dicentis
3304 2411 3367 2463 ad
3395 2412 3578 2466 Corin-

2047 2487 2184 2540 thios
2211 2486 2255 2517 ³⁸
2286 2503 2300 2540 :
2335 2505 2353 2538 t
2387 2488 2686 2540 Dilatamini
2730 2501 2783 2542 et
2827 2505 2942 2544 vos.
2991 2510 3008 2542 ι
3044 2492 3223 2547 Potest
3268 2511 3326 2549 se
3361 2508 3413 2551 et
3439 2501 3574 2554 seris

2043 2577 2270 2640 munire,
2296 2592 2412 2630 cum
2453 2591 2509 2631 se
2540 2579 2887 2632 unanimitate
2917 2581 3216 2638 dilectionis
3242 2587 3568 2642 astrinxerit.

2041 2667 2219 2722 Potest
2247 2681 2403 2736 super
2431 2679 2711 2737 argenteas
2745 2671 2904 2725 bases
2937 2682 3101 2738 stare,
3133 2691 3252 2730 cum
3282 2694 3442 2747 super
3467 2691 3574 2736 sta.

2038 2757 2294 2810 bilitatem
2341 2757 2487 2810 verbi
2521 2759 2634 2823 Dei,
2669 2761 2813 2812 verbi
2862 2763 3154 2829 prophetici
3197 2775 3249 2820 et
3291 2771 3571 2837 apostolici

2039 2844 2346 2899 collocatur.
2406 2845 2584 2900 Potest
2611 2848 2808 2902 habere
2867 2851 2919 2901 in
2971 2851 3210 2905 columna
3261 2854 3570 2913 deauratum

2037 2946 2216 3002 caput,
2243 2935 2286 2988 si
2325 2945 2481 3003 caput
2507 2952 2725 2991 aureum
2750 2939 2818 2990 sit
2849 2939 2894 2992 ei
2920 2939 3048 2994 ﬁdes
3078 2942 3292 2998 Christi.
3325 2962 3344 2996 ι
3385 2945 3571 3005 Omnis

220 3008 225 3014 ’
302 3039 479 3080 vero
515 3024 648 3078 hac
687 3024 828 3076 atria
876 3023 1033 3087 fiunt,
1070 3031 1128 3076 ut
1153 3023 1416 3091 integrum
1455 3022 1794 3089 perfectionis
1840 3039 1935 3076 nu-
1961 3064 2001 3118 ο
2035 3039 2258 3092 namque
2285 3026 2381 3078 viri
2412 3036 2586 3094 caput,
2637 3028 2878 3082 Christus
2921 3042 3004 3085 est
3046 3033 3110 3088 ³¹.
3145 3053 3162 3085 ι
3199 3033 3387 3091 Decem
3438 3053 3568 3094 vero

298 3129 576 3170 merum
615 3121 862 3176 teneant,
897 3122 950 3166 et
976 3113 1107 3182 legis
1132 3112 1448 3180 Decalogum
1499 3112 1655 3182 165
1697 3113 1929 3184 signent.

293 3203 462 3259 Jam
516 3215 663 3256 vero
712 3201 886 3264 cocci,
918 3211 974 3254 et
1012 3200 1304 3269 hyacinthi,
1362 3201 1531 3268 byssi,
1579 3215 1640 3254 ac
1686 3215 1932 3269 purpurae

291 3293 565 3362 specie,
624 3289 794 3343 multa
856 3305 922 3343 ac
975 3291 1186 3344 diversa
1212 3303 1376 3358 opera
1415 3289 1767 3358 explicantur.
1801 3291 1928 3345 Inde

292 3382 625 3442 tentoria,
661 3381 790 3435 inde
810 3380 991 3434 velum
1023 3381 1263 3434 exterius
1287 3388 1341 3433 et
1382 3380 1624 3443 interius,
1667 3380 1785 3434 inde
1821 3390 1926 3435 tota

285 3469 721 3528 sacerdotalis
749 3481 805 3523 et
836 3469 1166 3537 pontificalis
1211 3469 1396 3531 vestis,
1440 3482 1573 3521 auro
1621 3477 1674 3522 et
1707 3471 1929 3538 gemmis

289 3559 655 3630 expeditur
688 3558 982 3625 adiunctis.
1025 3558 1128 3612 Sed
1153 3572 1219 3610 ne
1239 3559 1436 3611 diutius
1467 3572 1561 3626 per
1594 3559 1925 3626 singularum

291 3657 715 3709 demoremur
750 3650 966 3718 species
1013 3650 1293 3712 virtutum,
1357 3664 1637 3717 possumus
1689 3651 1925 3704 breviter

297 3746 567 3799 dicere,
633 3738 722 3791 illa
773 3736 1074 3806 signiﬁcari
1120 3752 1216 3804 per
1267 3737 1380 3790 haec
1422 3738 1615 3805 quibus
1643 3749 1925 3792 ornaretur

295 3829 600 3886 Ecclesia
631 3827 770 3897 (52).
799 3826 966 3881 Fides
985 3826 1101 3892 ejus
1127 3841 1258 3880 auro
1278 3825 1504 3880 conferri
1529 3837 1722 3895 potest,
1749 3842 1925 3881 sermo

295 3918 762 3993 prmdicationis
796 3917 915 3985 ejus
945 3925 1204 3984 argento;
1239 3916 1501 3983 lapidibus
1531 3919 1796 3985 pretiosis,
1851 3933 1923 3972 tes

296 4008 668 4081 patientia,
723 4006 888 4076 lignis
928 4004 1349 4074 imputribilibus
1394 4006 1639 4069 scientia,
1677 4021 1793 4074 quae
1829 4021 1923 4074 per

300 4101 571 4168 lignum
598 4096 779 4162 venit,
812 4104 910 4150 aut
941 4095 1274 4161 incorruptio
1317 4095 1600 4160 castitatis,
1639 4110 1755 4164 qua:
1787 4111 1920 4148 nun-

295 4201 515 4259 quam
548 4187 881 4251 veterascit;
910 4186 1074 4251 bysso
1104 4184 1417 4251 virginitas;
1451 4199 1611 4239 cocco
1637 4185 1920 4238 confessio-

293 4281 416 4335 nis
461 4277 682 4346 gloria;
738 4288 998 4344 purpurae
1047 4273 1326 4326 charitatis
1373 4274 1575 4342 fulgor;
1626 4274 1916 4342 hyacintho

2035 3112 2168 3165 atria
2217 3122 2388 3180 potest
2426 3114 2479 3168 in
2521 3115 2803 3183 semetipso
2833 3118 3154 3184 distendere,
3191 3138 3309 3177 cum
3352 3141 3456 3178 non
3512 3127 3563 3181 in

2036 3216 2138 3255 uno
2169 3185 2386 3255 tantum
2434 3202 2596 3259 verbo
2640 3206 2767 3272 legis
2807 3207 3078 3273 dilatatur,
3115 3226 3289 3280 neque
3336 3215 3562 3280 duobus,

2020 3299 2126 3343 .aut
2161 3291 2353 3357 tribus,
2383 3291 2476 3345 sed
2513 3294 2564 3347 in
2594 3303 2702 3348 toto
2735 3296 2990 3364 Decalogo
3027 3299 3156 3368 legis
3197 3303 3450 3370 spiritalis
3479 3307 3560 3359 in-

2036 3380 2343 3449 telligentia!
2393 3382 2617 3438 dilatare
2654 3387 3048 3452 amplitudinem
3088 3400 3279 3458 potest,
3307 3403 3396 3448 aut
3443 3410 3562 3449 cum

2037 3465 2262 3521 fructum
2294 3471 2533 3537 spiritus,
2561 3475 2830 3540 gaudium,
2862 3490 3066 3544 pacem,
3110 3481 3440 3548 patientiam,
3472 3486 3564 3540 bea

2031 3556 2362 3624 nignitatem,
2395 3559 2728 3625 modestiam,
2760 3563 2939 3629 fidem,
2982 3569 3391 3635 continentiam,
3415 3574 3560 3640 adje-

2031 3652 2136 3706 cta,
2169 3657 2284 3709 quae
2307 3653 2388 3696 est
2409 3655 2576 3699 mater
2602 3648 2858 3710 omnium,
2889 3651 3170 3718 charitate,
3201 3659 3558 3723 protulerit”.

2030 3731 2232 3784 llabeat
2281 3731 2450 3786 adhuc
2493 3733 2543 3784 in
2589 3749 2647 3787 se
2698 3735 2872 3788 anima
2917 3737 3037 3803 ista,
3076 3754 3191 3806 qua:
3229 3757 3331 3796 non
3359 3745 3562 3802 dederit

2029 3833 2276 3874 somnum
2310 3820 2478 3875 oculis
2502 3821 2634 3886 suis,
2666 3838 2763 3877 nec
2793 3823 3057 3891 palpebris
3083 3829 3192 3882 suis
3218 3831 3559 3889 dormitatio-

2027 3925 2170 3972 nem,
2199 3924 2295 3964 nec
2325 3913 2560 3979 requiem
2594 3915 2914 3980 temporibus
2943 3918 3076 3979 suis,
3111 3923 3279 3974 donec
3323 3921 3557 3978 inveniat

2025 3997 2199 4052 locum
2231 3997 2470 4064 Domino,
2527 4002 2921 4056 tabernaculum
2977 4004 3083 4058 Deo
3126 4004 3290 4062 Jacob
3333 4010 3412 4078 ³³;
3454 4013 3550 4065 ha-

2024 4085 2162 4146 beat,
2203 4086 2436 4154 inquam,
2480 4089 2530 4141 in
2562 4103 2618 4142 se
2648 4089 2875 4143 defixum
2905 4103 2956 4145 et
2990 4093 3177 4160 altare,
3217 4099 3266 4150 in
3295 4113 3399 4166 quo
3425 4115 3548 4154 ora-

2027 4174 2226 4227 tionum
2283 4175 2484 4229 hostias
2531 4185 2586 4230 et
2638 4177 3016 4234 misericordia:
3071 4184 3309 4240 victimas
3363 4187 3554 4242 offerat

2022 4264 2161 4329 Deo;
2211 4265 2260 4318 in
2309 4281 2415 4334 quo
2463 4266 2802 4321 continentia:
2833 4271 3004 4324 cultro
3050 4274 3347 4342 superbiam
3395 4279 3548 4346 quasi

293 4381 465 4437 spes
496 4365 664 4434 regni
692 4365 988 4418 ctelorum.
1024 4362 1142 4415 lstze
1165 4362 1271 4414 sint
1307 4361 1520 4415 interim
1561 4364 1816 4424 materiae,
1849 4380 1914 4418 ex

2038 4368 2226 4407 aurum
2256 4355 2512 4419 immolet,
2541 4357 2869 4412 iracundiam
2894 4363 3042 4428 quasi
3068 4363 3286 4416 arietem
3313 4364 3543 4436 jugulet,

289 4457 544 4529 quibus
582 4469 750 4507 omne
791 4450 1198 4505 tabernaculum
1232 4459 1592 4515 construatur,
1626 4451 1914 4505 induantur

290 4545 686 4604 sacerdotes,
710 4549 939 4596 ornetur
973 4549 1026 4594 et
1054 4538 1312 4607 pontifex.
1343 4537 1577 4603 Quorum
1607 4537 1911 4593 indumenta

293 4650 454 4707 qua:
494 4635 638 4694 sint,
668 4631 755 4682 vel
789 4629 994 4696 qualia,
1052 4629 1104 4681 in
1141 4627 1244 4682 alio
1283 4627 1399 4682 loco
1443 4627 1750 4695 pronuntiat
1777 4627 1908 4681 Pro-

297 4731 534 4797 pheta,
576 4721 796 4776 etdicit
822 4719 909 4772 ’τε
943 4735 963 4768 ι
1000 4717 1314 4772 Sacerdotes
1343 4717 1417 4770 tui
1445 4717 1734 4770 induantur
1756 4715 1912 4783 justi-

295 4820 490 4872 tiam.
527 4831 552 4864 ι
611 4811 757 4865 Sunt
796 4822 929 4877 ergo
957 4807 1133 4860 omnia
1170 4807 1268 4859 ista
1320 4805 1628 4858 indumenta
1670 4804 1906 4870 justitite.

293 4908 384 4963 Et.
419 4905 642 4957 iterum
683 4877 890 4951 Paulus
929 4896 1197 4964 apostolus
1232 4894 1360 4947 dicit
1383 4893 1428 4924 ’⁸
1465 4910 1478 4944 :
1528 4909 1547 4941 ι
1585 4891 1792 4944 lnduite
1818 4907 1910 4947 vos

295 4998 559 5052 viscera
583 4986 998 5044 misericordiae.
1035 5002 1054 5036 ι
1090 4984 1224 5039 Sunt
1255 4997 1383 5052 ergo
1407 4980 1718 5035 indumenta
1753 4981 1910 5037 mise-

388 5139 446 5173 ⁸³
488 5131 651 5188 Psal.
689 5144 766 5192 ιι,
791 5129 842 5182 7.
919 5126 966 5159 “
996 5124 1039 5177 11
1077 5123 1201 5178 Cor.
1232 5139 1315 5192 ιιι,
1349 5121 1406 5173 5.

299 5226 404 5272 τι,
439 5203 548 5258 l3.
621 5198 669 5232 ³⁸
698 5197 720 5250 l
746 5196 872 5252 Cor.
899 5210 978 5259 vt,
1011 5194 1066 5247 5.

389 5318 528 5391 (50)
558 5313 852 5391 Ecclesium
873 5311 1156 5391 collocant.
1182 5307 1274 5360 Sic
1295 5319 1431 5358 mss.
1459 5302 1605 5356 Alias
1634 5316 1760 5357 vero
1786 5304 1916 5359 sitn-

299 5384 585 5462 pli‘cjter.
608 5402 656 5462 Α
697 5384 1062 5462 collocantur,-
1092 5394 1294 5462 ξυμ--.
1335 5453 1341 5462 .

393 5454 524 5520 (5i)
556 5453 730 5519 Alias,
769 5469 790 5502 σ
835 5453 1058 5520 septimi
1091 5453 1381 5520 numeris)
1467 5505 1479 5518 .
1556 5505 1568 5518 α

393 5456 492 5520 (51
556 5454 730 5519 Alias,
769 5469 790 5502 σ
835 5454 1058 5514 septimi
1091 5454 1381 5520 numertur
1467 5505 1479 5518 .
1556 5505 1568 5518 .

392 5454 524 5608 (ὃςΞῖ
548 5523 854 5580 Ornaretur
893 5512 1156 5568 Ecclesia.
1198 5507 1351 5571 Mss,
1384 5522 1402 5555 ι
1434 5505 1760 5574 significatur
1801 5506 1910 5563 Ec-

307 5594 426 5651 cies
434 5594 506 5654 ia.
549 5614 570 5648 ι

2020 4443 2285 4496 luxuriam
2325 4459 2645 4514 omnemque
2697 4445 2970 4501 libidinem
2998 4457 3247 4517 tanquam
3295 4452 3470 4507 hircos
3494 4463 3550 4508 et

2020 4532 2198 4587 haedos
2230 4531 2366 4586 litet.
2398 4532 2545 4587 Sciat
2583 4544 2756 4589 tamen
2785 4550 2850 4590 ex
2887 4535 2970 4590 bis
2991 4537 3150 4590 etiam
3180 4539 3547 4594 sacerdotibus

2017 4638 2264 4692 separare
2315 4624 2557 4678 dextrum
2613 4625 2913 4689 brachium,
2966 4637 3020 4680 et
3075 4628 3461 4696 pectusculum,
3491 4636 3547 4684 et

2016 4711 2279 4775 maxillas,
2321 4712 2371 4766 id
2397 4721 2476 4766 est
2507 4727 2669 4781 opera
2700 4713 2836 4767 bona
2871 4723 2921 4767 et
2962 4727 3124 4782 opera
3151 4714 3357 4768 dextra.
3409 4714 3543 4769 Nam

2013 4804 2289 4857 sinistrum
2318 4803 2447 4856 nihil
2470 4812 2723 4857 reservet.
2748 4802 3117 4858 Pectusculum
3152 4818 3365 4872 quoque
3406 4806 3546 4858 inte-

2011 4907 2183 4960 grum,
2207 4893 2347 4960 quod
2371 4901 2454 4946 est
2483 4899 2805 4957 correctum,
2829 4903 2885 4946 et
2909 4907 3058 4946 mens
3087 4891 3191 4946 Deo
3219 4902 3464 4958 sacrata;
3492 4904 3546 4948 et

2011 4981 2256 5036 maxillas
2309 4981 2374 5034 ad
2419 4981 2638 5036 verbum
2669 4981 2760 5034 Dei
2792 4980 3132 5050 loquendum.
3164 4981 3430 5039 Sciatsibi
3489 4987 3540 5038 in

1482 5119 1525 5151 ’τ
1555 5117 1712 5187 Psal._
1743 5133 1938 5187 cxxxn,

2100 5123 2144 5156 ³⁸
2185 5121 2388 5178 Coloss.
2416 5136 2497 5186 ιιι,
2528 5119 2612 5172 l2.
2687 5122 2731 5152 “
2773 5121 2929 5174 Rom.
2964 5135 3082 5184 xm,
3119 5119 3205 5172 l4.
3277 5120 3378 5172 "ll
3414 5119 3539 5174 Cur.

1143 5193 1186 5223 “
1214 5190 1332 5245 Gal.
1366 5203 1419 5250 v,
1453 5186 1542 5239 22.
1618 5185 1662 5216 ⁸³
1695 5185 1835 5240 Psal.
1869 5185 2048 5256 cxxXI,
2072 5192 2125 5257 4,
2155 5192 2210 5246 5.

2250 5307 2318 5362 Ut
2347 5308 2555 5372 quidam
2583 5315 2699 5360 ante
2726 5267 2816 5358 nos
2853 5300 3351 5372 quoque__dixer'unt.
3404 5295 3540 5372 Vide

2085 5307 2195 5431 (53?
2250 5307 2318 5362 Ut
2347 5308 2555 5430 quidam
2583 5315 2699 5360 ante
2726 5320 2816 5384 nos
2853 5317 3060 5422 querire.
3092 5307 3351 5351 dixerunt.
3409 5307 3539 5376 vide

2013 5378 2298 5457 {oseptum
2374 5377 2445 5429 ib.
2505 5391 2565 5430 ιιι
2629 5374 2798 5440 Anttq.
2856 5380 2909 5425 et
3011 5366 3237 5420 lnlonem
3295 5359 3372 5414 De
3426 5371 3539 5418 me

2014 5447 2098 5499 Ma
2139 5447 2226 5498 sis.

2081 5463 2190 5583 (g4)
2225 5513 2386 5579 Alias,
2417 5528 2436 5562 ι
2473 5517 2776 5567 amentatae.
2817 5524 2835 5555 ο
