3922 6218
303 286 403 346 369

1468 286 1543 342 lN
1593 289 1879 349 EXODUM
1917 288 2190 343 HOMILIA
2223 290 2288 344 X.

2187 43 2409 172 Χ

2411 175 2462 216 \_‘

2469 220 2488 236 κδ

2490 239 2516 258 \

2520 263 2665 396 \

3395 294 3496 348 370

305 409 475 462 lorum
496 401 573 473 qui
603 395 860 453 mandatur
891 391 947 444 in
979 389 1143 462 lese.
1181 405 1244 450 υἱ
1271 408 1434 454 exeat
1462 411 1706 475 pepulus
1730 422 1870 464 certa
1903 413 1946 466 A
1977 408 2172 474 scripta
2223 405 2527 460 referuntur
2560 423 2571 458 :
2604 424 2624 455 ι
2651 389 2797 472 Quod
2851 408 2891 460 si
2945 408 3172 473 steterit,
3223 411 3396 479 inquit
3427 413 3493 474 ",

306 498 400 552 die
439 495 566 558 anui,
590 499 638 545 et
675 489 722 542 in
756 484 1141 538 tabernaculis
1174 489 1412 554 habitet,
1449 494 1672 553 habens
1700 515 1874 552 ramos

305 584 617 653 palmarum,
649 588 696 632 et
732 569 936 630 frondes
967 572 1189 630 salicis
1239 594 1306 634 ac
1349 584 1562 649 populi,
1601 598 1656 640 et
1700 603 1872 640 ramos

307 673 523 726 arboris
543 658 1060 723 frondosae“.Palma
1086 666 1347 723 victoria:
1378 673 1598 741 signum
1627 688 1707 728 est
1733 675 1872 728 illius

307 761 462 825 belli,
487 761 618 829 quod
661 759 782 810 inter
810 767 862 807 se
889 765 1023 804 caro
1074 766 1140 810 et
1183 760 1416 826 spiritus
1461 772 1656 832 gerum
1705 766 1874 817 Arnor

305 859 493 901 autem
529 848 750 916 populus,
777 853 825 898 et
862 839 1021 904 salix,
1062 851 1190 900 tam
1228 850 1432 904 virtute
1465 866 1623 918 quam
1659 853 1871 908 nomine

307 937 547 1002 virgulta
591 944 709 989 sunt
733 930 1004 987 castitatis.
1050 932 1203 998 Quae
1247 939 1292 992 si
1329 939 1540 1009 integre
1565 956 1869 1006 conserves,

307 1025 515 1078 habere
565 1036 709 1093 potes
737 1033 788 1078 et
830 1037 1142 1078 nemorosae
1201 1042 1270 1082 ac
1321 1028 1622 1084 frondentis
1668 1031 1874 1084 arboris

307 1127 520 1176 ramos,
549 1128 667 1179 qua:
705 1121 782 1166 est
813 1121 1000 1165 aeterna
1047 1122 1109 1166 et
1145 1114 1313 1168 beata
1357 1117 1491 1180 vita,
1535 1133 1652 1170 cum
1691 1127 1740 1172 te
1771 1119 1870 1172 Do-

304 1202 490 1254 minus
521 1203 718 1256 inloco
748 1201 892 1256 viridi
933 1201 1304 1258 collocaverit
1350 1222 1513 1274 super
1558 1224 1744 1275 aquam
1785 1223 1870 1262 re-

303 1289 590 1356 fectionis,
630 1307 726 1360 per
753 1292 1010 1345 Christum
1039 1289 1236 1346 Jesum
1295 1294 1576 1347 Dominum
1613 1308 1866 1358 nostrum,

303 1380 387 1430 cui
433 1391 522 1433 est
559 1381 736 1449 gloria
779 1389 832 1436 et
873 1379 1164 1448 imperium
1209 1381 1266 1435 in
1315 1383 1509 1437 saecula
1535 1383 1865 1440 saeculorum.

298 1466 500 1521 Amen.

895 1555 1179 1612 HOMILIA
1220 1558 1289 1611 Χ.

294 1643 369 1696 De
391 1646 638 1701 muliere
663 1656 990 1719 pra’gnante,
1007 1665 1128 1719 quia
1155 1651 1358 1702 duobus
1389 1649 1513 1704 viris
1540 1650 1863 1719 litigantibus

940 1717 1266 1771 abortiverit.

357 1824 405 1876 l.
455 1841 477 1873 ο
510 1823 676 1892 Quod
712 1825 758 1878 si
810 1825 1096 1893 litigabunt
1124 1829 1228 1880 duo
1265 1828 1386 1893 viri,
1417 1837 1470 1882 et
1509 1829 1867 1895 percusserint

290 1915 587 1966 mulierem
631 1923 1023 1981 pnegnantem,
1064 1924 1117 1968 et
1147 1917 1341 1970 exierit
1369 1915 1544 1970 infans
1585 1917 1698 1982 ejus
1732 1934 1866 1972 non-

288 2003 403 2054 dum
446 2002 762 2065 formatus,
803 2005 1186 2058 detrimentum
1223 2007 1452 2073 patietur
1479 2017 1735 2073 quantum
1780 2009 1864 2060 iu-

287 2091 493 2144 dixerit
542 2092 636 2143 vir
684 2091 952 2154 mulieris,
989 2101 1042 2146 et
1070 2094 1216 2146 dabit
1248 2109 1366 2147 cum
1399 2096 1617 2149 honore.
1651 2095 1798 2161 Quod
1820 2099 1863 2150 si

283 2176 568 2230 lormatus
601 2174 791 2242 fuerit,
839 2180 989 2233 dabit
1033 2183 1265 2234 animam
1297 2197 1392 2250 pro
1429 2185 1626 2248 anima,
1656 2185 1862 2238 oculum

280 2276 357 2328 pro
406 2265 621 2330 oculo,
667 2267 885 2320 dentem
938 2283 1035 2335 pro
1084 2271 1264 2332 dente,
1301 2286 1512 2324 manum
1558 2287 1655 2340 pro
1685 2289 1862 2336 manu,

279 2353 476 2416 pedem
534 2369 644 2422 pro
692 2355 851 2421 pede,
896 2357 1316 2410 combusturam-
1346 2374 1439 2427 pro
1488 2363 1861 2424 combustura,

275 2441 481 2494 vulnus
520 2456 632 2509 pro
663 2443 907 2507 vulnere,
955 2443 1176 2498 livorem
1211 2459 1306 2512 pro
1348 2447 1593 2500 livore“.
1622 2467 1640 2498 ι
1686 2447 1862 2500 Primo

272 2532 538 2584 omnium
600 2530 660 2583 iu
713 2517 820 2584 his.
844 2533 1224 2599 requirendum
1259 2549 1375 2588 esse
1419 2547 1562 2602 puto,
1608 2537 1706 2589 sub
1757 2551 1862 2604 quo

269 2614 394 2687 legis
439 2618 630 2672 titulo
659 2619 966 2683 hujusmodi
1004 2630 1203 2675 statuta
1235 2633 1538 2676 censentur.
1574 2625 1728 2693 106
1750 2624 1860 2677 Non

264 2712 441 2773 enim,
505 2717 569 2760 ut
617 2707 1048 2774 simplicioribus
1100 2710 1327 2776 videtur,
1372 2722 1561 2764 cuncta
1599 2729 1715 2780 qua:
1755 2726 1864 2767 sta-

265 2801 522 2849 tuuntur
550 2794 648 2847 lex
681 2797 898 2858 dicitur,
937 2799 1030 2849 sed
1079 2798 1320 2864 qumdam
1348 2800 1561 2866 quidem
1593 2801 1696 2865 lex,
1719 2818 1862 2869 quae-

259 2881 373 2935 dam
420 2883 802 2944 testimonia,
832 2884 937 2936 alia
978 2886 1227 2938 mandata
1257 2897 1312 2939 et
1347 2885 1586 2953 justitiae,
1619 2890 1859 2956 quzedam

252 2963 477 3031 judicia
515 2971 900 3037 appellantur.
931 2973 1083 3036 Quod
1108 2973 1405 3027 evidentius
1434 2975 1484 3028 in
1519 2991 1677 3028 unum
1703 2977 1861 3030 colle—
1886 3007 1932 3069 ο

253 3067 438 3120 auri),
466 3066 720 3112 octavus
743 3057 988 3111 decimus
1003 3061 1194 3113 edocet
1214 3060 1465 3128 psalmus,
1491 3077 1609 3116 eum
1637 3062 1852 3117 dicit":

255 3148 434 3202 «Lex
473 3146 714 3198 Domini
739 3147 1250 3213 irreprehensibilis,
1278 3157 1596 3202 convertens
1617 3151 1853 3205 animas:

250 3237 679 3294 testimonium
735 3236 950 3288 Domini
1005 3239 1183 3301 fidele,
1237 3239 1547 3305 sapientiam
1598 3252 1858 3309 prmstans

247 3325 558 3388 parvulis.
598 3321 837 3376 Justitia:
890 3325 1098 3376 Domini
1134 3336 1289 3378 rectae
1318 3327 1650 3381 lietificautcs
1675 3330 1852 3391 corda,

244 3423 632 3482 praeceptum
664 3413 880 3465 Domini
925 3413 1159 3466 lucidum
1199 3415 1501 3470 illuminans
1534 3417 1734 3470 oculos.
1766 3417 1856 3470 Ti-

244 3517 363 3558 utor
400 3500 658 3555 Domini
689 3510 916 3554 sanctus
945 3516 1265 3569 permanens
1295 3504 1346 3555 in
1382 3504 1632 3557 saxulum
1656 3505 1856 3570 saeculi,

239 3591 477 3658 judicia
521 3592 745 3646 Domini
773 3605 925 3657 vera,
955 3592 1249 3660 justilicata
1275 3595 1328 3646 in
1352 3597 1654 3663 semetipsa.
1680 3615 1698 3646 ι
1727 3597 1856 3650 Cum

243 3696 384 3754 ergo
435 3683 582 3735 istac
630 3681 978 3734 diversitates
1025 3697 1210 3736 eorum
1261 3698 1375 3749 quae
1413 3685 1462 3734 in
1495 3684 1608 3760 lege
1657 3694 1856 3739 statuta

243 3783 412 3836 aunt,
462 3770 815 3833 habeantur,
863 3786 1009 3824 nunc
1045 3785 1224 3823 sermo
1266 3772 1354 3838 qui
1401 3772 1625 3825 habetur
1662 3773 1712 3825 in
1749 3789 1857 3826 ma-

244 3864 465 3922 nibus,
522 3859 633 3912 sub
690 3858 852 3910 titulo
906 3858 1241 3924 justitiarum
1293 3860 1375 3911 vel
1419 3861 1855 3927 juslilicationuni

243 3952 530 4017 scriptus
583 3954 689 3998 est.
744 3947 839 3997 Sic
887 3947 1033 3998 enim
1071 3947 1198 3997 dicit
1244 3947 1632 4012 superius”:¢
1666 3949 1730 4000 Et
1779 3951 1858 4000 liae

237 4035 539 4099 iustitiae,
572 4049 706 4101 quas
729 4049 1005 4102 propones
1030 4035 1202 4101 palam
1243 4035 1340 4088 eis.
1367 4053 1385 4085 ι
1422 4036 1532 4088 Non
1567 4046 1649 4089 est
1680 4047 1854 4090 autem

241 4123 586 4192 praesentis
617 4125 868 4190 temporis
909 4121 1324 4188 uniuscujusque
1370 4125 1554 4178 borum
1590 4141 1857 4193 exponere

241 4212 659 4271 diﬂ'crentias,
700 4213 976 4279 exiginiur
1010 4212 1151 4263 enim
1198 4213 1266 4263 ad
1297 4214 1725 4280 explanationem
1761 4217 1858 4269 ho-

1976 496 2122 548 testis
2161 497 2391 558 iniquus,
2425 495 2776 548 testimonium
2811 494 2985 552 ferens
3016 498 3294 553 adversum
3323 500 3496 556 homi-

1974 601 2090 637 nem
2142 586 2206 638 de
2256 585 2564 653 impietate,
2620 593 2915 638 statuentur
2967 589 3175 654 utrique
3224 591 3492 654 homines,

1970 673 2159 737 quibus
2203 682 2284 724 est
2332 671 2719 734 controversia,
2771 681 2892 723 ante
2927 670 3222 736 Dominum,
3267 685 3321 728 et
3370 685 3495 729 ante

1971 758 2293 822 sacerdotes,
2337 768 2391 812 et
2422 769 2547 812 ante
2591 757 2815 824 judices,
2847 761 3148 828 quicunque
3191 762 3260 815 illi
3296 761 3492 817 fuerint

1972 847 2024 898 in
2053 847 2236 899 diebus
2285 845 2410 908 illis,
2445 854 2498 900 et
2548 847 2828 900 discutient
2863 847 3066 914 iudices
3103 849 3409 917 diligenter,
3437 861 3492 905 et

1971 935 2372 987 examinabunt.
2404 934 2468 987 Et
2504 936 2547 989 si
2593 937 2892 992 invenerint
2921 939 3044 1005 quia
3086 938 3234 992 testis
3281 938 3492 1006 iniquus

1973 1030 2196 1074 testatus
2223 1031 2304 1075 est
2337 1021 2546 1088 injuste,
2589 1032 2640 1076 et
2679 1024 2910 1077 surrexit
2956 1025 3238 1077 adversum
3271 1022 3486 1078 fratrem

1969 1123 2144 1173 suum,
2182 1108 2390 1164 facietis
2433 1111 2480 1163 ei
2522 1113 2963 1178 quemadmodum
3007 1112 3118 1179 ipse
3158 1124 3378 1166 conatus
3409 1123 3488 1166 est

1969 1197 2145 1252 facere
2183 1197 2330 1252 fratri
2361 1213 2476 1261 suo,
2519 1209 2572 1252 et
2599 1200 2850 1254 auferetis
2897 1201 3180 1270 malignum
3223 1204 3285 1257 de
3317 1205 3489 1257 medio

1970 1297 2225 1350 vestrum,
2273 1296 2325 1340 ut
2381 1289 2556 1341 caeteri
2607 1290 2884 1342 audientes
2933 1300 3127 1344 metum
3162 1292 3410 1356 habeant,
3437 1302 3490 1345 et

1969 1391 2072 1429 non
2105 1375 2357 1443 adjiciunt
2408 1376 2542 1428 ultra
2594 1375 2769 1430 facere
2819 1363 3106 1431 secundum
3134 1379 3352 1434 verbum
3391 1381 3488 1432 hoc

1968 1464 2158 1516 malum
2209 1464 2344 1516 inter
2385 1478 2499 1517 vos.
2549 1463 2662 1520 Non
2715 1477 2899 1532 parcet
2934 1466 3115 1522 oculus
3164 1475 3284 1521 tuus
3330 1482 3489 1535 super

1966 1565 2107 1614 eum,
2137 1552 2362 1604 animam
2386 1567 2479 1620 pro
2502 1543 2701 1616 anima“,
2728 1554 2933 1606 dentem
2957 1569 3052 1620 pro
3075 1555 3248 1618 dente,
3278 1569 3488 1608 manum

1968 1654 2065 1706 pro
2095 1656 2272 1705 manu,
2307 1627 2490 1709 pedem
2531 1657 2626 1710 pro
2678 1643 2830 1708 pede.
2857 1661 2876 1694 ο
2913 1642 3163 1696 Videntur
3193 1643 3402 1711 quidem
3437 1645 3486 1696 in

1900 1726 2192 1796 Butruque
2248 1729 2364 1783 loco
2418 1731 2610 1784 similia
2665 1731 2790 1795 dici,
2841 1747 2942 1784 non
2996 1743 3168 1785 tamen
3215 1732 3488 1786 evidenter

1965 1820 2260 1872 ostenditur
2299 1834 2361 1873 ex
2409 1836 2512 1887 quo
2564 1821 2895 1889 potissimum
2944 1821 3058 1874 loco
3099 1835 3274 1876 sermo
3305 1823 3397 1890 qui
3434 1823 3485 1875 in

1965 1908 2248 1976 Evangelio
2272 1911 2475 1976 positus
2503 1921 2606 1974 est,
2631 1913 2874 1965 videatur
2901 1920 3223 1980 assumptus,
3255 1926 3375 1965 cum
3407 1912 3487 1966 di-

1965 1997 2096 2050 cit”
2126 2015 2138 2050 :
2170 2017 2188 2048 ι
2217 1999 2348 2064 Quia
2373 2003 2596 2055 audistis
2619 2003 2762 2068 quod
2796 2003 2990 2056 dictum
3014 2012 3092 2056 est
3118 2020 3129 2054 :
3155 2001 3374 2056 Oculum
3393 2018 3488 2072 pro

1964 2087 2135 2145 oculo.
2167 2088 2374 2140 dentem
2409 2105 2500 2157 pro
2527 2091 2700 2145 dente.
2725 2111 2743 2142 ο

2031 2175 2081 2225 2.
2112 2175 2484 2248 Verumtamen
2511 2194 2647 2231 nunc
2676 2179 2743 2231 ad
2789 2193 2849 2232 ea
2881 2195 2998 2246 qua:
3030 2180 3181 2233 nobis
3213 2182 3262 2233 in
3306 2180 3484 2234 Exodo

1964 2267 2158 2328 scripta
2188 2273 2329 2326 sunt,
2363 2279 2537 2317 sermo
2569 2268 2848 2319 vertendus
2873 2279 2972 2334 est,
3007 2270 3092 2321 ubi
3122 2270 3224 2322 duo
3249 2269 3346 2321 viri
3372 2268 3482 2322 liti-

1964 2359 2109 2416 gant,
2155 2360 2208 2402 et
2257 2352 2556 2417 percutiunt
2586 2354 2857 2407 mulierem
2895 2365 3274 2424 praegnantem,
3313 2364 3367 2410 et
3411 2356 3482 2408 ita

1965 2440 2281 2504 percutiunt,
2312 2449 2367 2490 ut
2394 2449 2548 2492 exeat
2573 2441 2744 2494 infans
2766 2457 2830 2494 ex
2855 2457 2938 2505 ea,
2967 2444 3045 2496 vel
3075 2443 3330 2496 formatus
3356 2445 3482 2513 jam,

1966 2525 2044 2579 vel
2087 2529 2317 2580 nondum
2351 2528 2628 2583 formatus.
2672 2530 2908 2584 Primum
2957 2533 3168 2600 quidem
3209 2533 3484 2586 videamus

1963 2614 2026 2666 de
2048 2629 2112 2667 eo
2140 2616 2230 2682 qui
2275 2618 2505 2669 nondum
2557 2618 2810 2671 formatus
2856 2620 3066 2683 exierit,
3105 2621 3366 2688 quomodo
3401 2620 3486 2686 jn-

1963 2701 2110 2754 betur
2143 2703 2335 2755 damno
2370 2706 2603 2772 pecunia:
2642 2709 2847 2772 percuti
2893 2725 3028 2761 unus
3061 2723 3122 2762 ex
3156 2710 3237 2762 his
3266 2710 3356 2777 qui
3380 2711 3486 2762 liti-

1960 2801 2103 2859 gant,
2151 2808 2270 2846 cum
2319 2809 2348 2847 a
2397 2794 2672 2862 Scriptura
2718 2796 2871 2864 culpa
2904 2796 3029 2860 litis,
3063 2813 3166 2851 non
3201 2799 3267 2852 ad
3300 2813 3481 2862 unum,

1959 2884 2050 2934 sed
2100 2883 2166 2936 ad
2217 2892 2496 2953 utrumque
2542 2885 2844 2938 referatur?
2879 2886 3013 2952 Quid
3043 2888 3202 2942 etiam
3235 2889 3375 2956 quod
3403 2891 3482 2944 vir

1964 2972 2201 3026 mulieris
2229 2974 2431 3038 indicit,
2469 2975 2550 3028 vel
2581 2976 2805 3038 imponit
2837 2976 2904 3038 ei,
2941 2987 2994 3030 et
3029 2992 3133 3030 non
3165 2977 3276 3030 eis?
3305 2986 3356 3031 et
3388 2979 3486 3031 da-

1961 3059 2058 3123 bit,
2089 3068 2141 3114 et
2169 3076 2271 3114 non
2297 3063 2468 3130 potius
2502 3064 2704 3116 dabunt
2731 3079 2848 3117 eum
2882 3066 3114 3119 honore?
3145 3067 3212 3119 Et
3241 3067 3360 3133 quis
3388 3068 3484 3120 iSte

1962 3157 2045 3202 est
2089 3149 2289 3203 honor?
2337 3151 2483 3216 Quod
2536 3153 2579 3206 si
2612 3153 2782 3207 infans
2823 3155 2932 3223 jam
2983 3155 3237 3208 formatus
3269 3156 3482 3221 exierit,

1962 3253 2211 3306 percussa
2256 3255 2284 3292 a
2338 3240 2664 3308 litigantibus
2704 3241 2830 3294 viris
2882 3253 3188 3314 praegnante
3242 3243 3479 3309 muliere,

1963 3327 2190 3379 animam
2219 3328 2328 3380 dari
2359 3343 2454 3394 pro
2477 3331 2649 3382 anima
2691 3330 2844 3384 facile
2876 3332 3236 3399 intelligimus,
3271 3333 3371 3386 hoc
3400 3341 3483 3385 est

1963 3420 2020 3464 ut
2065 3423 2234 3466 morte
2294 3415 2588 3468 vindicetur
2638 3418 2948 3471 admissum.
3005 3418 3132 3482 Qua:
3187 3429 3483 3487 sequuntur

1962 3510 2158 3567 autem,
2191 3515 2360 3569 opera:
2384 3503 2606 3571 pretium
2635 3513 2714 3557 est
2742 3506 3015 3572 explicare
3049 3523 3062 3558 :
3099 3524 3116 3556 ι
3137 3506 3355 3559 Oculum
3387 3522 3485 3574 pro

1963 3587 2137 3653 oculo,
2179 3589 2386 3642 dentem
2438 3605 2534 3658 pro
2581 3591 2756 3644 dente.
2784 3609 2801 3644 ι
2861 3591 3040 3658 Neque
3093 3593 3233 3644 enim
3271 3593 3486 3646 videtur

1962 3689 2076 3728 esse
2125 3676 2393 3742 possibile,
2450 3687 2506 3730 ut
2559 3678 2732 3730 infans
2779 3693 2934 3746 quem
2992 3695 3240 3748 percussa
3294 3682 3486 3734 mulier

1964 3766 2254 3829 abortierit,
2290 3766 2534 3832 quamvis
2581 3768 2838 3820 formatus
2883 3768 3094 3833 exierit,
3128 3767 3484 3836 intelligamus

1963 3857 2099 3921 quod
2120 3853 2214 3905 viri
2243 3854 2495 3920 litigantis
2517 3855 2664 3907 calce
2689 3869 2972 3922 percussus
2993 3854 3200 3907 oculum
3227 3854 3277 3908 in
3302 3864 3485 3907 ventre

1963 3943 2266 4009 perdiderit,
2298 3958 2396 4010 pro
2435 3956 2540 4010 quo
2584 3957 2864 4008 percussor
2887 3941 2999 4012 (58)
3038 3942 3212 3996 orbari
3250 3943 3405 3997 oculo
3453 3960 3484 3996 a
3567 3947 3575 3953 ’

1959 4029 2222 4097 iudicibus
2259 4033 2466 4085 debeat.
2513 4030 2614 4083 Sed
2670 4045 2824 4098 pone,
2877 4031 2948 4084 sit
2976 4041 3029 4084 et
3074 4032 3195 4093 hoc,
3227 4033 3348 4100 quia
3376 4031 3484 4098 jam

1964 4120 2218 4171 formatus
2255 4119 2502 4184 refertur,
2539 4120 2664 4185 quid
2693 4128 2742 4172 et
2765 4119 2828 4171 de
2860 4120 3014 4173 dente
3041 4121 3311 4173 dicemus?
3335 4120 3485 4172 Nun-

1964 4208 2089 4275 quid
2125 4209 2173 4260 in
2205 4217 2386 4262 ventre
2429 4210 2618 4262 matris
2650 4207 2834 4263 dentes
2879 4209 3083 4274 habuit,
3128 4225 3261 4277 quos
3291 4225 3484 4278 percu—

244 4320 371 4360 mm
415 4317 563 4370 quae
595 4301 732 4354 lecta
764 4311 911 4353 sunt.
949 4300 1242 4352 Sciendum
1275 4316 1400 4356 sane
1427 4313 1501 4356 est
1539 4303 1682 4370 quod
1731 4319 1854 4370 pars
1889 4316 1931 4368 ι)
1969 4299 2145 4352 lieutis
2174 4300 2307 4352 ictus
2331 4300 2638 4353 excuteret?
2679 4299 2734 4350 Si
2783 4312 2904 4352 vero
2955 4301 3056 4354 hoc
3087 4302 3385 4354 referamus
3418 4303 3485 4354 ad

242 4401 454 4462 aliqua
496 4407 575 4445 ex
626 4391 711 4443 his
757 4390 828 4442 de
866 4388 1062 4456 quibus
1091 4390 1451 4442 disserendum
1487 4393 1639 4444 nobis
1668 4401 1770 4457 est,
1802 4393 1855 4444 in

245 4479 588 4550 Evangelia
620 4484 928 4530 secundum
967 4477 1272 4530 Multlttnttttl
1315 4480 1480 4544 posita
1519 4487 1620 4542 est,
1651 4479 1858 4534 dicente

247 4575 516 4628 Domino
552 4569 685 4635 _lioc
744 4565 967 4617 modo“
994 4580 1007 4616 :
1037 4581 1054 4614 ι
1078 4565 1314 4618 Audistis
1363 4567 1484 4633 quia
1535 4568 1734 4618 dictum
1777 4576 1860 4620 est

246 4661 525 4730 antiquis
557 4678 571 4710 :
604 4655 839 4709 Oculum
893 4670 990 4721 pro
1039 4654 1212 4717 oculo,
1266 4657 1475 4708 dentem
1531 4671 1626 4722 pro
1677 4655 1854 4710 dente.

246 4751 366 4821 Ego
409 4757 627 4800 autem
661 4745 790 4796 dico
820 4743 990 4807 vobis,
1024 4757 1126 4795 non
1181 4744 1431 4796 resistere
1462 4745 1620 4796 malo.
1668 4743 1772 4797 Sed
1815 4747 1859 4800 si

247 4843 381 4908 quis
427 4848 492 4889 te
527 4831 879 4902 percusserit
929 4830 979 4882 in
1013 4832 1251 4884 dextram
1282 4832 1573 4895 maxillam,
1609 4843 1865 4889 converte

248 4934 286 4984 εἴ
325 4939 397 4982 et
435 4927 721 4977 alteram.
743 4939 763 4970 ι
799 4920 907 4973 Sed
955 4921 1200 4973 fortassis
1227 4923 1315 4988 qui
1349 4921 1660 4987 Scripturas
1687 4931 1864 4976 atten-

252 5021 364 5072 tius
398 5016 582 5083 legit,
613 5013 766 5063 dicat
795 5024 858 5062 ea
891 5023 1009 5076 quae
1032 5010 1097 5062 de
1123 5009 1410 5078 Evangelio
1439 5011 1641 5077 scripta
1669 5027 1868 5066 memo-

253 5111 562 5163 ravimus,
594 5115 706 5152 non
735 5100 802 5153 de
833 5099 935 5152 hoc
965 5098 1134 5151 Exodi
1166 5107 1376 5166 sumpta
1412 5097 1550 5164 loco,
1577 5100 1669 5152 sed
1699 5103 1868 5168 magis

257 5189 732 5250 bciitcronomii,
771 5187 860 5242 ubi
911 5187 1257 5241 nihilominus
1304 5187 1403 5240 hoc
1435 5188 1590 5239 modo
1627 5191 1865 5254 quaedam

1963 4403 2080 4442 eam
2108 4404 2224 4456 qua:
2256 4391 2549 4454 abortierit,
2574 4390 2834 4458 quomodo
2872 4405 3055 4443 rursus
3096 4392 3395 4456 conveniet,
3428 4403 3487 4444 ut

1964 4480 2232 4532 abortiens
2262 4479 2446 4532 mulier
2465 4480 2675 4534 oculum
2706 4481 2912 4548 perdat,
2937 4490 3027 4534 aut
3057 4481 3244 4536 dentes
3271 4481 3486 4536 doleat?

1966 4568 2066 4620 Sed
2098 4582 2232 4634 pone
2279 4568 2400 4634 quia
2435 4583 2684 4634 percussa
2733 4573 2941 4625 dicatur
2990 4573 3041 4624 in
3071 4571 3250 4634 oculo,
3297 4582 3388 4624 aut
3429 4572 3481 4624 in

1966 4657 2140 4720 dente,
2169 4669 2221 4710 et
2250 4657 2371 4711 inde
2394 4672 2556 4712 causa
2591 4660 2809 4712 aborsus
2839 4673 3020 4734 exorta
3055 4661 3147 4724 sit,
3181 4675 3316 4729 pone
3346 4661 3483 4713 livo-

1968 4762 2096 4809 rem,
2132 4762 2266 4815 pone
2311 4748 2500 4802 vulnus
2551 4752 2834 4818 acceperit,
2866 4751 2994 4819 quid
3045 4752 3204 4804 etiam
3251 4751 3487 4804 dicemus

1969 4821 2358 4891 combusturam
2394 4853 2488 4906 pro
2533 4839 2912 4892 eombustnra?
2944 4839 3190 4908 Nunquid
3235 4837 3488 4906 litiganti-

1969 4925 2065 4978 bus
2095 4926 2219 4979 viris
2248 4926 2501 4980 assistens
2533 4927 2723 4986 mittier
2752 4928 2988 4980 comburi
3019 4929 3208 4995 potuit,
3245 4937 3301 4979 ut
3342 4941 3490 4979 com-

1971 5013 2182 5068 bustura
2213 5028 2307 5081 pro
2348 5013 2686 5067 combustura
2717 5015 2987 5068 solvatur?
3019 5015 3146 5080 Quae
3178 5025 3351 5068 tamen
3376 5015 3489 5067 sin-

1971 5105 2088 5170 gula
2120 5104 2366 5159 videntur
2410 5105 2536 5158 mihi
2587 5118 2684 5157 nec
2731 5104 2783 5156 in
2832 5105 3222 5160 Deuteronomii
3275 5101 3486 5156 quidem

1971 5194 2117 5258 locis,
2155 5195 2242 5262 ubi
2268 5195 2510 5250 similiter
2541 5196 2739 5263 scripta
2783 5195 3102 5258 referuntur,
3142 5185 3349 5246 facijrm
3394 5188 3488 5241 lua-

325 5350 381 5381 δ’
412 5347 599 5399 Deut.
628 5355 740 5394 xvr.
777 5409 792 5418 ι
814 5339 860 5371 ⁸⁸
883 5337 1058 5418 [ἐχορἶ
1120 5337 1654 5418 xx1n25,“2£,n‘2§.
1718 5340 1772 5418 _‘°
1793 5342 1858 5397 Ps

1964 5365 2058 5417 rut,
2082 5353 2203 5418 8,9,
2235 5351 2317 5407 10.
2394 5354 2436 5384 '°
2463 5351 2627 5408 Exod.
2653 5367 2760 5418 χιι,
2790 5353 2837 5404 l.
2917 5350 2957 5381 "
2987 5348 3167 5400 Matth.
3196 5358 3243 5397 γ.
3280 5337 3364 5404 δε,
3393 5338 3487 5398 δε.

260 5416 294 5450 ³⁸
331 5420 522 5472 Dcite.
560 5425 676 5476 XIX,
730 5409 812 5474 16,
855 5409 946 5471 17,
993 5406 1080 5468 18,
1115 5404 1200 5467 1),
1229 5404 1316 5465 ἳο,
1344 5405 1437 5456 21.

1515 5403 1560 5433 ⁵³
1586 5405 1766 5460 Matth.
1800 5426 1848 5474 v,
1876 5415 1966 5470 58.

332 5529 474 5599 (58)
503 5527 560 5582 in
586 5527 751 5584 editis
777 5526 932 5581 deest
956 5533 1063 5573 vox
1093 5529 1385 5583 ρετειιδεονι
1416 5529 1536 5580 (illa?
1583 5520 1835 5584 l'eperitur
1865 5524 1921 5579 in
1957 5543 2082 5583 mss.
