3922 6280
151 351 250 409 371

154 467 281 521 bere
300 460 496 515 exitum
518 468 694 524 posse.
711 451 973 505 Ponamus
992 444 1133 499 enim
1155 449 1208 495 et
1227 441 1297 494 ibi
1315 437 1679 494 exsurrexisse
1707 439 1749 492 A

153 559 343 606 testem
367 545 629 613 iniquum,
665 535 1024 604 testimonium
1059 530 1247 583 falsum
1292 528 1553 580 dicentem
1585 525 1681 575 ad-

155 651 368 691 versum
400 631 660 686 hominem
691 628 754 680 de
780 623 1068 691 impietate.
1103 617 1434 670 Adhibentur
1461 619 1682 675 uterque

153 725 373 793 judicio,
401 719 670 786 inquirant
693 712 903 782 judices
930 707 1230 775 diligenter,
1280 697 1684 767 deprehendant

157 822 522 866 accusatorem
569 806 648 856 vel
697 809 882 855 testem
928 796 1074 850 illum
1124 793 1251 846 falsa
1292 790 1686 852 dixissezquo—

130 901 318 967 rmodo
353 898 516 964 judex
560 894 648 960 qui
691 900 908 956 parcere
940 898 1043 935 non
1090 881 1245 933 debet
1278 878 1412 929 falso
1459 873 1605 934 testi,
1635 879 1687 921 ct

161 991 392 1044 animam
433 985 506 1037 rei
550 997 646 1050 pro
695 973 988 1032 innocentis
1033 969 1204 1021 anima
1233 967 1515 1025 damnare;
1561 973 1691 1027 quo-

163 1079 345 1140 modo,
379 1076 625 1142 inquam,
676 1066 869 1136 poterit
917 1063 1076 1116 etiam
1129 1057 1338 1111 oculum
1391 1067 1487 1120 pro
1535 1050 1691 1103 oculo

163 1163 443 1221 eximere?
470 1160 632 1227 Quasi
665 1171 792 1209 vero
821 1154 864 1205 is
901 1151 989 1218 qui
1027 1147 1216 1213 injuste
1239 1142 1606 1200 accusabatur,
1637 1139 1687 1187 in

172 1254 328 1310 oculo
357 1250 627 1306 laedendus
655 1245 816 1298 fuerit
838 1243 904 1295 ab
941 1245 1272 1297 accusatore,
1306 1240 1397 1285 aut
1432 1232 1482 1283 in
1514 1229 1691 1288 dente,

166 1345 250 1398 vel
277 1356 456 1404 manu,
482 1338 566 1393 vel
599 1337 749 1404 pede.
781 1333 904 1386 Haec
933 1336 1107 1382 autem
1149 1340 1176 1378 a
1205 1323 1355 1377 nobis
1382 1321 1518 1373 dicta
1549 1327 1692 1378 sunt,

168 1431 455 1488 ostendere
499 1426 814 1488 volentibus,
857 1418 1000 1488 quod
1054 1417 1107 1469 in
1151 1422 1376 1479 utroque
1422 1408 1535 1461 loco
1579 1420 1696 1472 quae

172 1521 371 1588 scripta
398 1524 542 1580 sunt,
569 1514 788 1568 edisseri
835 1525 937 1562 non
982 1505 1131 1559 facile
1158 1507 1377 1570 queant.
1408 1492 1697 1562 Oportebat

177 1612 317 1662 enim
359 1606 504 1676 prius
538 1605 824 1658 secundum
872 1594 1146 1651 historiam
1179 1591 1441 1643 discutere
1476 1595 1591 1650 quae
1617 1581 1698 1631 le-

175 1669 394 1764 guntur,
418 1704 479 1749 et
508 1694 604 1757 sic,
653 1689 899 1758 quoniam
932 1686 1014 1738 lex
1061 1677 1312 1750 spiritalis
1355 1681 1454 1735 est,
1487 1669 1701 1738 spirita-

177 1788 281 1840 lem
319 1787 370 1838 in
406 1785 489 1838 his
517 1779 914 1847 intelligentiam
945 1785 1201 1841 quaerere.

246 1879 298 1928 5.
332 1873 546 1935 Verum,
597 1877 851 1937 quantum
908 1865 972 1915 ad
1018 1871 1250 1928 praesens
1282 1857 1511 1921 spectat.
1543 1847 1703 1899 etiam

180 1971 294 2037 ipsa
329 1963 481 2020 nobis
529 1936 794 2026 allegorize
839 1969 981 2022 pars,
1016 1964 1134 2018 qua:
1177 1958 1385 2010 semper
1417 1950 1599 2009 patere
1625 1936 1703 1987 la-

183 2035 285 2109 tius
325 2053 476 2113 solet,
503 2050 553 2101 in
585 2055 864 2113 angustum
897 2040 1123 2105 cogitur.
1149 2035 1369 2096 Tamen,
1400 2036 1557 2097 prout
1590 2040 1710 2092 pos-

180 2158 385 2204 sumus,
416 2139 540 2207 quid
573 2139 724 2190 nobis
752 2133 802 2184 in
835 2132 935 2183 hoc
983 2128 1099 2178 loco
1130 2123 1396 2178 videatur,
1425 2113 1711 2177 explanare

186 2199 526 2284 tentabim-us.
582 2224 908 2288 Frequenter
959 2213 1211 2272 diximus,
1259 2206 1398 2275 quod
1458 2204 1510 2255 in
1565 2199 1714 2252 Scri-

183 2315 354 2380 ptnris
391 2313 588 2365 eisdem
633 2303 922 2364 vocabulis,
953 2299 1258 2363 eisdemque
1297 2291 1505 2352 ciliciis,
1539 2300 1712 2340 mem-

186 2407 279 2458 bra
342 2399 533 2452 anima:
598 2395 974 2450 nominentur,
1052 2385 1244 2453 quibus
1315 2387 1572 2437 utuntur,
1634 2372 1718 2427 vel

189 2489 518 2560 appellantur
578 2483 816 2551 corporis
872 2476 1130 2536 membra,
1201 2471 1345 2524 verbi
1405 2483 1588 2529 causa,
1661 2473 1720 2517 ut

189 2579 343 2648 167
394 2591 513 2631 cum
567 2575 761 2628 dicitur
791 2569 878 2621 lli:
915 2584 932 2616 ι
975 2564 1132 2618 Vides
1180 2562 1436 2614 festucam
1466 2559 1516 2609 in
1557 2555 1712 2608 oculo

189 2641 375 2720 {ratiis
406 2665 504 2728 tui,
532 2671 586 2716 et
629 2674 753 2714 ecce
780 2659 831 2710 in
886 2655 1041 2709 oculo
1067 2660 1156 2705 tuo
1201 2647 1386 2700 trabes
1411 2641 1666 2710 subjacet.
1698 2658 1715 2689 ι

192 2755 412 2811 Certum
435 2760 515 2806 est
545 2750 684 2803 enim
709 2747 848 2814 quod
880 2758 984 2796 non
1018 2742 1082 2794 de
1107 2737 1262 2792 oculo
1293 2732 1534 2800 corporis
1558 2729 1721 2791 dicat,

195 2845 249 2897 in
276 2856 384 2912 quo
415 2843 589 2894 trabes
610 2839 808 2907 jaceat,
839 2834 931 2888 sed
964 2833 1026 2885 de
1051 2827 1208 2883 oculo
1241 2825 1450 2878 animze.
1499 2819 1565 2872 Et
1599 2833 1719 2882 cum

192 2908 324 2988 dicit
354 2931 400 2962 "
425 2948 438 2983 :
469 2948 486 2980 ι
518 2928 616 2994 Qui
641 2927 796 2980 habet
829 2937 985 2976 aurcs
1003 2917 1267 2978 audiendi,
1289 2914 1504 2976 audiat;
1525 2932 1541 2963 ι
1564 2918 1619 2962 et
1641 2908 1718 2959 “z

198 3041 220 3077 ι
251 3023 417 3097 Quam
457 3016 683 3087 speciosi
719 3015 878 3081 pedes
907 3006 1388 3077 evangelizantium
1432 3000 1645 3070 pacem!
1699 3017 1715 3048 ι

195 3124 251 3169 et
275 3093 434 3166 multa
495 3110 580 3162 his
616 3105 830 3160 similia.
865 3100 988 3154 Huic
1024 3107 1206 3152 autem
1245 3094 1443 3147 idcirco
1467 3087 1725 3160 praemisi-

200 3217 340 3261 mus.
376 3200 453 3254 uti
482 3211 548 3251 ne
577 3209 737 3264 super
765 3193 1121 3246 membrorum
1154 3199 1250 3240 nos
1279 3181 1549 3236 vocabulis
1575 3177 1726 3232 simi-

203 3291 371 3345 litudo
421 3287 726 3342 conturbet.
769 3283 889 3336 Sint
929 3295 1055 3350 ergo
1101 3281 1205 3333 duo
1251 3274 1349 3329 viri
1380 3271 1466 3327 isti
1505 3269 1595 3338 qui
1624 3266 1730 3320 liti-

205 3390 359 3448 gant,
413 3378 519 3430 duo
562 3375 911 3450 disputantes,
943 3369 1083 3423 etde
1124 3363 1462 3434 dogmatibus
1485 3358 1570 3412 vel
1596 3369 1734 3424 qua:-

205 3466 471 3524 stionibus
513 3449 882 3531 legis’secum
935 3459 1164 3512 invicem
1215 3449 1615 3518 conquirentes,
1658 3453 1733 3508 et,

207 3565 270 3614 ut
301 3554 538 3624 Apostoli
590 3565 833 3606 sermone
876 3548 1135 3607 dicamus,
1164 3543 1402 3595 rixantes
1439 3535 1583 3590 circa
1612 3546 1735 3586 ver-

211 3622 401 3703 borum
429 3655 652 3712 pugnas.
688 3639 837 3694 Unde
880 3647 934 3690 et
965 3637 1102 3690 idem
1142 3628 1428 3702 Apostolus
1457 3625 1632 3681 sciens
1657 3622 1740 3676 in-

211 3747 292 3792 ter
323 3737 515 3788 fratres
562 3728 861 3797 huiusmodi
903 3725 1023 3779 lites
1059 3733 1368 3790 exsurgere,
1397 3714 1660 3785 przecipit,
1690 3719 1744 3766 et

212 3827 342 3882 dicit
365 3825 411 3857 "
443 3841 457 3878 :
487 3840 505 3872 ι
564 3819 682 3874 Noli
731 3818 908 3872 verbis
937 3812 1280 3874 contendere,
1323 3808 1389 3862 ad
1427 3803 1559 3860 nihil
1598 3802 1741 3856 enim

212 3917 344 3971 utile
375 3923 477 3978 est,
511 3913 611 3964 nisi
677 3909 746 3963 ad
795 3905 1191 3961 snbversionem
1229 3895 1592 3959 audientium;
1630 3909 1650 3944 ι
1692 3897 1746 3944 et

211 4005 336 4060 alibi
363 4006 441 4057 ’δε
488 4020 505 4054 ι
539 3998 867 4066 Quaestiones
913 4003 1087 4047 autem
1137 3990 1264 4058 legis
1299 3985 1513 4047 devita,
1567 3981 1746 4035 sciens

215 4095 350 4164 quod
383 4088 795 4162 generantlites.
820 4085 1044 4138 Servum
1075 4088 1252 4133 autem
1279 4076 1369 4128 Dei
1400 4088 1502 4126 non
1539 4077 1748 4138 oportet

219 4154 448 4251 litigare.
485 4200 503 4232 ι
539 4181 672 4243 Quia
701 4189 828 4242 ergo
879 4171 965 4224 isti
1005 4169 1092 4236 qui
1144 4170 1194 4220 in
1229 4154 1746 4231 quastionibus‘liti-

222 4281 367 4341 gent,
392 4271 460 4324 ad
501 4265 900 4322 snbversionem
928 4257 1256 4313 audientium
1285 4251 1519 4318 litigant,
1551 4245 1749 4298 idcirco

1560 315 1867 380 ORIGENIS

1778 431 1986 487 deatur,
2037 416 2178 485 quod
2224 413 2372 464 viros
2409 417 2618 476 parere
2681 395 3019 454 diximus,
3107 380 3320 487 janl
3381 367 3689 474 (ludum

3533 249 3694 306 379

1785 463 1986 487 υυ......,
2039 463 2178 485 τη,
2412 463 2428 476 _

1785 510 2134 582 praemisimus
2171 499 2442 572 quomodo
2515 490 2943 546 membrorum
3021 463 3689 582 appellationem

2988 563 3214 582 *—-=—
3270 551 3500 582 -Δηρῖ
3569 562 3657 582 una

1785 548 2134 582 Ιιιωιιιιυιιιιυυ
2173 548 2434 572 Ὶ..,--,,,-,

1782 603 2053 666 suscipere
2076 596 2292 654 debeas,
2326 597 2385 641 ut
2418 583 2656 639 recedas
2710 591 2742 628 a
2795 563 3220 638 corporeis
3269 548 3690 610 sensibus,

2826 662 2861 666 "
3265 645 3358 666 οε
3424 647 3690 666 Δ-..Δ,“

1783 645 2197 666 ..ηυντ---μη
2279 645 2292 654 ,

1783 678 2392 746 etinteriorishominis
2440 674 2633 740 capias
2689 662 3195 720 intellectum-
3265 645 3362 700 Si
3421 647 3696 693 autem

1785 781 1864 833 vis
1895 787 1950 831 ut
1978 775 2153 828 adhuc
2182 777 2237 824 et
2261 770 2314 821 in
2345 768 2451 820 hoc
2469 764 2536 816 de
2563 751 2910 823 Scripturis
2940 745 3094 800 tibi
3130 730 3695 794 satisfaciam,

1788 867 1909 921 audi
1965 824 2282 932 Apostolum
2343 858 2627 910 dicentem
2659 851 2707 880 ⁶¹
2747 865 2818 901 :c
2869 833 3160 896 Filioli
3216 824 3431 889 mei,
3489 831 3703 932 gnos

1789 911 1909 921 ην.
1965 911 2161 932 ηρ---
2204 911 2223 912 η

1789 959 1980 1011 iterum
2008 947 2468 1022 parturio,donec
2492 942 2786 994 formetur
2810 930 3196 989 Christus
3247 920 3334 972 in
3381 911 3698 968 vobis.)

1791 1012 2172 1106 Perfectiergo
2205 1043 2408 1090 suntet
2445 1032 2550 1084 viri
2585 1031 2800 1089 fortes,
2829 1021 2955 1091 qui
2997 1012 3313 1072 statim
3382 1012 3476 1059 ut
3517 1015 3708 1056 con-

1791 1135 2015 1199 cipiunt,
2073 1095 2314 1194 pariunt,
2344 1123 2397 1174 id
2431 1129 2537 1184 est,
2566 1119 2666 1188 qui
2723 1115 3190 1178 conceptum
3249 1095 3450 1152 fidei
3522 1103 3706 1145 ver-

1795 1218 1912 1268 bum
1953 1213 2003 1265 in
2047 1192 2208 1278 opera
2261 1207 2599 1274 producunt.
2633 1198 2854 1254 Anima
2921 1199 3226 1245 autem
3274 1195 3472 1251 quae
3507 1192 3702 1231 con-

1795 1304 1956 1369 cepit,
1981 1301 2108 1353 etin
2141 1309 2328 1350 ventre
2358 1294 2583 1353 retinet,
2624 1297 2685 1342 et
2722 1302 2840 1340 non
2893 1281 3158 1352 parit,
3207 1278 3374 1329 ista
3423 1268 3710 1324 mulier

1797 1392 2110 1460 appellatur,
2161 1387 2306 1440 sicut
2351 1392 2408 1437 et
2467 1380 2750 1451 propheta
2804 1374 2979 1428 dicit
3031 1371 3112 1401 ⁸³
3172 1385 3194 1420 :
3275 1383 3306 1415 ‹
3375 1361 3700 1416 Dolores

1797 1491 1979 1550 partus
2010 1479 2343 1530 advenerunt
2377 1471 2450 1535 ei,
2479 1477 2534 1524 et
2566 1469 2752 1522 virtus
2811 1459 3197 1534 pariendi
3264 1470 3438 1509 non
3476 1451 3704 1506 estin

1798 1584 1884 1620 ea.
1931 1585 1949 1616 ι
1987 1565 2110 1618 llacc
2154 1576 2282 1631 ergo
2342 1557 2548 1620 anima,
2585 1569 2718 1624 qua:
2771 1565 2956 1605 nunc
3005 1561 3179 1617 pro
3222 1540 3714 1599 infirmitate

1803 1655 1884 1708 sui
1914 1652 2103 1704 mulier
2134 1629 2456 1718 appellatur,
2487 1644 2708 1697 duobus
2730 1641 2938 1694 'inter
2980 1651 3085 1692 se
3189 1629 3722 1698 litigantibus

1739 1749 1780 1801 Β
1812 1743 1958 1806 viris,
1993 1741 2122 1793 etin
2154 1735 2450 1790 certamine
2482 1729 2757 1787 scandala
2800 1723 3470 1798 proferentibus,
3517 1718 3721 1788 quod

1807 1830 2006 1886 habere
2031 1840 2242 1894 semper
2273 1825 2570 1879 verborum
2632 1817 2967 1874 contentio
3013 1815 3288 1878 solet,
3368 1809 3721 1881 percuti-

1811 1930 1897 1974 tur
1920 1929 1974 1973 et
2023 1915 2450 1977 scandalizatur,
2482 1913 2555 1966 ita
2591 1919 2654 1964 ut
2696 1909 2972 1964 verbum
3029 1907 3288 1973 ﬁdei,
3333 1901 3557 1974 quod
3607 1911 3720 1956 te-

1809 2013 1990 2064 nuiter
2044 2012 2388 2072 conceperat,
2424 2001 2658 2068 abjiciat
2712 2007 2774 2053 et
2826 1998 3147 2067 perdat,
3226 2006 3319 2051 et
3389 1997 3565 2050 haec
3603 2001 3725 2048 est

1814 2099 1881 2151 lis
1913 2105 1964 2150 et
1992 2094 2270 2149 contentio
2296 2094 2362 2145 ad
2393 2090 2754 2145 eversionem
2786 2088 3350 2142 audientium.
3401 2084 3494 2141 Si
3537 2097 3723 2154 ergo

1817 2188 2053 2239 n0ndum
2079 2183 2366 2238 formatum
2401 2179 2586 2231 anima
2625 2191 2761 2245 qua:
2788 2177 3354 2230 scantlalizata
3399 2186 3564 2243 est,
3593 2177 3728 2229 ab-

1809 2276 2004 2341 jecerit
2041 2273 2284 2337 verbum,
2339 2268 2434 2336 qui
2489 2266 2988 2330 scandalizavit,
3058 2267 3488 2320 damnum
3549 2265 3730 2320 dici-

1818 2374 1903 2416 tur
1933 2362 2062 2430 pati.
2117 2360 2211 2413 Vis
2241 2359 2384 2412 scire
2407 2357 2537 2424 quia
2573 2362 2663 2406 est
2713 2353 2773 2406 in
2811 2353 3232 2421 aliquibus
3283 2355 3723 2408 formatum

1818 2453 2065 2514 verbum,
2098 2450 2150 2503 in
2170 2447 2438 2515 aliquibus
2463 2441 2716 2496 nondum
2753 2441 3174 2522 formatum
3196 2442 3237 2496 ?
3288 2442 3727 2498 Evidenter

1818 2557 1912 2596 nos
1941 2542 2097 2594 docet
2123 2537 2362 2606 Apostoli
2405 2548 2614 2597 sermo,
2652 2547 2836 2601 quem
2884 2547 3141 2601 supra
3221 2535 3719 2588 memoravi-

1821 2647 1961 2694 mus,
2017 2643 2138 2684 cum
2191 2629 2267 2680 ait
2303 2627 2349 2657 ⁸³
2385 2642 2401 2679 :
2433 2641 2454 2675 ι
2491 2624 2681 2678 Donec
2744 2621 3131 2676 formetur
3177 2623 3582 2679 Christus
3647 2625 3721 2678 in

1821 2723 1992 2774 vobis.
2025 2738 2042 2770 ι
2065 2718 2314 2772 Christus
2346 2723 2529 2767 autem
2560 2721 2652 2766 est
2689 2709 2989 2765 Verbum
3048 2713 3257 2770 Dei.
3321 2714 3489 2770 Per
3522 2717 3735 2785 quod

1801 2809 2072 2871 ostendit,
2099 2806 2228 2874 quia
2268 2819 2332 2858 eo
2362 2811 2612 2872 tempore
2662 2815 2782 2869 quo
2833 2802 3300 2870 scribebat,
3351 2806 3712 2860 nondum

1821 2908 1936 2953 erat
1967 2898 2019 2948 in
2070 2895 2176 2949 illis
2235 2895 2527 2947 formatum
2577 2890 2836 2944 Verbum
2879 2892 3050 2947 Dei.
3112 2893 3210 2948 Si
3265 2910 3479 2966 ergo
3531 2913 3727 2951 non-

1779 3048 1792 3065 ‘
1826 2989 1949 3043 dum
1992 2986 2281 3039 formatum
2305 2982 2525 3044 exierit,
2561 2981 2844 3034 damnutn
2893 2981 3305 3048 patietur.
3359 2987 3480 3043 De
3520 2988 3732 3040 dam-

1829 3079 1912 3132 nis
1943 3078 2221 3131 doctorum
2250 3073 2416 3127 etiam
2448 3070 2757 3139 Apostolus
2799 3070 3047 3137 docet,
3101 3089 3310 3130 cum
3365 3077 3568 3132 dicit
3609 3077 3677 3112 es
3711 3097 3734 3132 τ

1833 3187 1853 3220 ι
1883 3166 1938 3221 Si
1963 3165 2114 3232 cujus
2172 3171 2352 3217 autem
2397 3175 2536 3228 opus
2570 3159 2816 3224 arserit,
2862 3160 3274 3219 damnuni
3355 3169 3738 3236 patietur.

1830 3257 1947 3324 Ipse
1975 3263 2150 3306 autem
2174 3249 2355 3304 salvus
2388 3248 2515 3310 erit,
2547 3245 2631 3300 sic
2654 3253 2855 3299 tamen
2895 3252 3139 3317 quasi
3181 3269 3340 3324 per
3389 3256 3735 3327 ignem”

1834 3344 1937 3400 Sed
1965 3351 2018 3395 et
2049 3339 2302 3394 Dominus
2333 3337 2388 3390 in
2421 3333 2742 3402 Evangeliis
2795 3336 2974 3390 dicit
3013 3341 3090 3372 σε
3141 3361 3161 3396 ε
3183 3344 3458 3412 (Quid
3526 3349 3741 3402 enim

1835 3432 2058 3503 prodest
2093 3427 2322 3491 homini,
2358 3426 2406 3479 si
2449 3426 2782 3480 universum
2845 3431 3262 3489 mundum
3351 3437 3716 3494 lucretur

1838 3522 2070 3578 animam
2099 3525 2281 3571 autem
2313 3529 2466 3570 suam
2501 3514 2728 3583 perdat.
2763 3525 2877 3570 aut
2915 3483 3107 3574 (lanii
3122 3483 3338 3580 ἶιῖἷω
3354 3483 3746 3584 -ῑεινὲἰζῑ

1838 3613 1989 3668 Unde
2041 3608 2257 3662 videtur
2302 3605 2514 3660 ostendi
2571 3606 2726 3672 quod
2795 3610 3159 3674 quaedam
3239 3631 3600 3686 peccata
3654 3625 3751 3678 ad

1840 3701 2094 3754 damnum
2123 3695 2339 3764 quidem
2395 3694 2740 3763 pertineant,
2776 3711 2904 3750 non
2948 3707 3254 3760 tamen
3298 3711 3409 3764 ad
3491 3712 3744 3767 inter—

1842 3790 2014 3852 itum;
2073 3785 2195 3852 quia
2223 3783 2316 3850 qui
2345 3786 2604 3836 damnum
2641 3799 2868 3851 passus
2909 3786 3211 3862 fuerit,
3266 3797 3456 3867 ipse
3497 3810 3752 3859 tamen

1843 3874 2032 3930 salvari
2077 3871 2298 3934 dicitur,
2350 3871 2482 3925 licet
2521 3885 2621 3938 per
2673 3875 2907 3942 ignem.
2989 3877 3258 3942 Unde
3348 3897 3609 3951 credo

1843 3908 2032 3930 am"...
2077 3908 2298 3934 una“...
2350 3908 2482 3972 nu...-
2523 3908 2612 3938 γυι
2674 3908 2907 3942 ιδιιῠιιιο
2996 3908 3258 3942 uuue
3348 3908 3609 3951 credo
3679 3908 3760 3952 et

1843 3966 2081 4020 Joannes
2106 3959 2384 4029 apostolus
2437 3975 2489 4013 ιη
2518 3961 2777 4028 Epistola
2813 3979 2939 4019 sua
2977 3969 3049 4001 ⁸⁸
3104 3976 3334 4034 dicit
3387 3987 3757 4042 quadam

1846 3999 2081 4020 '"“""W
2106 3999 2383 4029 υννυιν-υυ
2518 3999 2777 4028 μωσιν...
2813 3999 2939 4019 δυο,
2991 3999 3041 4001 γ-

1846 4069 1964 4145 esse
2011 4058 2228 4145 peccata
2276 4049 2342 4101 ad
2395 4059 2660 4113 mortem,
2724 4057 3038 4118 quaedam
3104 3999 3334 4124 1:21.:
3387 3999 3758 4134 (ἓξὲξθαῖιὲ

1850 4093 1964 4110 ..σαν
2012 4093 2228 4118 www.—
2276 4093 2342 4101 --
2395 4093 2660 4113 --η--ν---ν
2769 4093 3038 4112 ηιμ-«ι...

1850 4133 2096 4196 mortem.
2140 4137 2272 4203 Qua:
2317 4147 2502 4191 autem
2543 4140 2660 4191 sint
2709 4093 2965 4208 species
3021 4093 3603 4222 pezzaltofziex
3663 4093 3764 4226 ΖΞ

2147 4184 2271 4203 ν-
2318 4184 2502 4191 "mn
2544 4184 2660 4191 -----
2709 4184 2965 4208 νισνν-νσ
3021 4184 3603 4222 pucea-torum
3667 4186 3728 4225 ai

1851 4241 2098 4293 mortem,
2123 4243 2242 4297 quae
2270 4240 2400 4280 vero
2435 4241 2544 4279 non
2559 4227 2626 4280 ad
2655 4241 2954 4299 mortem,
2980 4245 3139 4297 sed
3181 4251 3292 4304 ad
3335 4254 3728 4315 damnum

3737 4300 3766 4327 9

222 4315 367 4341 om.-.
392 4315 460 4324 --
501 4315 837 4322 “rm—Mr
1375 4315 1394 4318 -

220 4361 522 4429 percutiunt
574 4358 849 4412 meliorem
909 4354 1292 4420 praegnantem.
1326 4350 1381 4396 el
1418 4338 1640 4408 εἱῖείυηῐ
1664 4337 1746 4389 in"
1784 4359 1827 4412 1)
1857 4336 1960 4376 “0"
1981 4327 2107 4388 9"")
2139 4315 2642 4429 faeileauuoq‘lfm
2671 4318 3004 4378 ¹¹⁰¹¹¹ί¹¹¹¹¹η
3053 4345 3334 4399 Posse
3366 4345 3731 4405 discerni

1561 4425 1577 4429 -
1858 4413 1920 4429 n,
1963 4411 2122 4429 μημ
2160 4421 2388 4429 _-_.__.-
2429 4415 2506 4429 η-.
2608 4423 2621 4429 -
2651 4423 2667 4429 ,
2703 4407 2894 4429 πη.-.
2921 4427 2934 4429 ,
3124 4423 3144 4429 ,

221 4450 416 4510 fantem
438 4449 574 4518 ejus,
609 4446 688 4501 vel
718 4445 1000 4498 formatum
1030 4438 1162 4506 jam,
1184 4432 1264 4488 vel
1290 4429 1521 4484 nondum
1555 4425 1752 4479 forma-

219 4548 352 4593 tum.
407 4538 591 4594 Mulier
634 4547 912 4602 praegnans
949 4526 1145 4581 dicitur
1185 4523 1382 4583 anima,
1424 4529 1542 4584 qua:
1579 4527 1753 4580 nuper

222 4627 318 4681 Dei
361 4625 604 4692 concepit
636 4600 882 4676 verbum.
933 4616 1006 4667 De
1048 4610 1141 4661 tali
1189 4616 1365 4659 autem
1405 4600 1754 4666 conceptione

225 4717 449 4785 legimus
497 4691 550 4766 in
602 4712 706 4764 alio
735 4711 850 4762 loco
881 4705 1138 4771 scriptum
1167 4697 1248 4746 5’:
1283 4711 1302 4744 ι
1340 4695 1384 4744 Α
1417 4691 1602 4744 timore
1638 4695 1749 4748 tuo,

225 4803 466 4866 Domine,
497 4802 550 4854 in
575 4808 723 4851 utero
745 4791 1111 4858 concepimus,
1138 4792 1191 4838 et
1230 4779 1551 4848 peperimus.
1592 4791 1609 4823 ι
1650 4771 1749 4834 Qui

225 4906 353 4960 ergo
379 4889 701 4955 concipiunt,
733 4892 785 4936 ct
815 4879 994 4934 statim
1019 4873 1256 4941 pariunt,
1279 4867 1362 4921 isti
1385 4878 1482 4917 nec
1504 4862 1752 4913 mulieres

225 4948 563 5033 existimandi
593 4980 736 5034 sunt,
767 4967 859 5022 sed
890 4965 1010 5027 viri,
1043 4969 1095 5014 et
1119 4955 1337 5026 perfecti
1364 4952 1483 5006 viri.
1519 4948 1756 5016 Denique

229 5067 352 5120 audi
387 5074 438 5118 et
465 5063 778 5130 prophetam
821 5057 1080 5108 dicentem
1105 5050 1183 5100 “z
1219 5062 1238 5094 ι
1270 5043 1324 5097 Si
1373 5038 1578 5108 peperit
1616 5044 1757 5088 terra

233 5159 285 5208 in
312 5169 415 5208 una
443 5153 548 5214 die,
605 5159 658 5202 et
688 5157 812 5202 nata
838 5154 920 5199 est
962 5155 1090 5211 gens
1133 5139 1198 5191 de
1227 5131 1409 5188 semel.
1448 5147 1466 5178 ι
1500 5128 1606 5181 Ista
1634 5140 1759 5194 ergo

232 5254 318 5299 est
348 5241 626 5313 generatio
678 5236 1034 5306 perfecturum
1099 5241 1214 5294 qua:
1248 5221 1425 5277 statim
1449 5218 1544 5272 sub
1567 5219 1671 5281 die,
1704 5224 1762 5270 ut

233 5339 493 5400 concepta
519 5329 699 5393 fuerit,
728 5325 985 5381 nascitur.
1021 5320 1213 5373 Verum
1257 5315 1323 5366 tte
1348 5308 1439 5361 tibi
1463 5321 1650 5360 novum
1682 5306 1761 5359 vi-

305 5460 350 5492 “
380 5460 567 5512 Matth.
611 5473 704 5520 vn,
753 5456 807 5519 ὅ,
839 5454 892 5506 4.
967 5452 1009 5482 ⁸⁵
1055 5445 1237 5501 Matth.
1268 5454 1384 5501 xttt,
1434 5438 1484 5489 9.
1560 5438 1605 5467 ⁸⁸
1637 5438 1734 5487 lsa.
1764 5450 1854 5493 ιιι.

402 5528 444 5554 ιο
472 5526 550 5554 1....
605 5541 720 5554 ......
774 5525 802 5554 o
900 5517 1064 5554 οιιιαι
1105 5531 1154 5554 ιν
1206 5515 1289 5554 ut-
1401 5503 1794 5554 “lsa.xxxvtl.
1853 5540 1854 5543 η

1447 5438 1485 5554 )ί
1560 5438 1605 5467 ⁸⁸
1637 5438 1734 5528 lsa'.
1764 5450 1857 5493 LII,
1882 5434 1935 5484 ’7.
2011 5432 2052 5462 ⁵⁷
2088 5430 2126 5514 ll
2173 5431 2317 5486 Tim.
2345 5451 2406 5498 ιι,
2441 5435 2533 5488 14.
2610 5438 2658 5470 ³⁸
2695 5441 2848 5504 ibid.
2917 5451 2996 5508 εδ

1489 5519 1565 5554 sa.
1593 5519 1794 5554 xxxvii.
1853 5501 1905 5553 5.
1982 5500 2026 5530 ⁸³
2072 5499 2249 5553 (:alat.
2302 5517 2377 5554 tv.
2447 5505 2533 5554 19.
2612 5508 2658 5539 οδ
2699 5511 2862 5554 Ihm.

1097 5492 1290 5635 ἓξὲξ).
1373 5492 1794 5601 ’ξξιελχχχινζῃ
1849 5492 1905 5553 δ.
1982 5498 2249 5590 ωιληελμ
2302 5492 2406 5564 ιν,’
2447 5505 2533 5559 te.
2612 5508 2658 5539 οι
2698 5492 2884 5574 ι’ἁὶἰὶ.
2923 5492 3023 5577 Tr"
3175 5492 3215 5497 ”

1232 5577 1328 5634 sal.
1377 5586 1526 5638 xtnt,
1559 5572 1640 5624 15,
1716 5571 1735 5602 '
1788 5569 1975 5622 Matth.
1999 5582 2125 5622 xxv.
2205 5569 2248 5600 ⁶’
2277 5571 2467 5629 Matth.
2497 5593 2656 5633 xvut.
2987 5541 3029 5592 "
3090 5531 3215 5588 15⁵

241 5524 327 5579 I8.
402 5528 444 5558 °°
472 5526 573 5579 lsa.
605 5515 746 5589 txvt,
773 5515 828 5578 8.
900 5522 942 5552 ⁶¹
971 5515 1290 5589 Gal.tv,_39.

247 5607 350 5657 xvi,
385 5593 471 5646 26.
544 5596 589 5625 °°
623 5588 812 5646 lJoan.
847 5605 898 5654 v,
931 5588 1017 5642 16.

1858 4411 2125 4477 Scriptum
2160 4421 2392 4474 namque
2427 4415 2512 4458 est
2540 4406 2582 4436 "
2608 4423 2621 4458 :
2650 4423 2667 4456 ι
2703 4407 2946 4464 Delicta
2989 4423 3205 4485 quis
3248 4430 3705 4490 intenuit,

1859 4453 2125 4477 ωυρμ...
2160 4453 2390 4474 ---η-τη
2433 4453 2512 4458 η-
2608 4453 2621 4458 -
2655 4453 2665 4456 τ
2705 4453 2946 4464 _--.--..

1857 4499 2234 4552 Verumtamen
2273 4508 2340 4548 ex
2369 4494 2451 4546 his
2479 4507 2603 4559 qum
2628 4495 2682 4546 in
2712 4453 3705 4582 Evangeﬁglgel:;::;8l:ot:
3736 4463 3762 4495 .

3689 4550 3762 4582 ἓξ

1871 4529 2234 4552 vctu-"uulua"
2273 4529 2340 4548 νδ
2369 4529 2451 4546 ³⁸³⁸
2479 4529 2602 4594 Ὶιωξδ
2629 4529 2682 4546 ¹¹¹
2713 4529 3102 4568 numam")
3139 4529 3308 4582 Per
3338 4529 3684 4591 parabo]

1858 4587 2186 4646 referuntur,
2221 4597 2290 4636 ex
2340 4589 2492 4648 parte
2521 4583 2710 4650 aliqua
2758 4601 3240 4662 cognoscere
3329 4550 3775 4662 ﬁnge-umnam:

1858 4629 2186 4646 ’ν’ν’“””“””
2225 4629 2290 4636 “’“
2340 4629 2489 4648 r""'
2523 4629 2710 4650 ""‘|"-
2761 4629 2830 4640 νυ
2880 4629 3008 4647 ..κη’δ
3164 4629 3179 4632 -

1858 4673 2153 4741 cujusmodi
2198 4671 2326 4735 sint,
2362 4685 2482 4738 qua:
2515 4673 2718 4727 damna
2776 4629 3303 4752 ngmit1;:::r

3311 4745 3335 4752 _
3430 4748 3445 4752 ,
3667 4730 3686 4752 ,
3753 4733 3771 4752 ,

1859 4715 2153 4741 ,μνη-,νη
2198 4715 2326 4735 -...-,
2364 4715 2481 4738 γ-..
2517 4715 2718 4727 -.........
2778 4715 2980 4734 μνη...

1859 4767 2053 4818 iterum
2075 4762 2355 4816 videamus
2383 4763 2450 4815 ad
2482 4763 2702 4818 lucrum
2738 4715 3774 4852 deputariuzsgdszimnibi

3545 4844 3567 4852 -
3667 4823 3774 4852 ll!!!

1864 4871 1958 4925 per
1988 4855 2408 4922 negotiationem
2442 4853 2678 4920 quaesita
2717 4811 3054 4918 dicantur.

3587 4911 3629 4940 2
3679 4913 3773 4940 In,

1867 4903 1947 4925 r"
1989 4903 2405 4922 "'U""""""”’
2448 4903 2477 4920 ⁷1
2526 4903 2677 4905 77“_77
2723 4903 3054 4918 —"‘-'"u'-

1867 4959 1986 4999 cum
2015 4944 2319 4996 referuntur
2341 4956 2502 5010 super
2526 4945 2782 5012 quinque
2821 4963 3004 5008 muas
3073 4903 3782 5043 δέξξξέἰιξξῖῗθ,

3703 5003 3791 5045 se

1867 5035 1984 5088 alite
2018 5035 2276 5101 quinque,
2302 5033 2568 5100 velsuper
2593 5032 2742 5088 duas
2777 5042 3143 5106 acquisita;
3195 5032 3316 5115 εξιί

1867 5071 1984 5088 ...ηρ
2018 5071 2276 5101 ιι......,..ν,
2312 5071 2557 5100 ...υψνω
2593 5071 2742 5088 ...μω
2777 5071 2843 5090 οι,
2892 5071 3084 5096 um“-
3297 5071 3313 5075 -

1865 5134 1956 5178 aut
1983 5139 2102 5178 cum
2143 5123 2424 5190 drachma,
2473 5125 2557 5177 vel
2590 5071 2902 5198 denarin;
2967 5071 3635 5198 velgr::;f.ﬂ:a:
3662 5077 3735 5111 u
3759 5098 3783 5136 =

1867 5216 2032 5276 nitur,
2062 5222 2114 5266 et
2139 5213 2292 5279 quasi
2326 5214 2550 5280 pecunia
2591 5221 2869 5282 quaedam
2917 5225 2935 5278 i

1869 5303 2206 5357 nominatur:
2238 5301 2331 5355 sed
2356 5311 2410 5356 et
2440 5317 2564 5356 cum
2611 5306 2843 5365 dicitur
2890 5314 2942 5348 °'

2967 5137 3086 5191 vel
3156 5153 3604 5222 talentum
3647 5186 3796 5240 po.

2943 5241 2983 5279 η
3022 5242 3382 5301 (ιυεὲειη
3427 5267 3785 5324 Operu‘n

2971 5331 3050 5387 Pa
3065 5331 3288 5388 terfa
3305 5344 3604 5406 ntilias
3642 5369 3788 5425 po-

3172 5465 3244 5499 σο
3294 5473 3469 5533 [$3.

2205 5569 2248 5600 ⁶⁸
2277 5571 2467 5629 Matth.
2497 5593 2656 5633 xvur.
