3922 6208
1068 177 1109 206 ,γ
1179 179 1241 189 ...

317 225 432 283 375

1522 244 1586 298 ΙΝ
1624 243 1903 300 EXODUM
1935 244 2209 302 HOMILIA
2239 244 2335 299 XI.

3418 242 3522 296 57L

318 355 458 398 uere
480 338 724 395 ι’θιῖοηθπι
752 351 871 392 cum
895 345 1093 404 SerVis
1128 356 1280 421 suis,
1318 367 1369 413 et
1399 358 1616 415 offertur
1644 363 1690 415 ei
1731 378 1889 427 unus,
1923 370 1964 425 Α
1995 363 2107 427 Dei,
2138 362 2407 416 auferatur
2437 362 2565 416 deus
2611 362 2744 428 ejus,
2774 362 2862 430 qui
2908 376 3010 416 non
3045 362 3177 415 bene
3217 359 3519 430 Scriptura—

315 434 428 503 qui
464 431 677 487 debebat
701 431 880 485 decem
905 434 1098 495 millia
1146 446 1375 501 talenta.
1420 450 1562 504 Talis
1596 466 1725 520 ergo
1753 468 1895 521 qure-

311 525 455 577 dam
486 524 621 578 ratio
645 522 816 577 damni
840 532 928 580 est
953 540 974 580 :
1002 540 1093 596 ut,
1118 538 1285 591 verbi
1309 540 1497 606 gratia,
1523 542 1609 607 qui
1635 556 1733 609 pro
1760 557 1898 596 mer—

313 614 468 668 cede
500 628 593 668 sua
621 622 937 681 accepturus
956 628 1088 673 erat
1111 622 1304 678 decem
1334 642 1504 691 muas,
1530 644 1632 681 non
1668 630 1897 696 accipiat

314 703 551 767 decem,
574 704 662 757 sed
691 713 834 767 octo,
857 704 942 758 vel
973 720 1098 772 sex,
1137 720 1234 764 aut
1272 714 1429 767 etiam
1462 715 1639 769 minus
1670 731 1683 766 :
1711 725 1765 769 et
1794 718 1893 772 hoc

312 791 541 846 danino
566 794 768 861 percuti
825 793 1032 850 dicitur
1083 800 1154 864 is,
1184 802 1277 868 qui
1311 816 1524 856 causam
1550 804 1784 857 scandali
1816 805 1893 858 iu—

317 879 569 935 ﬁrmiori
600 890 657 933 et
684 883 931 937 muliebri
976 890 1215 954 prmbuit
1242 890 1450 943 animae.

388 968 450 1022 4.
490 969 660 1024 Dabit
715 980 916 1037 autem,
958 974 1136 1043 inquit
1176 977 1244 1040 ⁷⁸,
1287 980 1577 1032 secundum
1613 981 1754 1047 quod
1812 981 1893 1034 in-

305 1057 578 1122 dixerit,
646 1061 732 1113 vel
786 1062 1107 1131 imposuerit
1137 1065 1220 1117 vir
1262 1066 1410 1133 ejus,
1472 1076 1525 1121 et
1576 1068 1722 1120 dabit
1775 1084 1893 1122 cum

306 1143 569 1197 honore.
632 1144 845 1200 A'nimaz
905 1147 1165 1203 discentis
1198 1152 1303 1214 vir,
1355 1153 1612 1221 magister
1643 1154 1753 1222 (59)
1781 1155 1895 1223 ejus

302 1238 438 1295 est;
474 1232 794 1285 secundum
855 1235 996 1301 quod
1046 1237 1303 1291 indixerit
1331 1253 1458 1307 ergo
1512 1240 1593 1292 vir
1637 1241 1757 1304 iste,
1812 1241 1892 1295 vel

300 1314 589 1371 Christus
634 1319 730 1385 qui
774 1321 1015 1373 omnium
1068 1323 1322 1390 magister
1362 1332 1462 1387 est,
1519 1325 1602 1377 vel
1653 1327 1743 1394 qui
1796 1342 1893 1390 pro

302 1404 561 1458 Christo
592 1405 863 1460 Ecclesiae
892 1419 1090 1477 praeest
1116 1411 1306 1465 doctor
1336 1412 1657 1478 animarum,
1682 1415 1767 1468 ille
1803 1416 1893 1484 qui

300 1493 379 1545 ad
413 1492 855 1547 subversionem
882 1496 1221 1550 audientium
1258 1500 1434 1553 verbis
1464 1501 1773 1565 contendit,
1802 1516 1895 1570 pa-

301 1583 490 1635 tietur
524 1583 795 1636 damnum
823 1598 918 1650 pro
945 1587 1125 1639 anima
1156 1587 1267 1652 illa,
1291 1602 1407 1655 quae
1436 1590 1664 1642 nondum
1694 1589 1891 1643 forma-

1998 466 2111 503 rum
2163 449 2469 503 comminuit
2514 458 2567 503 et
2620 449 2822 503 attrivit
2868 449 3029 503 cibos.
3074 449 3335 502 Fortassis
3375 447 3515 502 enim

1993 549 2209 607 propter
2237 539 2335 591 hoc
2358 547 2410 592 et
2445 537 2570 591 alibi
2609 538 2802 590 dicitur
2833 552 2860 590 a
2898 538 3117 590 Domino
3148 538 3230 590 ’δε
3264 555 3281 588 ι
3320 537 3515 591 Dentes

1994 635 2330 694 peccatorum
2366 623 2681 678 contrivisti.
2717 641 2735 673 ι
2765 624 2829 676 Ει
2854 623 2978 675 alibi
3018 623 3353 677 nihilominus
3376 624 3506 677 scri-

1994 713 2137 767 bitur
2165 713 2212 743 "
2247 727 2262 764 :
2294 730 2313 762 ο
2350 710 2448 776 Qtti
2499 711 2782 764 manducat
2813 724 2971 762 uuam
3023 711 3292 772 acerbam,
3334 712 3513 765 obstu-

1993 808 2209 864 pesceut
2250 799 2435 852 dentes
2465 797 2599 864 ejus.
2634 817 2651 847 ι
2686 797 2749 849 Ει
2790 794 2914 848 alibi
2943 796 3025 849 ηε
3070 814 3086 845 ι
3118 796 3280 850 Melas
3304 797 3511 849 leonum

1994 884 2290 954 confringet
2334 885 2442 954 (65)
2495 885 2766 939 Dominus.
2824 904 2841 935 ι
2872 884 2961 937 Sic
2995 898 3120 950 ergo
3156 898 3250 950 per
3276 886 3509 936 membra

1995 974 2197 1026 dicitur
2252 972 2367 1026 laedi
2419 976 2591 1025 anima
2616 982 2668 1027 et
2701 973 2926 1041 percuti,
2950 987 3159 1025 manum
3184 985 3390 1038 quoque
3419 986 3513 1038 pro

1996 1074 2158 1113 manu
2206 1071 2259 1114 et
2309 1061 2492 1127 pedem
2539 1074 2635 1127 pro
2670 1061 2803 1128 pede
2848 1058 3174 1127 deposcitur.
3219 1058 3402 1112 Manus
3432 1070 3514 1113 est

1993 1146 2186 1200 animm
2240 1148 2427 1211 virtus,
2482 1162 2583 1215 qua
2620 1158 2797 1202 tenere
2831 1146 3033 1215 aliquid
3058 1155 3111 1201 et
3149 1146 3516 1214 constringere

1991 1244 2190 1304 potest,
2239 1236 2380 1289 velut
2428 1237 2473 1289 si
2510 1237 2750 1290 dicamus
2798 1245 2948 1289 actus
2974 1235 3111 1303 ejus,
3136 1243 3190 1291 et
3222 1233 3513 1297 for:iludo;

1992 1334 2047 1378 et
2075 1341 2166 1393 pes
2187 1339 2294 1392 quo
2319 1326 2512 1379 incedit
2552 1325 2614 1377 ad
2673 1327 2809 1379 bona
2840 1325 2919 1378 vel
2951 1323 3108 1378 mala.
3140 1323 3270 1389 Quia
3296 1339 3426 1394 ergo
3468 1327 3513 1379 si

1992 1413 2295 1466 scandalum
2321 1413 2557 1481 patiatur
2586 1414 2784 1478 anima,
2830 1430 2932 1468 non
2967 1415 3136 1469 solum
3180 1414 3230 1467 in
3261 1414 3383 1481 fide,
3417 1415 3512 1470 sed

1992 1509 2045 1555 et
2068 1502 2118 1554 in
2135 1502 2341 1555 actibus
2364 1500 2629 1570 dejicitur,
2655 1503 2741 1570 qui
2761 1518 2855 1570 per
2879 1519 3089 1557 manum
3112 1502 3475 1571 significantur
3495 1490 3531 1566 ς’

1993 1576 2043 1643 et
2077 1594 2235 1659 pedes
2273 1591 2584 1645 auferentur
2628 1592 2789 1655 illius,
2835 1592 2921 1660 qui
2968 1590 3348 1645 oll‘endiculum
3377 1606 3513 1664 prte-

306 1681 437 1724 tum
474 1671 695 1740 abiecit
744 1673 1026 1730 infantem.
1076 1674 1224 1741 Quod
1256 1683 1428 1743 potest
1462 1676 1599 1731 forte
1631 1677 1695 1731 de
1734 1692 1887 1731 scau-
1922 1659 1963 1713 Β
1991 1680 2123 1744 buit,
2150 1689 2202 1732 et
2231 1694 2419 1732 manus
2463 1680 2657 1747 quibus
2686 1694 2788 1731 non
2818 1659 2948 1733 bene
2972 1686 3239 1746 operatur,
3264 1686 3317 1731 et
3351 1659 3509 1746 pedes

295 1761 442 1816 dalo
493 1763 893 1817 cate’chur‘neni
942 1764 1113 1831 accipi
1165 1765 1401 1818 nondum
1444 1763 1673 1820 formati.
1713 1768 1890 1821 Potest

294 1849 462 1902 enim
500 1848 658 1915 ﬁeri,
693 1859 753 1902 ut
798 1865 1018 1904 rursum
1051 1853 1161 1920 ipse
1201 1853 1291 1921 qui
1344 1852 1495 1913 laesit,
1530 1854 1779 1916 instruat,
1808 1869 1888 1908 re-

294 1947 497 2004 paret,
538 1940 806 1992 restituat
833 1941 1031 1993 animae
1061 1955 1121 1993 ea
1147 1955 1264 2009 quae
1290 1941 1537 2009 perdidit,
1563 1950 1616 1996 et
1640 1942 1752 1995 haec
1781 1941 1887 2009 jam

297 2025 485 2081 faciet
545 2042 678 2082 cum
712 2028 947 2093 honore,
988 2043 1109 2085 cum
1141 2030 1425 2096 modestia,
1453 2044 1571 2084 cum
1600 2030 1883 2099 patientia;

299 2119 462 2175 sicut
490 2110 823 2188 Apostolus
856 2120 1017 2189 168
1068 2121 1193 2174 dicit
1227 2121 1269 2153 '"
1302 2134 1316 2172 :
1356 2139 1374 2171 ι
1411 2120 1539 2175 Cum
1586 2134 1887 2178 mansuetu-

296 2211 442 2264 dine
474 2209 797 2278 corripiens
819 2224 939 2275 eos,
971 2210 1061 2278 qui
1106 2210 1358 2264 resistunt
1392 2209 1535 2280 (60);
1567 2229 1585 2261 ι
1622 2226 1724 2265 non
1768 2227 1885 2266 cum

297 2296 429 2362 lite,
460 2298 620 2350 sicut
654 2295 832 2363 prius,
859 2310 981 2348 cum
1014 2296 1330 2350 scandalum
1374 2296 1571 2351 intulit.
1612 2316 1630 2349 ε
1661 2298 1811 2363 Quod
1839 2300 1885 2353 si

298 2380 602 2434 fortunatus
653 2379 770 2446 jam
832 2381 991 2434 tuerit
1047 2381 1243 2448 infans,
1307 2384 1453 2436 dabit
1502 2384 1735 2439 animam
1791 2399 1888 2453 pro

298 2470 531 2522 anima.
574 2488 596 2520 ι
628 2468 922 2523 Formatus
966 2468 1140 2523 infans
1178 2479 1352 2538 potest
1390 2471 1557 2525 videri
1594 2484 1769 2525 sermo
1792 2472 1886 2525 Dei

295 2560 353 2612 in
388 2557 578 2612 corde
610 2557 733 2624 ejus
764 2559 986 2622 animae,
1015 2572 1134 2627 quae
1182 2558 1406 2627 gratiam
1460 2560 1710 2628 baptismi
1754 2574 1885 2613 eon-

295 2658 514 2703 secuta
564 2657 675 2711 est,
727 2647 812 2701 vel
857 2656 977 2715 qua:
1024 2648 1321 2704 evidentius
1349 2656 1403 2702 et
1441 2648 1638 2702 clarius
1665 2649 1884 2703 verbum

294 2737 437 2793 ﬁdei
496 2735 783 2805 concepit.
843 2737 970 2791 Haec
1032 2750 1159 2805 ergo
1212 2736 1256 2791 si
1318 2737 1481 2790 nimia
1539 2735 1885 2791 contentione

289 2827 617 2882 doctorum
662 2837 924 2893 percussa
963 2822 1224 2890 abiecerit
1268 2824 1512 2886 verbum,
1569 2831 1624 2877 et
1670 2824 1884 2878 inventa

1990 1766 2184 1834 quibus
2208 1781 2309 1820 non
2338 1768 2469 1820 bene
2495 1766 2709 1819 incedit.
2747 1765 2979 1834 Recipiet
3010 1765 3168 1817 etiam
3206 1763 3509 1818 combustu-

1990 1870 2102 1907 ram
2132 1870 2228 1923 pro
2282 1854 2646 1917 combustum,
2687 1870 2788 1923 qua
2823 1854 3139 1917 combussit,
3170 1863 3223 1907 et
3253 1853 3508 1921 gehennae

1992 1944 2209 1997 tradidit
2247 1945 2499 1997 animam.
2554 1944 2656 1997 Per
2691 1958 2808 2012 quae
2849 1944 3050 2012 singula
3098 1944 3412 2008 ostenditur,
3450 1951 3506 1997 ut

1989 2033 2089 2087 iste
2137 2045 2419 2100 percussor
2470 2031 2717 2084 omnibus
2781 2030 3116 2084 detruncatis
3163 2031 3431 2097 membris,
3474 2044 3506 2085 a

1988 2134 2211 2186 corpore
2261 2119 2540 2173 excidatur
2592 2119 2870 2183 Ecclesia;
2910 2119 3189 2183 utcaeteri,
3228 2119 3396 2187 inquit
3439 2118 3506 2184 ",

1986 2209 2229 2261 videntes
2250 2209 2487 2260 timorem
2516 2206 2766 2269 habeant,
2804 2213 2856 2258 et
2876 2222 2979 2259 non
3009 2204 3208 2258 faciant
3241 2205 3504 2259 similiter.

1987 2296 2186 2350 Idcirco
2211 2305 2263 2349 et
2295 2295 2571 2364 Apostolus
2596 2310 2714 2348 cum
2750 2296 3016 2349 doctorem
3046 2295 3298 2348 describit
3324 2294 3508 2348 Eccle-

1984 2385 2076 2437 siae
2101 2386 2164 2449 ⁷⁸,
2195 2385 2330 2437 inter
2358 2393 2544 2437 caetera
2566 2384 2802 2451 praecipit
2821 2397 2938 2436 eum
2957 2399 3060 2436 non
3089 2397 3206 2436 esse
3234 2397 3513 2451 percusso-

1988 2488 2118 2537 rem,
2138 2489 2201 2527 ne
2221 2475 2519 2543 percutiens
2546 2481 2873 2543 przrgnantes
2896 2471 3375 2538 mulieres,animas
3392 2473 3513 2524 insi-

1983 2564 2208 2632 pieutes,
2225 2562 2626 2632 pouatanitnam
2650 2576 2743 2630 pro
2759 2566 2956 2626 anima,
2980 2561 3186 2615 oculum
3214 2575 3308 2629 pro
3332 2562 3507 2626 oculo,

1984 2651 2193 2705 dentem
2229 2665 2322 2719 pro
2351 2651 2525 2704 dente.
2569 2649 2724 2705 Tales
2769 2658 2892 2704 sunt
2924 2658 2977 2704 et
3012 2649 3114 2704 illae
3150 2649 3338 2703 anima:
3375 2666 3509 2720 quas

1981 2742 2141 2795 etiam
2156 2739 2404 2793 Dominus
2422 2739 2471 2792 in
2496 2737 2943 2808 Evangeliodellet
2971 2753 3089 2792 cum
3113 2738 3299 2792 dicit"
3328 2755 3381 2791 τι
3423 2736 3509 2791 Va:

1981 2830 2375 2899 praegnantibus
2420 2838 2472 2883 et
2528 2829 2881 2883 nutrientibus
2917 2828 2968 2881 in
3017 2827 3123 2882 illis
3147 2827 3354 2895 diebus,
3388 2847 3407 2879 ι
3452 2828 3505 2881 in

294 2914 484 2968 fuerit
515 2926 650 2967 esse
676 2913 746 2965 de
772 2911 900 2973 illis,
935 2912 1001 2966 de
1034 2911 1231 2980 quibus
1253 2910 1465 2965 dicebat
1495 2911 1777 2978 Apostolus
1802 2911 1881 2966 ἠε
1909 2946 1955 3004 C
1984 2918 2177 2987 quibus
2230 2917 2758 2981 scaudalizabuntur,
2806 2934 2830 2999 ε
2864 2918 2909 2972 si
2962 2916 3077 2970 fieri
3116 2924 3312 2986 potest,
3342 2916 3505 2970 etiam
3544 2954 3549 2958 .

298 3019 323 3056 ι
358 3003 494 3058 Jam
520 3002 681 3056 enim
720 3000 969 3067 quaedam
995 3013 1270 3054 conversa:
1296 3008 1419 3054 sunt
1449 3009 1595 3054 retro
1623 3011 1742 3070 post
1784 3000 1887 3055 Sa-

295 3100 522 3157 tanam,
568 3106 593 3139 ι
630 3087 872 3142 animam
903 3100 1004 3156 pro
1035 3087 1212 3139 anima
1264 3087 1432 3141 dabit.
1477 3088 1571 3141 Vel
1606 3090 1671 3143 de
1704 3089 1787 3141 die
1809 3088 1887 3155 ju-

293 3181 432 3234 oicii
458 3176 866 3245 accipiendum
899 3182 982 3228 est
1018 3175 1156 3242 apud
1193 3176 1357 3228 Deum
1380 3173 1643 3242 judicem,
1668 3176 1759 3243 qui
1788 3191 1880 3244 po-

297 3280 416 3325 test
494 3270 757 3322 animam
795 3276 852 3320 et
902 3280 1097 3335 corpus
1153 3265 1377 3332 perdere
1431 3266 1481 3317 in
1543 3266 1881 3333 gehennam:

293 3366 430 3431 quia
465 3368 529 3414 et
566 3359 702 3413 alibi
732 3358 865 3413 dicit
885 3356 1143 3426 propheta
1178 3354 1243 3407 ad
1272 3352 1565 3408 Jerusalem
1593 3354 1638 3386 "
1666 3371 1679 3407 :
1713 3370 1731 3404 ε
1759 3355 1884 3408 Dedi

295 3448 824 3506 commutationem
886 3454 1036 3499 tuam
1094 3443 1401 3519 Egyptum,
1458 3440 1805 3511 Ethiopiam,
1833 3450 1884 3496 et

295 3542 542 3596 Soenen
601 3537 718 3607 (61)
758 3550 862 3605 pro
925 3543 996 3589 te.
1039 3552 1058 3586 ι
1122 3532 1215 3587 Vel
1259 3541 1404 3586 certe
1448 3540 1620 3600 potest
1644 3532 1886 3587 fortassis

294 3633 477 3687 etiam
507 3628 655 3683 illud
700 3626 899 3694 aptari,
943 3632 1002 3677 ut
1030 3624 1118 3690 qui
1148 3623 1247 3676 sibi
1288 3623 1535 3677 conscius
1567 3621 1698 3675 tanti
1732 3635 1888 3675 scan-

296 3722 415 3775 dali
454 3719 666 3781 fuerit,
705 3723 874 3784 ponat
922 3711 1157 3767 animam
1205 3724 1354 3765 suam
1382 3725 1479 3779 pro
1521 3711 1695 3763 anima
1725 3708 1885 3775 illius,

306 3826 490 3883 quem
575 3805 1062 3871 scandalizaverit,
1120 3812 1174 3857 et
1230 3815 1399 3869 usque
1440 3800 1506 3853 ad
1546 3807 1772 3854 mortem
1798 3798 1886 3854 det

292 3914 547 3971 operam
583 3893 1100 3966 quomodoiredeat,
1128 3896 1397 3962 quomodo
1423 3898 1719 3960 reparetur,
1753 3903 1888 3958 quo-

294 3990 483 4045 modo
508 3987 840 4044 restituatur
865 3985 933 4038 ad
962 3982 1141 4037 ﬁdem.
1165 3982 1335 4037 Ponat
1364 3981 1523 4035 etiam
1555 3979 1765 4036 oculum
1791 3993 1887 4047 pro

294 4078 512 4141 oculo,
569 4075 617 4129 si
660 4076 874 4130 oculum
929 4072 1068 4128 laesit
1108 4072 1323 4135 animae,
1355 4070 1407 4124 id
1439 4077 1521 4123 est
1556 4069 1885 4124 intellectum

290 4166 434 4235 ejus
462 4164 750 4228 turbavit;
808 4162 1092 4216 auferatur
1133 4159 1325 4216 oculus
1368 4158 1536 4227 ipsius
1585 4159 1650 4212 ab
1681 4171 1767 4223 eo,
1794 4157 1884 4224 qui

1983 3005 2160 3061 electi.
2195 3024 2215 3058 ι
2251 3005 2532 3061 Sciendum
2577 3015 2750 3058 tamen
2799 3014 2879 3059 est
2919 3006 3059 3073 quod
3118 3020 3221 3059 non
3263 3014 3343 3059 est
3390 3018 3509 3073 per-

1983 3092 2243 3148 tectorum
2275 3093 2656 3156 scandalizari,
2691 3094 2782 3146 sed
2805 3102 2897 3146 aut
2923 3093 3226 3159 mulierum,
3264 3103 3350 3147 aut
3385 3108 3509 3161 par-

1983 3182 2254 3245 vulorum,
2286 3183 2425 3236 sicut
2460 3191 2512 3235 et
2560 3181 2813 3236 Dominus
2859 3181 2911 3234 in
2942 3180 3225 3249 Evangelia
3266 3181 3395 3235 dicit
3416 3181 3505 3235 “z

1990 3287 2008 3320 ι
2047 3270 2102 3323 Si
2132 3270 2248 3337 quis
2268 3269 2708 3324 scaudalizaverit
2743 3282 2906 3321 unum
2938 3269 3001 3322 de
3026 3268 3231 3335 pusillis
3259 3268 3376 3323 istis
3411 3269 3510 3321 mi-

1986 3358 2163 3413 nimis.
2195 3378 2213 3411 ι
2258 3358 2487 3413 Pusillus
2515 3373 2642 3427 ergo
2682 3366 2784 3422 est,
2813 3368 2869 3411 et
2917 3357 3195 3421 minimus,
3224 3359 3314 3425 qui
3355 3372 3510 3411 scan-

1984 3448 2199 3502 dalizari
2233 3457 2497 3516 potestzt
2545 3447 2810 3516 Spiritalis
2858 3454 3032 3499 autem
3092 3445 3340 3514 dijudicat
3388 3461 3506 3501 om-

1985 3538 2069 3591 nia
2090 3539 2157 3602 ⁸⁸,
2192 3556 2209 3588 ι
2242 3537 2416 3591 omnia
2466 3537 2676 3606 probat,
2705 3545 2759 3589 et
2786 3537 2924 3603 quod
2970 3535 3163 3589 boumu
3196 3544 3295 3601 est,
3335 3536 3509 3590 conti-

1985 3634 2093 3688 net,
2116 3634 2169 3678 et
2194 3625 2260 3678 ab
2279 3625 2418 3678 omni
2450 3639 2507 3678 se
2535 3626 2708 3691 specie
2734 3625 2867 3676 mala
2904 3621 3317 3685 abstinetJlaec,
3351 3632 3505 3690 prout

1983 3728 2274 3767 occurrere.
2289 3722 2593 3780 potuerunt,
2643 3713 2694 3764 in
2723 3712 2969 3780 praesenti
3004 3712 3235 3779 capitulo
3257 3713 3505 3765 diximus.

1985 3801 2271 3856 Poscatnus
2318 3814 2443 3853 vero
2481 3814 2510 3851 a
2564 3799 2826 3865 Domino,
2866 3808 2923 3853 ut
2950 3815 3066 3869 qua:
3106 3799 3337 3869 perfecta
3360 3810 3508 3865 sunt,

1986 3890 2100 3957 ipse
2142 3889 2292 3942 nobis
2353 3888 2592 3943 revelare
2637 3890 2878 3957 dignetur
2914 3903 3007 3958 per
3037 3888 3212 3943 Jesum
3239 3887 3506 3943 Christqu

1985 3978 2263 4032 Dominum
2314 3989 2572 4042 nostrum,
2608 3980 2694 4031 cui
2752 3989 2835 4033 est
2863 3979 3027 4051 gloria
3065 3988 3118 4035 et
3150 3978 3426 4049 imperium
3457 3978 3507 4031 in

1986 4065 2176 4120 sucula
2211 4065 2548 4119 saeculorum.
2576 4066 2768 4120 Amen.

2551 4175 2821 4231 HOMILIA
2851 4177 2941 4231 XI.

290 4252 593 4310 Εεεῐθείτε
616 4259 834 4319 limem:
859 4256 917 4303 ει
960 4245 1271 4301 “leuca”
1301 4242 1416 4312 eius
1442 4244 1530 4298 ille
1553 4243 1885 4333 ιυνδυιεηιιξε
1916 4237 1960 4293 D
1991 4262 2065 4317 De
2090 4264 2176 4320 siti
2198 4264 2374 4333 populi
2395 4265 2445 4318 in
2460 4264 2739 4333 Raphidin,
2771 4268 2900 4318 etde
2941 4264 3069 4318 bello
3088 4265 3509 4329 Amalecitartmt,

290 4354 352 4398 et
384 4342 568 4397 ferox
627 4341 721 4406 qui
778 4336 1092 4392 scandalum
1138 4343 1382 4405 generat,
1439 4335 1714 4387 desecetur
1755 4332 1885 4403 (62).

292 4433 412 4489 Sed
462 4442 527 4487 et
582 4431 630 4485 si
665 4432 884 4483 dentem
928 4426 1065 4481 itesit
1114 4423 1400 4487 auditoris,
1440 4436 1548 4490 quo
1591 4422 1886 4491 suscipiens

292 4525 492 4579 cibum
567 4518 727 4573 verbi
792 4516 907 4579 Dei,
958 4514 1043 4569 vel
1092 4513 1462 4567 comminuere
1493 4512 1576 4566 vel
1599 4511 1885 4565 molaribus

294 4620 490 4663 terere
524 4606 735 4660 solitus
778 4612 917 4666 erat,
956 4611 1014 4655 ιιι
1045 4600 1306 4655 subtilem
1333 4614 1399 4654 ex
1431 4601 1517 4657 his
1549 4601 1614 4652 ad
1642 4608 1882 4652 ventrem

292 4699 510 4753 animae
552 4692 966 4749 transmitteret
992 4703 1252 4749 sensum;
1292 4688 1336 4741 si
1372 4688 1514 4741 hunc
1552 4688 1767 4741 dentem
1799 4689 1889 4742 ille

293 4786 541 4841 vexavit
594 4792 653 4836 et
695 4779 903 4843 evellit,
936 4786 996 4831 ut
1021 4775 1372 4831 contentione
1402 4773 1569 4841 ipsius
1597 4788 1699 4828 non
1723 4778 1891 4841 possit

294 4877 492 4929 anima
552 4868 843 4924 subtiliter
890 4872 946 4919 et
984 4861 1310 4932 spiritaliter
1341 4860 1613 4929 suscipere
1671 4862 1888 4917 verbum

368 5013 421 5044 "
444 5008 639 5063 Exod.
666 5021 787 5065 xxi,
808 5002 896 5055 22.

297 5082 343 5112 ⁷⁸
371 5079 530 5132 Psal.
573 5089 712 5131 Lvu.
751 5063 805 5126 ’1.
881 5072 927 5102 ⁷⁷
955 5070 1181 5122 Denter.
1258 5081 1368 5127 ιιι,
1412 5063 1500 5119 ΞΟ.

394 5257 496 5322 99)
533 5254 722 5315 Alias,
781 5266 801 5300 ι
836 5248 1043 5322 anima}
1091 5240 1339 5322 discenti,
1362 5241 1437 5322 “si.
1454 5243 1534 5295 vir
1556 5247 1888 5322 magister.)

394 5258 496 5322 ’9)
533 5258 722 5315 Alias,
781 5266 801 5300 ι
836 5258 1043 5302 animm
1091 5258 1339 5303 uisceutt,
1378 5258 1534 5319 Sl'Vll'
1556 5258 1832 5322 magister,
1870 5265 1888 5298 ι

368 5258 499 5407 £60)
530 5322 714 5383 Alias,
767 5334 788 5368 ι
825 5314 1205 5379 corripientes
1241 5319 1327 5359 eos
1350 5320 1439 5372 qut
1469 5322 1715 5369 resistunt
1749 5316 1893 5369 veri-

298 5403 492 5531 mzél’)
556 5454 744 5519 Alias,
811 5469 833 5502 ι
886 5443 1197 5503 Sidonem,
1238 5457 1257 5491 ι
1301 5442 1453 5498 male.
1499 5446 1681 5507 Omnes
1718 5463 1890 5513 mss.,

524 5584 555 5593 με

2418 4342 2469 4387 ιε
2496 4335 2557 4385 de
2578 4335 2848 4401 prementia
2883 4334 3080 4387 lelltro.

2058 4423 2108 4475 l.
2142 4422 2399 4487 Quoniam
2445 4422 2620 4475 omnis
2670 4423 2759 4490 qui
2805 4422 2917 4475 vult
2947 4423 3032 4490 pie
3058 4423 3240 4477 vivere
3279 4422 3331 4475 in
3358 4420 3512 4475 Chri-

1986 4517 2087 4574 sto,
2128 4512 2548 4579 persecutionem
2596 4512 2800 4578 patitur
2827 4512 2893 4577 ⁸³,
2935 4524 2991 4565 et
3040 4514 3107 4569 ab
3137 4512 3375 4565 hostibus
3401 4509 3511 4562 im-

1989 4609 2272 4669 pugnatur,
2305 4615 2462 4670 agens
2494 4601 2595 4654 iter
2638 4602 2754 4656 vita:
2786 4603 2941 4672 hujus
2977 4614 3187 4671 semper
3213 4600 3370 4654 debet
3392 4614 3510 4652 esse

1990 4697 2249 4750 armatus,
2275 4697 2323 4742 et
2355 4699 2499 4744 stare
2530 4703 2744 4758 semper
2772 4692 2824 4744 in
2856 4691 3070 4745 castris.
3096 4691 3219 4744 ideo
3239 4697 3295 4742 et
3321 4690 3387 4741 de
3412 4701 3509 4754 po-

1990 4776 2115 4843 pulo
2151 4775 2240 4829 Dei
2271 4777 2532 4832 refertur:
2562 4796 2580 4830 (
2617 4780 2863 4834 Profecta
2901 4790 3000 4845 est,
3043 4780 3216 4848 inquit
3242 4779 3309 4842 ⁸³.
3339 4778 3514 4830 omnis

1996 4881 2257 4936 synagoga
2289 4868 2512 4922 filiorum
2545 4868 2704 4924 Israel
2737 4870 2801 4923 de
2826 4870 3034 4924 deserto
3076 4868 3203 4933 Sin,
3220 4864 3512 4921 secundum

974 5002 1019 5033 ⁷³
1048 4999 1093 5052 11
1115 4999 1263 5055 Tim.
1290 5012 1350 5062 ll,
1372 4997 1461 5050 25.
1532 4999 1627 5050 "1
1662 4999 1798 5054 Tim.
1830 5018 1880 5067 v,

974 5070 1181 5121 )euter.
1258 5081 1368 5126 ιιι,
1412 5063 1500 5119 ΞΟ.
1572 5068 1616 5097 ⁷⁸
1651 5067 1669 5119 l
1707 5069 1845 5121 Tim.

1988 5007 2064 5057 ,⁷³
2090 5006 2188 5060 lsa.
2218 5023 2367 5071 xutt,
2388 5010 2443 5064 3.
2512 5010 2559 5044 "
2590 5009 2727 5063 Psal.
2754 5026 2833 5072 nt,
2862 5011 2914 5064 8.
2945 5010 2989 5043 "'
3017 5009 3209 5063 J‘erem.
3243 5021 3387 5067 xm.
3422 5000 3511 5052 30-

2013 5075 2065 5126 3.
2158 5076 2202 5108 "
2253 5078 2434 5126 Matth.
2481 5093 2624 5126 xxiv.
2660 5078 2725 5126 l9
2754 5091 2806 5126 et
2835 5080 2924 5126 ΞΔ.
2994 5080 3039 5110 ⁸⁰
3062 5078 3244 5126 Matth.
3282 5067 3505 5126 ινιιιισι

295 5111 342 5181 -ί
371 5111 805 5205 testaris:
865 5111 1181 5191 «item
1230 5111 1542 5197 .a',"i2:"»
1565 5111 1880 5205 εχδαῖῖῑιῖ,

2158 5076 2202 5108 ⁷³
2252 5067 2434 5131 Matth.
2481 5093 2624 5142 utv,
2660 5078 2725 5131 l9
2754 5067 2924 5153 et
2994 5080 3039 5110 ⁸⁰
3061 5078 3244 5132 Matth.
3282 5067 3505 5132 ινιιιισι

2003 5271 2024 5304 t
2056 5255 2284 5309 Soeoen.
2316 5273 2335 5307 ι

2065 5323 2174 5387 (62)
2203 5322 2367 5387 Alias,
2408 5339 2427 5371 ι
2459 5322 2748 5376 deseretur.
2787 5343 2804 5372 ι

2067 5385 2175 5460 (65)
2200 5385 2365 5456 Alias,
2406 5408 2425 5441 ε
2458 5390 2737 5457 confregit.
2782 5406 2802 5436 ι
