3948 6246
178 268 330 431 β

324 404 1045 525 ‘_Ef‘“?‘““§
1060 440 1238 503 quid
1262 464 1425 507 nunc
1440 456 1660 509 historia
1684 474 1914 525 pnescns

243 514 491 613 ﬁgam?"
516 524 536 557 ‘
547 505 1005 613 _Asce“‘mt:‘.“‘_‘“
1015 523 1036 574 Ῐ
1047 534 1073 577 δ·
1086 527 1149 559 ’⁸
1164 571 1185 595 9
1206 534 1268 588 Μ
1279 556 1355 609 (Ὗ
1365 558 1454 597 Ses
1469 545 1521 596 in
1541 505 1794 599 verticem
1812 547 1913 600 col-

267 598 366 689 ξε.
384 618 405 653 ι
419 598 665 696 “Ostium
670 600 916 696 ascendit
932 605 999 661 in
1018 598 1350 681 verticem
1373 635 1590 696 montis,
1614 636 1705 687 sed
1726 635 1777 687 in
1798 650 1914 687 ver-

296 710 449 773 ctcem
462 689 971 750 εοιὶῖεοδθτνδδτιῑιη
988 703 1169 760 enim
1190 713 1251 765 ei
1281 724 1416 770 tunc
1430 689 1715 774 ascendere
1731 723 1781 773 in
1802 737 1915 774 ver-

326 810 464 858 acem
485 790 689 850 montis.
707 806 829 847 cum
843 807 1218 858 ascensurus
1235 820 1365 862 erat
1379 810 1554 875 Jesus,
1571 822 1624 864 et
1655 828 1771 865 eum
1796 804 1911 881 ipso

341 894 544 961 Moyses,
571 896 624 942 et
640 884 807 950 Elias,
837 896 893 942 et
925 887 1010 941 ibi
1052 898 1573 955 transformandus
1604 902 1654 955 in
1706 905 1906 972 gloria.

345 982 480 1035 Nunc
500 995 619 1052 ergo
650 978 795 1035 velut
844 979 1097 1035 nondum
1157 986 1512 1055 glorilicatus
1551 1006 1612 1043 ex
1648 992 1908 1045 transfor-

345 1074 567 1127 matione
590 1070 733 1136 Iesu,
773 1069 1014 1124 nondum
1053 1078 1326 1131 ascendit
1355 1079 1407 1132 in
1447 1080 1695 1132 verticem
1754 1096 1907 1134 mon—

342 1164 436 1226 tis,
468 1164 552 1217 sed
581 1161 819 1217 ascendit
839 1161 897 1214 in
925 1164 1207 1217 verticem
1240 1168 1431 1221 collis:
1461 1191 1479 1220 ι
1509 1171 1574 1223 Ει
1598 1170 1790 1225 factum
1805 1179 1904 1234 est,

333 1253 510 1320 inquit
555 1254 621 1318 ’⁸,
657 1268 781 1306 cum
821 1251 1069 1307 elevaret
1125 1254 1354 1324 Moyses
1397 1272 1584 1311 manus
1611 1296 1626 1320 ,
1664 1261 1910 1326 superior

328 1342 494 1395 ﬁebat
526 1341 713 1397 Israel.
754 1360 774 1393 ι
807 1341 1026 1412 Moyses
1053 1344 1282 1411 quidem
1310 1345 1485 1399 elevat
1520 1362 1708 1400 manus
1735 1386 1748 1409 ,
1801 1363 1905 1401 non

329 1430 615 1493 extendit;
650 1428 809 1484 Jesus
837 1439 1021 1482 autem
1053 1431 1146 1497 qui
1186 1431 1499 1485 universum
1538 1435 1718 1484 orbem
1753 1442 1908 1486 terrae

323 1520 602 1572 cxaltatus
643 1520 698 1572 in
722 1533 888 1572 cruce
928 1521 1323 1587 complexurus
1352 1529 1468 1573 eral.
1508 1521 1737 1575 brachiis
1772 1523 1905 1584 suis,

321 1608 468 1660 dicit
500 1607 514 1637 ‘
546 1607 845 1661 :«Extendi
872 1623 1066 1660 manus
1096 1622 1247 1662 meas
1282 1608 1347 1661 ad
1378 1607 1625 1677 populum
1655 1624 1760 1662 non
1787 1624 1906 1664 cre-

316 1698 547 1750 dentem
573 1736 590 1760 ,
631 1707 691 1750 et
755 1697 1226 1750 contradicentem
1267 1698 1420 1750 mihi.
1457 1716 1477 1750 ι
1520 1696 1726 1767 Moyses
1780 1712 1905 1767 ergo

312 1792 507 1844 elevat
542 1805 747 1844 manus
784 1804 940 1851 suas,
974 1797 1027 1842 et
1058 1804 1179 1842 cum
1208 1787 1447 1843 elevaret
1479 1803 1693 1853 manus,
1726 1788 1905 1842 vince-

310 1881 489 1933 batur
538 1879 796 1933 Amalec.
832 1878 1063 1931 Elevare
1117 1891 1331 1940 manus,
1366 1879 1468 1930 hoc
1518 1886 1601 1931 est
1636 1891 1796 1946 Opera
1850 1886 1904 1931 et

307 1978 481 2023 actus
510 1968 738 2021 elevare
768 1968 837 2019 ad
891 1967 1083 2029 Deum,
1110 1974 1164 2020 et
1197 1981 1300 2019 non
1343 1966 1540 2021 habere
1569 1975 1720 2020 actus
1746 1968 1904 2020 deor-

308 2074 441 2109 sum
502 2056 784 2123 dejectos,
814 2064 869 2108 et
902 2054 1052 2108 humi
1082 2055 1326 2119 jacentes
1351 2094 1366 2119 ,
1398 2054 1487 2107 sed
1521 2054 1626 2107 Deo
1657 2054 1901 2123 placitos,

296 2159 369 2198 et
401 2146 475 2199 ad
508 2146 716 2199 ccelum
752 2156 992 2202 erectos.
1036 2147 1224 2199 Elevat
1252 2158 1377 2211 ergo
1424 2158 1627 2209 manus,
1668 2144 1754 2211 qui
1788 2143 1903 2196 the-

304 2236 573 2287 saurizat
607 2236 665 2287 in
691 2235 919 2297 caelum,
959 2236 1050 2287 ubi
1082 2236 1224 2287 enim
1252 2235 1537 2286 thesaurus
1562 2234 1696 2299 ejus,
1743 2233 1813 2285 ibi
1849 2241 1903 2285 et

302 2324 514 2383 qcnlus
545 2325 700 2393 ejus,
733 2324 809 2377 ibi
840 2334 895 2377 et
933 2339 1122 2376 manus
1147 2324 1279 2391 ejus.
1309 2322 1488 2374 Elevat
1519 2337 1710 2373 manus
1737 2329 1789 2373 et
1815 2320 1903 2374 ille

302 2411 574 2479 quidicit
604 2412 660 2461 ’τ
694 2430 713 2461 ι
756 2410 1000 2463 Elevatio
1034 2424 1292 2461 manuum
1338 2408 1493 2475 17o
1539 2422 1778 2459 mearum
1816 2422 1903 2460 sa-

302 2502 594 2555 criﬁcium
632 2500 1039 2566 vespertinum.
1072 2517 1092 2548 ι
1149 2498 1205 2550 Si
1244 2512 1372 2566 ergo
1423 2497 1699 2549 eleventur
1750 2506 1903 2550 actus

302 2590 517 2656 nostri,
562 2598 623 2642 et
658 2603 767 2641 non
806 2588 916 2639 sint
948 2587 999 2639 in
1032 2595 1197 2647 terra,
1242 2587 1474 2639 vincitur
1505 2586 1742 2639 Amalec.
1796 2585 1902 2640 Sed

299 2691 358 2733 et
387 2678 718 2747 Apostolus
766 2677 786 2707 ³
818 2677 1069 2745 praecipit
1099 2676 1281 2729 levare
1314 2685 1527 2729 sanctas
1569 2691 1757 2729 manus
1787 2677 1903 2730 sine

300 2770 382 2822 ira
448 2778 517 2822 et
555 2767 1010 2835 disceptatione;
1064 2775 1120 2817 ct
1170 2764 1235 2816 ad
1287 2766 1545 2831 quosdam
1583 2766 1794 2819 dicebat
1839 2765 1899 2818 δε

318 2877 337 2907 ι
372 2857 685 2913 Demissas
735 2869 932 2907 manus
955 2894 971 2918 ,
1008 2862 1062 2907 et
1093 2853 1349 2905 dissoluta
1395 2867 1562 2921 genua
1595 2852 1782 2920 erigite
1807 2894 1822 2918 ,
1851 2861 1903 2907 et

300 2956 491 3002 rectos
551 2959 789 3013 gressus
830 2943 993 2996 facile
1040 2942 1266 3010 pedibus
1323 2943 1536 2994 vestris.
1581 2959 1600 2991 ι
1658 2943 1715 2995 Si
1769 2956 1902 3009 ergo

299 3046 492 3089 servat
556 3034 809 3102 populus
844 3032 1020 3100 legem
1051 3070 1067 3094 ,
1115 3031 1289 3085 elevat
1322 3029 1532 3097 Moyses
1567 3043 1752 3082 manus
1783 3068 1798 3090 ,
1848 3038 1901 3083 et

297 3123 678 3178 adversarius
708 3122 963 3173 vincitur.
983 3120 1038 3173 Si
1073 3136 1177 3172 non
1210 3129 1388 3173 servat
1415 3119 1897 3186 legem,invalescit

297 3216 565 3270 Amalec.
609 3212 758 3279 Quia
800 3211 964 3278 igitur
998 3219 1051 3262 et
1088 3211 1245 3263 nobis
1295 3225 1473 3276 pugna
1505 3219 1587 3262 est
1641 3209 1897 3263 adversus

295 3305 625 3372 principes,
658 3308 713 3353 et
732 3306 1061 3367 potestates,
1089 3306 1145 3349 et
1170 3298 1349 3348 mundi
1382 3296 1536 3362 hujus
1559 3307 1790 3349 rectores
1819 3305 1895 3349 te-

298 3398 624 3448 nebrarum
654 3429 671 3455 ,
713 3391 758 3442 si
790 3388 871 3440 vis
898 3387 1117 3440 vincere
1140 3424 1155 3449 ,
1199 3387 1243 3439 si
1296 3388 1379 3438 vis
1438 3388 1678 3439 obtinere
1701 3426 1716 3451 ,
1743 3386 1891 3439 eleva

301 3498 530 3547 manus,
574 3489 636 3534 et
660 3480 817 3533 eleva
856 3485 1011 3531 actus
1044 3485 1183 3536 tuos,
1219 3481 1275 3527 et
1307 3475 1642 3527 conversatio
1676 3484 1761 3528 tua
1791 3489 1897 3527 non

302 3577 377 3628 sit
412 3576 468 3628 in
499 3571 706 3632 terris,
754 3569 851 3621 sed
886 3569 1026 3622 sicut
1057 3566 1201 3618 dixit
1230 3564 1514 3631 Apostolus
1544 3565 1604 3616 ’τ
1666 3582 1683 3615 ι
1721 3564 1895 3632 Super

302 3676 511 3719 terram
574 3658 932 3714 ambulantes
960 3695 975 3719 ,
1010 3651 1480 3708 conversationem
1527 3652 1783 3708 habemus
1838 3654 1891 3707 in

297 3756 464 3810 cmlo.
505 3771 528 3805 ι
575 3751 649 3804 Et
684 3750 761 3801 ita
799 3746 1001 3814 poteris
1030 3756 1292 3811 superare
1317 3741 1568 3810 populum
1593 3743 1890 3795 adversan-

298 3857 413 3900 tem
450 3842 551 3897 tibi
604 3838 884 3899 Amalec,
936 3835 1009 3887 ita
1041 3844 1100 3886 ut
1151 3831 1362 3884 dicatur
1416 3833 1481 3886 de
1536 3843 1584 3887 te
1641 3833 1888 3886 etiam“:

301 3953 320 3984 ι
354 3933 499 3999 Quia
537 3932 596 3984 in
632 3942 796 3981 manu
836 3924 1052 3978 occulta
1083 3922 1427 3989 expugnabat
1454 3921 1709 3975 Dominus
1730 3922 1893 3974 Ama-

293 4022 402 4075 lec.
444 4040 465 4072 ι
504 4018 680 4072 Eleva
720 4022 776 4068 et
804 4022 859 4064 tu
897 4025 1090 4063 manus
1121 4010 1186 4061 ad
1221 4011 1408 4071 Deum,
1436 4018 1490 4061 et
1547 4009 1706 4078 imple
1741 4024 1893 4061 nian-

289 4116 529 4168 datum,
558 4118 673 4172 quo
699 4100 990 4169 Apostolus
1024 4098 1155 4152 dicit
1179 4099 1197 4128 ⁷
1226 4114 1239 4148 :
1281 4118 1298 4149 ι
1335 4099 1460 4151 Sine
1490 4098 1887 4153 intermissione

288 4212 463 4255 orate
496 4192 659 4264 (66):
689 4209 706 4241 ι
740 4201 792 4244 et
818 4199 951 4242 tunc
982 4188 1075 4241 fiet
1105 4187 1244 4255 quod
1284 4188 1546 4255 scriptum
1574 4196 1658 4240 est
1689 4188 1729 4249 ⁸,
1761 4188 1887 4254 quia

292 4307 314 4339 σ
346 4288 499 4342 sicut
551 4279 763 4333 vitulus
791 4276 1024 4344 ablingit
1045 4277 1100 4328 in
1132 4275 1337 4343 campis
1369 4275 1587 4327 herbam
1624 4275 1846 4328 viridem
1869 4318 1883 4343 ,

288 4379 365 4432 ita
404 4375 666 4440 ablinget
698 4369 934 4439 populus
966 4365 1056 4419 hic
1084 4365 1338 4435 populum
1371 4364 1461 4431 qui
1491 4379 1650 4431 super
1689 4375 1884 4418 terram

286 4477 394 4523 est.
436 4485 457 4519 ι
498 4463 619 4517 Per
647 4457 819 4529 quod,
856 4466 919 4511 ut
955 4471 986 4509 a
1025 4453 1319 4521 majoribus
1360 4453 1692 4521 accepimus,
1747 4453 1886 4507 indi-

286 4556 399 4611 cari
438 4554 665 4608 dicitur
692 4589 709 4615 ,
744 4547 875 4616 quia
913 4544 1141 4614 populus
1175 4543 1268 4597 Dei
1325 4556 1432 4594 non
1471 4552 1579 4594 tam
1614 4557 1773 4595 manu
1828 4550 1885 4597 et

284 4644 480 4706 armis,
513 4652 695 4709 quam
733 4649 869 4688 voce
889 4643 947 4687 et
977 4632 1158 4699 lingua
1211 4631 1524 4700 pugnabat,
1555 4631 1604 4684 id
1638 4641 1718 4686 est
1750 4646 1879 4687 ora-

285 4735 493 4784 tionem
551 4724 803 4779 fundens
851 4720 921 4773 ad
955 4719 1143 4781 Deum,
1193 4719 1576 4786 prosternebat
1622 4719 1883 4793 inimicos.

278 4823 357 4876 Ita
393 4833 536 4890 ergo
574 4824 638 4869 et
673 4823 753 4877 tu,
790 4811 838 4866 si
871 4810 954 4863 vis
1007 4810 1219 4864 vincere
1251 4808 1528 4873 inimicos,
1566 4807 1708 4862 eleva
1732 4820 1883 4867 actus

348 5010 397 5045 ’⁸
433 5002 628 5062 Exod.
661 5015 814 5057 xui.
853 4998 942 5050 10.
1039 4999 1082 5031 ⁵⁸
1112 4996 1241 5052 ibid.
1277 4998 1367 5050 Η.

276 5094 382 5142 ιιι,
415 5080 514 5137 l‘z,
546 5070 646 5124 £3.
730 5069 751 5097 ⁸
773 5067 916 5142 Phil.
954 5078 1041 5142 tu,
1067 5065 1150 5117 10.
1267 5063 1645 5142 ἱξχοιιλχγει,
1676 5069 1757 5119 16.
1796 5128 1799 5131 λ
1829 5063 1838 5067 ’
1872 5072 1892 5101 ⁷

275 5130 534 5199 “Exod.
572 5151 745 5191 “un.
863 5133 907 5163 ιι
952 5130 975 5183 ι
1004 5135 1125 5188 Cor.
1151 5148 1204 5186 ix
1228 5171 1244 5196 ,
1486 5130 1527 5160 “
1555 5130 1684 5187 Gen.
1712 5130 1855 5194 xxv].

349 5255 472 5321 (66)
506 5254 700 5316 Alias,
741 5269 760 5302 ι
798 5259 1099 5322 orantes.)
1307 5312 1322 5322 ε
1382 5310 1414 5322 Δ,
1498 5317 1508 5322 Δ
1618 5311 1649 5322 __
1705 5294 1725 5322 ζ

516 5311 718 5403 ΑΙίειεζΔ
746 5336 766 5368 ι
797 5322 870 5403 ab
897 5319 1146 5370 omnibus
1177 5330 1236 5368 se
1271 5311 1533 5399 abstinet.
1565 5327 1584 5360 ι
1617 5311 1717 5368 Sed
1750 5332 1882 5372 mss,

276 5406 334 5447 ut
366 5396 421 5445 in
457 5399 672 5443 nostro
705 5396 886 5439 textu.

348 5459 469 5533 (68)
500 5454 946 5533 Luctatorenim
976 5460 1021 5502 et
1053 5447 1447 5533 sypplqgtator,
1501 5453 1603 5500 etc.
1640 5448 1716 5503 Ab
1765 5461 1886 5533 :Py

277 5512 613 5583 “ionicum
650 5522 830 5573 lenuit
860 5528 907 5571 et
948 5512 1316 5584 supplantavit.

348 5597 468 5668 (69)
502 5591 742 5658 Accepit
802 5604 837 5639 α
883 5584 1146 5638 Susachim
1201 5591 1378 5643 regem
1442 5592 1645 5634 uxorem
1685 5583 1872 5638 Theri-

1542 337 1606 391 ΙΝ
1620 371 1628 381 ν
1643 337 1924 394 EXODUM
1961 338 2235 395 HOMILIA
2267 340 2358 395 XI.

3451 339 3561 398 578

1944 465 1987 519 Α
2017 469 2149 519 tuos,
2183 459 2353 512 clama
2379 457 2446 511 ad
2478 457 2639 510 Deum
2661 494 2674 519 ,
2707 461 2764 508 ut
2790 454 2919 509 dicit
2953 453 3236 523 Apostolus
3265 455 3289 487 '
3318 475 3333 509 :
3368 476 3385 508 ι
3412 456 3555 511 Ora-

2020 549 2146 602 tioni
2179 549 2464 608 instantes,
2497 555 2553 599 et
2581 544 2860 614 vigilantes
2888 545 2939 597 in
2966 558 3053 598 ea.
3084 562 3102 595 ι
3132 545 3255 600 Ηαξε
3279 547 3421 599 enim
3465 554 3552 598 est

2014 635 2300 689 Christiani
2340 648 2536 702 pugna,
2560 646 2665 701 qua
2702 640 2918 700 superat
2948 631 3239 686 inimicum.
3288 633 3423 688 Puto
3452 648 3550 686 au—

2017 731 2118 774 tem
2145 721 2283 788 quod
2334 736 2428 789 per
2456 721 2593 773 hanc
2648 719 2872 784 figuram
2904 718 3066 771 etiam
3106 719 3329 771 duorum
3384 733 3551 788 popn.

2013 810 2178 863 lorum
2208 808 2412 876 Moyses
2443 806 2664 859 formam
2699 806 2963 874 designet,
3019 816 3074 860 et
3100 807 3350 861 ostendat
3382 820 3545 860 unum

2011 913 2127 951 esse
2157 897 2403 965 populum
2433 912 2496 948 ex
2532 895 2783 964 gentibus
2814 896 2904 961 qui
2927 895 3098 948 elevet
3132 909 3320 948 manus
3351 893 3543 963 Moysi,

2011 997 2063 1039 et
2088 988 2261 1053 erigat
2286 1001 2375 1038 eas
2395 1024 2409 1049 ,
2436 986 2489 1037 id
2518 994 2601 1038 est
2625 985 2712 1051 qui
2746 984 2798 1037 in
2826 985 3050 1038 sublime
3078 984 3301 1038 estollat
3333 999 3395 1038 ea
3425 998 3544 1053 qua

2009 1075 2223 1140 scripsit
2253 1074 2480 1143 Moyses,
2512 1084 2565 1128 et
2592 1076 2646 1127 in
2673 1075 2883 1128 excelso
2934 1089 3118 1127 eorum
3147 1073 3547 1143 intelligentiam

2009 1171 2204 1215 statuat
2228 1172 2334 1226 ,‘et
2366 1178 2458 1229 per
2486 1165 2584 1217 hoc
2622 1164 2832 1227 vincat;
2865 1163 3023 1216 alium
3059 1170 3237 1215 autem
3275 1176 3393 1217 esse
3426 1160 3544 1231 qui,

2012 1252 2264 1318 quoniam
2294 1267 2393 1305 non
2418 1251 2588 1305 elevat
2612 1268 2799 1305 manus
2822 1252 3009 1321 Moysi,
3034 1265 3133 1305 nec
3163 1251 3373 1306 extollit
3394 1264 3486 1306 cas
3512 1265 3546 1305 ι

2018 1350 2180 1405 terra,
2229 1356 2326 1394 nec
2359 1341 2525 1394 altum
2559 1342 2607 1394 in
2645 1356 2709 1395 eo
2738 1341 2935 1410 aliquid
2964 1351 3019 1394 et
3067 1340 3267 1395 subtile
3296 1340 3547 1395 conside-

2010 1440 2112 1490 rat,
2162 1429 2391 1482 vincitur
2419 1431 2487 1483 ab
2524 1430 2866 1492 adversariis,
2904 1439 2955 1483 et
2989 1429 3372 1497 prosternitur.

2077 1516 2129 1571 5.
2163 1518 2285 1571 Post
2314 1519 2424 1572 hrcc
2456 1519 2603 1572 venit
2640 1519 2704 1570 ad
2735 1527 2963 1571 montem
3000 1519 3088 1570 Dei
3115 1518 3340 1588 Moyses,
3369 1525 3422 1572 et
3453 1532 3547 1574 oe-

2008 1607 2174 1659 currit
2200 1606 2246 1659 ei
2269 1605 2456 1660 Jethro
2488 1621 2641 1660 socer
2674 1622 2803 1661 suus
2832 1607 2895 1658 ¹⁰.
2920 1607 2991 1659 At
3021 1607 3107 1661 ille
3137 1608 3247 1659 exit
3265 1607 3312 1660 ei
3333 1595 3544 1660 obviam

2008 1693 2075 1747 de
2107 1696 2321 1757 castris,
2352 1706 2407 1748 et
2439 1711 2542 1750 non
2568 1710 2687 1750 eum
2720 1697 2864 1749 ducit
2895 1695 2961 1748 ad
3007 1705 3239 1750 montem
3293 1695 3404 1762 Dei,
3444 1695 3542 1750 sed

1938 1787 1978 1842 Β
2008 1783 2150 1837 ducit
2175 1798 2293 1836 eum
2321 1786 2383 1836 ad
2418 1785 2817 1838 tabernaculqu
2854 1799 3029 1839 suum.
3063 1784 3176 1837 Non
3221 1785 3360 1838 enim
3393 1793 3545 1853 pote-

2006 1882 2091 1926 rat
2113 1873 2359 1926 sacerdos
2387 1874 2590 1927 Madian
2619 1876 2911 1929 ascendere
2938 1875 3002 1927 ad
3039 1885 3267 1927 montem
3300 1874 3415 1940 Dei,
3448 1872 3544 1929 sed

2004 1975 2101 2013 nec
2134 1960 2187 2012 in
2236 1960 2525 2031 Egyptum
2555 1964 2880 2016 descendere
2927 1962 3099 2030 potuit
3134 1962 3212 2015 vel
3259 1962 3374 2030 ipse
3399 2001 3414 2024 ,
3461 1962 3543 2016 vel

2006 2063 2139 2101 uxor
2172 2049 2356 2119 Moysi,
2409 2052 2499 2103 sed
2533 2066 2674 2104 nunc
2698 2052 2761 2103 ad
2787 2065 2907 2103 eum
2938 2052 3083 2103 venit
3107 2066 3227 2104 cum
3261 2051 3383 2105 [iliis
3407 2050 3541 2118 ejus.

2004 2136 2115 2189 Non
2150 2140 2288 2189 enim
2318 2147 2491 2204 potest
2513 2140 2840 2192 descendere
2863 2139 2917 2191 in
2942 2137 3252 2208 Egyptum,
3278 2150 3332 2194 et
3358 2142 3544 2194 subire

2005 2242 2199 2294 agones
2224 2226 2523 2296 Egyptios,
2556 2229 2657 2281 nisi
2687 2230 2777 2295 qui
2811 2230 2970 2282 fuerit
2999 2231 3204 2282 athleta
3232 2230 3541 2298 probabilis.

2003 2326 2058 2368 et
2088 2316 2204 2370 talis
2237 2318 2443 2383 Qualem
2472 2317 2599 2369 dicit
2643 2318 2925 2386 Apostolus
2951 2320 3014 2385 “,
3043 2321 3166 2388 quia
3198 2338 3216 2370 ε
3249 2323 3425 2373 onmis
3450 2321 3541 2389 qui

2002 2406 2055 2459 in
2086 2420 2253 2473 agone
2276 2408 2571 2470 contendit,
2602 2407 2666 2460 ab
2696 2409 2947 2462 omnibus
2973 2411 3252 2463 continens
3277 2418 3360 2463 est
3387 2409 3496 2481 (67)
3522 2427 3538 2473 ;

2002 2504 2055 2548 et
2082 2495 2154 2547 illi
2189 2495 2404 2562 quidem
2432 2503 2489 2546 ut
2520 2496 2921 2563 corruptibilem
2955 2512 3210 2550 coronam
3252 2500 3541 2565 accipiant,

2000 2599 2097 2636 nos
2129 2593 2306 2637 autem
2341 2585 2726 2651 incorruptam.
2763 2585 2871 2654 Ego
2904 2586 3066 2654 igitur
3098 2588 3177 2640 sic
3222 2600 3404 2652 curro,
3434 2601 3541 2640 non

2001 2673 2152 2739 quasi
2185 2673 2235 2724 in
2265 2674 2562 2739 incertum;
2586 2675 2663 2728 sic
2687 2688 2881 2743 pugno,
2909 2689 3011 2728 non
3042 2677 3195 2743 quasi
3220 2690 3397 2729 aerem
3421 2688 3542 2728 ver-

2000 2760 2216 2813 berans.
2253 2779 2272 2812 ι
2308 2760 2526 2830 Moyses
2545 2777 2669 2831 ergo
2695 2766 2817 2830 quia
2851 2778 3072 2832 magnus
3112 2773 3230 2817 erat
3264 2771 3317 2816 et
3351 2770 3540 2829 potens

2001 2848 2219 2913 athleta,
2254 2849 2524 2903 descendit
2549 2853 2614 2903 ad
2649 2866 2846 2919 agones
2894 2860 2947 2906 et
2975 2853 3228 2907 exercitia
3257 2853 3533 2906 virtutum.

2003 2938 2105 2990 Sed
2137 2948 2190 2991 et
2220 2938 2491 2993 Abraham
2529 2941 2803 2996 descendit
2832 2943 2882 2995 in
2918 2942 3224 3012 Egyptmu,
3264 2942 3385 3010 quia
3416 2949 3532 2994 erat

2006 3026 2114 3091 ipse
2148 3043 2370 3096 magnus
2400 3039 2454 3082 et
2483 3040 2672 3097 potens
2712 3031 2932 3084 athleta.
2963 3030 3094 3083 Nam
3129 3031 3194 3084 de
3217 3029 3382 3084 Jacob
3406 3031 3535 3099 quid

1926 3095 1966 3150 (ἶ
2001 3118 2167 3169 dicam
2191 3155 2206 3180 ,
2241 3095 2329 3185 qui
2366 3095 2493 3185 ipso
2528 3119 2741 3172 nomine
2778 3122 2971 3174 athleta
3013 3131 3094 3175 est
3145 3122 3226 3174 "‘l
3286 3095 3538 3173 Luctator

1995 3207 2134 3259 enim
2192 3217 2246 3260 et
2303 3211 2666 3276 supplantator
2706 3211 2817 3280 (68)
2872 3213 3273 3279 interpretatur.
3312 3211 3375 3264 Et
3419 3210 3538 3265 ideo

1995 3310 2113 3348 cum
2145 3297 2511 3351 descendisset
2542 3299 2593 3352 in
2623 3302 2958 3369 septuaginta
2993 3301 3231 3368 quinque
3254 3299 3535 3351 animabus

2000 3384 2051 3436 in
2082 3383 2368 3454 Egyptum
2397 3384 2584 3451 Jacob,
2629 3389 2806 3442 factus
2835 3397 2916 3441 est
2945 3389 3086 3441 sicut
3133 3388 3297 3441 stellae
3327 3387 3449 3441 catli
3482 3387 3533 3438 in

1997 3473 2409 3528 multitudinem.
2465 3476 2569 3530 Sed
2601 3494 2789 3533 omnes
2811 3479 2900 3548 qui
2930 3478 3257 3531 descendunt
3283 3477 3334 3528 in
3364 3474 3533 3545 IEgy-

1993 3571 2163 3629 Ριυιηο
2222 3564 2293 3615 ita
2322 3576 2563 3633 pugnant
2611 3576 2665 3620 et
2698 3568 2769 3620 ita
2805 3567 3094 3632 expediunt
3124 3579 3344 3633 agones,
3375 3575 3433 3615 ut
3481 3562 3532 3613 in

1993 3650 2385 3705 tuultitudinem
2416 3655 2562 3719 tiant,
2590 3664 2642 3708 et
2667 3669 2723 3709 ut
2750 3656 2917 3710 stella:
2942 3655 3065 3709 (εωιί
3090 3652 3526 3718 multiplicemur.

1990 3740 2123 3793 Aliis
2157 3740 2208 3792 in
2235 3743 2566 3795 contrarium
2604 3745 2746 3797 cedit
2779 3743 3115 3798 descendisse
3140 3744 3192 3795 in
3217 3738 3529 3808 Ᾱὲωνριυιιι.

1997 3829 2120 3881 Scio
2152 3846 2251 3898 ego
2283 3829 2560 3885 Jeroboam
2594 3832 2879 3901 fugientem
2913 3850 2942 3886 a
2977 3834 3259 3887 Salomone
3305 3833 3532 3886 descen-

1992 3916 2130 3970 disse
2163 3918 2213 3970 in
2257 3918 2560 3988 Egyptum,
2596 3930 2650 3975 et
2680 3938 2783 3975 non
2840 3922 3011 3976 solum
3069 3938 3171 3976 non
3205 3919 3441 3976 crevisse
3473 3919 3531 3974 in

1990 4009 2405 4076 multitudinem,
2437 4012 2528 4087 sed
2566 4019 2619 4064 et
2663 4013 2887 4065 scidisse
2925 4021 2979 4064 et
3019 4011 3319 4081 corrupisse
3363 4025 3531 4079 popu-

1995 4098 2102 4150 lum
2136 4099 2247 4164 Dei,
2279 4100 2400 4166 quia
2441 4100 2773 4154 descendens
2829 4102 2878 4154 iu
2905 4100 3192 4171 Aigyptum
3235 4102 3447 4170 accepit
3497 4120 3529 4158 a

1999 4187 2279 4242 Susachim
2313 4204 2434 4259 rege
2467 4205 2684 4244 uxorem
2722 4191 3060 4244 Thecimena:
3089 4192 3268 4244 uxoris
3298 4192 3412 4260 ejus
3436 4207 3526 4247 so-

1990 4291 2165 4330 rorem
2194 4278 2237 4309 ¹⁸
2265 4278 2394 4346 (69).
2422 4279 2524 4333 Sed
2555 4280 2770 4334 interim
2803 4282 2944 4333 venit
2970 4278 3157 4334 Jethro
3190 4282 3255 4334 ad
3282 4280 3526 4350 Moysen,

1920 4387 1963 4442 ι)
1990 4366 2260 4421 adducens
2289 4382 2470 4422 secum
2500 4368 2661 4421 ﬁliam
2702 4386 2851 4423 suam
2882 4386 3103 4424 uxorem
3152 4370 3339 4440 Moysi,
3371 4379 3425 4424 et
3459 4371 3527 4423 ﬁ-

1990 4456 2089 4510 lios
2123 4456 2253 4523 ejus.
2291 4476 2310 4508 ‹
2343 4459 2402 4511 Et
2440 4461 2585 4514 venit
2613 4499 2628 4527 ,
2661 4462 2834 4531 inquit
2882 4462 2926 4492 ”
2954 4500 2970 4525 ,
3018 4463 3197 4514 Aaron
3252 4471 3305 4515 et
3337 4475 3527 4514 omnes

1933 4550 1940 4559 ‘
1971 4544 2287 4612 .presbyteri
2318 4546 2380 4599 de
2406 4545 2563 4600 Israel
2617 4549 2938 4601 manducare
2971 4562 3159 4614 panem
3191 4562 3307 4600 cum
3336 4560 3526 4601 socero

1988 4632 2152 4704 Moysi
2192 4635 2244 4688 in
2278 4646 2563 4704 conspectu
2596 4636 2708 4691 Dei.
2741 4658 2759 4690 ι
2797 4637 2907 4690 Non
2941 4652 3126 4691 omnes
3157 4651 3344 4702 panem
3373 4650 3525 4689 man-

1989 4727 2183 4781 ducant
2211 4728 2259 4779 in
2296 4738 2586 4797 conspectu
2615 4726 2749 4795 Dei,
2782 4730 2873 4782 sed
2916 4729 3004 4797 qui
3032 4725 3332 4796 presbyteri
3366 4731 3523 4789 sunt,

1987 4817 2077 4885 qui
2111 4819 2367 4884 seniores,
2398 4821 2486 4887 qui
2522 4817 2741 4887 Perfecti
2777 4827 2939 4885 sunt,
2970 4828 3023 4872 et
3054 4816 3260 4870 meritis
3288 4813 3522 4884 probati,

1444 4996 1463 5069 ξ
1500 4995 1600 5048 lsa.
1634 5013 1753 5058 va.
1785 5001 1842 5067 2,
1873 5012 1921 5055 et
1954 5005 2104 5058 Rom.
2132 5024 2184 5069 κ,
2214 5006 2303 5058 2|.
2377 5009 2397 5036 ³
2434 5005 2569 5058 Psal.
2611 5020 2731 5069 exn,
2763 5003 2816 5056 2.
2891 5003 2913 5035 ⁸
2947 5000 3129 5056 lTim.
3166 5015 3226 5053 ll.
3300 4998 3324 5031 δ
3354 4996 3516 5069 Hebr.

1924 5073 1943 5126 Ι
1980 5062 2183 5127 Thess;
2227 5091 2255 5126 ν
2275 5113 2288 5136 ,
2337 5077 2421 5131 16.
2532 5076 2551 5105 ⁸
2581 5062 2737 5126 Num.
2762 5086 2895 5134 χιιι,
2929 5072 2983 5123 4.
3088 5071 3108 5102 ⁸
3129 5069 3337 5124 Coloss.
3363 5080 3434 5132 IV,
3458 5062 3515 5117 2.

1979 5143 2018 5173 ⁸³
2042 5142 2102 5196 Ill
2136 5145 2266 5214 Reg.
2293 5158 2352 5196 tt.
2460 5144 2506 5176 “
2530 5142 2697 5196 Exod.
2729 5155 2851 5204 xui,
2881 5138 2965 5195 12.

1991 5274 2151 5312 meme
2178 5256 2495 5329 uxoris;qu
2533 5271 2780 5329 sororem.
2830 5254 2934 5307 Aut
2983 5250 3383 5329 Origene-aaut
3415 5243 3515 5329 in-

1990 5335 2196 5395 terpres
2221 5326 2334 5395 ejus
2368 5315 2589 5378 Ruﬁnus
2622 5325 2730 5395 hoc
2751 5323 2865 5395 loco
2918 5315 3170 5395 memoria
3203 5315 3516 5395 lapsas

1987 5376 2603 5460 uoﬁ'éﬁiiirici-onoam,
2641 5392 2732 5444 sed
2778 5390 2919 5441 Ader
2953 5383 3157 5460 accepit

1989 5442 2112 5530 fr'eig'é
2135 5442 2380 5520 iiiéie'ai’
2400 5442 2738 5516 'Thecimena:
2762 5468 3018 5511 sororem.
3054 5442 3182 5502 Vide
3208 5442 3269 5496 Ill
3295 5442 3425 5511 Regi
3454 5454 3517 5507 tl,

1984 5528 2071 5584 19.
