3948 6256
258 290 363 344 379

265 405 361 472 ipsi
401 397 720 467 manducant
751 404 940 463 panem
977 389 1028 442 in
1056 389 1342 453 conspectu
1379 377 1514 441 Dei,
1566 371 1655 441 qui
1697 369 1793 422 obs

263 463 480 546 servant
512 463 639 539 illud
670 482 809 550 quod
839 476 1126 546 Apostolus
1155 473 1281 527 dicit
1312 471 1351 501 ¹⁸
1385 485 1400 528 ;
1439 485 1456 516 ι
1499 463 1624 517 Sive
1654 473 1798 512 man-

265 579 496 640 ducatis,
527 576 641 629 sive
665 549 863 634 bibitis,
889 570 1001 622 sive
1052 565 1192 618 aliud
1224 561 1352 630 quid
1394 557 1592 619 facitis,
1619 549 1796 603 omnia

267 669 332 722 ad
379 667 602 736 gloriam
641 662 730 715 Dei
782 659 962 711 facite.
997 675 1014 706 ι
1052 653 1240 708 Omnia
1292 662 1416 715 ergo
1449 658 1564 712 qua:
1598 641 1800 693 faciunt

270 757 469 818 sancti,
502 756 556 807 in
605 757 890 817 conspectu
939 746 1026 798 Dei
1063 743 1279 796 faciunt.
1327 738 1579 790 Pcecator
1624 739 1798 782 autem

270 860 302 898 a
354 847 644 909 conspectu
693 837 781 890 Dei
838 835 988 902 fugit.
1049 831 1283 895 Denique
1350 824 1603 890 scriptum
1668 826 1749 870 est
1786 853 1799 874 .

270 931 393 998 quia
426 928 615 989 Adam,
645 933 926 992 postquam
960 917 1238 986 peccavit,
1271 911 1400 978 fugit
1432 924 1460 960 a
1514 911 1803 970 conspectu

271 995 389 1079 Dei,
420 1023 474 1067 ct
520 1014 883 1077 interrogatus
925 1002 1191 1072 respondit
1225 1001 1299 1051 “z
1357 1017 1374 1048 ι
1410 995 1595 1049 Audivi
1625 1005 1803 1044 vocem

275 1115 440 1167 tuam,
465 1112 517 1155 et
552 1099 799 1154 abscondi
834 1112 917 1149 me
947 1094 1070 1161 quia
1106 1106 1250 1146 eram
1307 1088 1498 1141 nudus.
1555 1103 1572 1134 ι
1626 1082 1728 1134 Sed
1753 1087 1806 1133 et

273 1195 406 1246 Cain
433 1200 712 1260 postquam
750 1202 846 1256 pro
897 1182 1194 1238 fratricidio
1225 1177 1334 1246 ('70)
1369 1175 1746 1229 condemnatus
1775 1181 1806 1220 a

276 1281 385 1332 Deo
410 1254 512 1339 est,
556 1254 585 1326 ι’
607 1254 763 1336 exiit,
786 1273 958 1338 inquit
983 1271 1048 1332 ³⁷,
1084 1283 1112 1320 a
1149 1266 1282 1318 facie
1319 1263 1437 1324 Dei,
1469 1269 1521 1312 et
1550 1254 1807 1310 habitavit

278 1371 330 1422 in
360 1378 497 1420 terra
523 1365 674 1417 Naid.
713 1383 728 1413 ι
766 1364 907 1414 Exiit
937 1375 1060 1426 ergo
1088 1373 1115 1409 a
1145 1356 1279 1408 facie
1309 1353 1420 1410 Dei,
1450 1349 1536 1416 qni
1563 1346 1809 1413 indignus

277 1469 358 1512 est
381 1465 667 1522 conspectu
699 1453 810 1505 Dei.
845 1449 1032 1504 Sancti
1061 1458 1236 1499 autem
1276 1442 1594 1496 manducant
1645 1444 1697 1488 et
1731 1434 1810 1486 bi-

278 1547 411 1600 bunt
439 1547 488 1597 in
521 1550 809 1609 conspectu
860 1539 992 1600 Dei,
1042 1544 1096 1590 et
1144 1533 1319 1588 omnia
1349 1544 1466 1599 qua:
1511 1534 1712 1594 agunt,
1757 1523 1807 1574 in

277 1642 562 1702 conspectu
622 1631 735 1696 ejus
791 1637 974 1696 agent.
1026 1625 1136 1692 Ego
1177 1621 1401 1688 amplius
1442 1617 1610 1669 adhuc
1639 1615 1808 1665 locum

278 1734 592 1792 praesentem
627 1720 960 1781 discutiens,
1011 1714 1165 1766 video
1213 1710 1336 1778 quia
1387 1707 1472 1773 qui
1526 1704 1812 1772 pleniorem

282 1814 562 1868 scientiam
605 1812 697 1863 Dei
751 1808 1022 1874 accipiunt
1068 1813 1122 1856 et
1163 1801 1369 1868 plenius
1402 1796 1591 1847 divinis
1627 1789 1810 1844 imbuti

282 1910 409 1956 sunt
437 1898 754 1966 disciplinis,
786 1897 872 1948 isti
903 1894 1061 1946 etiam
1094 1892 1137 1943 si
1171 1887 1363 1941 malum
1392 1885 1609 1944 faciunt,
1635 1894 1815 1932 coram

284 1991 390 2042 Deo
423 1989 648 2050 faciunt,
678 1995 729 2037 et
765 1986 813 2036 in
848 1988 1138 2049 conspectu
1173 1976 1285 2043 ejus
1317 1974 1533 2033 faciunt,
1566 1971 1700 2022 sicut
1730 1968 1818 2019 ille

285 2078 421 2131 dixit
445 2077 485 2106 ¹⁸
519 2094 532 2128 ;
569 2092 588 2124 ‹
639 2071 756 2126 Tibi
802 2071 896 2123 soli
949 2066 1190 2136 peccavi,
1222 2072 1274 2117 et
1327 2061 1523 2114 malum
1553 2070 1733 2111 coram
1769 2064 1820 2106 te

284 2164 407 2218 feci.
451 2181 468 2212 ι
501 2162 636 2226 Quid
666 2174 792 2227 ergo
838 2157 956 2225 plus
978 2155 1139 2208 habet
1162 2153 1252 2220 qui
1282 2150 1476 2203 malum
1506 2160 1684 2199 coram
1716 2145 1820 2196 Deo

285 2253 447 2307 facit?
478 2250 606 2304 Illud
639 2247 874 2315 profecto
909 2243 1046 2310 quod
1094 2241 1345 2294 continuo
1387 2236 1625 2305 poenitet,
1658 2243 1709 2284 et
1741 2231 1822 2282 di-

287 2346 362 2398 cit
389 2344 430 2376 “
458 2358 470 2392 :
511 2359 528 2390 ι
563 2338 806 2392 Peccavi.
842 2354 859 2385 ι
899 2334 996 2398 Qui
1027 2342 1201 2384 autem
1231 2327 1454 2381 discedit
1479 2340 1507 2376 a
1540 2330 1822 2389 conspectu

290 2432 408 2497 Dei,
456 2429 629 2483 nescit
678 2424 938 2486 converti,
975 2429 1027 2475 et
1060 2426 1332 2489 peccatum
1369 2413 1673 2482 posuitcndo
1703 2427 1828 2478 pur-

291 2535 433 2590 gare.
461 2519 569 2572 Hoc
597 2531 723 2584 ergo
758 2515 1011 2575 interest,
1051 2507 1243 2561 malum
1272 2518 1450 2557 coram
1489 2501 1596 2552 Deo
1627 2499 1822 2560 facere,

293 2620 345 2665 et
373 2625 402 2664 a
439 2609 533 2663 Dei
571 2615 852 2671 conspectu
885 2619 987 2656 non
1017 2598 1326 2654 discessisse
1353 2600 1685 2662 peccantem.

361 2701 412 2752 6.
456 2697 559 2750 Sed
590 2702 646 2747 ut
674 2694 824 2746 video
869 2690 1051 2744 Jethro
1097 2703 1198 2741 non
1242 2685 1439 2737 frustra
1471 2682 1616 2734 venit
1673 2679 1822 2746 171

294 2788 361 2841 ad
414 2787 649 2854 Moysen,
701 2797 798 2835 nec
845 2781 1039 2832 frustra
1092 2775 1434 2830 manducavit
1479 2785 1668 2840 panem
1709 2783 1828 2820 cum

297 2876 602 2931 senioribus
629 2872 804 2940 populi
851 2872 900 2924 in
941 2877 1230 2936 conspectu
1283 2864 1513 2919 Domini.
1561 2853 1659 2912 Dat
1687 2859 1829 2911 enim

300 2963 580 3017 consilium
630 2959 791 3027 Moysi
831 2955 1104 3024 probabile
1135 2953 1265 3007 satis
1297 2961 1349 3004 et
1378 2951 1538 3013 utile,
1589 2956 1647 3000 ut
1674 2947 1832 3012 eligat
1859 2986 1900 3041 C

298 3051 466 3112 viros,
506 3059 558 3102 et
601 3049 886 3100 constituat
918 3043 1185 3112 principes
1216 3038 1392 3109 p0puli
1419 3076 1433 3099 ,
1481 3037 1626 3087 viros
1671 3036 1831 3085 Deum

301 3137 534 3190 colentes
561 3173 575 3197 ,
625 3134 767 3187 viros
799 3140 1043 3200 potentes
1069 3170 1082 3195 ,
1118 3139 1171 3184 et
1215 3128 1459 3180 odientes
1502 3121 1830 3188 superbiam.

304 3227 461 3280 Tales
491 3225 630 3277 enim
661 3231 872 3291 oportet
900 3235 1020 3275 esse
1056 3219 1322 3288 principes
1353 3211 1553 3280 populi,
1596 3211 1686 3277 qui
1732 3224 1836 3261 non

307 3312 474 3366 solum
507 3310 719 3377 superbi
759 3325 858 3362 non
903 3309 1040 3371 sint,
1073 3305 1166 3359 sed
1208 3311 1256 3356 et
1290 3301 1378 3370 qui
1409 3299 1620 3352 oderint
1647 3311 1837 3363 super-

307 3404 475 3463 biam,
514 3400 566 3453 id
612 3409 692 3452 est
755 3409 811 3451 ut
853 3411 954 3450 non
989 3395 1157 3450 solum
1191 3392 1288 3460 ipsi
1321 3391 1520 3453 absque
1549 3388 1677 3440 vitio
1711 3387 1837 3450 sint,

311 3493 403 3546 sed
441 3501 494 3545 et
533 3493 582 3544 in
633 3491 752 3543 aliis
808 3488 1018 3542 oderint
1069 3485 1216 3537 vitia.
1270 3481 1381 3534 Non
1431 3479 1673 3532 homines
1722 3477 1841 3529 dico

309 3582 504 3644 odisse,
557 3581 648 3633 sed
709 3579 874 3631 vitia:
909 3575 1016 3628 «Et
1059 3571 1353 3631 ordinabis,
1409 3568 1582 3636 inquit
1633 3565 1699 3631 ³ο,
1749 3581 1842 3618 eos

312 3671 590 3729 tribunos,
621 3679 673 3720 ct
708 3665 1051 3724 centuriones
1077 3701 1092 3725 ,
1140 3668 1194 3713 et
1239 3657 1744 3727 quinquagenarios,
1793 3663 1844 3707 et

313 3762 565 3820 decanos,
595 3766 646 3810 et
672 3755 985 3826 judicabant
1022 3750 1274 3820 populum
1319 3748 1461 3801 omni
1503 3747 1652 3800 hora.
1709 3744 1843 3798 Ver-

313 3852 439 3903 bum
484 3857 660 3901 autcm
710 3845 847 3914 quod
884 3843 1102 3913 gravius
1144 3839 1303 3892 fuerit
1345 3837 1573 3890 referent
1622 3835 1685 3887 ad
1717 3842 1784 3887 te.
1823 3851 1840 3884 ι

315 3941 546 3993 Audiant
574 3936 837 4004 principes
867 3931 1040 3998 populi
1074 3939 1127 3982 ct
1176 3926 1470 3996 presbyteri
1511 3923 1698 3991 plebis,
1724 3923 1847 3989 quia

317 4028 514 4080 debent
571 4023 712 4079 omni
764 4023 891 4073 hora
940 4018 1190 4086 populum
1226 4015 1498 4082 judicare,
1547 4026 1758 4078 semper
1798 4018 1851 4063 et

319 4115 435 4169 sine
464 4108 858 4165 intermissione
886 4106 1072 4158 sedere
1097 4106 1148 4156 in
1169 4102 1392 4171 judicio,
1431 4099 1684 4152 dirimere
1711 4098 1847 4162 lites,

1665 253 1818 311 OBlG
1827 249 1976 303 ENlS

1823 369 1864 424 Α
1895 360 2116 431 genarii,
2143 356 2358 427 praesint
2389 339 3017 414 minoribusjudiciis,
3058 341 3254 401 quae.
3298 321 3404 376 ad
3445 312 3791 385 singulos

2946 427 2986 431 -
3343 423 3360 431 _
3403 427 3504 431 μω
3599 408 3791 431 ,ηηω

3644 197 3788 252 380

2946 427 3142 480 Puto
3217 432 3325 470 an
3343 423 3508 465 tem
3599 408 3689 459 ικι
3703 417 3792 455 nc

1895 464 2130 521 quosque
2176 446 2447 516 pertinent
2501 440 2872 496 dirimentes.

3177 517 3407 559 smcu
3421 499 3500 549 lo
3541 492 3796 546 Eccle-

1897 542 2066 608 ipsam
2091 539 2314 604 figuram
2347 546 2452 584 non
2483 527 2662 581 solum
2697 523 2757 574 in
2792 511 3121 588 praesenti

1898 584 2066 608 ἰ’-ε·-η-
2091 584 2243 604 --ο--τ
2268 584 2294 585 η
2794 584 2806 588 -

1897 631 1991 682 siae
2020 629 2219 686 datam,
2245 633 2434 674 verum
2471 617 2636 670 etiam
2671 615 2724 665 in
2757 610 2984 663 futuro
3016 591 3557 655 servandam-
3604 584 3786 638 Audi

1900 674 2292 783 denique—quid
2339 706 2605 759 Dominus
2641 702 2794 754 dicat
2831 699 2892 750 in
2948 682 3404 754 Evangelia
3457 695 3479 730 :
3545 692 3574 725 ι
3614 674 3790 727 Cum

1901 807 2122 869 sederit,
2177 801 2352 869 inquit
2403 799 2472 860 δι,
2507 794 2685 848 Filius
2744 783 3037 842 hominis
3111 786 3376 843 super
3437 769 3785 821 thronum

1903 896 2086 966 glorise
2115 907 2223 946 suae
2243 930 2259 955 ,
2294 885 2557 942 sedebitis
2585 892 2638 935 et
2665 894 2772 932 vos
2809 887 3012 943 super
3075 859 3529 922 duodecim
3595 855 3791 906 thro-

2856 965 2861 966 ⁷
3097 957 3123 966 “’
3349 950 3368 966 Ι
3474 965 3479 966 γ
3579 941 3791 966 ἰῖξιιρι.

1903 941 2019 1048 ξοδ,
2071 983 2379 1051 iudicantes
2433 971 2728 1028 duodecim
2789 941 3007 1018 tribus
3097 950 3402 1009 Israel.
3465 965 3494 1000 ι
3579 941 3800 996 Vides

1905 1087 2033 1141 ergo
2069 1071 2192 1139 quia
2241 1082 2346 1120 non
2396 1064 2574 1117 solum
2613 1057 2899 1111 Dominus
2964 1045 3350 1116 judicat,
3405 1035 3536 1088 cui
3582 1046 3802 1085 omne

3019 1134 3036 1141 -
3151 1131 3204 1141 .-
3489 1127 3553 1141 _.
3621 1116 3799 1141 ,κη

1902 1116 2156 1228 judicitlm
2192 1155 2354 1207 Pater
2387 1149 2558 1210 dedit,
2584 1145 2683 1198 sed
2721 1150 2783 1195 et
2815 1131 3218 1192 constituit
3276 1123 3440 1178 sibi
3481 1127 3564 1175 et
3619 1116 3801 1170 alios

1907 1213 2176 1319 principes
2209 1243 2298 1310 qui
2327 1239 2574 1309 judicent
2617 1229 2897 1302 populum
2957 1224 3046 1277 de
3090 1213 3571 1273 minoribus
3629 1223 3802 1262 cau-

1909 1301 2136 1405 sis(72'),
2169 1301 2388 1386 vei-bum
2422 1301 2790 1390 autemquod
2823 1315 3114 1386 gravius
3162 1307 3429 1361 fuerit
3472 1301 3802 1356 referant

1911 1430 1975 1484 ad
2008 1430 2203 1496 ipsum.
2250 1421 2464 1474 Idcirco
2507 1414 2726 1467 dicebat
2763 1418 2824 1462 et
2883 1403 3271 1468 Dominus
3320 1398 3425 1451 de
3477 1393 3801 1463 quodam

1912 1520 2146 1588 quidem,
2188 1512 2311 1580 quia
2373 1528 2389 1558 ι
2423 1521 2548 1560 reus
2586 1503 2694 1556 erit
2725 1496 3066 1554 consilio,’
3109 1494 3219 1546 de
3292 1489 3462 1542 alio
3521 1493 3800 1548 autem,

1919 1629 1936 1660 ι
1977 1623 2098 1661 rcus
2131 1605 2236 1657 erit
2269 1597 2475 1670 judicio
2499 1634 2513 1658 ,
2542 1613 2558 1646 ι
2597 1602 2654 1646 et
2687 1591 2755 1644 de
2799 1587 2952 1650 alio,
3008 1602 3033 1633 ι
3070 1597 3276 1635 reus
3320 1578 3487 1632 erit
3523 1575 3796 1644 gehen-

1843 1688 1884 1741 Β
1916 1717 1994 1753 na:
2029 1698 2164 1767 ignis
2186 1667 2305 1748 ³³.)
2344 1688 2450 1744 Sed
2481 1685 2626 1740 etde
2667 1679 2829 1734 omni
2866 1675 3085 1728 verbo
3136 1671 3424 1725 otioso
3489 1667 3810 1720 dicimur

1914 1762 2208 1860 praestaturi
2239 1783 2501 1837 rationem
2529 1816 2542 1839 ,
2573 1783 2630 1829 et
2665 1787 2782 1824 non
2818 1766 2988 1821 dixit
3025 1765 3226 1832 quia
3279 1762 3454 1814 Deo
3499 1766 3810 1828 praesta-

1916 1845 2087 1930 bimus
2123 1872 2411 1932 rationem,
2442 1865 2587 1917 sicut
2635 1860 2704 1912 de
2739 1854 3035 1926 perjurio
3084 1851 3305 1905 dicit
3349 1849 3421 1880 ’³
3469 1866 3488 1900 :
3553 1865 3578 1897 ι
3621 1845 3806 1898 Red-

1917 1969 2012 2019 des
2069 1972 2247 2014 autem
2297 1955 2525 2010 Domino
2579 1948 2927 2016 iuramenta
3011 1951 3182 1995 tua.
3237 1958 3271 1992 ι
3376 1936 3664 1991 Verum
3740 1945 3810 1988 et

1924 2075 1941 2105 ι
1971 2053 2151 2121 regina
2193 2045 2366 2099 austri
2403 2049 2590 2109 surget
2628 2039 2684 2090 in
2718 2034 2959 2102 judicio
2995 2046 3185 2084 cum
3235 2029 3447 2081 viris
3503 2039 3810 2104 genera-

1925 2145 2082 2197 tionis
2113 2139 2293 2208 hujus,
2324 2143 2376 2188 et
2406 2126 2814 2186 condemnabit
2859 2139 2976 2178 eos
3009 2123 3101 2175 ’⁸.
3152 2141 3183 2173 ι
3233 2121 3452 2174 Ecce
3505 2128 3578 2172 et
3621 2115 3809 2171 aliud

1915 2231 2098 2297 judicii
2127 2205 2316 2296 genus.
2341 2221 2470 2287 «Qui
2499 2219 2666 2271 habet
2698 2228 2876 2266 aures
2910 2210 3286 2265 audiendi
3326 2208 3613 2262 audiat
3674 2205 3806 2260 ³³.»

1925 2321 2047 2374 [hec
2085 2318 2226 2370 enim
2250 2313 2433 2366 omnia
2466 2319 2626 2376 typus
2678 2313 2737 2357 et
2782 2303 3013 2355 umbra
3070 2309 3277 2353 sunt
3346 2297 3811 2362 cmlestium,

1923 2421 1975 2464 et
2015 2409 2190 2472 imago
2228 2403 2550 2454 futurorum.
2614 2393 2827 2447 Verum
2879 2392 3065 2444 sicut
3150 2391 3572 2459 scriptum
3647 2387 3816 2455 legi-

1928 2517 2042 2555 mus
2098 2500 2164 2562 '°,
2222 2495 2348 2569 quia
2400 2510 2417 2542 ι
2452 2506 2558 2543 non
2611 2486 2869 2540 satiatur
2924 2484 3204 2537 oculus
3257 2485 3617 2540 videndo
3686 2499 3815 2538 nec

1928 2592 2072 2645 auris
2118 2585 2385 2640 audiendo
2417 2579 2602 2650 (⁸75).»
2664 2592 2770 2631 nec
2835 2592 2951 2629 nos
3031 2577 3337 2628 satiari
3413 2590 3817 2643 possumus

1929 2679 2182 2735 intuendo
2229 2684 2283 2727 et
2324 2667 2726 2726 considerando
2771 2681 2911 2734 quae
2965 2665 3284 2732 scripta
3356 2673 3545 2720 sunt
3579 2705 3599 2730 ,
3648 2674 3821 2733 quot

1930 2789 1994 2825 ex
2024 2767 2410 2837 partibusnos
2456 2759 2772 2820 azdificcnt,
2835 2757 3126 2824 quantis
3214 2774 3376 2812 nos
3438 2760 3823 2812 instruant

1931 2858 2122 2912 modis.
2171 2851 2378 2905 Etenim
2421 2863 2545 2900 cum
2586 2845 2878 2914 perspicio
2943 2846 3153 2912 quod
3233 2847 3568 2917 Bioyses
3651 2862 3818 2918 pro-

1935 2950 2090 3015 pheta
2133 2945 2244 2996 Deo
2287 2941 2500 3008 plenus,
2533 2936 2620 2990 cui
2657 2936 2809 2986 Deus
2839 2932 3014 2987 facie
3058 2938 3160 2988 ad
3209 2937 3520 2992 facient
3568 2939 3822 3006 loque-

1937 3037 2112 3097 batur,
2142 3030 2423 3084 consilium
2459 3023 2721 3090 accepita
2747 3019 2970 3076 Jetliro
3009 3028 3461 3080 sacerdote
3497 3028 3825 3093 Marii-an,

1935 3118 2287 3174 admiratione
2321 3113 2486 3165 nimia
2515 3119 2804 3175 stuporem
2840 3112 3102 3164 mentis
3186 3114 3565 3170 incurro.
3638 3117 3831 3171 Dicit

1936 3209 2076 3262 enim
2125 3203 2401 3269 Scriptura
2458 3199 2547 3248 ’τε
2601 3215 2619 3246 ι
2653 3196 2724 3248 Ει
2789 3197 3042 3252 audivit
3133 3201 3477 3273 Bloyses
3574 3221 3830 3262 vocem

1938 3295 2108 3352 soceri
2138 3293 2243 3355 sui,
2276 3300 2328 3343 et
2359 3289 2492 3343 fecit
2523 3302 2884 3354 quzccunque
2922 3289 3100 3342 dixit
3147 3295 3266 3348 ci-
3332 3316 3361 3347 ι
3438 3296 3611 3354 Non
3653 3302 3835 3354 dixit

1940 3387 2061 3456 quia
2096 3383 2222 3437 mihi
2258 3381 2399 3434 Deus
2445 3378 2723 3445 loquitur,
2782 3386 2843 3429 et
2881 3379 3049 3444 quid
3117 3399 3387 3451 agere
3457 3391 3776 3445 debeam

1941 3429 2061 3456 Ψ..-
2258 3429 2395 3434 --η
2478 3429 2481 3430 ν
2521 3429 2534 3445 .
2709 3429 2722 3440 .
2903 3429 3047 3444 ,ηρ
3118 3429 3157 3433 -κ
3237 3429 3387 3441 ...υ
3457 3429 3776 3445 eum.-."

1941 3474 2147 3532 caelesti
2180 3473 2244 3525 ad
2273 3483 2356 3523 me
2384 3482 2639 3520 sermone
2668 3466 2962 3534 defertur,
3001 3479 3075 3523 et
3123 3429 3560 3540 qtnomodo
3596 3429 3840 3539 censi:

1944 3568 2072 3619 liutn
2120 3563 2186 3616 ab
2229 3559 2451 3613 homine
2482 3557 2778 3643 accipiam,
2841 3566 2902 3610 et
2963 3559 3057 3613 ab
3128 3563 3488 3625 honline
3551 3575 3802 3643 gentili

2260 3646 2391 3714 .pulo
2423 3644 2515 3695 Dei
2541 3643 2564 3695 ?
2599 3641 2710 3695 Sed
2741 3643 2909 3696 audit
2941 3615 3240 3717 voce";
3547 3615 3841 3718 ἒξ

1945 3740 2122 3796 omnia
2155 3752 2273 3806 qua:
2302 3735 2458 3796 dicit,
2492 3743 2678 3786 etnon
2721 3735 2852 3799 quis
2879 3699 3808 3817 dicat;_—s-e::1:id.di;;i

1947 3827 2233 3883 auscultat.
2263 3824 2417 3879 Unde
2445 3831 2504 3876 et
2534 3837 2634 3874 nos
2658 3824 2703 3874 si
2741 3821 2896 3876 forte
2927 3795 3377 3895 aliqdalnfo

1950 3917 2149 3985 aliquid
2179 3914 2455 3982 sapienter
2487 3927 2517 3963 ιι
2544 3911 2853 3979 gentilibus
2886 3914 3210 3986 dictum,
3252 3941 3432 3984 non
3482 3936 3847 3991 continuo

1950 4022 2071 4062 cum
2114 4001 2348 4056 auctoris
2397 4001 2616 4053 nomine
2674 4013 2962 4066 spernere
3005 4005 3427 4074 debemus
3489 4033 3572 4077 et
3623 4026 3776 4080 dict

1951 4042 2071 4062 μυ...
2114 4042 2348 4056 ..μων-..ι
2398 4042 2616 4053 ..ν-η---ν
2674 4042 2962 4066 -νν---ν-ιι
3005 4042 3427 4074 υνυςιιιυδ
3489 4042 3572 4077 et
3623 4042 3846 4093 aucta,

1951 4112 2049 4150 nec
2076 4108 2170 4161 pro
2195 4106 2258 4146 eo
2289 4090 2431 4157 quod
2460 4089 2633 4156 legem
2672 4103 2703 4139 a
2753 4087 2874 4143 Deo
2909 4091 3154 4150 dolatu
3204 4111 3635 4171 tenemus.
3672 4130 3846 4171 con-

3611 4155 3635 4180 .
3672 4147 3848 4171 υυιι-

323 4199 669 4255 reconciliare
690 4194 1027 4253 dissidentes,
1055 4194 1106 4244 in
1132 4191 1355 4258 gratiam
1381 4202 1628 4242 revocare
1652 4188 1853 4240 discor—
1951 4185 2098 4240 venit
2127 4196 2222 4235 nos
2251 4189 2455 4232 tumere
2483 4178 2767 4245 superbia,
2819 4188 2881 4232 et
2907 4195 3297 4249 spernere
3352 4178 3623 4259 verba—
3682 4221 3817 4276 pr“

321 4290 413 4341 des
444 4284 575 4355 (71).
607 4284 786 4336 Discat
828 4283 1189 4349 unusquisque
1227 4294 1292 4333 ex
1321 4277 1610 4344 Scripturis
1651 4278 1853 4332 sanctis
1882 4292 1927 4349 ι)
1957 4275 2228 4334 dentium,
2283 4269 2376 4323 sed
2425 4270 2567 4321 sicut
2613 4268 2930 4336 Apostolus
2999 4273 3204 4332 dicit
3301 4289 3378 4318 as

322 4375 550 4430 olIicium
581 4386 758 4424 suum.
795 4370 1024 4439 Moyses,
1055 4370 1246 4438 inquit,
1273 4377 1329 4420 ut
1356 4368 1423 4420 sit
1453 4367 1503 4419 in
1533 4367 1612 4419 his
1643 4382 1761 4435 quae
1786 4368 1851 4422 ad

326 4466 488 4517 Deum
523 4469 665 4524 sunt,
697 4469 749 4514 et
779 4461 997 4513 verbum
1029 4461 1117 4512 Dei
1158 4459 1426 4511 edisserat
1474 4455 1684 4524 populo.
1739 4456 1853 4510 Ca:-

327 4551 423 4604 tcri
453 4558 628 4600 autem
676 4545 944 4614 principes
973 4559 1105 4613 quos
1152 4543 1418 4612 appellant
1451 4543 1691 4594 tribunos
1724 4538 1868 4612 (tri-3

325 4638 451 4692 boni
497 4636 636 4689 enim
666 4649 730 4686 ex
780 4647 843 4687 eo
877 4633 1146 4694 dicuntur,
1192 4631 1330 4700 quod
1377 4631 1535 4683 tribui
1581 4630 1853 4700 praesint),

2283 4295 2376 4323 ﬁcu
2425 4295 2567 4321 διυυι
2613 4295 2930 4336 ειμυδιυιυδ
2999 4295 3204 4332 υιίιιι
3301 4295 3378 4318 118
3425 4309 3447 4323 .
3585 4295 3652 4350 0
3788 4299 3804 4311 .

2230 4376 2237 4387 ο
2291 4358 2429 4387 [CQ-Illi
2466 4359 2665 4387 iur-num
2712 4366 2795 4387 nol
2829 4367 3132 4387 Ιι-ιηιι...ΑΔ
3347 4380 3389 4387 Δ
3423 4331 3449 4345 -
3479 4311 3532 4387 *ι

1959 4364 2260 4433 probantes,
2289 4358 2431 4426 quod
2466 4359 2667 4411 bonum
2710 4366 2797 4411 est
2829 4367 3183 4425 tenentes-
3239 4397 3272 4430 ι
3334 4380 3551 4448 Quis
3607 4397 3858 4446 autem

1958 4455 2117 4508 hodie
2140 4467 2324 4506 eorum
2363 4451 2454 4517 qui
2493 4451 2713 4519 populis
2754 4468 3036 4521 prtesuut
3069 4499 3088 4527 ,
3140 4480 3322 4526 non
3366 4479 3559 4534 dico
3601 4481 3668 4536 si
3714 4484 3856 4538 iam

1960 4501 2114 4598 ;l'i""
2146 4501 2323 4555 ’ξ
2374 4501 2398 4517 ⁷⁸
2444 4501 2454 4504 “
2494 4501 2710 4519 τ“τ“””
2755 4501 3036 4521 r""‘""
3069 4501 3088 4527 ι
3140 4501 3322 4526 "VII
3366 4501 3559 4534 UICO
3601 4501 3668 4536 sn
3704 4501 3809 4554 lar

2031 4561 2133 4613 qua
2163 4559 2212 4597 ei
2250 4559 2279 4596 a
2307 4543 2431 4636 Deo
2452 4541 2694 4596 revelata
2721 4553 2895 4610 sunt,
2948 4551 3070 4604 sed
3117 4555 3208 4610 in
3269 4563 3488 4636 legis
3534 4576 3809 4634 scienti

1966 4637 2163 4704 aliquid
2207 4635 2387 4688 meriti
2422 4635 2620 4696 habet,
2651 4636 2965 4691 consilium
3003 4595 3252 4715 dial-1.3
3268 4595 3864 4725 ἱῐῗιῖηδιζιιξὲἱέἒ

328 4726 504 4783 caeteri
543 4739 670 4794 ergo
712 4722 929 4790 tribuni,
958 4721 1042 4777 vel
1071 4721 1437 4787 centuriones,
1470 4719 1552 4773 vel
1599 4722 1858 4789 quinqua-
1967 4727 2152 4781 sane",
2184 4725 2480 4780 sacerdotis
2515 4726 2820 4795 accipere?
2865 4732 3112 4791 nedum
3188 4745 3480 4808 dixe...
3604 4719 3661 4815 -ι
3686 4719 3783 4774 Ἶ-

3461 4773 3574 4812 Im
3663 4763 3804 4815 λιρί

3663 4776 3811 4819 aici
3843 4803 3866 4830 ,

405 4915 446 4946 ιδ
477 4910 492 4962 l
527 4910 646 4963 Cor.
692 4927 746 4973 κ,
786 4912 873 4963 51.
987 4911 1028 4941 ¹⁶
1061 4908 1192 4963 Gen.
1232 4923 1311 4971 ιιι,
1349 4907 1435 4959 10.
1549 4906 1589 4935 ¹⁷
1623 4905 1815 4959 Cenes.

2260 4902 2372 4973 'sal.
2389 4917 2455 4973 ⁸ιί,
2494 4901 2548 4954 4.

332 4999 475 5043 xvnt,
509 4979 572 5031 21
646 4980 687 5011 ³¹
718 4971 900 5031 Matth.
941 4995 1054 5040 XIX,
1084 4978 1172 5031 28.
1271 4980 1312 5007 ”
1341 4974 1526 5026 Matth.

330 5053 375 5082 ⁸⁸
424 5040 597 5102 Eccle.
641 5063 697 5111 ι,
726 5047 779 5100 8.
850 5047 893 5079 ⁸⁷
948 5047 1112 5100 Exod.
1168 5057 1328 5106 xviii,
1382 5044 1471 5094 24.
1545 5040 1589 5072 ’⁸
1628 5040 1644 5092 ι
1677 5040 1865 5096 Thess.
1895 5060 1942 5107 ι’,
1969 5040 2057 5094 2|.

2665 4902 2708 4932 ¹⁹
2739 4902 3133 4980 "lissi",
3193 4918 3340 4980 ιδ,

2290 4939 2584 5026 gub-indit.
2628 4939 3351 5038 ills-kétvao';liialli>l;
3454 4939 3868 5038 vtt-Exeg'

2974 4978 3031 5010 ’⁵
3071 4978 3392 5054 δίδη-ιβ.
3453 4978 3844 5073 xm

366 5193 729 5316 ﬁgamus!
762 5210 780 5244 ‘
835 5191 1144 5260 Ρθηῖοὶιιίο.
1205 5207 1222 5238 ι
1260 5186 1363 5240 Sed
1411 5199 1561 5244 mss.,
1620 5201 1636 5232 ι
1686 5182 1866 5238 fratri-

331 5280 498 5398 ⁰¹¹ξ¹ξί
523 5281 544 5399 ς
569 5331 735 5410 Alias,
760 5349 789 5410 Δς
818 5327 1069 5410 ξηᾹςΓξιιῘὶι
1101 5321 1382 5377 recordare
1413 5315 1709 5372 discordes.
1739 5334 1758 5364 ι
1799 5318 1868 5370 Al

337 5415 463 5452 mss.
494 5411 549 5451 ut
575 5401 627 5452 in
658 5407 839 5451 nostro
876 5404 1040 5450 textu.
1600 5401 1615 5416 ε

410 5450 519 5530 (7‘2)
563 5450 768 5518 {Alios
807 5450 1070 5533 principes
1121 5457 1228 5533 qui_
1252 5454 1488 5533 judicent
1525 5450 1773 5533 populum
1807 5453 1871 5504 de

346 5523 638 5588 minoribus
697 5523 892 5588 causis.
926 5550 944 5583 ι
981 5523 1263 5583 'Cavenda
1316 5523 1428 5580 haec
1485 5530 1628 5574 recte
1694 5528 1871 5573 monet

1964 5185 2368 5251 Genebrardus,
2399 5202 2522 5240 nam
2556 5188 2736 5243 sancti
2769 5187 2838 5242 de
2874 5189 2989 5244 hoc
3025 5207 3145 5250 mu

1965 5251 2313 5338 appr-libantia
2342 5266 2399 5309 ct
2422 5257 2592 5338 judici
2620 5259 2964 5338 assistendo.

2035 5320 2146 5396 (75)
2173 5321 2349 5396 Alias,
2399 5320 2594 5381 (sicut
2622 5328 2888 5396 scriptum
2918 5337 3005 5381 est

1966 5391 2154 5466 oculus
2201 5390 2342 5466 visu.
2413 5411 2515 5454 nec
2568 5390 2986 5466 auris—auditu,

1968 5463 2150 5510 DOSll‘O
2179 5465 2330 5512 [CXIII

3157 5205 3338 5263 “d0
3380 5211 3879 5283 indicabunt

3017 5337 3266 5450 ς(ιιιίει
3313 5362 3491 5408 non
3535 5361 3886 5422 satiatur

3109 5413 3264 5466 sed
3360 5435 3552 5466 lnge
3653 5443 3736 5466 ιιι
3803 5437 3880 5466 =—

3337 5435 3586 5490 _luss.
3653 5443 3742 5489 ut
3802 5437 3882 5493 in
