3948 6222
245 283 369 378 get

284 399 377 478 «ei
400 397 648 472 Semms-
677 400 795 459 Sed
836 405 1081 481 Moyses
1113 418 1212 485 qui
1248 429 1366 475 erat
1400 423 1559 476 homo
1594 428 1906 476 mansuetus
1933 417 1980 473 Α

313 507 466 566 super
499 506 698 547 omnes
739 495 815 559 ",
855 503 1088 570 accepit
1125 508 1414 562 consilium
1449 509 1735 572 inferioris,
1767 517 1824 562 ut
1856 517 1909 562 et

335 595 546 652 (cunam
584 585 932 644 humilitatis
977 595 1320 660 populorum
1361 599 1688 667 principibus
1741 599 1906 659 daret,

347 694 388 740 et
415 677 582 734 futuri
617 681 962 733 sacramenti
998 683 1323 753 designaret
1357 687 1660 754 imaginem.
1696 686 1910 740 Sciebat

351 773 484 830 enim
512 769 750 822 futurum
781 769 1147 838 quandoque,
1189 781 1250 826 ut
1287 773 1512 840 gentiles
1543 775 1737 827 bonum
1782 789 1910 828 con-

351 864 518 919 silium
551 859 857 928 proferrent
891 862 1038 926 apud
1068 861 1312 930 Moysen,
1346 871 1404 915 ut
1429 863 1622 915 bonum
1653 872 1706 916 et
1745 864 1906 931 spiri-

351 950 502 1005 talem
541 946 882 1001 intellectum
931 947 1199 1001 afferrent
1226 951 1291 1001 ad
1324 950 1489 1018 legem
1525 949 1654 1015 Dei;
1687 959 1740 1003 et
1768 953 1906 1004 scie-

349 1039 428 1095 bat
489 1039 627 1106 quia
684 1038 864 1090 audiet
899 1052 994 1090 eos
1051 1037 1158 1101 lex,
1225 1049 1278 1092 et
1327 1039 1490 1092 faciet
1544 1042 1721 1093 omnia
1771 1041 1908 1094 sicut

349 1125 551 1179 dicunt.
609 1123 734 1178 Non
783 1123 926 1178 enim
973 1133 1153 1191 potest
1195 1124 1370 1179 facere
1426 1125 1505 1178 lex
1553 1127 1688 1180 sicut
1741 1127 1904 1180 Judaei

349 1213 553 1275 dicunt,
611 1211 745 1279 quia
799 1211 1213 1264 inﬂrmaturlex
1266 1213 1316 1264 in
1347 1228 1509 1266 carne
1531 1213 1600 1276 ³⁸,
1652 1215 1702 1266 id
1733 1225 1814 1268 est
1855 1215 1908 1268 in

346 1300 544 1361 littera,
580 1308 640 1353 et
671 1298 808 1351 nihil
851 1308 1029 1366 potest
1082 1301 1374 1353 secundum
1420 1301 1645 1353 litteram
1684 1302 1903 1357 facere:

345 1387 465 1440 nihil
513 1387 672 1440 enim
724 1386 792 1438 ad
831 1387 1126 1453 perfectum
1159 1389 1370 1441 adducit
1396 1390 1483 1442 lex
1511 1389 1576 1441 ⁸¹.
1603 1390 1905 1444 Secundum

343 1485 514 1530 autem
571 1475 878 1529 consilium
933 1477 1072 1543 quod
1131 1491 1230 1530 nos
1275 1476 1546 1532 aﬂ‘erimus
1595 1480 1658 1531 ad
1715 1479 1904 1547 legem,

341 1570 570 1634 possunt
606 1565 803 1617 omnia
835 1564 1152 1632 spiritaliter
1180 1565 1315 1618 fieri.
1357 1565 1584 1620 Possunt
1614 1577 1667 1621 et
1699 1569 1906 1623 sacrifi-

341 1655 406 1708 cia
459 1653 810 1722 spiritaliter
848 1653 1054 1719 offerri,
1098 1658 1417 1724 quaaﬁmodo
1469 1658 1752 1712 carnaliter
1802 1675 1902 1712 non

339 1719 588 1810 possunt.
657 1741 850 1795 Potest
891 1751 941 1796 et
979 1743 1064 1796 lex
1111 1719 1267 1813 lepra;
1314 1745 1633 1812 spiritaliter
1678 1749 1901 1812 servari,
1936 1719 1978 1772 Β

338 1845 447 1898 qua:
483 1831 805 1884 secundum
854 1830 1090 1885 litteram
1121 1849 1224 1886 non
1260 1843 1450 1902 potest.
1488 1835 1578 1889 Sic
1606 1851 1733 1905 ergo
1775 1853 1906 1904 quo-

337 1921 489 1975 modo
537 1935 645 1973 nos
702 1921 1082 1990 intelligimus,
1125 1925 1388 1990 quomodo
1419 1939 1515 1978 nos
1543 1927 1820 1988 sentimus,
1855 1936 1908 1980 et

336 2013 630 2065 consilium
665 2013 884 2078 damus,
917 2011 1098 2064 omnia
1136 2011 1259 2064 facit
1289 2012 1404 2076 lex;
1441 2016 1731 2068 secundum
1768 2017 1908 2072 litte-

337 2115 443 2153 ram
469 2110 668 2156 autem
699 2118 811 2155 non
850 2102 1052 2161 omnia,
1087 2102 1178 2155 sed
1209 2103 1492 2155 admodum
1522 2119 1711 2171 pauca.

389 2190 446 2242 7.
493 2189 637 2244 Post
674 2190 794 2243 haec
843 2200 1025 2242 autem
1060 2204 1179 2242 cum
1213 2190 1484 2257 profectus
1522 2206 1662 2246 esset
1695 2194 1902 2259 Jethro,

335 2277 920 2346 etvenisset‘Moyses
953 2291 1018 2330 ex
1057 2276 1338 2345 Raphidim
1369 2280 1419 2331 in
1451 2281 1721 2334 desertum
1754 2284 1903 2348 Sina,

332 2369 519 2436 ibique
561 2369 620 2420 in
669 2368 927 2421 columna
968 2369 1129 2422 nubis
1171 2371 1529 2425 descendisset
1559 2373 1810 2428 Dominus
1841 2377 1906 2429 ad

331 2455 580 2526 Moysen,
622 2465 685 2508 ut
722 2457 918 2510 videns
965 2457 1192 2524 populus
1235 2461 1478 2513 crederet
1518 2461 1588 2522 ei,
1641 2471 1695 2514 et
1746 2464 1903 2517 verba

327 2545 440 2612 ejus
471 2545 726 2607 audiret,
758 2544 832 2597 ait
859 2545 1116 2600 Dominus
1144 2547 1208 2598 ad
1234 2547 1444 2615 Moysen
1471 2548 1512 2577 ³¹
1541 2565 1553 2599 :
1580 2551 1901 2612 «Descende,

327 2641 660 2700 protestare
685 2632 888 2700 popqu
910 2672 926 2696 ,
957 2643 1010 2687 et
1039 2635 1258 2702 purifica
1294 2636 1408 2688 illos
1436 2637 1626 2701 hodie,
1676 2649 1728 2691 et
1761 2655 1902 2703 cras,

326 2732 367 2773 et
424 2722 632 2775 lavent
680 2724 1010 2778 vestimenta
1054 2739 1182 2787 sua,
1223 2734 1277 2779 et
1325 2727 1426 2780 sint
1462 2729 1631 2792 parati
1667 2729 1720 2781 in
1767 2730 1903 2782 diem

326 2811 585 2863 tertium.
614 2829 636 2861 ι
697 2811 754 2864 Si
807 2814 933 2880 quis
977 2821 1061 2866 est
1104 2815 1191 2880 qui
1225 2815 1291 2867 ad
1333 2817 1652 2868 audiendum
1685 2820 1901 2871 verbum

323 2894 413 2951 Dei
467 2899 812 2962 conveniat,
876 2901 1063 2953 audiat
1111 2901 1236 2968 quid
1288 2904 1543 2970 praecepit
1602 2905 1900 2960 Dominus:

321 2987 714 3040 sanetificatus
757 2989 952 3041 venire
993 2990 1150 3043 debet
1183 2991 1247 3042 ad
1296 2991 1617 3045 audiendum
1663 2995 1898 3060 verbum,
1931 3009 1976 3068 ο

319 3072 514 3127 lavare
542 3075 710 3128 debet
742 3077 1064 3130 vestimenta
1097 3093 1212 3130 sua.
1263 3078 1318 3131 Si
1365 3080 1504 3132 enim
1553 3083 1765 3134 sordida
1798 3083 1904 3136 huc

319 3162 598 3216 detuleris
649 3167 1013 3228 vestimenta,
1070 3167 1256 3220 audies
1305 3179 1354 3220 et
1408 3178 1460 3220 tu
1503 3169 1546 3199 ³³
1589 3187 1601 3222 :
1648 3189 1664 3219 ι
1698 3171 1900 3234 Amice,

317 3253 612 3319 quomodo
660 3253 768 3305 huc
817 3253 1054 3305 introisti
1099 3269 1201 3306 non
1253 3256 1407 3322 1'72
1460 3257 1658 3309 habens
1706 3269 1901 3310 vestem

315 3340 684 3410 nup‘ialem?
727 3360 747 3392 ι
809 3340 977 3394 Nemo
1030 3357 1158 3408 ergo
1211 3354 1382 3410 potest
1442 3345 1628 3396 audire
1686 3349 1902 3399 verbum

314 3430 431 3496 Dei,
472 3431 590 3484 nisi
623 3431 778 3498 prius
809 3431 977 3484 fuerit
999 3433 1398 3495 sanctificatus,
1429 3432 1478 3484 id
1506 3443 1582 3484 est
1618 3435 1718 3486 nisi
1745 3435 1905 3489 fuerit

311 3529 556 3574 sanctus
605 3533 844 3586 corpore
895 3526 949 3572 et
1001 3521 1231 3587 spiritu,
1279 3520 1380 3572 nisi
1434 3521 1751 3575 vestimenta
1810 3539 1903 3576 sua

309 3609 539 3664 laverit.
577 3607 934 3676 lngressurus
962 3618 1046 3660 est
1071 3609 1210 3660 enim
1245 3609 1403 3676 paulo
1451 3618 1564 3676 post
1598 3612 1661 3661 ad
1697 3612 1902 3664 caaham

307 3697 671 3766 nuptialem,
735 3697 1163 3749 manducatnrus
1208 3707 1287 3750 est
1337 3699 1402 3750 de
1455 3699 1704 3750 carnibus
1748 3701 1901 3767 Agni,

303 3798 622 3854 potaturus
657 3794 744 3839 est
793 3785 1053 3853 poculum
1097 3784 1365 3838 salutaris.
1419 3785 1584 3838 Nemo
1629 3787 1788 3840 intret
1840 3787 1903 3840 ad

302 3875 460 3930 hanc
507 3890 730 3929 canam
786 3876 1029 3929 sordidis
1085 3873 1433 3927 vestimentis.
1499 3874 1608 3928 lloc
1654 3876 1796 3928 enim
1850 3885 1906 3929 et

299 3967 444 4021 alibi
489 3965 778 4031 Sapientia
813 3965 1076 4032 prtecepit
1107 3965 1284 4016 dicens
1312 3963 1397 4015 “:
1441 3981 1458 4013 ι
1484 3963 1539 4016 ιιι
1577 3965 1720 4017 omni
1768 3977 1900 4018 tem-

295 4070 458 4124 pore
489 4055 607 4106 sint
646 4055 978 4107 vestimenta
1025 4063 1113 4104 tua
1151 4054 1366 4106 munda.
1393 4073 1411 4104 ι
1450 4053 1576 4106 Lota
1613 4065 1734 4108 sunt
1764 4056 1903 4108 enim

295 4143 504 4201 semel
572 4143 891 4196 vestimenta
946 4153 1040 4194 tua
1100 4156 1214 4194 eum
1287 4145 1481 4196 venisti
1542 4145 1606 4196 ad
1677 4145 1903 4211 gratiam

289 4232 615 4301 baptismi,
651 4232 976 4297 purificatns
1025 4243 1087 4280 es
1135 4243 1376 4296 corpore,
1421 4231 1706 4284 mundatus
1747 4245 1804 4284 es
1839 4232 1906 4283 ab

1549 311 1615 364 IN
1646 296 1923 364 EXODUM
1958 295 2237 362 H'OMILIA
2266 308 2380 363 xu.

3441 309 3547 366 583

2011 433 2029 467 ι
2058 416 2190 482 Quia
2223 429 2432 486 tempus
2471 419 2632 474 breve
2657 425 2760 483 est,
2791 426 3035 487 superest
3067 427 3122 474 ut
3146 427 3198 475 et
3224 421 3314 490 qui
3342 420 3544 476 habent

2007 520 2220 569 uxores,
2255 513 2500 574 tanquam
2539 521 2644 560 non
2675 505 2931 560 habentes
2970 507 3106 573 sint,
3135 516 3187 561 et
3210 509 3297 575 qui
3329 517 3535 571 emunt,

2010 601 2261 661 tanquam
2322 608 2428 646 non
2483 594 2852 661 possidentes,
2910 606 2963 648 et
3013 595 3104 662 qui
3167 604 3389 649 utuntur
3438 597 3542 652 hoc

2009 682 2225 745 munda,
2254 690 2500 749 tanquam
2535 695 2640 735 non
2677 689 2908 734 utantur.
2943 681 3181 736 Prazterit
3213 684 3354 736 enim
3389 684 3541 738 habi-

2012 777 2093 822 tus
2116 769 2274 836 hujus
2298 769 2512 834 mundi,
2539 789 2556 820 ι
2595 768 2832 836 praaterit
2873 768 3159 834 temporale
3199 783 3438 836 regnum,
3482 779 3542 824 ut

2009 869 2319 926 perpetuum
2353 858 2529 910 veniat
2550 866 2601 909 et
2628 866 2881 909 aeternum
2913 840 3095 908 :‘sicut
3119 863 3170 908 et
3204 855 3255 907 in
3295 859 3541 910 oratione

2010 945 2184 998 dicere
2228 945 2474 1010 iubentur
2501 961 2514 997 :
2546 963 2563 994 ι
2593 945 2852 997 Adveniat
2918 957 3140 1011 regnum
3192 951 3338 995 tuum
3392 945 3437 974 ³⁸
3475 958 3531 996 ει

2011 1033 2061 1086 in
2091 1033 2303 1088 Christo
2344 1035 2466 1088 Jesu
2513 1035 2732 1086 Domino
2771 1043 2987 1094 nostro,
3025 1033 3108 1087 cui
3149 1042 3230 1086 est
3271 1032 3440 1102 gloria
3484 1037 3543 1089 et

2009 1122 2286 1190 imperium
2330 1123 2380 1175 in
2419 1122 2609 1174 saecula
2656 1122 2987 1175 smculorum.
3028 1123 3219 1175 Amen.

2557 1207 2831 1263 HOMILIA
2871 1209 2984 1262 XII.

2010 1300 2082 1352 De
2111 1299 2251 1370 vultu
2282 1299 2451 1367 Moysi
2473 1298 2785 1366 gloriﬁcato,
2806 1308 2851 1350 et
2885 1299 3134 1351 velamine
3166 1300 3300 1367 quod
3322 1299 3538 1365 ponebat

2594 1388 2644 1437 in
2671 1387 2802 1452 facie
2826 1403 2940 1437 sua.

2078 1481 2128 1531 ί.
2157 1477 2333 1531 Lectio
2365 1477 2516 1529 nobis
2547 1476 2710 1528 Exodi
2746 1477 2964 1528 recitata
3009 1485 3109 1538 est,
3154 1491 3271 1542 quae
3320 1491 3417 1530 nos
3471 1475 3538 1530 ad

2007 1568 2366 1636 intelligentia:
2389 1566 2808 1634 inquisitionem,
2841 1565 2921 1618 vel
2953 1566 3156 1630 incitet,
3184 1566 3266 1618 vel
3296 1565 3535 1632 repellat.

2006 1655 2193 1708 Incitat
2227 1667 2430 1708 mentes
2479 1657 2741 1708 studiosas
2788 1664 2840 1707 et
2902 1654 3131 1716 liberas;
3212 1655 3422 1708 desides
3483 1663 3537 1707 et
3581 1654 3592 1666 '

2005 1756 2288 1812 occupatas
2339 1744 2565 1812 repellit,
2595 1745 2866 1812 fscriptum
2916 1755 2996 1798 est
3052 1745 3193 1797 enim
3226 1743 3268 1774 ”
3303 1761 3315 1796 :
3353 1761 3370 1792 ι
3400 1743 3534 1808 Quia

2003 1836 2326 1888 viditAaron
2363 1844 2416 1888 et
2465 1850 2648 1888 omnes
2677 1836 2767 1888 filii
2802 1835 2963 1888 Israel
3024 1834 3258 1900 Moysen,
3307 1844 3360 1889 et
3418 1844 3537 1888 erat

2005 1923 2291 1991 glorificata
2319 1923 2484 1976 facies
2510 1925 2643 1990 ejus,
2671 1932 2724 1975 et
2747 1922 2891 1975 color
2918 1922 3095 1974 vultus
3116 1922 3249 1989 ejus,
3273 1930 3324 1974 et
3347 1921 3538 1972 timue-

2003 2025 2124 2066 runt
2151 2014 2403 2066 a‘ccedere
2438 2014 2504 2066 ad
2533 2012 2698 2066 illum.
2727 2031 2744 2063 ι
2793 2013 2853 2064 Ει
2882 2021 2998 2080 post
3023 2026 3226 2079 pauca:
3252 2011 3534 2074 «Ponebat,

2005 2103 2174 2170 inquit
2203 2102 2268 2166 ⁸ο,
2304 2101 2512 2170 Moyses
2534 2103 2771 2154 velamen
2800 2117 2955 2169 super
2982 2101 3171 2154 faciem
3203 2114 3375 2154 suam.
3401 2099 3534 2153 Cum

2006 2201 2182 2242 autem
2232 2193 2476 2244 introiret
2535 2191 2646 2261 (74)
2700 2193 2748 2243 in
2806 2200 3150 2259 conspectum
3208 2190 3432 2251 Domini,
3478 2197 3537 2240 ut

2005 2280 2309 2347 loqueretur
2349 2279 2453 2343 illi,
2504 2281 2799 2347 deponebat
2829 2281 3135 2332 velamen.»
3184 2278 3306 2330 Ilaec
3357 2286 3535 2328 autem

2004 2365 2285 2432 Apostolus
2313 2366 2579 2420 disserens
2614 2370 2894 2436 magniﬁco
2931 2371 3020 2424 illo
3041 2386 3199 2425 sensu
3227 2385 3328 2439 quo
3351 2371 3403 2424 in
3433 2385 3536 2426 caa-

2004 2453 2130 2506 teris
2165 2454 2362 2518 utitur,
2399 2456 2465 2509 de
2504 2471 2609 2524 quo
2651 2458 2842 2510 dixit“
2876 2477 2889 2512 :
2928 2477 2947 2510 ι
2973 2459 3079 2512 Nos
3107 2469 3285 2514 autem
3319 2474 3536 2514 sensum

2002 2541 2197 2596 Christi
2237 2544 2513 2608 habemus,
2541 2546 2614 2596 ait
2645 2562 2658 2596 :
2697 2546 2845 2609 Quod
2881 2548 2926 2602 si
2962 2550 3314 2602 ministerium
3348 2549 3536 2604 mortis

2004 2629 2055 2680 in
2102 2629 2296 2683 litteris
2351 2631 2704 2685 deformatum
2742 2633 2848 2704 (75)
2891 2636 2944 2688 in
2997 2637 3262 2705 lapidibus
3314 2636 3412 2689 fuit
3466 2636 3536 2691 ad

2004 2718 2246 2786 gloriam,
2275 2721 2346 2771 ita
2373 2732 2429 2773 ut
2453 2737 2555 2774 non
2588 2736 2807 2791 possent
2846 2726 3119 2781 intendere
3144 2727 3235 2780 filii
3276 2726 3441 2780 Israel
3480 2726 3534 2780 in

2006 2804 2196 2860 faciem
2226 2807 2390 2877 Moysi
2423 2820 2641 2879 propter
2666 2813 2886 2880 gloriam
2912 2815 3086 2868 vultus
3112 2817 3244 2882 ejus,
3271 2829 3386 2881 qua:
3408 2815 3537 2868 abo-

2005 2893 2160 2956 letur,
2182 2897 2446 2962 quomodo
2475 2913 2576 2951 non
2611 2901 2776 2968 magis
2805 2901 3152 2954 ministerium
3173 2902 3405 2969 Spiritus
3433 2901 3538 2955 erit

2008 2984 2059 3035 in
2099 2984 2302 3052 gloria?
2331 3005 2348 3036 ι
2384 2987 2449 3039 Et
2493 2987 2686 3042 iterum
2729 2992 2885 3056 paulo
2935 3002 3051 3060 post
3073 2993 3241 3047 dicit:
3275 3010 3294 3042 ι
3327 2994 3390 3046 Ει
3427 3007 3532 3047 non

2005 3072 2369 3143 sicutMoyscs
2407 3077 2635 3142 ponebat
2669 3080 2906 3133 velamen
2943 3097 3101 3149 super
3135 3083 3325 3135 faciem
3361 3097 3534 3147 suam,

2005 3171 2061 3212 nt
2089 3175 2190 3214 non
2217 3162 2549 3217 intenderent
2579 3165 2670 3219 filii
2713 3167 2870 3220 Israel
2899 3171 2951 3222 in
2981 3169 3169 3223 faciem
3196 3170 3371 3224 vultus
3397 3171 3533 3238 ejus.

2005 3249 2188 3304 Obtusi
2208 3255 2484 3306 suntenim
2504 3271 2690 3310 sensus
2709 3272 2913 3322 eorum,
2940 3275 3104 3326 usque
3135 3261 3186 3312 in
3213 3262 3534 3316 hodiernum

2004 3341 2163 3392 diem.
2183 3341 2310 3394 Cum
2333 3345 2471 3396 enim
2490 3345 2678 3413 legitur
2700 3347 2924 3414 Moyses,
2948 3349 3184 3404 velamen
3203 3360 3286 3404 est
3308 3351 3535 3418 positum

2004 3443 2162 3496 super
2193 3445 2286 3482 cor
2335 3446 2539 3486 eorum.
2571 3451 2593 3483 ι
2655 3433 2785 3498 Quis
2840 3449 2943 3486 non
2995 3437 3290 3489 admiretur
3334 3445 3534 3506 myste-

2005 3518 2204 3570 riorum
2227 3519 2682 3586 magnitudinem?
2714 3523 2831 3590 quis
2857 3537 2962 3575 non
2989 3525 3327 3590 pertimescat
3357 3533 3533 3577 notam

2005 3607 2179 3659 cordis
2228 3608 2404 3660 obtusi
2439 3607 2597 3676 (76)?
2651 3609 2956 3664 Gloriiicata
2993 3620 3076 3664 est
3129 3610 3294 3664 facies
3343 3612 3534 3680 Moysi,

2009 3697 2100 3748 sed
2135 3711 2234 3747 non
2265 3705 2508 3762 poterant
2546 3697 2823 3751 intendere
2867 3699 2918 3750 in
2961 3697 3150 3752 faciem
3193 3701 3365 3754 vultus
3419 3704 3536 3769 ejus

2005 3781 2096 3834 filii
2136 3781 2320 3844 Israel,
2358 3797 2463 3836 non
2501 3793 2710 3850 poterat
2751 3783 3023 3838 intendere
3064 3786 3286 3852 populus
3314 3787 3539 3856 Synago-

2005 3883 2101 3936 επ.
2144 3869 2199 3922 Si
2223 3871 2342 3936 quis
2368 3879 2546 3921 autem
2577 3869 3065 3935 conversationem,
3091 3880 3143 3923 et
3172 3871 3330 3923 vitam
3362 3879 3538 3938 potest

2005 3958 2201 4011 habere
2227 3958 2635 4012 eminentiorem
2681 3975 2841 4026 quam
2874 3959 3134 4025 reliquum
3174 3960 3394 4029 vulgus,
3436 3960 3536 4014 iste

2005 4054 2177 4114 potest
2203 4047 2394 4100 intueri
2422 4048 2644 4111 gloriam
2673 4049 2852 4103 vultus
2884 4048 3018 4115 ejus.
3052 4065 3070 4100 ι
3101 4048 3168 4102 Ει
3203 4063 3344 4103 nunc
3367 4049 3537 4114 enim,

2005 4135 2143 4188 sicut
2179 4135 2304 4188 dicit
2337 4137 2626 4204 Apostolus
2672 4137 2738 4202 ",
2791 4137 3033 4192 velamen
3071 4145 3152 4192 est
3203 4139 3432 4206 positum
3483 4138 3537 4193 in

2007 4225 2230 4278 lectione
2255 4226 2462 4280 Veteris
2495 4225 2944 4282 Testamentiziet
2968 4242 3107 4282 nunc
3138 4228 3348 4289 Moyses
3376 4227 3539 4297 glori-

288 4321 462 4376 omni
523 4319 954 4384 inquinamento
1001 4317 1188 4368 carnis
1227 4329 1279 4369 et
1319 4320 1553 4384 spiritus.
1607 4319 1734 4384 Quae
1771 4336 1899 4387 ergo
1935 4310 2164 4367 D‘ficato
2185 4314 2330 4366 vultu
2364 4314 2617 4383 loquitur,
2656 4317 2747 4369 sed
2782 4316 3004 4384 gloriam
3041 4331 3158 4383 qua
3190 4325 3272 4369 est
3309 4316 3360 4368 in
3391 4314 3537 4368 vultu

287 4409 452 4462 Deus
485 4407 806 4470 mundavit,
843 4415 900 4456 tu
940 4404 1218 4456 immunda
1244 4421 1307 4456 ne
1338 4405 1546 4461 feceris.
1575 4407 1708 4459 Audi
1739 4407 1902 4474 igitur

282 4511 454 4550 nuric
509 4503 570 4546 et
614 4492 1090 4546 sanctificationis
1145 4506 1306 4555 genus
1348 4510 1406 4544 τι
1436 4494 1510 4546 Ne
1544 4496 1902 4558 acceSseritis,

281 4581 489 4650 inquit
525 4579 601 4642 ³⁵,
661 4580 730 4630 ad
784 4577 1086 4630 mulierem
1131 4576 1302 4639 hodie,
1340 4589 1387 4631 et
1411 4582 1668 4642 crastina,
1713 4591 1769 4632 ut
1816 4583 1902 4635 die

283 4675 474 4728 tertia
529 4670 779 4723 audiatis
834 4669 1079 4718 verbum
1146 4667 1254 4718 Dei.
1296 4686 1312 4717 ι
1365 4669 1473 4723 Hoc
1531 4680 1610 4722 cst
1654 4673 1794 4738 quod
1849 4681 1903 4725 et

276 4760 612 4832 Apostolus
648 4758 792 4811 dicit
831 4756 924 4807 “z
973 4771 993 4803 ι
1024 4753 1232 4806 Bonum
1276 4766 1353 4809 est
1392 4759 1590 4812 homini
1627 4760 1899 4814 mulierem

277 4867 400 4906 non
457 4857 736 4916 tangere;
774 4862 796 4895 ›
826 4842 1001 4896 salvo
1043 4849 1226 4894 tamen
1277 4846 1505 4898 remedio
1541 4848 1623 4901 his
1669 4850 1758 4916 qui
1808 4865 1902 4918 pro

275 4940 622 4998 infirmitate
652 4950 759 4989 sua
811 4931 1090 4986 remedio
1125 4931 1354 4999 indigent
1381 4938 1618 5000 nuptiali.
1676 4938 1905 4991 Verum-

276 5045 468 5087 tamen
521 5025 848 5083 consilium
917 5019 1227 5074 audiamus
1272 5021 1498 5090 Apostoli
1545 5026 1773 5080 dicentis
1813 5027 1902 5082 '7:

331 5171 380 5205 ³⁸
405 5169 582 5223 Num.
619 5178 734 5225 3m.
755 5160 825 5213 5-

256 5234 290 5270 ’³
329 5240 514 5294 Exod.
567 5247 703 5289 Χικ.
760 5226 866 5294 ίδτ

239 5297 281 5343 ⁴²
317 5310 460 5365 ibid.
509 5303 616 5358 δι.

317 5425 415 5492 74)
464 5418 662 5475 Mss.,
709 5426 732 5459 σ
760 5399 1532 5492 _ingffjffhtuEditiilihb".5
1556 5411 1848 5492 introierit.
1877 5433 1895 5466 ι

440 5468 657 5544 nisi;
683 5495 706 5527 α
740 5468 1202 5528 deformatum.
1224 5486 1242 5520 ι
1275 5470 1417 5528 Libb.
1443 5468 1605 5556 editi,
1637 5497 1677 5557 ⁸ι
1708 5479 1902 5535 forma-

191 5561 336 5622 tum.
370 5561 396 5613 ὸ

2009 4403 2122 4470 ejus
2161 4418 2265 4456 non
2289 4419 2568 4470 possumus
2603 4404 2824 4458 intueri.
2858 4403 3061 4458 Idcirco
3095 4413 3399 4458 autemnon
3427 4419 3540 4472 pes-
3625 4421 3630 4430 ·

2009 4507 2213 4555 sumus,
2248 4493 2369 4557 quia
2401 4493 2574 4544 adhuc
2623 4493 2847 4560 populus
2889 4509 3092 4555 sumus,
3125 4502 3176 4546 et
3202 4493 3332 4546 nihil
3356 4493 3536 4554 studii,

2011 4580 2142 4632 nihil
2169 4580 2361 4643 meriti,
2395 4579 2672 4646 plusquam
2705 4581 2905 4647 reliqua
2931 4581 3102 4648 plebs,
3130 4582 3405 4634 habemus.
3436 4577 3540 4632 Ve-

2009 4687 2123 4726 rum
2150 4672 2269 4738 quia
2301 4672 2426 4722 dicit
2450 4678 2664 4723 sanctus
2693 4671 2972 4737 Apostolus
3004 4687 3018 4723 :
3052 4689 3070 4721 ι
3099 4671 3325 4740 Idipsum
3363 4677 3537 4722 autem

2002 4759 2237 4812 velamen
2288 4758 2338 4809 in
2384 4757 2609 4811 lectione
2657 4755 2861 4809 Veteris
2897 4756 3221 4811 Testamenti
3265 4763 3476 4819 manet,
3512 4772 3534 4806 ι

2006 4857 2306 4916 amputaret
2340 4849 2494 4901 nobis
2516 4863 2726 4901 onmem
2753 4848 3114 4915 intelligentia:
3139 4861 3284 4914 spent
3313 4843 3446 4897 tanti
3481 4851 3538 4897 et

2007 4940 2127 4995 talis
2157 4938 2390 5006 Apostoli
2431 4937 2637 5004 prolata
2668 4937 2933 4990 sententia
2958 4976 2972 4999 ,
3000 4937 3101 4990 nisi
3126 4935 3415 4988 addidisset
3444 4932 3490 4963 ⁸³
3524 4949 3540 4983 :

2012 5031 2179 5084 «Cum
2219 5040 2393 5083 autem
2448 5029 2566 5097 quis
2599 5041 2887 5082 conversus
2915 5025 3072 5078 fuerit
3098 5025 3181 5096 ‘ad
3231 5022 3541 5098 Dominum,

919 5152 1288 5232 "gfiomcvn.
1353 5159 1658 5232 “Heben,
1694 5164 1776 5218 I9.
1853 5168 1894 5198 "

2006 5172 2082 5225 od.
2111 5187 2164 5232 x,
2198 5171 2282 5232 I0,
2309 5169 2392 5222 Il.
2469 5167 2513 5199 ³³
2540 5163 2724 5218 Matth.
2757 5162 3001 5232 “11,312.
3027 5162 3120 5232 _“
3146 5158 3316 5232 Ecclc.
3343 5168 3416 5212 ix,

967 5221 1027 5302 :3
1072 5220 1091 5270 Ι
1123 5223 1240 5273 Cor.
1269 5239 1367 5302 _vu,
1393 5229 1448 5302 ,1.
1472 5213 1569 5302 ξ’τ-
1597 5213 1776 5284 i'igb'rl
1803 5249 1897 5297 vn,

2006 5213 2164 5302 T556:
2313 5213 2399 5267 ’ἦ
2434 5213 2732 5296 Matthjhvt,
2757 5213 2984 5285 TD?"
3025 5228 3190 5282 Exod.
3228 5215 3545 5282 xxuv,_30.

744 5295 797 5324 οι
849 5289 909 5341 ιι
969 5287 1117 5339 Cor.
1163 5304 1236 5352 ιη,
1269 5292 1316 5343 7.
1355 5287 1431 5324 ίι·
1480 5295 1521 5349 ιι
1575 5299 1702 5352 Cor.
1741 5314 1818 5363 Ill,
1863 5287 2366 5361 ι’4.“”ηἰί›ιὰ.”ιδ.

2078 5419 2188 5499 (ῖϐ)
2229 5417 2416 5499 Notam
2441 5417 2617 5499 cordis
2643 5409 2975 5499 obtusighs‘ic
3006 5419 3131 5460 mss.
3151 5470 3157 5473 Α
3179 5396 3324 5454 Libri
3357 5397 3553 5450 autem

2009 5476 2208 5549 ediriﬁ
2230 5487 2469 5543 velamen
2506 5484 2681 5540 obtusi
2716 5476 2933 5534 cordis?
2957 5491 2976 5523 ι
