3948 6244
394 274 498 328 385

392 381 662 435 auferetur
731 377 1044 431 velamen.)
1123 374 1285 444 Igitur
1354 384 1572 427 causam
1641 367 1794 422 aufer

392 466 690 530 velamiuis,
750 465 1157 519 conversionem
1220 471 1457 517 nostram
1519 472 1639 514 esse
1690 457 1815 512 dicit
1857 453 1922 507 ad

392 553 696 607 Dominum.
749 553 826 605 Ex
868 567 972 619 quo
1010 551 1309 618 colligenda
1342 559 1466 603 sunt
1506 548 1660 601 nobis
1700 544 1921 604 indicia,

391 642 533 709 quod
579 642 747 695 donec
790 641 1026 710 legentes
1079 640 1385 709 Scripturas
1422 638 1629 691 divinas
1663 636 1787 687 latet
1830 647 1926 685 nos

396 728 715 794 intellectus,
746 729 911 782 donec
938 729 1163 782 obscura
1191 735 1312 780 sunt
1338 726 1492 779 nobis
1521 732 1574 778 et
1604 724 1782 776 clausa
1812 735 1926 787 qua:

396 816 594 883 scripta
619 824 762 881 sunt,
796 817 1027 868 nondum
1058 815 1302 869 conversi
1328 816 1391 867 ad
1416 814 1694 867 Dominum
1723 823 1923 864 sutuus.

396 902 453 959 Si
485 904 624 975 enim
652 904 892 957 conversi
915 918 1153 957 essemus
1190 903 1255 956 ad
1284 903 1590 966 Dominum,
1619 901 1736 955 sine
1768 897 1925 953 dubio

396 990 702 1045 auferretur
737 990 996 1043 velamen.

463 1077 516 1128 2.
550 1078 652 1130 Sed
683 1087 737 1131 et
773 1077 870 1131 hoc
903 1078 1071 1146 ipsum
1108 1078 1348 1132 converti
1375 1078 1438 1131 ad
1471 1077 1746 1130 Dominum
1773 1075 1927 1145 quale

398 1167 468 1222 sit
493 1166 785 1219 videamus.
821 1167 883 1219 Et
919 1176 975 1220 ut
1007 1167 1307 1219 evidentius
1335 1166 1473 1220 scire
1503 1167 1771 1233 possimus
1799 1163 1924 1231 quid

396 1254 466 1306 sit
496 1267 799 1316 conversus,
840 1255 1128 1307 dicendum
1165 1255 1319 1307 nobis
1348 1252 1458 1323 (77)
1505 1253 1653 1322 prius
1691 1261 1772 1306 est
1801 1252 1925 1320 quid

397 1340 466 1393 sit
496 1354 733 1394 aversus.
768 1340 951 1394 Omnis
982 1342 1093 1408 qui,
1119 1355 1239 1396 cum
1273 1341 1564 1394 recitantur
1588 1340 1744 1392 verba
1776 1339 1923 1406 legis,

372 1426 765 1482 communibus
791 1427 983 1480 fabulis
1012 1437 1328 1495 occupatur,
1364 1441 1581 1480 aversus
1602 1435 1702 1478 est.
1743 1426 1928 1479 Omnis

397 1515 510 1581 qui,
534 1528 653 1567 cum
680 1512 870 1583 legitur
894 1514 1122 1583 Moyses,
1160 1514 1226 1567 de
1254 1514 1479 1582 negotiis
1506 1514 1708 1576 saeculi,
1735 1516 1799 1566 de
1839 1528 1928 1579 pe-

314 1644 323 1655 .
400 1603 577 1668 cunia,
620 1603 687 1657 de
723 1602 887 1657 lucris
928 1602 1330 1656 sollicitudinem
1364 1602 1535 1668 gerit,
1581 1615 1796 1653 aversus
1823 1610 1923 1651 est.

1798 240 2112 305 ORIGENIS
2206 302 2211 305 _

1796 366 1915 419 endi
1947 363 1989 417 Α
2020 357 2074 410 Si
2102 352 2238 408 enim
2270 345 2462 414 ille'qni
2501 337 2806 408 adest,.qui
2843 332 3060 391 audit.
3093 334 3164 382 et
3224 323 3513 378 intentus
3541 331 3741 419 est,“

3616 211 3728 270 εει

2026 460 2141 514 qua:
2172 440 2318 494 audit
2346 413 2628 499 retractat,
2662 440 2718 484 et
2742 425 3133 514 discutit,_et
3157 425 3321 514 quae
3627 431 3738 472 nou

2025 498 2217 600 potest,
2258 532 2624 593 percontatur,
2656 526 2715 571 et
2751 514 2963 577 discit,
3002 507 3389 600 vix-potest
3414 498 3747 600 adlinet-13-

2026 587 2128 670 lem
2178 587 2415 668 scientiae
2460 606 2792 676 pervenire;
2854 601 2961 655 ille
3020 594 3136 665 qui
3189 587 3561 645 abscondit.
3593 608 3748 653 aures

2024 721 2146 760 snas
2177 720 2242 756 ne
2268 701 2474 761 audiat,
2503 707 2557 752 et
2588 707 2743 761 terga
2772 693 2831 746 in
2871 690 3101 743 faciem
3142 676 3463 749 legentis
3499 677 3757 751 obvertit,

2024 792 2291 862 quomodo
2332 787 2593 841 dicendus
2634 790 2722 836 est
2757 780 3040 834 velamen
3098 772 3391 828 habere
3440 776 3762 862 super-905i.

2026 854 2134 935 tum
2167 876 2411 942 cordi,ad
2441 888 2600 943 quem
2644 884 2713 925 ne
2763 870 2960 937 ipsum
3002 862 3290 932 quidem
3350 854 3655 916 velamen
3684 866 3770 923 ὶῖι.

2027 980 2151 1022 terre
2175 982 2282 1035 quo
2307 978 2498 1019 sensus
2524 961 2758 1026 velatur,
2787 958 2888 1028 qui
2928 963 3020 1008 est
3053 964 3278 1006 sonus
3323 946 3571 1015 vocis,
3599 967 3778 1018 εοεαε,

2024 1057 2138 1111 sit?
2173 1055 2405 1108 Evidens
2463 1053 2627 1120 igitur
2676 1050 2855 1117 ﬁgura
2907 1052 3029 1108 est,
3089 1036 3510 1108 quomodo
3558 1043 3783 1113 gloriosa

2025 1145 2249 1198 ellicitur
2287 1142 2456 1196 facies
2486 1140 2656 1210 Moysi
2693 1155 2708 1191 :
2734 1137 2957 1191 habent
2988 1132 3168 1187 enim
3202 1127 3428 1199 glori
3448 1144 3560 1187 am
3589 1152 3656 1194 ea
3683 1158 3791 1215 qua

2028 1235 2263 1301 loquitur
2289 1249 2301 1282 :
2328 1232 2420 1285 sed
2448 1230 2563 1283 haec
2592 1228 2822 1295 tegitur,
2850 1234 2912 1280 et
2942 1221 3381 1283 occultatur,
3470 1233 3539 1278 et
3577 1241 3662 1286 est
3683 1251 3792 1295 ont-

2030 1324 2115 1375 nis
2140 1320 2307 1389 gloria
2350 1319 2468 1385 ejus
2499 1317 2860 1371 intrinsecus.

2097 1411 2147 1462 5.
2184 1409 2316 1461 lllud
2354 1421 2572 1501 quoque
2625 1407 2881 1501 intuere‘
2903 1403 3094 1471 quale
3170 1399 3409 1501 s-ilsA‘l
3436 1412 3583 1467 ltod
3617 1416 3669 1474 iu
3697 1422 3803 1501 ιεεε

2028 1499 2204 1551 vultus
2235 1499 2456 1567 quidem
2495 1495 2667 1564 Moysi
2696 1493 3073 1562 gloriﬁcatus
3110 1490 3445 1545 refer“:
3483 1516 3533 1569 ιι,
3569 1505 3697 1569 licet
3718 1490 3804 1577 ης,

2032 1590 2231 1641 lamine
2264 1594 2620 1652 contegatur;
2657 1596 2857 1635 manus
2888 1578 3101 1632 autem
3147 1578 3323 1675 ejus
3380 1579 3443 1637 ἶ
3480 1609 3610 1659 utra
3640 1610 3808 1675 sinum

396 1689 584 1743 ()mnis
631 1693 721 1759 qui
763 1694 1148 1760 possessionum
1179 1693 1321 1746 curis
1357 1692 1653 1759 stringitur,
1692 1700 1745 1743 et
1790 1693 1922 1744 divi.

2071 1681 2215 1741 tissa,
2256 1676 2468 1743 leprosa
2513 1672 2660 1726 facta
2699 1678 3080 1724 memoratur
3128 1669 3329 1722 sicut

2087 1767 2118 1781 ιι
2144 1768 2156 1778 -
2190 1766 2230 1781 η·
2256 1766 2320 1781 ιγ-
2370 1779 2391 1781 μ
2419 1762 2583 1781 ρ-..---
2621 1760 2786 1781 ι-.2--,.
2814 1758 2962 1781 ΙΑΑ-ει.
2997 1757 3365 1781 κ’--πξι-Αζ-ει

396 1779 594 1832 tiarum
628 1781 913 1848 cupiditate
946 1780 1280 1845 distenditur,
1315 1782 1405 1848 qui
1449 1779 1630 1848 gloriae
1669 1779 1845 1832 saeculi
1876 1788 1928 1834 et

405 1867 588 1920 mundi
620 1868 910 1922 honoribus
937 1870 1134 1933 studet,
1167 1883 1386 1922 aversus
1415 1877 1514 1921 est.
1543 1868 1644 1920 Sed
1671 1877 1723 1920 et
1749 1870 1834 1935 qui
1864 1869 1930 1920 ab

399 1952 482 2006 his
516 1953 724 2020 quidem
753 1955 957 2006 videtur
989 1954 1212 2017 alienus,
1260 1954 1464 2007 assistit
1492 1962 1667 2006 autem
1703 1964 1757 2006 et
1783 1954 1929 2007 audit

400 2042 561 2093 verba
603 2041 732 2109 legis
756 2081 770 2105 ,
824 2051 875 2095 et
900 2042 1044 2095 vultu
1078 2051 1235 2110 atque
1272 2043 1440 2095 oculis
1468 2044 1723 2104 intentus,
1773 2046 1932 2095 corde

404 2136 576 2180 tamen
605 2138 657 2181 et
686 2130 1093 2196 cogitationibus
1113 2138 1365 2197 evagatur
1411 2145 1631 2183 aversus
1661 2139 1764 2184 est.
1795 2130 1929 2195 Quid

401 2230 526 2283 ergo
554 2225 635 2269 est
662 2215 943 2269 converti?
975 2218 1028 2271 Si
1059 2220 1140 2271 his
1177 2219 1420 2271 omnibus
1452 2227 1597 2287 terga
1641 2228 1928 2281 vertamus,

401 2313 451 2353 ct
485 2303 683 2368 stmlio,
716 2302 950 2368 actibus,
990 2313 1197 2369 mente,
1230 2303 1613 2367 sollicitudine,
1648 2305 1807 2357 verbo
1841 2305 1929 2357 Dei

402 2405 620 2459 operam
651 2389 866 2455 demus,
899 2400 950 2442 et
986 2392 1035 2443 in
1068 2391 1179 2458 lege
1211 2389 1322 2457 ejus
1347 2390 1432 2445 die
1472 2406 1533 2444 ac
1565 2402 1719 2445 nocte
1764 2395 1929 2445 Inedi-

404 2487 594 2543 temur,
621 2480 830 2533 emissis
861 2480 1104 2534 omnibus
1145 2481 1252 2534 Deo
1288 2495 1556 2543 vacemus,
1589 2496 1934 2534 exerceamur

402 2568 454 2620 in
516 2567 831 2620 testimoniis
880 2567 1015 2634 ejus,
1072 2567 1172 2621 hoc
1231 2577 1311 2620 est
1354 2581 1661 2619 conversum
1704 2582 1823 2621 esse
1867 2568 1931 2622 ad

403 2655 703 2708 Dominum.
738 2655 814 2707 Tu
863 2670 1008 2723 ergo,
1063 2654 1106 2707 si
1144 2655 1373 2707 volueris
1420 2655 1582 2706 lilium
1613 2664 1753 2706 tntnn
1796 2658 1935 2709 scire

390 2743 606 2794 litteras
628 2757 760 2809 quas
799 2742 1045 2797 liberales
1083 2752 1292 2806 vocant,
1322 2746 1461 2800 scire
1494 2749 1931 2814 grammaticam,

405 2831 559 2899 173
588 2832 670 2884 vel
714 2832 1028 2887 rhetoricam
1072 2833 1423 2901 disciplinam,
1458 2837 1691 2904 nunquid
1719 2854 1822 2892 non
1867 2840 1934 2892 ab

402 2920 645 2974 Omnibus
675 2935 793 2974 eum
823 2938 1043 2976 vacuum
1072 2933 1125 2978 et
1156 2926 1377 2979 liberum
1422 2928 1633 2982 reddis?
1662 2927 1931 2996 Nunquid,
1958 2944 2002 3001 ε

405 3020 509 3059 non
534 3007 744 3061 omissis
768 3011 993 3074 cteteris,
1030 3012 1151 3065 huic
1201 3013 1287 3077 uni
1343 3014 1516 3067 studio
1541 3016 1670 3089 dare
1710 3031 1928 3083 operam

402 3093 567 3148 facis?
594 3094 935 3168 Pmdagogos,
969 3102 1265 3169 magistros,
1312 3100 1495 3165 libros,
1526 3102 1810 3169 impensas,
1846 3107 1928 3159 ni-

405 3181 481 3235 hil
536 3199 753 3251 prorsus
804 3189 988 3242 deesse
1038 3189 1208 3255 facis,
1260 3191 1601 3257 quoadusque
1641 3190 1928 3257 perfectum

406 3273 665 3340 propositi
694 3277 850 3328 stmlii
876 3292 1007 3345 Opus
1038 3285 1287 3345 reportet.
1333 3278 1461 3342 Quis
1500 3288 1736 3330 nostrum
1773 3279 1844 3354 ita
1874 3294 1931 3333 se

400 3362 472 3414 ‘ad
503 3362 691 3417 divinae
719 3364 848 3429 legis
880 3367 1050 3425 studia
1083 3367 1394 3420 convertit?
1430 3367 1555 3433 Quis
1591 3376 1829 3420 nostrum
1860 3367 1929 3422 ita

407 3463 620 3513 «meram
657 3451 839 3506 dedit?
884 3453 1013 3519 Quis
1045 3464 1189 3510 tanto
1227 3456 1402 3510 studio
1446 3472 1509 3510 ac
1554 3456 1733 3510 labore
1757 3458 1929 3510 divina

407 3539 598 3606 qua'rit
642 3541 839 3606 studia,
886 3554 1083 3610 quanto
1127 3546 1370 3613 qumsivit
1404 3546 1674 3599 humana?
1718 3548 1781 3601 Et
1805 3550 1930 3617 quid

406 3628 783 3695 conquerimur
830 3631 873 3683 si
910 3632 1049 3698 quod
1100 3648 1204 3685 non
1251 3633 1549 3700 didicimus,
1585 3637 1931 3700 ignoramus?

403 3714 578 3783 Aliqui
615 3723 844 3771 vestrum
877 3719 982 3790 (78)
1012 3729 1068 3773 ut
1090 3722 1300 3774 recitari
1326 3722 1589 3776 audierint
1609 3740 1726 3794 qua:
1755 3726 1932 3795 legun-

405 3812 510 3867 tur,
544 3807 719 3859 statim
745 3807 1040 3861 disceduut.
1074 3807 1222 3861 Nulla
1258 3825 1321 3861 ex
1360 3810 1439 3863 his
1479 3826 1598 3878 quae
1641 3813 1781 3865 dicta
1806 3822 1932 3867 sunt

404 3892 675 3959 inquisitio
708 3898 773 3949 ad
803 3896 1047 3962 invicem,
1071 3898 1210 3949 nulla
1252 3898 1487 3963 collatio,
1523 3915 1779 3966 nusquam
1823 3917 1934 3955 me-

406 3985 573 4036 m0ria
603 3984 834 4036 mandati
870 3986 1031 4048 illius,
1057 4002 1162 4054 quo
1203 3997 1253 4041 te
1278 3989 1452 4042 divina
1481 3988 1564 4041 lex
1592 4000 1928 4043 commonet:

408 4087 431 4119 ι
459 4070 728 4139 Interroga
764 4081 939 4138 patres
971 4083 1107 4137 tuos,
1127 4084 1178 4127 et
1216 4077 1395 4131 dicent
1426 4077 1557 4139 tibi;
1598 4077 1932 4145 presbyteros

405 4166 546 4220 tuos,
570 4168 623 4211 et
649 4159 1035 4215 anuuntiabunt
1057 4163 1150 4217 tibi
1168 4163 1230 4217 ⁵³.
1245 4163 1392 4229 «Alii,
1413 4180 1481 4218 ne
1501 4165 1784 4233 bocipsum
1812 4168 1934 4232 qui-

409 4248 526 4300 dem
551 4246 811 4312 patienter
833 4260 1159 4316 exspectant,
1185 4268 1456 4321 usquequo
1479 4255 1731 4309 lectiones
1750 4256 1929 4325 (79)in
1963 4250 2006 4304 ι)
2033 4253 2235 4322 Moyses
2268 4260 2321 4304 et
2357 4251 2503 4306 Elias
2535 4254 2587 4306 in
2641 4255 2835 4323 gloria,
2884 4261 3092 4333 colloq

409 4335 640 4388 Ecclesia
662 4337 964 4392 recitentur.
987 4339 1087 4393 Alii
1110 4357 1232 4395 vero
1251 4358 1345 4397 nec
1358 4345 1403 4396 si
1423 4345 1714 4397 recitantur
1729 4347 1925 4412 sciunt,

407 4424 501 4476 Sed
523 4423 574 4474 in
600 4423 967 4477 remotioribus
999 4429 1274 4482 Dominicac
1292 4432 1477 4485 domus
1501 4433 1648 4497 locis,
1671 4436 1937 4489 saeculari-

410 4511 509 4564 bus
531 4510 720 4563 fabulis
733 4524 1071 4579 occupantur.
1098 4517 1167 4570 De
1191 4521 1381 4586 quibus
1401 4536 1527 4589 ergo
1542 4537 1700 4576 ausus
1720 4539 1834 4577 sum
1860 4526 1937 4577 di-

411 4613 553 4658 cere.
567 4599 705 4665 quia,
723 4615 838 4653 cum
856 4602 1271 4676 legiturMoyses,
1285 4609 1393 4676 jam
1413 4626 1513 4663 non
1530 4612 1764 4663 velamen
1780 4628 1836 4666 ευ
1845 4629 1936 4679 per

412 4702 505 4771 eor
532 4700 734 4751 eorum,
763 4690 850 4742 sed
882 4694 1054 4758 paries
1082 4696 1293 4762 quidam
1319 4708 1371 4751 et
1399 4715 1578 4752 murus
1606 4711 1683 4752 cst
1711 4703 1930 4767 positus.

482 4798 527 4829 “
556 4799 703 4851 Deut.
731 4813 893 4859 χχχιι.
921 4802 971 4857 7.
1048 4805 1092 4837 ⁸⁸
1143 4806 1342 4863 «Ιετειιι.
1372 4826 1489 4875 xm,
1522 4810 1605 4864 l7.
1683 4811 1726 4841 “
1761 4812 1899 4868 Psal.

2073 4861 2087 4875 ,
2161 4819 2203 4850 ιτ
2235 4815 2421 4871 Matth.
2451 4832 2586 4884 xvn,
2615 4821 2668 4884 t,
2694 4822 2753 4888 2,
2788 4823 2844 4880 3.
2921 4825 2970 4858 ’⁵⁸
3004 4829 3209 4891 Exod.
3244 4856 3497 4915 xum.
3532 4860 3616 4915 23

484 4908 595 4973 (Π)
640 4907 916 4979 Dicendum
945 4914 1104 4979 nobis,
1154 4928 1257 4975 etc.
1289 4920 1430 4974 Citat
1469 4921 1608 4973 hunc
1639 4920 1809 4972 locum
1844 4923 1932 4977 ,1ο-

411 4977 803 5056 naiﬁ‘urelian:
844 4980 932 5033 lib.
971 4998 1009 5045 l,
1040 4977 1113 5039 De
1156 4986 1332 5040 Instil.
1372 4988 1569 5056 laicali,
1595 5003 1713 5053 eap.
1744 4989 1825 5040 15.

483 5042 591 5117 (73)
621 5042 1050 5117 Αιίᾳλιιὶιιθεεινιιὴι,
1079 5064 1181 5109 etc.
1215 5056 1421 5109 Citatur
1444 5056 1531 5108 hic
1553 5042 1707 5107 locus
1743 5055 1807 5107 ab
1844 5072 1933 5112 eo-

395 5116 459 5169 de
481 5128 529 5164 In
565 5110 695 5163 Joua
718 5110 941 5167 ibidem.

464 5179 593 5250 (79)
625 5179 726 5232 Alii
761 5196 820 5232 ne
861 5184 955 5257 hoc
995 5184 1161 5257 ipsum
1215 5188 1418 5257 quidem
1462 5188 1715 5257 patienter
1760 5205 1935 5256 exspe-

394 5260 475 5302 cta
500 5258 867 5327 armatamque
898 5250 1155 5327 fertiones,
1186 5250 1295 5327 elo.
1341 5250 1547 5308 Citatur
1577 5255 1661 5327 hic
1693 5250 1929 5327 locus'in

398 5316 642 5370 concilio
671 5315 972 5390 Parisieusii
1006 5315 1155 5390 sex_to
1179 5321 1275 5390 lib.
1326 5338 1387 5390 tt,
1424 5336 1540 5387 cap.
1578 5321 1662 5373 12.
1702 5321 1799 5374 Ubi
1837 5340 1930 5390 pro

400 5397 489 5457 usq
509 5397 693 5447 mque,
712 5382 1348 5457 tnaleyndgataﬁcriptnra
1373 5382 1552 5452 habet,
1577 5393 1732 5456 quod,
1755 5382 1927 5457 legen-

406 5447 526 5499 dam
563 5458 676 5499 erat
697 5450 886 5516 quoad.
913 5447 1040 5506 Nam
1068 5447 1225 5508 lectio
1253 5457 1386 5521 quod
1427 5447 1738 5524 pro'tiuoad
1780 5447 1928 5512 rerel-

2031 1767 2158 1820 mihi
2183 1766 2393 1868 videtur
2417 1762 2589 1862 forma
2621 1760 2789 1814 ιοῑὶυε
2814 1758 2965 1868 ιςεῑξ
2996 1757 3484 1859 ΡιξεηίδδίωὬ
3506 1757 3787 1868 ἀθεὶέηίἓ

2030 1855 2084 1907 ln
2121 1852 2266 1907 vultu
2296 1852 2438 1905 enim
2462 1850 2582 1933 ejus
2615 1863 2805 1903 sermo
2838 1848 3016 1914 legis,
3062 1847 3128 1899 in
3171 1861 3461 1935 [1130K]

2059 1899 2105 1961 1',
2130 1899 3089 1961 ⁷Ϊζῖῗ.ζ”λίξεῗῘ-ζζζζζῼέεζῖ---
3131 1936 3308 1961 ι.-..ι,.
3382 1899 3461 1935 \‘
3496 1899 3672 1960 ορεη
3703 1900 3797 1961 de.

2028 1945 2333 2013 signantur-
2369 1941 2504 2006 Quia
2537 1954 2667 2008 ενεο
2694 1953 2761 1992 ει
2793 1937 3091 2006 Operm“
3130 1936 3313 2005 ¹θ8ίδ
3413 1936 3709 2044 pagg:

2031 2034 2043 2046 ,
2083 2010 2098 2013 ⁷
2140 2034 2149 2044 ,
2649 2030 2660 2039 .
3413 2010 3632 2038 "unus
3669 2010 3793 2051 era)

2025 2032 2420 2102 justificandus,
2452 2044 2551 2083 nec
2591 2030 2837 2095 aliquem
2869 2026 2965 2122 ad.
3012 2026 3409 2122 perfector”
3459 2065 3749 2122 adducere

2032 2129 2243 2189 poterat
2276 2119 2385 2185 lex,
2411 2117 2617 2171 idcirco
2650 2132 2858 2170 manus
2908 2115 3114 2187 Moysi
3159 2116 3399 2185 lrprosa
3458 2135 3551 2196 ω,
3586 2115 3723 2195 ﬂ};

2032 2211 2204 2261 Siunm
2261 2207 2594 2271 reconditur,
2647 2215 2926 2274 tanquam
2991 2207 3154 2260 nihil
3217 2209 3474 2276 perfecti
3531 2232 3728 2293 operis

2036 2297 2279 2348 habitura
2307 2311 2321 2347 :
2351 2294 2519 2348 facies
2552 2310 2680 2347 vero
2707 2294 2830 2362 ejus
2860 2294 3222 2363 gloriﬁcata
3259 2308 3385 2362 est,
3421 2312 3542 2362 seq
3578 2317 3736 2369 “ta.

2035 2387 2175 2438 mine
2246 2386 2491 2453 tegitur;
2537 2384 2662 2452 quia
2719 2399 2917 2437 sermo
2976 2385 3121 2453 ejus
3201 2388 3384 2444 habet
3464 2400 3739 2460 scientia

2034 2468 2278 2538 gloriam,
2324 2471 2416 2524 sed
2450 2473 2751 2525 occultam.
2787 2473 2962 2529 Unde
3002 2487 3068 2530 et
3108 2482 3416 2547 propheta
3450 2486 3611 2543 dicit.
3639 2495 3690 2526 "
3719 2514 3741 2551 -.

2038 2576 2055 2609 ι
2095 2557 2206 2611 Nisi
2239 2560 2544 2626 audieritis,
2576 2556 2798 2616 occulte
2851 2565 3133 2630 plorabit
3186 2566 3304 2636 (80)
3380 2575 3603 2632 anima
3648 2598 3753 2638 ve-

2033 2655 2162 2707 ειη-ο,
2192 2665 2209 2695 ι
2239 2659 2292 2699 et
2324 2647 2486 2699 David
2515 2647 2645 2700 dicit
2672 2647 2756 2701 ἠε
2789 2669 2807 2699 ι
2844 2649 3094 2706 Incerta
3123 2664 3191 2707 et
3220 2658 3475 2715 occulta
3506 2669 3757 2736 sapien—

2036 2736 2120 2788 tiae
2147 2745 2248 2788 tua:
2283 2736 2642 2792 tuanifestasti
2698 2738 2862 2793 mihi.
2905 2759 2929 2793 ι
2968 2742 3036 2796 In
3103 2745 3244 2815 lege
3280 2760 3457 2819 ergo
3516 2755 3765 2828 Moyses

2034 2825 2199 2877 solam
2225 2826 2415 2879 faciem
2448 2828 2609 2880 habet
2639 2828 3066 2897 glorificatam,
3106 2850 3313 2904 neque
3362 2856 3610 2902 manus
3626 2825 3773 2918 eius

2035 2914 2233 2968 habent
2262 2918 2527 2983 gloriam,
2573 2920 2683 2971 imo
2732 2920 2930 2986 potius
2965 2931 3032 2976 et
3080 2932 3558 2990 contumeliam
3612 2958 3629 2993 ;
3666 2914 3780 2998 sed

2035 3018 2206 3071 neque
2244 3005 2408 3072 pedes
2440 3005 2571 3075 (81).
2612 3006 2864 3077 Denique
2906 3013 3165 3070 solvere
3209 3017 3489 3086 jubetur
3518 3029 3781 3085 calcea-

2035 3103 2269 3147 tuentum
2307 3110 2482 3159 suum,
2535 3097 2614 3149 sic
2665 3098 2813 3152 nulla
2869 3111 3006 3155 erat
3086 3106 3291 3173 gloria
3369 3112 3443 3167 iu
3512 3120 3793 3185 pedihu;

2033 3184 2166 3250 ejus,
2193 3183 2319 3237 licet
2344 3193 2398 3236 et
2428 3186 2530 3237 hoc
2561 3184 2719 3239 ﬁeret
2749 3203 2859 3241 non
2896 3190 3036 3246 sine
3067 3194 3352 3264 alicujus
3386 3183 3620 3263 forma
3647 3226 3789 3281 my.

2035 3272 2206 3324 sterii.
2236 3271 2534 3324 Novissima
2570 3289 2810 3342 namque
2841 3292 2986 3344 pars
3023 3282 3315 3340 hominis
3356 3295 3583 3358 pedes
3613 3271 3791 3357 εωξι,

1988 3408 1995 3416 ,
2034 3358 2426 3413 Ostendebatur
2461 3374 2589 3428 ergo
2629 3364 2777 3429 quod
2819 3365 2876 3417 in
2933 3371 3308 3430 novissimis
3368 3387 3796 3453 [corporibus

2034 3448 2266 3501 solveret
2305 3446 2513 3517 Moyses
2558 3450 3017 3510 ealceamentum
3060 3477 3250 3517 suum
3324 3480 3405 3524 ut
3453 3446 3800 3546 θέεὶρθι-ει

2035 3538 2174 3591 alius
2202 3552 2472 3607 sponsam,
2499 3547 2554 3592 et
2600 3540 2690 3592 illa
2723 3556 3047 3602 vocaretur
3084 3552 3319 3611 domus
3393 3538 3795 3625 discal-ceaﬁ

2038 3639 2206 3732 υξίιιξθ
2242 3626 2293 3679 in
2331 3624 2655 3732 δίξάίξπυυξῑι
2686 3629 2856 3685 αίεηιο
2885 3632 3051 3732 Nan-sl
3105 3656 3260 3710 ergo
3297 3647 3504 3708 .n...
3549 3656 3618 3712 ε..
3658 3660 3799 3732 ,εμ

2036 3713 2321 3782 gloriosum
2382 3717 2545 3770 habet
2597 3718 2833 3788 Moyses,
2900 3725 3019 3779 nisi
3089 3732 3299 3787 Solam
3375 3713 3798 3807 [δοῖειηξῖις

2037 3803 2340 3905 Evangeliis
2404 3816 2587 3859 autem
2648 3818 2794 3863 totus
2856 3812 3257 3881 glorificatur
3331 3846 3425 3885 cx
3506 3803 3793 3910 integro:

2034 3895 2171 3947 Audi
2207 3894 2347 3947 enim
2381 3895 2510 3961 quid
2565 3897 2784 3952 dicatur
2820 3901 2873 3953 in
2904 3903 3279 3977 Evangeliis
3345 3919 3407 3951 ⁸⁷
3475 3942 3494 3978 ε

2037 3983 2367 4037 ascendisset
2404 3982 2585 4038 Jesus.
2617 3988 2671 4041 in
2706 4000 2957 4046 montem
3006 4001 3386 4072 excelsum,
3442 3982 3794 4077 δεδειηῇέᾷ

2037 4089 2215 4129 secum
2235 4072 2469 4165 Petrum,
2487 4082 2541 4126 et
2560 4073 2831 4132 Joannem
2878 4091 2939 4135 et
2956 4082 3272 4146 Jacobutn
3286 4137 3311 4162 ,
3348 4072 3793 4166 transfer-mi;

2041 4175 2123 4272 uis
2145 4174 2227 4218 est
2248 4164 2319 4218 ibi
2345 4157 2692 4272 coramipsis
2721 4185 2735 4221 :
2765 4180 2820 4222 et
2844 4184 2985 4225 ecce
3012 4157 3786 4272 apparuerat)

3098 4279 3337 4331 ﬂentes
3398 4296 3563 4340 cum
3610 4304 3712 4345 eo.
3759 4314 3781 4347 ι

2037 4344 2134 4397 llic
2169 4360 2271 4397 non
2311 4341 2546 4394 refertur
2577 4346 2705 4410 quia
2757 4347 3140 4414 glorilicatus
3176 4371 3284 4416 est.
3344 4372 3585 4434 Vultus
3618 4341 3756 4450 eius

2037 4435 2128 4485 sed
2162 4432 2286 4499 quia
2320 4442 2462 4483 lotus
2491 4436 2747 4500 apparuit
2795 4436 2848 4487 in
2907 4440 3141 4511 gloria,
3181 4424 3590 4529 colloque};

2036 4523 2181 4584 Jesn,
2212 4532 2264 4575 et
2293 4523 2363 4575 ibi
2394 4522 2446 4575 ei
2466 4523 2777 4619 completur
2808 4527 2900 4580 illa
2930 4539 3315 4612 promissio,
3352 4522 3776 4619 ιίιιίιιηεέίξέζ

2037 4616 2113 4682 υἷι
2139 4616 2190 4667 in
2237 4622 2421 4712 mome-
2447 4613 2604 4712 hsina,
2641 4630 2763 4669 cum
2797 4618 3012 4674 dictum
3050 4639 3159 4683 est
3180 4632 3237 4685 ei
3301 4613 3426 4697 ‘3':
3483 4666 3508 4699 ι
3566 4613 3775 4712 ῥέξιέ-

2038 4708 2177 4759 riora
2211 4718 2326 4756 mea
2377 4703 2606 4759 videbis.
2652 4724 2672 4756 ι
2719 4707 2873 4763 Vidit
2934 4724 3094 4783 ergo
3158 4736 3549 4794 posteriora

2028 4931 2158 4983 litttr
2193 4942 2256 4979 ex
2288 4926 2544 5004 Origenis
2583 4932 2752 4991 libris
2809 4946 2924 4994 tum
2984 4942 3176 5004 editis

2031 5011 2299 5063 usquean
2323 4997 2613 5059 exhibent.

2104 5062 2411 5163 9⁸93έὲἯὲ
2436 5067 3177 5163 aliis}..aftéietitisaccvlta
3208 5090 3535 5163 Plorabit.
3567 5130 3592 5163 ι

2031 5131 2510 5223 §€9_:Itsﬁ:-.t'l._i"
2550 5155 2774 5223 .'.‘°S£!°
2826 5157 3012 5223 ,ιομιιιε
3044 5166 3158 5208 nec
3208 5125 3738 5223 ἒῖέἱὲἵ¹ῗί..ἲσῖ¹ξῖ;

2031 5196 2467 5293 emanant-them
2500 5223 2515 5256 :
2547 5196 2768 5268 causa

2034 5265 2345 5325 κλαύσεται,
2377 5277 2491 5323 etc.

2035 5334 2225 5467 qum;
2245 5331 2384 5467 511:5...
2384 5372 2420 5456 .u
2429 5354 2460 5457 ις
2494 5347 3018 5487 ‘pgtgelsibssrectius
3046 5374 3226 5434 quam
3261 5370 3430 5434 editi
3466 5380 3615 5445 libri
3660 5395 3727 5449 in

3228 4963 3377 5014 lum
3446 4981 3604 5030 mss.
3644 4982 3751 5049 qui
