3948 6226
210 345 328 413 "ssﬁ

1497 351 1564 405 IN
1601 350 1880 408 EXODUM
1918 352 2190 409 IIOMILIA
2227 358 2341 412 XII.

3400 372 3503 427 386

240 441 563 557 “au-enim
596 459 724 557 Quae
750 447 813 504 in
841 459 1282 557 posterioribus
1322 473 1374 520 et
1406 467 1711 523 novissimis
1757 469 1868 522 die-
1897 474 1939 528 Α
1968 473 2228 539 parvitate
2276 472 2639 539 intelligentia:
2688 492 2818 532 mea:
2865 481 3064 535 sentire
3099 497 3330 551 possum,
3374 500 3500 557 puto

265 542 541 610 \msiaeia
586 551 743 606 sum.
780 555 832 598 et
875 550 1116 613 gavisus
1165 564 1273 609 est.
1332 556 1483 610 Sicut
1528 558 1668 610 enim
1700 557 1868 611 Abra-

281 643 406 697 ham
429 634 739 704 concupivit
759 636 958 693 videre
990 641 1145 696 diem
1187 644 1421 712 Domini,
1449 654 1498 699 et
1525 647 1674 709 vidit,
1712 655 1763 698 et
1786 661 1869 714 ga-

286 735 436 788 visus
465 739 550 784 est
576 728 621 760 “
656 744 673 780 :
701 728 776 780 ita
807 737 864 782 et
896 728 1120 800 Moyses
1166 736 1479 802 concupivit
1525 737 1702 790 videre
1727 738 1864 790 diem

286 823 524 884 Domini,
565 832 616 876 et
644 820 801 883 vidit,
838 830 895 873 ct
917 824 1143 887 gavisus
1191 834 1273 876 est
1309 845 1322 878 :
1362 835 1411 878 et
1447 827 1752 880 necessario
1776 844 1867 895 ga-

286 912 440 965 visus
476 919 585 972 est,
637 909 764 977 quia
806 908 917 974 jam
975 924 1085 962 non
1139 911 1318 964 solum
1362 912 1507 965 Vultu
1543 914 1867 983 glorilicatus

276 996 573 1052 descendit
605 998 675 1050 de
707 1006 911 1060 monte,
944 996 1041 1050 sed
1075 1006 1220 1051 lotus
1265 1000 1595 1066 gloriﬁcatus
1627 1002 1865 1056 ascendit

274 1088 347 1141 in
383 1098 646 1141 montem.
684 1087 916 1141 Gavisus
960 1096 1047 1140 est
1105 1089 1222 1141 sine
1268 1090 1429 1143 dubio
1471 1091 1693 1160 Moyses,
1723 1093 1863 1159 quod

270 1193 405 1231 eum
435 1178 505 1230 de
537 1192 654 1244 quo
686 1178 901 1231 dixerat
937 1179 985 1210 ⁸⁰
1016 1198 1030 1234 :
1067 1198 1085 1231 ι
1130 1180 1451 1246 Prophelam
1502 1182 1650 1235 vobis
1696 1181 1865 1235 susci-

273 1268 417 1320 tabit
446 1266 731 1319 Dominus
775 1267 913 1319 Deus
936 1277 1116 1321 vester
1148 1283 1211 1322 ex
1236 1267 1489 1323 fratribus
1520 1269 1731 1327 vestris.
1763 1270 1862 1323 sic-

274 1365 356 1408 ut
387 1355 661 1420 meipsmn
720 1356 955 1408 audietis
1016 1370 1114 1424 per
1164 1359 1382 1420 omnia;
1435 1376 1452 1407 ι
1498 1374 1639 1412 nunc
1681 1360 1863 1412 adesse

267 1446 565 1506 cernebat,
600 1454 661 1497 et
697 1444 860 1497 Iidem
899 1446 1075 1500 facere
1125 1448 1462 1500 sermonibus
1514 1449 1643 1501 suis.
1682 1449 1744 1501 Et
1790 1462 1854 1501 ne

264 1544 645 1589 cunctaretur
670 1535 727 1587 in
757 1535 962 1602 aliquo,
996 1537 1146 1589 audit
1171 1545 1440 1603 paternam
1470 1552 1651 1590 vocem
1679 1538 1862 1592 dicen-

267 1633 385 1677 tem
410 1624 455 1655 "
495 1642 511 1678 :
553 1641 572 1674 ι
606 1622 714 1676 Ilie
743 1635 828 1676 est
857 1623 1024 1678 Filius
1056 1640 1208 1677 meus
1246 1625 1491 1688 dilectus,
1520 1627 1570 1678 in
1604 1642 1708 1694 quo
1732 1628 1859 1681 mihi

261 1714 408 1768 bene
454 1713 785 1781 complacui
822 1728 840 1768 :
884 1715 1054 1783 ipsum
1105 1715 1300 1768 audite.
1334 1734 1352 1766 ι
1401 1714 1608 1783 Moyses
1659 1716 1854 1768 dudum

261 1803 423 1863 dixit.
456 1819 480 1854 ι
514 1803 682 1856 illum
721 1803 1001 1867 audietis;
1039 1821 1058 1853 ι
1100 1817 1244 1855 nunc
1277 1802 1430 1856 Pater
1462 1804 1589 1856 dicit
1634 1820 1648 1857 :
1701 1821 1718 1854 ι
1766 1803 1861 1859 llic

261 1900 362 1944 est
383 1892 564 1944 Filius
597 1906 782 1953 meus,
826 1895 999 1957 ipsum
1046 1892 1259 1952 audite;
1296 1909 1315 1940 ι
1367 1900 1417 1944 et
1452 1904 1762 1959 praesentem
1795 1895 1860 1945 de

262 1997 381 2051 quo
412 1983 582 2045 dicit,
644 1981 912 2035 ostendit.
957 1980 1203 2034 Gaudere
1233 1982 1391 2035 etiam
1447 1982 1571 2033 mihi
1607 1997 1703 2048 pro
1760 1984 1859 2035 hoc

262 2074 489 2127 videtur
523 2073 769 2142 Moyses,
800 2071 926 2139 quia
960 2079 1013 2122 et
1037 2072 1148 2137 ipse
1183 2072 1576 2136 quodammodo
1604 2088 1742 2125 nunc
1767 2072 1859 2125 de-

259 2164 411 2229 ponit
446 2164 715 2216 velamen
747 2176 1047 2216 conversus
1070 2161 1135 2213 ad
1169 2161 1469 2226 Dominum,
1497 2176 1616 2213 cum
1640 2162 1857 2216 eviden-

258 2259 500 2319 terqnm
532 2251 799 2319 praedixit
850 2250 1174 2318 implentur;
1226 2250 1308 2302 vel
1343 2265 1463 2303 cum
1526 2259 1734 2318 tempus
1763 2251 1856 2303 ad-

254 2342 431 2404 venit,
460 2350 529 2394 ut
565 2355 672 2409 per
704 2338 972 2407 Spiritum
1018 2348 1260 2392 sanctum
1303 2353 1422 2406 qua:
1454 2338 1734 2392 obtexerat
1765 2353 1851 2391 re-

258 2428 544 2481 velenlur.
1578 2476 1583 2483 .

342 2515 384 2567 ι.
412 2512 843 2567 Rctractandus
872 2520 1052 2565 tamen
1076 2519 1158 2565 est
1184 2510 1351 2564 sancti
1381 2510 1615 2580 Apostoli
1645 2524 1851 2576 sensus,

253 2613 327 2656 et
344 2600 819 2657 considerandum
841 2600 968 2667 quid
986 2600 1035 2653 ei
1063 2600 1232 2652 visum
1262 2600 1353 2660 sit.
1384 2615 1501 2651 cmn
1530 2599 1851 2652 dixisset":

259 2709 285 2741 ε
334 2692 380 2745 Si
424 2701 632 2744 autem
664 2703 968 2742 conversus
996 2689 1115 2755 quis
1144 2689 1303 2741 luerit
1335 2689 1398 2741 ad
1426 2689 1726 2753 Dominum,
1757 2703 1852 2740 au-

255 2781 473 2835 feretur
519 2778 802 2841 velamen,
845 2796 864 2829 ι
900 2785 957 2830 ut
1000 2778 1264 2830 adderet:
1302 2794 1318 2827 ι
1362 2777 1622 2829 Dominus
1671 2787 1849 2830 autem

252 2872 494 2940 spiritus
527 2881 656 2935 est;
700 2888 719 2920 ι
766 2883 867 2937 per
895 2868 1042 2935 quod
1074 2868 1226 2936 quasi
1264 2868 1601 2935 interpretari
1635 2868 1849 2920 videtur

258 2964 386 3029 quid
420 2973 525 3017 est
558 2961 848 3014 Dominus.
876 2958 1008 3024 Quis
1053 2958 1194 3010 enim
1228 2959 1396 3011 nescit
1423 2958 1563 3025 quod
1590 2957 1847 3023 Dominus

250 3054 488 3119 spiritus
508 3050 636 3104 est?
658 3048 765 3103 Sed
786 3047 950 3117 174
967 3048 1200 3114 nunquid
1225 3048 1275 3098 in
1304 3047 1403 3099 hoc
1422 3045 1536 3099 loco
1554 3047 1617 3099 de
1639 3045 1846 3100 Domini
1875 3068 1915 3123 ο

252 3145 337 3196 vel
363 3153 610 3206 natura,
659 3140 747 3193 vel
792 3138 1095 3192 substantia
1141 3137 1491 3198 tractabatur,
1540 3145 1598 3187 ut
1643 3136 1848 3189 diceret

249 3235 367 3301 quia
407 3231 701 3287 Dominus
737 3229 968 3296 spiritus
1002 3226 1128 3280 est?
1162 3226 1453 3279 Videamus
1482 3239 1609 3291 ergo
1641 3238 1708 3276 ne
1735 3238 1842 3277 non

248 3324 423 3377 solum
458 3338 603 3376 cum
636 3314 855 3384 Moyses
887 3320 1101 3384 legitur,
1133 3317 1225 3369 sed
1258 3326 1310 3368 et
1339 3330 1458 3368 cum
1493 3313 1687 3366 Paulus
1716 3314 1847 3382 legi-

246 3421 349 3477 tur,
409 3412 689 3465 velamen
740 3409 812 3462 sit
864 3408 1098 3475 positum
1149 3419 1309 3472 super
1353 3418 1446 3456 cor
1489 3412 1749 3454 nostrum.
1784 3401 1847 3454 Et

250 3502 580 3563 manifeste,
624 3499 671 3552 si
724 3497 1066 3567 negligenter
1097 3495 1362 3558 audimus,
1408 3493 1449 3545 si
1499 3491 1631 3544 nihil
1676 3491 1845 3544 studii

246 3591 315 3640 ad
345 3590 747 3645 eruditionem
796 3595 854 3638 et
903 3584 1321 3651 intelligentiam
1352 3582 1705 3648 conferimus,
1743 3597 1844 3635 non

243 3684 420 3735 solum
458 3679 609 3747 legis
646 3686 701 3729 et
734 3675 1130 3745 prephetarum
1158 3674 1454 3742 Scriptura,
1492 3674 1583 3725 sed
1628 3681 1681 3724 et
1721 3685 1847 3739 apo.

240 3770 528 3823 stolorutn
576 3776 637 3820 et
666 3764 1099 3831 Evangeliorum
1145 3762 1336 3829 grandi
1393 3761 1545 3815 nobis
1582 3760 1845 3813 velamine

243 3862 485 3927 tegitur.
518 3858 635 3924 Ego
655 3863 839 3907 autem
867 3866 1086 3915 vereor,
1117 3866 1182 3904 ne
1210 3866 1305 3918 per
1336 3850 1550 3903 nimiam
1580 3849 1847 3917 negligen-

241 3952 370 4007 tiam
412 3961 486 4003 ει
510 3946 873 4000 Stoliditatem
909 3943 1124 4007 cordis,
1159 3956 1261 3994 non
1317 3941 1486 3993 solum
1523 3940 1691 3993 velata
1742 3937 1847 3992 sint

232 4042 414 4098 nobis
445 4039 646 4093 divina
681 4035 982 4099 volumina,
1018 4032 1113 4085 sed
1143 4039 1197 4084 et
1236 4030 1480 4099 signata;
1533 4038 1589 4080 ut
1617 4028 1661 4082 si
1693 4028 1844 4081 detur

230 4132 290 4188 in
321 4143 567 4190 nia-nus
597 4126 826 4181 hominis
852 4123 1161 4180 nescientis
1184 4122 1388 4175 litteras
1414 4119 1545 4172 liber
1570 4117 1842 4187 legendus,

233 4223 391 4281 dicat
426 4220 579 4291 quia
640 4219 823 4273 nescio
872 4217 1096 4271 litteras
1131 4230 1146 4266 :
1179 4214 1222 4267 si
1260 4214 1412 4266 detur
1445 4211 1500 4264 in
1533 4223 1720 4262 manus
1749 4207 1842 4259 ho-

234 4319 405 4373 minis
450 4313 689 4368 scientis
742 4312 985 4369 litteras,
1041 4307 1187 4359 dicat
1238 4305 1360 4373 quia
1424 4303 1664 4369 signatus
1738 4306 1839 4352 est.

1966 562 2104 628 quod
2139 563 2366 616 Verbum
2398 561 2489 616 Dei
2521 578 2616 631 pro
2637 579 2700 619 eo
2729 568 2868 634 quod
2891 570 3221 624 auditoribus
3250 573 3495 637 interest,

1966 660 2021 702 ut
2052 667 2188 720 sa‘pe
2216 652 2323 719 jam
2352 653 2602 717 diximus,
2637 669 2775 707 nunc
2798 655 2901 719 via,
2937 672 3074 711 nunc
3104 662 3324 725 veritas,
3354 677 3497 716 nunc

1966 741 2092 804 vita,
2124 756 2261 793 nunc
2285 745 2604 796 resurrectio
2637 744 2963 810 nominatur,
2992 761 3133 798 nunc
3164 748 3322 800 etiam
3348 764 3493 815 caro,

1965 845 2103 883 llllllc
2132 846 2256 883 vero
2281 833 2497 901 spiritus
2534 833 2752 887 dicitur.
2785 833 3039 899 Quamvis
3080 837 3220 889 enim
3264 853 3388 890 vere
3432 855 3498 893 ex

1964 918 2177 988 Virgine
2202 921 2549 975 substantiam
2580 922 2753 975 carnis
2788 924 3050 991 acceperit
3083 924 3132 976 in
3172 939 3275 992 qua
3296 935 3350 978 et
3378 942 3499 979 cru-

1963 1023 2077 1061 cem
2129 1010 2360 1076 pertulit,
2407 1019 2460 1063 et
2500 1014 2943 1065 resurrectionem
2981 1013 3247 1079 initiavit;
3311 1024 3488 1068 tamen

1962 1106 2045 1151 est
2069 1097 2154 1150 ubi
2189 1098 2621 1166 Apostolusdicit
2650 1100 2695 1130 ⁸³
2729 1117 2742 1152 :
2779 1117 2796 1149 ι
2824 1100 2932 1153 Etsi
2965 1102 3309 1167 cognovimus
3338 1103 3498 1156 Cliri—-

1962 1196 2104 1238 stum
2139 1187 2428 1238 secundum
2460 1200 2694 1249 carnem,
2734 1186 2825 1239 sed
2855 1202 2995 1239 nunc
3041 1186 3150 1253 jam
3198 1203 3301 1242 non
3342 1190 3496 1242 novi-

1962 1289 2097 1329 mus.
2137 1293 2155 1325 ι
2198 1274 2330 1338 Quia
2358 1290 2485 1344 ergo
2520 1284 2573 1328 et
2609 1291 2748 1328 nunc
2777 1290 2953 1328 sermo
2996 1276 3108 1340 ejus
3151 1280 3216 1330 ad
3248 1279 3498 1333 subtilio-

1963 1380 2072 1416 rem
2096 1372 2150 1416 et
2178 1364 2466 1431 spiritalem
2495 1365 2895 1433 intelligentiam
2925 1377 3177 1435 provocat
3202 1369 3495 1437 auditores,

1959 1463 2012 1504 et
2049 1452 2163 1505 vult
2197 1468 2289 1506 eos
2330 1453 2460 1505 nihil
2508 1454 2720 1507 carnale
2768 1455 2820 1507 in
2854 1455 2964 1522 lege
2994 1458 3217 1523 sentire,
3257 1459 3491 1515 dicitur:

1960 1541 2058 1607 Qui
2096 1543 2206 1594 vult
2241 1542 2436 1595 auferri
2470 1547 2708 1596 velamen
2746 1544 2810 1598 de
2863 1545 3011 1598 corde
3060 1560 3176 1612 suo,
3210 1558 3493 1601 converta-

1962 1638 2046 1681 tur
2071 1631 2135 1682 ad
2172 1631 2475 1697 Dominum,
2510 1648 2612 1686 non
2647 1633 2798 1699 quasi
2837 1634 2903 1686 ad
2929 1650 3144 1689 carnem
3191 1634 3493 1702 Dominum,

1960 1725 2042 1768 est
2061 1718 2199 1769 enim
2223 1730 2274 1771 et
2301 1719 2424 1786 hoc,
2446 1721 2567 1788 quia
2591 1740 2608 1771 ι
2630 1720 2860 1774 Verbum
2891 1737 3013 1775 caro
3030 1718 3222 1776 factum
3248 1734 3328 1778 est
3356 1726 3432 1792 “;
3469 1744 3490 1779 ι

1961 1806 2052 1858 sed
2084 1807 2231 1873 quasi
2263 1808 2328 1862 ad
2366 1811 2612 1877 spiritum
2644 1812 2943 1865 Dominum.
2976 1813 3031 1867 Si
3072 1813 3213 1865 enim
3249 1814 3402 1881 quasi
3427 1816 3493 1869 ad

1959 1894 2202 1960 spiritum
2253 1895 2533 1950 Dominum
2569 1908 2934 1965 convertatur,
2976 1901 3040 1954 de
3086 1902 3387 1956 carnalibus
3427 1905 3493 1958 ad

1957 1980 2215 2046 spiritalia
2236 1982 2430 2047 veniet,
2457 1993 2509 2037 et
2536 1986 2602 2037 ad
2629 1986 2921 2039 libertatem
2948 1989 3011 2040 de
3037 1991 3292 2042 servitute
3320 2000 3494 2044 trans-

1959 2068 2099 2123 ibit:
2140 2088 2157 2120 ι
2196 2069 2281 2122 ubi
2323 2089 2342 2121 ι
2376 2073 2514 2125 enim
2552 2091 2569 2123 ι
2600 2074 2818 2139 spiritus
2866 2075 3104 2141 Domini,
3141 2078 3207 2129 ibi
3241 2087 3294 2130 et
3326 2078 3489 2131 liber-

1960 2163 2038 2207 tas
2068 2156 2131 2209 ⁸⁷.
2166 2175 2185 2206 ι
2218 2157 2282 2208 Ει
2328 2169 2383 2209 ut
2420 2159 2591 2212 adhuc
2636 2161 2931 2214 evidentius
2966 2162 3051 2214 (lat
3100 2165 3239 2232 quod
3274 2167 3488 2229 dicitur,

1957 2253 2169 2297 utamur
2190 2252 2243 2297 et
2265 2245 2382 2299 aliis
2411 2247 2645 2313 Apostoli
2676 2249 2938 2302 sensibus.
2969 2250 3049 2304 Ad
3081 2253 3333 2317 quosdam
3364 2254 3492 2308 dicit

1955 2346 2088 2400 quos
2125 2342 2363 2386 senserat
2405 2334 2704 2403 incapaces,
2749 2339 2870 2405 quia
2931 2358 2949 2389 ι
2989 2341 3118 2392 nihil
3153 2354 3234 2392 me
3255 2342 3489 2410 iudicavi

1952 2421 2096 2472 aliud
2127 2422 2266 2474 scire
2302 2423 2442 2475 inter
2470 2438 2582 2487 vos,
2616 2425 2719 2477 nisi
2745 2425 3011 2479 Christum
3036 2428 3238 2491 Jesum,
3269 2439 3323 2482 et
3349 2427 3503 2484 hunc"

1953 2510 2263 2565 crucifixum
2294 2511 2360 2563 ⁸⁸.
2400 2530 2419 2562 ι
2467 2514 2591 2567 Istis
2627 2514 2815 2568 talibus
2847 2534 2946 2568 non
2985 2518 3191 2571 dicebat
3222 2520 3342 2586 quia
3384 2519 3487 2574 Do-

1952 2602 2127 2655 minus
2156 2602 2374 2669 spiritus
2408 2611 2511 2664 est,
2562 2618 2657 2657 nec
2706 2606 2917 2657 dicebat
2959 2607 3038 2662 eis
3068 2609 3188 2675 quia
3240 2609 3489 2667 Christus

1953 2688 2042 2742 Dei
2074 2691 2333 2757 sapientia
2364 2700 2446 2744 est
2479 2691 2546 2744 ⁸⁸.
2580 2692 2694 2746 Non
2732 2694 2871 2746 enim
2903 2706 3147 2762 poterant
3191 2710 3484 2765 agnoscere

1950 2778 2221 2833 Christum
2246 2782 2537 2833 secundum
2563 2781 2662 2835 hoc
2697 2786 2838 2851 quod
2862 2785 3123 2853 sapientia
3156 2786 3244 2840 Dei
3269 2797 3370 2855 est,
3393 2788 3487 2844 sed

1951 2869 2237 2920 secundum
2271 2868 2373 2920 hoc
2402 2869 2540 2936 quod
2581 2871 2869 2925 cruciﬁxus
2917 2884 3017 2927 est.
3052 2873 3127 2926 Illi
3166 2885 3340 2929 autem
3369 2879 3488 2946 qui-

1950 2956 2047 3009 bus
2081 2956 2289 3009 dicebat
2319 2954 2362 2986 '°
2387 2973 2399 3008 :
2441 2974 2459 3005 ι
2491 2956 2817 3024 Sapientiam
2841 2958 3112 3024 loquimur
3141 2961 3280 3013 inter
3307 2961 3485 3030 perfe-

1949 3052 2083 3104 ctos,
2115 3044 2432 3111 sapientiam
2479 3055 2657 3097 autem
2704 3061 2807 3098 non
2855 3046 3010 3113 hujus
3055 3049 3262 3113 saeculi,
3316 3066 3487 3119 neque

1949 3131 2245 3198 principum
2288 3131 2441 3198 hujus
2490 3133 2696 3197 mundi,
2734 3134 2822 3201 qui
2867 3136 3231 3202 destruuntur,
3269 3138 3357 3192 sed
3404 3140 3486 3193 lo-

1946 3220 2163 3287 quimur
2200 3221 2288 3272 Dei
2319 3220 2629 3287 sapientiam
2667 3221 2719 3273 in
2753 3226 3008 3293 mysterio
3038 3227 3399 3281 absconditam
3422 3244 3436 3294 ;
3460 3245 3481 3280 ι

1946 3321 2047 3361 nun
2084 3307 2389 3375 indigebant
2410 3321 2464 3363 ut
2498 3309 2724 3362 Verbum
2753 3312 2840 3365 Dei
2868 3316 3155 3368 secundum
3187 3317 3284 3370 hoc
3309 3318 3482 3371 susci-

1944 3406 2149 3463 perent,
2182 3400 2317 3465 quud
2347 3414 2471 3452 caro
2517 3399 2711 3453 factum
2753 3411 2855 3465 CSI,
2890 3402 2980 3455 sed
3022 3403 3309 3457 secundum
3359 3406 3487 3472 hoc,

1944 3489 2082 3555 quod
2118 3491 2379 3555 sapientia
2411 3491 2461 3542 in
2492 3492 2749 3559 mysterio
2777 3493 3080 3545 abscondita
3105 3504 3207 3548 est.
3242 3494 3329 3550 Sic
3355 3511 3483 3565 ergo

1944 3586 1996 3630 et
2031 3579 2081 3630 in
2113 3580 2210 3630 hoc
2238 3579 2374 3645 luco,
2406 3579 2472 3633 iis
2503 3582 2589 3647 qui
2619 3582 2682 3635 de
2731 3582 2929 3635 carnali
2970 3584 3036 3635 ad
3078 3586 3371 3652 spiritalem
3404 3588 3485 3640 in-

1945 3668 2282 3736 telligentiam
2333 3679 2706 3736 provocanlur,
2757 3672 2952 3724 dicitur
2986 3689 2999 3723 :
3037 3692 3058 3723 r
3092 3674 3346 3727 Dominus
3383 3690 3479 3728 au-

1947 3764 2049 3808 tem
2091 3756 2305 3822 spiritus
2335 3765 2455 3819 est;
2488 3757 2575 3809 ubi
2614 3767 2787 3809 autem
2820 3759 3037 3826 spiritus
3068 3761 3297 3825 Domini,
3332 3762 3401 3814 ibi
3426 3770 3480 3815 el.

1944 3842 2178 3897 libertas.
2215 3863 2234 3896 ι
2268 3844 2335 3898 Ut
2358 3854 2535 3898 autem
2567 3848 2894 3910 ostenderet,
2925 3849 3045 3915 quia
3088 3850 3197 3915 ipse
3227 3851 3334 3917 jam
3363 3864 3483 3918 per-

1944 3933 2087 3986 venit
2118 3932 2183 3984 ad
2219 3934 2457 3986 scientiae
2489 3932 2816 3997 libertatem,
2847 3942 2910 3993 et,
2929 3944 3118 3987 exutus
3144 3948 3222 3988 est
3251 3936 3315 3989 de
3341 3939 3483 3988 vela-

1942 4025 2099 4077 minis
2121 4024 2399 4085 servitute,
2428 4023 2575 4077 addit
2605 4023 2707 4089 his,
2737 4032 2791 4077 et
2818 4024 2950 4077 dicit
2975 4025 3016 4055 ⁸³
3055 4042 3069 4078 :
3102 4041 3121 4075 ι
3169 4026 3270 4078 Nos
3304 4033 3479 4079 autem

1941 4127 2143 4175 omnes,
2169 4111 2397 4165 revelata
2423 4111 2577 4176 facie,
2598 4113 2818 4182 gIOriam
2843 4112 3048 4165 Domini
3074 4113 3422 4181 speculantes.
3454 4129 3478 4166 ι

1943 4200 1997 4255 Si
2028 4215 2152 4270 ergo
2187 4210 2241 4255 et
2268 4216 2365 4255 nos
2399 4201 2681 4255 Dominum
2730 4203 3098 4271 deprecentur,
3144 4213 3200 4256 ut
3238 4203 3478 4257 velamen

1942 4291 2005 4343 de
2036 4291 2196 4344 corde
2231 4300 2418 4345 nostro
2447 4290 2691 4357 dignetur
2718 4291 2949 4355 aulerre,
2982 4305 3169 4358 capere
3201 4306 3480 4358 possumus

429 4399 764 4455 ostenditur
789 4410 899 4448 non
927 4392 1111 4446 solum
1146 4369 1375 4444 studium
1404 4390 1555 4443 nobis
1586 4386 1841 4440 adhiben-
1872 4369 1916 4422 D
1945 4383 2348 4450 intelligentiam
2378 4383 2695 4449 spiritalem,
2728 4382 2773 4434 si
2808 4391 2981 4435 tamen
3013 4390 3383 4434 convertamur
3412 4383 3478 4436 ad

228 4490 349 4547 dum
410 4503 555 4546 esse
607 4487 674 4540 ad
719 4484 1024 4539 discendus
1064 4480 1270 4534 litteras
1315 4492 1515 4541 sacras,
1556 4491 1738 4529 verum
1789 4485 1841 4527 ct

224 4579 672 4653 supplicandum
714 4574 979 4635 Domino,
1019 4578 1079 4622 et
1108 4569 1289 4622 diebus
1318 4583 1379 4622 ac
1407 4567 1649 4620 noctibus
1680 4565 1842 4617 obse-

223 4674 543 4726 crantium.
584 4678 642 4716 ut
674 4664 869 4716 veniat
925 4662 1123 4724 Agnus
1177 4672 1240 4709 ex
1283 4658 1422 4709 tribu
1453 4655 1608 4720 Juda,
1637 4660 1689 4707 et
1728 4654 1839 4718 ipse

223 4762 526 4831 accipiens
561 4757 768 4808 librum
805 4752 1107 4817 signatum
1158 4745 1398 4813 dignetur
1447 4745 1671 4812 aperire.
1724 4739 1839 4808 Ipse

220 4863 293 4907 est
327 4853 499 4905 cutim
526 4847 622 4914 qui
649 4843 1010 4908 Scriptut‘as
1054 4834 1381 4898 adaperiens,
1414 4833 1654 4887 accendit
1680 4832 1838 4884 corda

223 4940 656 5010 discipulorum,
685 4933 771 4986 ita
803 4938 870 4981 ut
896 4926 1104 4978 dicant
1127 4923 1169 4952 ⁵³
1197 4940 1255 4976 ;-ι
1284 4922 1459 4977 Nonne
1482 4940 1573 4977 cur
1601 4933 1838 4974 nostrum

221 5041 325 5089 erat
361 5031 574 5085 ardens
604 5028 767 5081 intra
808 5030 951 5073 nos,
995 5025 1130 5062 cum
1161 5012 1380 5078 aperiret
1410 5012 1560 5066 nobis
1598 5011 1840 5077 Scriptu-

220 5129 333 5184 ηερ
358 5144 380 5177 ι
417 5124 550 5195 [pse
584 5130 738 5184 ergo
770 5107 971 5161 etiam
1002 5115 1167 5153 nunc
1197 5102 1340 5154 nobis
1364 5105 1567 5169 aperire
1597 5103 1844 5169 dignetur

213 5219 320 5274 Quid
339 5188 623 5282 estquod
656 5192 994 5282 Apostoloﬁ
1019 5203 1127 5242 suo
1152 5190 1416 5282 inspiravit
1445 5202 1496 5242 ut
1525 5188 1840 5282 diccrél-u:

192 5307 213 5337 ‘
234 5278 519 5365 Donnintis
551 5303 778 5350 autem
822 5281 1110 5350 spiritus
1143 5288 1240 5339 est,
1284 5279 1367 5332 ubi
1400 5292 1569 5334 autem
1623 5278 1843 5346 spiritus

160 5372 408 5461 ﬂumini,
454 5389 545 5446 ίω
603 5383 920 5436 libertas.
968 5385 995 5416 ι
1057 5365 1170 5432 Ego
1211 5367 1407 5432 quidem
1449 5380 1704 5435 quantum
1749 5380 1843 5434 pro

1946 4471 2247 4534 Dominum,
2292 4481 2343 4524 et
2381 4471 2677 4523 libertatem
2718 4470 2957 4522 scientia:
2988 4471 3340 4538 requiramus.
3374 4469 3479 4523 Sed

1945 4561 2209 4629 quomodo
2232 4560 2474 4614 invenire
2502 4575 2782 4628 possumus
2820 4560 3144 4624 libertatem,
3181 4560 3268 4627 qui
3305 4559 3479 4614 servi-

1946 4666 2061 4703 mus
2099 4649 2312 4713 sacculo,
2360 4649 2448 4717 qui
2492 4650 2754 4702 servimus
2788 4649 3051 4716 pecunim,
3098 4650 3185 4715 qui
3216 4649 3477 4702 servimus

1939 4741 2213 4794 desideriis
2235 4738 2443 4792 carnis?
2483 4739 2592 4808 Ego
2622 4739 2877 4806 meipsmn
2921 4738 3169 4805 corripio,
3216 4737 3475 4806 meipsum

1933 4827 2134 4895 judico,
2160 4842 2256 4895 ego
2279 4808 2421 4881 ineas
2447 4827 2625 4895 culpas
2650 4841 2835 4894 arguo,
2868 4826 3091 4878 viderint
3113 4825 3203 4894 qui
3229 4824 3478 4890 audiunt,

1941 4920 2065 4985 quid
2120 4918 2182 4971 de
2234 4917 2529 4984 semetipsis
2590 4916 2844 4968 sentiant.
2922 4915 3032 4983 Ego
3086 4913 3298 4969 interim
3357 4912 3478 4965 dico

1940 5008 2102 5075 quod,
2138 5007 2303 5060 donec
2335 5005 2488 5057 alicui
2520 5006 2708 5056 horum
2739 5004 2815 5056 de.
2837 5005 3006 5068 ervio,
3054 5017 3154 5057 non
3187 5017 3305 5055 sum
3342 5014 3453 5054 coni

1944 5111 2125 5150 versus
2174 5098 2237 5149 ad
2269 5096 2570 5157 Dominum,
2629 5110 2727 5149 nec
2781 5095 2941 5149 ullam
2988 5101 3307 5147 consecutus
3356 5101 3474 5142 sum

1945 5187 2239 5241 libertatem
2273 5186 2442 5240 donec
2476 5184 2599 5238 talia
2632 5201 2718 5239 me
2747 5186 2954 5254 negotia
2990 5192 3046 5235 et
3091 5175 3480 5235 sollicitudines

1943 5277 2230 5345 stringunt.
2262 5277 2405 5331 Illius
2429 5293 2457 5329 a
2487 5292 2589 5346 quo
2617 5277 2952 5342 conslringor
2979 5269 3169 5338 negotii
3205 5275 3259 5317 et
3283 5258 3457 5354 solliei

1947 5367 2145 5421 tudinis
2173 5382 2358 5422 servus
2386 5381 2523 5420 sum.
2563 5364 2686 5418 Scio
2725 5363 2865 5415 enim
2896 5359 3146 5422 scriptum
3175 5364 3313 5412 esse,
3345 5356 3479 5411 qum

2205 5477 2315 5530 “II
2347 5477 2471 5532 Cor.
2532 5491 2609 5538 Ill,
2663 5473 2744 5527 ιδ,
2796 5471 2879 5522 l7.
2949 5447 3483 5538 “Quousxt‘vw’ﬂ.
3552 5453 3563 5463 ’

722 5482 842 5536 56,
942 5474 1004 5506 ⁸ο
1044 5472 1201 5524 Deut.
1250 5488 1386 5537 xvm,
1433 5478 1521 5535 15.
1590 5478 1636 5509 ⁸¹
1670 5476 1851 5529 Matth.

722 5552 829 5596 r1-
937 5543 1000 5573 ⁸⁵
1045 5539 1302 5596 "Conv,
1348 5545 1433 5596 16.
1506 5548 1551 5580 ⁸⁵
1576 5546 1732 5596 .Ioan.
1768 5549 1851 5596 t.l

1951 5482 2117 5541 vn.5.
2205 5477 2315 5530 “II
2347 5477 2471 5532 Cor.
2532 5491 2609 5538 Ill,
2663 5473 2744 5527 ιδ,
2796 5472 2879 5522 I7.
2949 5472 2993 5497 "
3025 5472 3150 5514 Luco
3203 5472 3347 5517 “IV.
3381 5472 3483 5503 οτι·

2033 5550 2074 5579 ⁸⁷
2105 5549 2144 5596 ll
2188 5548 2312 5596 Cor.
2362 5560 2441 5596 ιιι.
2486 5545 2570 5595 17.
2646 5540 2731 5592 ³⁸1
2760 5539 2880 5591 Cor.
2921 5547 2981 5596 tl,
3032 5530 3085 5583 2.
3155 5520 3403 5577 ⁵⁹ιῧοι¹ο
3445 5542 3497 5593 ι,

815 5589 829 5600 .
937 5539 1302 5609 εσξιιρυω,
1348 5545 1433 5597 16.
1506 5548 1551 5580 ⁸⁵
1576 5546 1732 5601 Joan.
1768 5560 1803 5609 ι,
1838 5546 1924 5599 14.
2022 5539 2074 5579 “⁸⁷
2104 5549 2144 5601 ιι
2188 5548 2312 5600 Cor.
2362 5560 2441 5609 ιιι,
2486 5545 2570 5595 Ii.

910 5611 967 5642 ει
1014 5604 1062 5657 ιι
1097 5605 1214 5660 Cor.
1243 5623 1311 5672 tn,
1338 5611 1420 5666 18.
