3948 6240
477 324 577 382 587

479 435 839 504 unusquisque
867 448 894 485 a
925 447 1026 500 quo
1051 431 1302 492 vincitur,
1340 428 1463 482 huic
1507 435 1558 484 et
1591 439 1776 479 servus
1806 421 2005 475 addici-
2033 425 2078 480 Α

481 535 567 578 tur
594 523 659 587 ",
694 522 852 574 etiam
877 521 919 573 si
954 534 1036 571 me
1060 533 1207 571 amor
1232 516 1466 584 pecunia:
1499 529 1602 566 non
1646 519 1864 578 supcrat
1885 508 2016 578 (8‘2),

477 614 637 668 etiam
656 612 698 664 si
719 609 1111 678 possessionum
1129 616 1182 660 et
1197 605 1498 658 divitiarum
1518 615 1646 654 cura
1666 615 1768 652 non
1790 598 2018 664 stringit,

479 699 649 754 laudis
673 709 847 753 tamen
868 697 1091 762 cupidus
1123 710 1259 758 sum,
1292 700 1346 744 et
1397 690 1616 758 gloriam
1641 697 1812 741 sector
1840 688 2023 738 huma-

481 803 626 852 nam,
651 787 694 839 si
719 786 782 838 de
809 783 1081 836 hominum
1097 781 1326 833 vultibus
1352 787 1405 832 et
1432 775 1766 830 sermonibus
1795 774 2019 841 pendeo,

482 875 609 943 quid
635 874 698 925 de
723 885 804 924 me
831 870 920 922 ille
945 869 1158 928 sentiat,
1190 863 1452 933 quomodo
1482 863 1570 915 ille
1611 875 1696 914 me
1716 861 1928 922 habeat,
1957 871 2022 910 ne

483 963 558 1014 illi
589 960 918 1025 displiceant,
950 958 992 1010 si
1024 956 1096 1009 illi
1125 954 1378 1022 placeant.
1440 951 1618 1004 Donec
1650 949 1865 1016 requiro
1897 947 2019 1009 ista,

483 1064 670 1104 servus
723 1050 910 1102 horum
967 1061 1106 1098 sum.
1143 1044 1246 1097 Sed
1279 1042 1521 1094 volebam
1564 1055 1627 1092 ex
1684 1039 1783 1090 hoc
1836 1037 2020 1089 saltem

486 1137 618 1190 satis
656 1149 836 1202 agere,
873 1133 917 1185 si
953 1131 1148 1198 possim
1205 1129 1340 1182 liber
1393 1128 1530 1190 fieri,
1576 1127 1620 1178 si
1672 1124 1866 1193 possim
1897 1122 2022 1190 jugo

484 1222 640 1277 {teda}
675 1220 827 1288 hujus
853 1220 1120 1274 servitutis
1147 1217 1349 1272 absolvi
1386 1216 1515 1284 (83),
1553 1224 1605 1268 et
1643 1213 1920 1282 pervenire
1955 1213 2018 1265 ad

486 1310 786 1364 libertatem
818 1307 1105 1361 secundum
1161 1304 1396 1372 Apostoli
1443 1302 1912 1356 commonitionem
1943 1299 2022 1352 di-

486 1400 658 1454 centis
695 1400 739 1429 ⁶³
776 1415 790 1450 :
830 1416 847 1447 ι
878 1398 932 1450 lu
965 1397 1262 1450 libertatem
1294 1393 1466 1446 vocati
1511 1393 1659 1456 estis,
1693 1392 1855 1444 nolite
1906 1389 2022 1443 ﬁeri

488 1487 630 1542 servi
661 1486 953 1540 hominum.
994 1501 1014 1534 ι
1047 1482 1152 1536 Sed
1180 1483 1298 1548 quis
1335 1482 1463 1534 mihi
1496 1481 1646 1534 dabit
1670 1482 1806 1533 hanc
1833 1495 2020 1532 manu-

494 1574 839 1629 missionem?
869 1573 996 1638 Quis
1023 1587 1103 1625 me
1131 1572 1196 1623 ab
1221 1571 1320 1624 hac
1349 1570 1602 1622 servitute
1633 1568 1930 1633 turpissima
1957 1567 2023 1618 li-

488 1663 718 1728 berabit,
747 1663 846 1716 nisi
876 1662 961 1716 ille
984 1663 1072 1732 qui
1098 1662 1232 1714 dixit
1264 1678 1277 1713 :
1310 1660 1354 1690 “
1389 1676 1406 1708 ‹
1447 1658 1503 1711 Si
1547 1671 1641 1710 vos
1684 1656 1850 1709 Filius
1891 1655 2024 1708 libe-

491 1753 711 1814 raverit,
744 1765 868 1806 vere
901 1751 1052 1804 liberi
1085 1749 1270 1804 eritis?
1304 1767 1322 1798 ›
1365 1746 1571 1800 Etenim
1605 1748 1717 1799 scio
1752 1744 1874 1812 quia
1910 1759 2025 1798 ser-
2055 1728 2097 1779 Β

492 1857 589 1895 vus
627 1856 730 1895 non
766 1850 940 1908 potest
984 1839 1228 1892 libertate
1256 1838 1464 1898 donari,
1513 1835 1613 1888 nisi
1651 1833 1878 1888 fideliter
1919 1847 2029 1886 sero

491 1931 666 1995 viens,
702 1931 804 1984 nisi
849 1929 1126 1982 Dominum
1165 1929 1405 1996 diligens.
1457 1926 1521 1978 Et
1571 1925 1688 1977 ideo
1733 1922 1892 1976 etiam
1933 1936 2029 1974 nos

496 2020 718 2074 fideliter
770 2019 1082 2077 serviamus,
1137 2026 1189 2068 et
1221 2031 1286 2068 ex
1333 2023 1440 2068 toto
1489 2012 1668 2076 corde,
1724 2020 1775 2063 et
1807 2026 1872 2063 ex
1924 2019 2031 2062 toto

497 2112 692 2173 animo,
754 2118 807 2161 et
845 2121 908 2160 ex
939 2117 1044 2160 tota
1103 2105 1300 2157 virtute
1332 2113 1510 2156 nostra
1545 2100 1822 2168 diligamus
1856 2099 2031 2150 Domi—

499 2214 622 2249 num
651 2198 812 2249 Deum
850 2203 1108 2254 nostrum,
1137 2201 1193 2245 ut
1232 2203 1533 2244 mereamur
1561 2188 1806 2240 libertate
1846 2184 2033 2238 donari

495 2303 524 2337 a
558 2286 774 2339 Christo
800 2283 923 2337 Jesu
958 2284 1092 2337 Filio
1138 2283 1252 2348 ejus
1304 2279 1526 2332 Domino
1560 2285 1763 2339 nostro,
1820 2275 1901 2328 cui
1952 2285 2034 2327 est

495 2372 664 2441 gloria
696 2380 750 2425 et
785 2369 1064 2438 imperium
1102 2370 1152 2418 in
1183 2367 1370 2418 smcula
1407 2361 1742 2414 saeculorum.
1773 2359 1961 2411 Amen.

944 2456 1097 2525 175
1132 2453 1407 2508 llOMlLlA
1445 2449 1578 2504 Xlll.

661 2549 738 2604 De
765 2549 845 2601 his
883 2563 998 2616 qua:
1029 2548 1319 2613 offeruntur
1354 2544 1418 2595 ad
1465 2537 1875 2592 tabernaculum.

569 2659 623 2714 1.
653 2659 768 2714 Jam
801 2660 1011 2727 quidem
1043 2666 1095 2711 et
1125 2657 1272 2724 prius
1307 2655 1372 2708 de
1415 2650 1758 2706 tabernaculo
1787 2663 1882 2717 pro
1911 2648 2042 2700 viri-

501 2747 599 2800 bus
630 2747 972 2810 dixeramus;
1012 2757 1196 2798 verum
1227 2741 1476 2810 quoniam
1521 2749 1658 2805 smpe
1697 2736 1748 2787 in
1780 2735 1940 2788 Exodi
1971 2733 2036 2786 li-

503 2837 600 2888 bro
649 2835 905 2902 repetitur
936 2834 1047 2900 ipsa
1083 2830 1400 2899 descriptio;
1431 2827 1621 2881 dicitur
1646 2825 1787 2878 enim
1838 2831 1892 2876 et
1919 2838 2040 2877 cum

508 2924 758 2977 Dominus
790 2923 1038 2990 praecepit
1083 2922 1252 2989 Moysi
1299 2917 1525 2986 qualiter
1573 2914 1688 2968 ﬁeri
1723 2913 1954 2977 debeat,
1991 2920 2045 2966 et

1909 299 2220 360 OlllGENlS

2108 430 2228 470 reor
2247 412 2386 468 enim
2412 423 2479 463 ne
2507 407 2646 461 forte
2675 400 2914 458 etiamsi
2947 393 3244 452 Dominus
3297 381 3564 441 revelare
3589 379 3765 448 digne-

3669 263 3764 316 388

2125 517 2210 560 tur
2243 503 2395 557 alicui
2423 538 2438 564 ,
2475 499 2614 553 sicut
2662 497 2819 550 forte
2867 492 3159 560 dignatur
3193 480 3305 548 (de
3359 490 3453 530 me
3493 471 3637 564 enim
3669 482 3766 564 non

2119 609 2234 648 sum
2265 604 2426 644 ausus
2455 583 2700 654 dicere),
2735 573 2990 641 vereor,
3031 577 3293 640 inquam
3326 607 3342 632 ,
3378 573 3441 619 et
3490 560 3649 615 valde
3681 559 3769 612 du-

2117 684 2231 736 bito
2256 720 2270 743 ,
2310 680 2352 732 si
2392 675 2628 731 inveniat
2650 650 2961 726 auditores
2998 664 3134 733 (85)
3168 678 3184 712 :
3223 666 3287 712 et
3318 670 3454 710 cum
3489 653 3565 704 ita
3594 650 3683 710 sit,
3712 661 3770 700 ne

2121 771 2256 824 forte
2284 771 2350 822 ab
2383 783 2447 822 eo
2479 766 2572 834 qui
2624 764 2937 830 explanare
2995 750 3333 810 conabitur
3363 786 3380 811 ,
3421 741 3736 810 requiratur
3758 779 3772 802 ,

2123 859 2412 913 Dominica:
2459 855 2777 924 margaritae
2811 851 2938 913 ubi,
2983 845 3081 899 vel
3136 836 3451 910 quomodo
3480 873 3498 896 ,
3545 831 3633 886 vel
3663 842 3776 883 ante

2121 965 2254 1019 quos
2291 949 2591 1001 mittantur.
2626 943 2833 996 Verum
2867 937 3163 1007 quoniam
3200 937 3568 998 magnopere
3592 936 3775 990 exspe-

2123 1016 2280 1094 ctatis
2309 1047 2366 1091 ut
2397 1037 2576 1103 aliqua
2609 1049 2678 1088 ex
2715 1033 2809 1086 his
2839 1043 2968 1097 qua:
2999 1026 3163 1078 lecta
3201 1027 3350 1075 sunt
3371 1057 3388 1081 ,
3424 1016 3777 1072 disserantur,

2121 1139 2174 1182 et
2199 1125 2443 1196 praecipit
2477 1099 2608 1176 mihi
2641 1119 2918 1174 Dominus
2952 1127 3131 1167 meus
3169 1110 3391 1163 dicens
3418 1105 3468 1134 “
3499 1121 3514 1156 :
3571 1117 3591 1153 ι
3615 1099 3778 1169 Opor-

2126 1219 2268 1272 tebat
2299 1225 2351 1269 te
2384 1216 2513 1269 dare
2541 1210 2834 1281 pecuniam
2884 1218 3088 1259 meam
3149 1201 3228 1253 ad
3269 1210 3541 1252 mensam
3565 1233 3581 1256 ,
3613 1201 3666 1248 et
3692 1207 3780 1259 ego

2129 1308 2352 1360 veniens
2381 1319 2503 1358 cum
2533 1303 2718 1357 usuris
2740 1301 2936 1368 utique
2969 1293 3328 1363 exegissem
3357 1301 3530 1341 eam:
3565 1302 3584 1336 ι
3620 1283 3780 1352 ipsmn

2126 1396 2344 1466 regalia,
2371 1402 2430 1446 ut
2454 1393 2676 1446 verbum
2705 1404 2892 1444 meum
2924 1401 3102 1442 suam
3136 1379 3472 1450 pecuniam
3504 1375 3688 1428 facere
3713 1374 3784 1426 di-

2125 1495 2337 1556 gnetur,
2371 1483 2448 1537 uti
2482 1497 2587 1537 non
2618 1497 2798 1534 meam
2826 1477 3180 1549 pecuniam,
3220 1485 3343 1524 non
3382 1481 3574 1520 meum
3603 1479 3784 1517 aurum

2123 1555 2274 1628 vobis
2298 1612 2315 1636 ,
2348 1573 2440 1626 sed
2483 1573 2655 1640 ipsius
2695 1569 2972 1623 fcenerem
3004 1606 3022 1631 ,
3064 1563 3270 1631 ipsius
3307 1559 3480 1612 vobis
3509 1555 3696 1616 verbo,
3740 1562 3789 1606 ct

2126 1666 2294 1734 ipsius
2323 1679 2482 1718 sensu
2516 1663 2744 1729 loquar,
2781 1668 2837 1712 et
2883 1658 2955 1710 ad
2992 1655 3253 1708 auditus
3288 1650 3475 1704 vestri
3509 1649 3627 1701 haec
3655 1644 3790 1698 defe-

2130 1771 2241 1808 ram
2269 1767 2532 1807 mensam.
2569 1750 2673 1803 Vos
2704 1748 2820 1814 jam
2856 1745 3145 1799 videritis
3183 1738 3590 1809 suscipientes
3620 1737 3792 1790 Domi-

2130 1846 2302 1898 nicam
2331 1842 2641 1911 pecuniam,
2672 1835 2959 1906 quomodo
2991 1847 3229 1889 usuras
3253 1831 3389 1898 ejus
3421 1826 3668 1881 venienti
3695 1825 3793 1878 Do-

2129 1935 2273 1987 mino
2300 1929 2636 2000 praeparetis.
2673 1929 2866 1984 Usura:
2899 1932 3108 1978 autem
3152 1929 3304 1977 sunt
3348 1918 3514 1973 verbi
3552 1916 3667 1980 Dei,
3701 1916 3791 1967 ha-

2129 2024 2256 2077 bere
2288 2023 2476 2077 inusu
2509 2021 2630 2072 vitta
2662 2027 2716 2072 et
2744 2026 2978 2071 actuum
3020 2029 3098 2068 ea
3142 2027 3284 2080 quae
3319 2008 3596 2078 prmcepit
3622 2019 3789 2058 sermo

2135 2113 2243 2165 Dei.
2271 2111 2326 2164 Si
2359 2125 2486 2177 ergo
2513 2110 2796 2162 audientes
2830 2105 3088 2159 verbum
3136 2100 3390 2155 utimini
3425 2113 3519 2164 eo,
3549 2106 3605 2151 et
3639 2095 3788 2161 agitis

2131 2203 2423 2258 secundum
2447 2215 2510 2254 ea
2539 2215 2660 2266 quae
2691 2198 2921 2262 auditis,
2961 2205 3026 2250 et
3053 2194 3413 2250 secundum
3448 2192 3571 2245 haec
3599 2187 3788 2247 vivitis,

2133 2305 2324 2346 usuras
2355 2290 2584 2344 Domino
2613 2287 2947 2356 prmparatis
2976 2302 2993 2338 :
3026 2294 3092 2337 et
3133 2293 3344 2353 potest
3376 2282 3504 2336 fieri
3542 2288 3600 2334 ut
3633 2292 3788 2332 unus-

2135 2383 2360 2450 quisque
2400 2389 2636 2434 vestrum
2690 2378 2757 2429 de
2785 2376 3048 2443 quinque
3092 2373 3352 2427 talentis
3385 2372 3560 2425 faciat
3593 2369 3787 2431 decem,

2136 2481 2188 2524 et
2213 2470 2397 2523 audiat
2425 2483 2454 2521 a
2485 2467 2711 2522 Domino
2737 2467 2806 2518 ⁶⁷ε
2841 2483 2860 2515 ι
2889 2463 3082 2532 Euge,
3118 2478 3310 2518 serve
3345 2464 3499 2517 bone
3527 2469 3582 2515 et
3610 2457 3786 2520 fideiis,

2136 2561 2244 2613 eris
2293 2565 2615 2625 potestatem
2668 2555 2885 2609 habens
2942 2569 3140 2622 super
3189 2553 3409 2607 decem
3468 2551 3735 2604 civitates.
3768 2563 3786 2596 ι

2139 2647 2368 2701 Tantum
2421 2645 2546 2700 illud
2597 2645 2839 2711 ,videte,
2889 2659 2964 2698 ne
3009 2646 3161 2713 quis
3217 2652 3492 2698 vestrum
3526 2647 3791 2707 acceptam

2139 2734 2420 2803 pecuniam
2443 2771 2459 2796 ,
2491 2741 2583 2784 aut
2615 2733 2670 2784 in
2701 2732 2937 2785 sudario
2975 2733 3241 2802 colliget
3270 2771 3288 2795 ,
3328 2740 3436 2784 aut
3473 2729 3716 2783 defodiat
3744 2725 3791 2776 in

2145 2833 2364 2888 terram,
2395 2821 2517 2887 quia
2544 2820 2861 2886 huiusmodi
2893 2821 3173 2875 hominis
3210 2822 3272 2874 in
3312 2823 3567 2874 adventu
3597 2813 3793 2869 Domini

2143 2915 2264 2981 quis
2301 2913 2371 2964 sit
2401 2911 2580 2965 exitus
2615 2911 2754 2964 bene
2791 2912 3003 2967 nostis.
3047 2911 3466 2964 Tentabimus
3489 2909 3652 2979 igitur
3673 2920 3793 2974 pau-

507 3014 700 3066 iterum
728 3027 845 3066 cum
877 3011 1082 3080 Moyses
1103 3009 1350 3076 praecepit
1379 3009 1590 3074 populo,
1615 3013 1674 3057 ut
1702 3002 1891 3056 oﬂerat
1915 3017 2042 3057 con-
2067 3038 2109 3094 ϐ
2144 3018 2206 3055 ea
2243 3003 2309 3056 de
2343 3001 2548 3063 multis,
2582 3001 2689 3054 into
2725 3001 3004 3068 pauciora
3043 3001 3124 3055 de
3163 3002 3412 3069 paucis,
3449 3000 3654 3066 quippe
3689 2994 3795 3064 qui-

507 3104 761 3157 struendo
789 3104 935 3170 operi
973 3101 1252 3163 materias,
1281 3098 1420 3150 sicut
1460 3097 1570 3147 haec
1597 3092 1756 3146 lectio
1784 3093 2036 3156 continet,

508 3205 626 3258 qua:
657 3190 809 3243 nobis
861 3187 1018 3240 modo
1050 3186 1272 3238 recitata
1318 3192 1438 3235 est:
1487 3179 1578 3232 sed
1611 3186 1666 3231 et
1708 3175 2042 3244 postmodum

511 3287 894 3331 enumerantur
914 3272 1141 3342 singula,
1167 3286 1285 3324 cum
1316 3284 1408 3335 per
1429 3266 1720 3328 Beselehel,
1743 3273 1796 3318 et
1823 3273 2044 3318 caeteros

512 3366 777 3432 sapientes
808 3365 952 3417 viros
979 3361 1397 3420 fabricantur,et
1425 3357 1642 3419 iterum,
1676 3367 1796 3406 cum
1828 3353 1894 3404 ad
1923 3365 2048 3404 con-

515 3465 755 3523 spectum
780 3453 942 3523 Moysi
969 3452 1296 3513 deferuntur;
1325 3457 1376 3499 ct
1401 3459 1631 3509 rursum,
1660 3457 1778 3497 cum
1801 3456 1894 3510 per
1915 3455 2049 3508 prm-

517 3554 725 3612 ceptum
757 3542 863 3614 (84)
907 3540 1116 3594 Domini
1148 3539 1494 3598 dedit-antur;
1536 3533 1592 3585 fit
1621 3540 1877 3600 praeterea
1912 3539 1964 3582 et
1994 3529 2045 3580 in

517 3635 657 3697 aliis,
691 3634 772 3686 vel
803 3633 971 3694 libris,
1003 3630 1086 3684 vel
1110 3628 1263 3690 locis,
1297 3627 1486 3679 horum
1510 3620 1966 3682 commemoratio,
1998 3627 2052 3672 et

522 3723 826 3792 frequenter
863 3723 1158 3789 repetitur,
1195 3723 1378 3785 utpote
1405 3713 1542 3782 quod
1577 3711 1878 3764 necessario
1907 3722 2052 3762 COIII-

520 3828 786 3875 monetur;
823 3827 962 3865 nunc
991 3823 1126 3876 ,ergo
1155 3809 1407 3860 recitatus
1448 3815 1530 3858 est
1563 3804 1712 3858 nobis
1746 3803 1832 3855 ille
1853 3814 2048 3864 sermo,

520 3904 608 3956 ubi
650 3902 777 3954 dicit
807 3901 882 3952 ⁶⁸ε
935 3917 953 3949 ι
975 3897 1038 3951 Ει
1070 3897 1201 3950 dixit
1234 3895 1442 3964 Moyses
1470 3894 1536 3947 ad
1575 3905 1785 3947 omnem
1829 3903 2052 3959 synago-

519 4008 640 4062 gam
677 3992 906 4044 filiorum
939 3988 1120 4048 Israel,
1155 3987 1366 4039 dicens:
1410 3983 1521 4036 lloc
1552 3991 1633 4036 est
1662 3980 1878 4034 verbum
1913 3976 2052 4046 quod

526 4079 778 4148 praecepit
809 4075 1061 4129 Dominus
1086 4074 1305 4126 dicens:
1339 4072 1543 4125 Sumite
1571 4085 1598 4122 a
1625 4068 1776 4124 vobis
1811 4067 1938 4134 ipsis
1975 4078 2056 4117 re-

524 4167 882 4233 demptionem
941 4161 1182 4214 Domino.
1220 4161 1405 4214 Omnis
1453 4160 1543 4227 qui
1589 4157 1830 4224 concepit
1857 4155 2053 4219 corde,

526 4255 717 4307 oll‘erat
758 4249 906 4302 initia
941 4249 1200 4301 Domino:
1231 4256 1772 4319 aurum,argentum,
1803 4257 2059 4295 aeramen-

2142 3091 2242 3144 bus
2271 3099 2324 3144 et
2361 3098 2542 3143 noster
2573 3103 2755 3143 sermo
2787 3089 3121 3153 librandus,
3157 3099 3222 3144 et
3259 3101 3467 3144 vester
3493 3088 3732 3142 auditus.

2212 3180 2266 3232 Ξ.
2301 3179 2479 3233 Primo
2513 3178 2680 3246 igitur
2711 3179 2965 3232 omnium
3003 3179 3344 3234 videamus
3380 3177 3524 3248 quid
3560 3185 3643 3230 est
3668 3172 3793 3242 quod

2143 3269 2273 3324 dicit
2318 3267 2528 3338 Moyses
2573 3267 2640 3319 ad
2681 3266 2824 3319 lilios
2858 3266 3046 3320 Israel
3082 3269 3183 3322 δδε
3251 3287 3274 3320 ι
3309 3267 3543 3338 Sumite
3579 3281 3609 3318 a
3655 3263 3796 3316 vobis

2145 3358 2274 3428 ipsis
2312 3355 2737 3422 redemptionem
2776 3355 3024 3408 Domino
3047 3396 3064 3420 ,
3111 3359 3329 3412 omnis
3361 3333 3464 3425 qui
3499 3350 3797 3420 conceperit

2147 3449 2323 3510 corde,
2361 3443 2552 3499 oll‘erat
2579 3444 2737 3496 initia
2770 3444 3037 3497 Domino.
3070 3464 3093 3496 ι
3148 3447 3288 3501 Non
3319 3446 3448 3499 vult
3481 3443 3715 3515 Moyses,
3747 3448 3800 3492 ut

2147 3537 2342 3606 aliquid
2369 3534 2559 3588 oll'eras
2580 3534 2688 3587 Deo
2716 3535 2860 3602 quod
2888 3543 3058 3587 extra
3085 3545 3150 3589 te
3186 3547 3312 3600 est,
3351 3555 3374 3588 ‹
3405 3552 3437 3590 a
3470 3535 3632 3588 vobis
3661 3530 3802 3599 ipsis,

2149 3627 2338 3694 inquit,
2366 3624 2583 3687 sumite,
2615 3631 2672 3676 ct
2701 3623 2854 3676 initia
2872 3622 3082 3677 offerte
3126 3625 3421 3690 Doiuino,
3455 3635 3624 3694 prout
3647 3633 3801 3674 unus-

2148 3712 2370 3780 quisque
2405 3709 2649 3776 concepit
2694 3709 2883 3762 corde.
2925 3728 2944 3759 ›
2984 3711 3232 3766 Aurum
3266 3715 3516 3780 jubetur
3541 3722 3596 3766 et
3625 3721 3802 3777 argen—

2153 3807 2261 3850 tum
2293 3795 2485 3850 deferri
2516 3833 2530 3856 ,
2564 3810 2638 3847 aes
2668 3805 2724 3848 et
2751 3806 2974 3848 caete-rae
3014 3802 3310 3852 materia:
3347 3840 3364 3865 ,
3401 3798 3686 3866 quomodo
3714 3795 3804 3845 hoc

2150 3902 2364 3957 possmn
2409 3899 2504 3952 ego
2532 3885 2598 3937 de
2646 3885 2856 3953 meipso
2892 3885 3118 3940 offerre
3142 3889 3170 3940 ?
3214 3889 3506 3958 Nunquid
3556 3889 3694 3940 intra
3729 3898 3808 3935 me

2153 3991 2342 4030 aurum
2365 3973 2604 4026 nascitur
2631 3981 2727 4024 aut
2753 3981 3080 4040 argentum,
3119 3987 3188 4030 et
3220 3989 3450 4033 caetera
3485 3975 3812 4046 quzejuben-

2155 4064 2282 4119 tur?
2311 4062 2495 4114 Nonne
2527 4060 2631 4114 hoc
2663 4060 3056 4128 unusquisque
3092 4065 3176 4119 de
3218 4061 3648 4136 pFomptuariis
3677 4071 3731 4115 et
3753 4060 3810 4111 de

2156 4153 2377 4210 scriniis
2404 4150 2517 4204 suis
2543 4148 2784 4218 profert?
2819 4149 2964 4215 Quid
2991 4163 3090 4206 est
3118 4171 3278 4226 ergo
3310 4160 3475 4227 quod
3515 4155 3650 4212 dicit
3679 4153 3812 4219 Moy-

2158 4259 2262 4307 ses,
2298 4239 2483 4296 ol'ferte
2510 4252 2540 4291 a
2576 4239 2731 4293 vobis
2757 4240 2912 4308 ipsis,
2949 4249 3010 4294 et
3047 4249 3489 4317 unusquisque
3519 4247 3667 4301 είειη
3695 4256 3814 4295 co...

531 4354 664 4406 tum,
699 4338 1067 4407 hyacinthum,
1098 4352 1412 4405 purpuram,
1444 4351 1658 4390 coccum
1693 4332 2052 4400 duplicatum,
2088 4346 2130 4400 ι)
2161 4339 2299 4408 cepit
2331 4333 2537 4389 corde?
2572 4333 2707 4388 Illud
2744 4334 2962 4403 quidem
2999 4350 3232 4393 aurum
3275 4355 3338 4394 ει
3374 4348 3682 4409 argentum
3717 4347 3814 4388 οε-

529 4441 584 4486 et
621 4431 835 4498 byssum
871 4435 1060 4480 tortam
1086 4467 1101 4492 ,
1131 4427 1265 4494 pilos
1290 4441 1572 4494 caprarum
1599 4463 1613 4489 ,
1645 4432 1700 4478 et
1731 4421 1891 4489 pelles
1922 4419 2060 4470 arie-

533 4531 643 4574 tum
675 4517 988 4579 rubricatas,
1019 4525 1071 4570 et
1101 4516 1264 4584 pelles
1295 4515 1693 4587 hyacinthinas,
1724 4511 1861 4579 ligna
1894 4509 2062 4575 impu-

535 4607 761 4672 tribilia,
801 4615 855 4659 et
883 4605 1087 4671 lapides
1121 4605 1396 4668 sardiuos,
1427 4615 1481 4658 et
1507 4603 1705 4672 lapides
1735 4600 1798 4652 ad
1829 4598 2064 4662 sculptu-

535 4712 648 4750 ram
683 4696 732 4747 in
760 4695 1018 4748 humerali
1047 4704 1100 4747 et
1132 4695 1356 4762 pedere;
1387 4703 1441 4748 et
1461 4691 1632 4746 omnis
1662 4687 1872 4754 sapiens
1902 4683 2063 4736 corde

537 4792 589 4844 in
624 4789 774 4843 vobis
809 4788 984 4841 veniat
1007 4827 1021 4849 ,
1058 4797 1111 4842 et
1161 4797 1408 4856 Operetur
1453 4785 1628 4840 omnia
1659 4795 1776 4848 quae
1817 4777 2067 4845 praecepit

539 4882 812 4936 Dominus.
841 4898 860 4931 ι
879 4879 1005 4934 Cum
1035 4884 1310 4936 considero
1333 4882 1584 4947 meipsum
1610 4877 1858 4945 primum,
1882 4881 1936 4924 et
1957 4871 2066 4924 dis-

539 4973 704 5036 cutio,
734 4971 876 5040 piget
900 4972 964 5025 ad
991 4973 1102 5026 haec
1125 4974 1410 5042 aperienda
1457 4981 1670 5024 manum
1702 4964 1932 5018 mittere.
1967 4960 2066 5016 Ve-

612 5131 658 5163 “
685 5129 732 5183 ll
775 5130 916 5186 Petr.
955 5147 1014 5192 ιι,
1042 5132 1126 5186 l9.

547 5199 593 5232 υ
628 5199 816 5254 Matth.
846 5215 965 5267 xxv,
999 5200 1087 5253 27.
1159 5201 1200 5230 ⁸⁷
1224 5199 1351 5252 Luc.
1382 5209 1526 5256 uix,
1556 5193 1639 5242 l7.

616 5351 726 5488 ἓεῖ)
751 5351 914 5416 Alias,
947 5371 968 5404 ι
1006 5360 1236 5421 superet,
1275 5369 1292 5400 ι
1327 5345 1418 5398 sed
1463 5356 1589 5394 mss.
1629 5355 1648 5388 ι
1678 5345 1905 5417 superat.
1945 5354 1962 5386 ι

639 5420 707 5472 85
739 5421 882 5488 Alias
916 5421 1178 5475 ontittitur
1227 5436 1245 5467 ‹
1290 5413 1465 5488 ftedae,
1511 5430 1543 5488 »-
1581 5416 1642 5488 et
1681 5405 1873 5484 legitur
1899 5427 1918 5488 ,ι
1955 5424 1962 5452 ε

639 5403 1245 5475 si’AIiSE'oininith'r";
1290 5413 1465 5472 ftedae,
1511 5430 1529 5460 ι
1581 5416 1639 5460 et
1681 5403 1873 5475 legitur
1900 5427 1918 5475 _:
1955 5423 1974 5454 ί
2015 5403 2073 5457 Si

623 5472 748 5557 ‘ssim
777 5472 840 5541 de
860 5472 1170 5557 inﬁtitias
1193 5479 1467 5557 servitutis
1491 5472 1785 5557 absolvi,'i
1822 5472 1914 5527 sed
1940 5485 2068 5527 mss.

573 5553 828 5608 ectionelu
859 5547 1024 5611 nostri
1054 5547 1232 5612 textus
1256 5547 1525 5606 exhibent.

1203 5132 1246 5163 ⁸³
1273 5129 1386 5185 Gal.
1423 5143 1473 5189 v,
1502 5125 1587 5187 15,
1617 5130 1672 5174 et
1710 5119 1730 5172 l
1765 5119 1885 5172 Cor.
1926 5132 2018 5180 vn,
2042 5117 2130 5169 23.

1225 5199 1351 5238 Lam-
1382 5209 1526 5238 mx-
1556 5193 1639 5238 l7.
1714 5187 1756 5217 ⁸⁸
1782 5187 1949 5238 Exod.
1980 5199 2144 5238 xxxv.
2171 5180 2202 5232 4

1830 5199 1949 5239 xou.
1980 5199 2144 5247 xxxv,
2171 5199 2222 5232 ιι.

2167 4436 2396 4492 terzeque
2441 4423 2691 4476 materia:
2723 4423 2867 4476 unde
2924 4423 3400 4484 tabernaculum
3441 4436 3815 4485 constructum

2165 4525 2280 4580 est,
2321 4521 2531 4569 constat
2557 4514 2624 4566 de
2655 4515 2876 4569 scriniis
2898 4524 2954 4569 et
2975 4523 3431 4587 promptum-iis
3465 4516 3814 4584 uniuscujus-

2165 4620 2268 4673 que
2321 4602 2607 4671 prolatum.
2642 4603 2917 4672 Spiritalis
2952 4616 3153 4662 autem
3200 4611 3303 4664 lex
3343 4627 3558 4665 aurum
3595 4604 3820 4675 requirit

2171 4693 2236 4745 ad
2292 4690 2697 4744 tabernaculum
2724 4730 2739 4754 ,
2773 4691 2917 4759 quod
2972 4691 3138 4747 intra
3177 4713 3299 4753 nos
3343 4711 3438 4753 est
3471 4740 3490 4765 ,
3538 4703 3822 4766 argentum

2171 4782 2310 4850 quod
2340 4781 2478 4834 intra
2520 4795 2619 4835 nos
2651 4790 2768 4845 est,
2804 4792 2861 4835 et
2887 4797 3094 4837 omnes
3138 4789 3424 4858 reliquas
3457 4789 3731 4844 materias
3762 4785 3823 4834 il-

2169 4874 2246 4924 las
2270 4869 2530 4937 deposcit,
2565 4884 2702 4938 quas
2729 4880 2783 4924 et
2813 4871 2956 4922 intra
2987 4887 3097 4927 nos
3135 4875 3384 4934 habere
3417 4892 3750 4949 possumus,
3776 4879 3830 4925 et

2171 4957 2413 5028 proferre
2466 4958 2534 5014 de
2572 4958 2748 5014 nobis.
2801 4959 2944 5013 Dicit
2995 4961 3159 5016 enim
3219 4965 3556 5037 Scriptura
3583 4967 3654 5033 θ’,
3701 4962 3825 5034 quia

2207 5109 2252 5230 f‘
2277 5106 2710 5245 ιδθιτξδιῖεξιςςῗίξ·,
2737 5109 2820 5233 93'
2852 5109 3024 5164 E*°“-
3291 5118 3360 5183 ⁴’
3395 5119 3464 5186 δ’
3503 5121 3564 5186 θ’
3596 5120 3654 5186 ⁷’
3685 5116 3741 5182 θ’
3773 5115 3824 5170 ⁹’

2169 5333 2350 5471 ﬁgi?
2377 5335 2546 5456 μεθ’,
2568 5361 2590 5396 ί
2623 5357 2718 5414 νοτ
2747 5347 3099 5414 praeceptum.
3134 5359 3155 5394 ι
3193 5341 3386 5403 Libb.
3420 5348 3610 5414 editi,
3646 5364 3669 5400 ι
3692 5357 3828 5416 prai-

2482 5481 2717 5560 ίέτυβηίαι
2748 5488 3036 5554 auditam,
3063 5491 3172 5560 etc.
3207 5483 3506 5560 Sic__mss.
3539 5483 3701 5539 Libri
3732 5499 3825 5536 au-

2177 5549 2285 5595 tem
2324 5546 2462 5603 editi
2499 5552 2735 5632 habent,
2769 5579 2789 5616 t
2818 5562 2864 5621 si
2897 5546 3172 5620 inveniam
3207 5556 3564 5623 auditores.
3605 5573 3626 5607 ι
3663 5565 3767 5610 θω-
