3948 6224
218 325 337 403 ωε

1504 336 1572 390 ΙΝ
1605 333 1882 390 EXODUM
1914 333 2189 389 HOMlLlA
2225 333 2356 390 XIII.

3389 344 3499 401 ὅου

260 476 287 507 ι
314 427 485 522 ντοςιέ
526 436 615 485 est
642 432 885 491 verbum
922 435 988 493 in
1039 455 1148 501 ore
1183 436 1306 513 tuo,
1333 438 1479 520 quia,
1512 440 1556 506 si
1599 450 1874 506 confessus
1900 454 1943 508 Α
1975 463 2090 515 quae
2134 449 2239 501 sint
2273 448 2419 500 initia
2470 450 2583 502 auri
2613 487 2629 513 ,
2667 451 2746 505 vel
2796 466 2912 518 quae
2954 456 3199 523 primitiae
3245 449 3498 527 argenti?

277 527 437 594 mis
459 524 516 578 in
548 537 645 579 ore
675 534 774 582 tuo
811 530 1128 591 Dominum
1160 538 1347 594 Jesum
1372 582 1387 605 ,
1418 549 1472 593 et
1503 541 1788 595 credideris
1814 540 1866 593 in

294 621 445 679 corde
470 625 561 670 tuo
588 657 604 683 ,
633 618 784 687 quod
828 621 982 678 Deus
1020 626 1182 680 illum
1220 630 1500 683 suscitavit
1545 644 1571 681 a
1604 629 1829 682 mortuis
1852 666 1867 692 ,

300 713 474 766 salvus
509 709 639 765 eris.
665 727 686 760 ι
739 708 801 763 Si
836 726 976 781 ergo
1007 718 1319 772 credideris
1354 718 1406 771 in
1440 719 1601 770 corde
1636 728 1743 781 tuo,
1777 731 1869 770 cor

305 812 455 855 tuum
484 844 498 868 ,
531 810 587 856 et
634 816 829 855 sensus
863 813 994 858 tuus
1038 821 1237 860 aurum
1271 814 1372 860 est.
1405 807 1652 861 Obtulisti
1707 805 1870 873 igitur

300 905 492 944 aurum
524 893 591 944 ad
621 893 1063 959 tabernaculum,
1101 896 1154 948 id
1185 905 1269 949 est
1295 895 1447 948 fidem
1480 896 1654 948 cordis
1684 896 1778 947 tui.
1810 893 1867 946 Si

299 990 434 1030 vero
463 976 758 1032 confessus
789 978 983 1042 fueris,
1020 995 1324 1034 sermonem
1361 982 1627 1045 obtulisti,
1660 996 1865 1034 sermo-

294 1082 422 1122 nem
450 1069 827 1124 confessionis
855 1080 1163 1138 argentum.
1190 1072 1393 1125 Idcirco
1418 1086 1547 1140 ergo
1574 1074 1700 1126 dicit
1729 1073 1867 1141 Moy-

293 1171 391 1211 ses
418 1161 508 1225 qui
546 1168 640 1211 est
688 1159 774 1211 lex
804 1161 1067 1229 spiritalis
1088 1202 1103 1225 ,
1145 1180 1163 1212 ‹
1197 1164 1390 1216 sumite
1424 1177 1452 1213 a
1483 1162 1634 1216 vobis
1660 1162 1806 1231 ipsis.
1842 1180 1860 1213 ι

290 1246 420 1301 nec
446 1262 477 1301 a
506 1255 563 1301 te
595 1248 720 1317 ipso
744 1251 935 1315 sumis,
967 1251 1083 1304 haec
1111 1252 1249 1304 intra
1277 1260 1327 1305 te
1350 1261 1497 1314 sunt,
1521 1251 1631 1305 haec
1655 1251 1864 1305 etiamsi

289 1338 466 1390 nudus
492 1338 597 1401 sis,
631 1338 842 1392 habere
864 1347 1038 1406 potes.
1068 1341 1174 1394 Sed
1199 1350 1251 1394 et
1271 1342 1412 1409 quod
1436 1342 1657 1405 addidit,
1677 1355 1868 1394 «unus-

282 1426 522 1494 quisque
559 1427 715 1481 sicut
761 1428 1014 1497 concepit
1052 1428 1235 1493 corde,
1281 1449 1300 1481 ›
1339 1430 1440 1484 huc
1474 1431 1707 1499 respicit.
1752 1430 1863 1484 Non

280 1515 425 1567 enim
458 1518 686 1583 poteris
720 1517 930 1584 aliquid
978 1518 1044 1572 de
1076 1533 1234 1572 sensu
1272 1527 1360 1572 tuo
1394 1502 1586 1573 olferre
1619 1519 1751 1583 Deo,
1781 1519 1865 1573 vel

279 1602 363 1655 de
383 1603 558 1657 verbo
600 1611 744 1669 tuo,
797 1604 900 1657 nisi
936 1605 1086 1671 prius
1130 1620 1249 1673 quae
1281 1607 1476 1673 scripta
1531 1617 1658 1659 sunt
1705 1612 1864 1660 corde

280 1691 644 1757 conceperis,
682 1692 790 1746 nisi
825 1693 1068 1747 intentus
1091 1694 1276 1758 fueris,
1306 1705 1359 1748 et
1382 1695 1658 1763 diligenter
1685 1696 1861 1748 audie-

276 1779 381 1845 ris,
401 1795 518 1833 non
551 1788 747 1849 potest
788 1796 978 1834 aurum
1008 1790 1158 1835 tuum
1187 1783 1461 1851 probatum
1488 1797 1622 1844 esse,
1653 1798 1751 1841 nec
1777 1797 1862 1837 ar-

276 1877 549 1934 gentum:
606 1869 917 1935 requiritur
962 1871 1108 1924 enim
1159 1879 1219 1923 ttt
1270 1873 1554 1939 probatum
1589 1873 1674 1929 sit.
1727 1874 1860 1928 Audi

278 1953 632 2021 Scripturam
665 1954 944 2009 dicentem
973 1957 1056 2009 7°:
1097 1976 1115 2008 ι
1140 1957 1360 2026 Eloquia
1392 1958 1630 2026 Domini;
1652 1960 1861 2027 eloquia

273 2051 452 2106 casta,
490 2051 794 2109 argentum
843 2044 966 2111 igne
999 2046 1321 2113 probatum,
1356 2056 1636 2116 purgatura
1677 2058 1860 2118 septu-

270 2130 444 2198 plum.
481 2149 505 2182 ι
547 2131 608 2184 Si
646 2146 785 2198 ergo
815 2147 934 2199 qua:
964 2134 1166 2202 scripta
1197 2144 1318 2188 sunt
1345 2140 1502 2192 corde
1530 2141 1857 2206 conceperis,

272 2220 381 2274 erit
403 2235 618 2273 aurum
654 2229 837 2282 tuum,
866 2221 918 2273 id
948 2230 1034 2275 est
1083 2239 1269 2279 sensus
1301 2236 1417 2280 tuus
1440 2230 1657 2296 probus,
1689 2238 1742 2282 et
1771 2245 1860 2280 ar-

269 2321 500 2377 gentum
536 2320 722 2375 tuum,
752 2312 846 2378 qui
875 2320 957 2365 est
987 2327 1162 2367 sermo
1197 2324 1333 2380 tuus,
1375 2317 1532 2387 176
1559 2318 1857 2385 probatum.

270 2398 411 2462 Quid
446 2401 626 2454 etiam
662 2401 732 2454 de
758 2415 869 2453 azre
901 2402 1177 2455 dicemus?
1202 2418 1336 2470 opus
1364 2416 1442 2458 est
1470 2416 1523 2459 et
1546 2421 1652 2461 acre
1677 2408 1741 2461 ad
1776 2417 1857 2461 ta-

271 2485 565 2540 bernaculi
600 2489 1099 2542 constructionem.
1144 2490 1364 2544 Videtur
1393 2494 1605 2560 quidem
1642 2510 1714 2547 aes
1763 2510 1859 2562 pro

270 2574 611 2629 fortitudine
659 2576 867 2644 suscipi
894 2616 910 2641 ,
941 2588 996 2631 et
1029 2577 1148 2631 loco
1181 2579 1302 2645 poni
1336 2595 1496 2647 posse
1534 2580 1858 2637 fortitudinis

264 2672 332 2715 et
358 2666 738 2720 constantiae:
769 2667 865 2720 sed
901 2681 969 2719 ne
1000 2668 1120 2729 quis
1150 2667 1310 2730 dicat,
1343 2669 1452 2723 Hoc
1475 2671 1715 2725 divinare
1747 2685 1857 2724 ma-

265 2750 353 2817 gis
386 2762 489 2806 est
524 2767 695 2820 quam
724 2753 1059 2822 explanare,
1093 2755 1178 2807 ubi
1218 2757 1357 2823 quod
1397 2756 1624 2821 dicitur,
1662 2772 1765 2811 non
1792 2758 1857 2813 de

269 2839 697 2909 Scripturarum
724 2844 1052 2896 auctoritate
1077 2847 1332 2909 munitur,
1365 2856 1491 2913 puto
1513 2860 1639 2914 ergo
1666 2861 1737 2900 tes
1765 2862 1855 2900 ac-

269 2926 366 2993 cipi
400 2940 587 2996 posse
633 2942 735 2995 pro
766 2942 925 2982 voce.
958 2929 1115 2981 Aliud
1169 2932 1310 2983 enim
1342 2942 1423 2984 est
1454 2947 1631 2986 sermo
1652 2972 1669 2996 ,
1709 2933 1855 2988 aliud

266 3027 386 3068 vox.
451 3015 667 3069 Sermo
720 3016 927 3070 dicitur
962 3018 1171 3084 loquela
1215 3020 1408 3073 rationi
1443 3022 1689 3075 subnixa.
1741 3023 1855 3077 Vox
1881 3032 1923 3090 ο

265 3116 392 3158 vero
426 3115 548 3164 eet,
572 3105 733 3157 verbi
765 3107 1019 3168 causa,si
1036 3106 1243 3171 Latine,
1276 3110 1318 3162 si
1353 3109 1535 3163 Graece
1551 3112 1781 3176 dicatur,
1808 3113 1855 3167 si

262 3190 543 3246 elevatius
579 3231 596 3255 ,
651 3193 696 3245 si
752 3194 1017 3260 pressius.
1063 3195 1167 3250 Sed
1224 3199 1335 3251 haec
1367 3201 1672 3253 necessario
1703 3209 1759 3254 ut
1790 3203 1854 3255 de

264 3279 587 3351 Scripturis
647 3282 988 3350 probemus,
1045 3285 1297 3353 exigitis.
1347 3289 1480 3341 Audi
1535 3290 1662 3357 quid
1712 3290 1855 3343 dicat

262 3365 571 3433 Apostolus
604 3366 689 3419 τίς
734 3383 753 3417 ε
791 3365 848 3418 Si
885 3367 1083 3437 linguis
1132 3372 1408 3425 hominum
1441 3373 1630 3440 loquar
1675 3385 1727 3429 et
1756 3391 1853 3428 an-

262 3455 545 3517 gelorum,
569 3454 903 3509 charitatem
930 3465 1107 3510 autem
1135 3474 1237 3513 non
1259 3461 1510 3526 habeam,
1541 3463 1716 3516 factus
1738 3478 1852 3517 sum

262 3550 319 3593 ut
343 3553 735 3597 ast-amentum
771 3559 975 3598 sonans
1003 3586 1020 3612 ,
1070 3557 1165 3600 aut
1211 3550 1510 3618 cymbalum
1547 3552 1793 3606 tinniens.
1830 3570 1849 3603 ι

257 3628 331 3685 Ita
350 3647 509 3700 ergo
533 3635 687 3701 loqui
713 3634 937 3703 linguis,
961 3647 1015 3691 et
1041 3638 1377 3705 interpretari
1399 3655 1461 3693 ex
1489 3641 1591 3693 alia
1620 3642 1669 3694 in
1695 3642 1851 3695 aliam

259 3716 552 3791 linguam,
583 3722 716 3776 :eris
749 3723 955 3777 oblatio
984 3733 1091 3782 est.
1125 3726 1349 3780 Necesse
1381 3738 1463 3780 cst
1498 3732 1642 3782 enim
1673 3730 1854 3782 omnia

258 3806 480 3864 habere
515 3812 937 3864 tabernaculum
971 3812 1114 3876 Dei,
1155 3824 1207 3869 et
1239 3817 1371 3868 nihil
1402 3819 1583 3871 deesse
1613 3820 1664 3871 in
1698 3819 1853 3872 domo

256 3894 515 3951 Domini.
560 3899 657 3951 Est
691 3902 896 3968 igitur,
952 3910 1013 3953 ut
1040 3902 1294 3967 diximus,
1334 3905 1457 3958 aeris
1502 3906 1699 3959 oblatio
1727 3923 1849 3962 vox.

254 3979 367 4040 Vox
411 3997 622 4039 autem
648 4001 730 4043 est
758 4006 881 4058 qua:
915 3992 1145 4045 alterius
1187 4009 1402 4048 sensum
1431 3996 1482 4048 itt
1508 3998 1727 4050 alteram
1754 3999 1853 4050 lin-

246 4087 432 4138 guam
474 4077 668 4128 vertit.
698 4078 890 4134 Sermo
926 4094 1063 4134 vero
1095 4091 1191 4144 est,
1227 4086 1316 4150 qui
1345 4099 1554 4137 sensum
1582 4088 1850 4155 proprium

246 4163 496 4227 profert
525 4163 665 4234 (86).
697 4165 891 4223 Omnia
922 4184 1060 4238 ergo
1085 4169 1375 4226 offerantur
1406 4173 1532 4239 Deo,
1564 4184 1617 4228 et
1641 4191 1850 4242 sensus,

242 4264 295 4309 et
316 4267 569 4318 sermo,
600 4262 656 4307 et
683 4270 808 4310 vox.

301 4343 368 4399 3.
406 4341 574 4407 Quid
610 4342 676 4395 de
704 4345 923 4398 czeteris
967 4343 1242 4401 dicemus?
1271 4348 1427 4402 Multa
1455 4360 1578 4405 sunt
1603 4353 1766 4415 enim,
1796 4363 1848 4407 et
1878 4361 1920 4412 1)

244 4427 480 4502 singula
506 4430 791 4486 discutere
816 4450 961 4502 opus
985 4445 1075 4488 est
1104 4436 1306 4505 ingens.
1326 4438 1659 4509 Verum‘quid
1685 4446 1846 4511 prmi-

238 4522 368 4584 erit,
420 4528 493 4571 ut
530 4529 731 4573 nostro
762 4523 993 4588 quidem
1028 4525 1228 4592 ingenti
1254 4527 1430 4581 labore
1473 4532 1751 4594 dicantur,
1781 4534 1847 4585 ab

238 4607 551 4673 occupatis
583 4622 719 4660 vero
747 4611 1133 4673 auditoribus,
1159 4622 1212 4664 et
1242 4615 1320 4667 vix
1356 4617 1511 4672 unius
1544 4623 1688 4672 horae
1715 4635 1849 4687 pun-

236 4700 319 4748 cto
362 4695 566 4747 verbo
595 4693 693 4747 Dei
724 4695 1137 4748 assistentibus
1166 4712 1499 4767 spernantur,
1524 4713 1576 4757 et
1605 4707 1851 4773 pereant?

240 4783 403 4836 tNisi
440 4783 597 4835 enim
627 4783 907 4835 Dominus
934 4782 1287 4838 :edilieaverit
1312 4790 1541 4853 domum,
1575 4796 1627 4848 in
1656 4809 1848 4849 vanum

234 4872 639 4933 laboraverunt
678 4877 781 4946 qui
804 4873 1128 4927 'azdificant
1167 4890 1278 4931 eam
1312 4864 1374 4933 τί,
1421 4899 1440 4932 ι
1487 4885 1856 4941 Verumtamen

236 4978 353 5029 nos,
383 4976 451 5021 ut
471 4982 643 5036 supra
670 4966 907 5019 dictum
935 4969 1056 5022 est,
1080 4963 1331 5020 tradimus
1352 4971 1416 5023 ad
1434 4987 1667 5028 mensam
1695 4991 1857 5043 pecu-

233 5055 372 5111 niam
410 5055 667 5116 Domini,
698 5050 915 5107 videat
956 5046 1121 5099 enim
1158 5057 1500 5124 unusquisque
1534 5062 1854 5128 auditorum,

228 5147 492 5210 quomodo
529 5139 840 5207 suscipiat
897 5148 1046 5200 quae
1100 5137 1382 5193 traduntur.
1440 5162 1456 5193 t
1487 5145 1857 5216 Unusquisque

216 5240 378 5291 autem
407 5277 425 5301 ,
483 5227 695 5299 inquit
762 5223 819 5253 ⁷³
854 5260 874 5283 9
936 5227 1241 5285 "ostrum.
1280 5226 1410 5281 sicut
1457 5235 1612 5288 corde
1662 5250 1857 5290 conce-

185 5312 276 5393 Νι,
299 5328 514 5385 atterat
533 5304 730 5375 initia
762 5309 1075 5367 Domino.
1099 5327 1122 5360 ι
1154 5311 1293 5376 Quod
1313 5316 1440 5371 dixit
1461 5320 1635 5384 initia,
1667 5335 1845 5387 quaero

264 5465 312 5497 το
340 5457 509 5516 Ρεδι.
554 5463 685 5512 ιιι,
727 5444 798 5500 6.

220 5596 335 5670 (86)
374 5590 565 5650 Mss"
611 5597 637 5631 ¢
673 5572 977 5646 ΡτοΓθην
1028 5567 1240 5638 ’Ξδ1ί³8,
1273 5553 1549 5648 ιτεῖθτι..)

895 5438 955 5469 τί
1005 5435 1031 5488 1
1058 5437 1184 5495 Cor.
1212 5457 1315 5511 xm,
1346 5447 1396 5500 l.
1464 5451 1510 5483 "
1532 5451 1679 5506 Psal.
1708 5466 1886 5521 cxxvt,
1923 5458 1944 5511 l

1967 526 2236 602 Quomodo
2267 545 2442 589 autem
2473 537 2543 589 de‘
2570 552 2749 602 cocco,
2787 550 2835 593 et
2872 556 3119 608 purpura,
3153 555 3205 597 et
3233 526 3389 616 bysso
3416 549 3497 601 vi-

1968 627 2157 677 dentur
2188 625 2414 677 conferri
2448 626 2724 691 primitiae?
2748 628 2850 679 Aut
2875 632 3140 692 quomodo
3166 634 3305 686 sicut
3335 637 3495 689 corde

1966 715 2265 780 conceperit
2296 717 2414 781 quis
2461 714 2657 767 offert?
2694 714 2801 768 Hoc
2843 715 2952 779 jam
2993 718 3226 785 singulos
3258 732 3489 776 nostrum

1968 801 2162 866 pulsat,
2197 802 2466 855 videamus
2494 804 2647 855 simul
2685 816 2737 856 et
2768 807 3029 871 quomodo
3058 810 3216 860 corde
3245 812 3491 878 concepi—

1967 903 2103 940 mus.
2144 889 2332 952 Quanti
2376 892 2529 943 modo
2560 892 2645 944 hic
2677 904 2963 959 prmsentes
2994 910 3202 957 sumus,
3235 906 3283 950 et
3320 911 3495 950 sermo

1966 978 2057 1032 Dei
2088 979 2382 1032 tractatur?
2411 979 2545 1032 Sunt
2573 982 2659 1047 qui
2690 982 2997 1050 concipiunt
3023 985 3185 1038 corde
3213 1000 3330 1053 quae
3360 986 3492 1039 lecta

1965 1075 2105 1129 sunt,
2143 1073 2265 1120 sunt
2294 1063 2381 1131 qui
2413 1067 2634 1119 omnino
2669 1083 2772 1120 non
2809 1071 3136 1136 concipiunt,
3160 1085 3276 1138 quae
3305 1072 3494 1125 dicun-

1967 1162 2072 1218 tur,
2116 1160 2207 1209 sed
2241 1166 2321 1210 est
2351 1172 2498 1210 mens
2530 1170 2712 1209 eorum
2740 1166 2793 1211 et
2821 1172 2912 1211 cor
2944 1166 3035 1210 aut
3069 1159 3119 1210 in
3149 1160 3375 1227 negatiis
3403 1168 3492 1213 aut

1964 1242 2016 1295 in
2065 1245 2271 1297 actibus
2323 1245 2541 1309 sasculi,
2577 1254 2668 1297 aut
2725 1247 3184 1314 supputationibus
3226 1249 3399 1302 lucri:
3438 1259 3491 1304 et

1962 1332 2228 1399 praecipue
2250 1331 2517 1393 mulieres,
2541 1333 2800 1399 quomodo
2821 1341 2974 1400 putas
2997 1335 3153 1388 corde
3168 1336 3490 1402 concipiunt,

1964 1434 2081 1487 qua:
2113 1428 2312 1474 tantum
2348 1423 2619 1490 garriunt,
2653 1436 2768 1489 qua:
2802 1431 3003 1475 tantum
3053 1422 3241 1478 fabulis
3281 1424 3492 1479 obstre-

1964 1516 2092 1570 punt
2116 1545 2129 1569 ,
2164 1516 2221 1560 ut
2252 1523 2355 1561 non
2398 1511 2576 1562 sinant
2617 1523 2733 1562 esse
2774 1510 3087 1564 silentium?
3120 1511 3234 1564 Jam
3267 1515 3392 1580 quid
3425 1516 3492 1569 de

1962 1598 2137 1643 mente
2164 1606 2371 1653 earum,
2400 1594 2524 1661 quid
2548 1596 2611 1647 de
2639 1595 2796 1647 corde
2824 1596 3124 1658 discutiam,
3149 1598 3194 1651 si
3225 1600 3289 1652 de
3319 1600 3491 1652 infan-

1963 1680 2102 1733 tibus
2134 1681 2263 1745 suis,
2300 1692 2390 1734 aut
2419 1682 2482 1734 de
2516 1682 2635 1735 lana
2668 1684 2921 1749 cogitent,
2960 1694 3054 1736 aut
3082 1686 3148 1739 de
3178 1689 3490 1741 necessariis

1962 1769 2193 1823 domus?
2229 1769 2423 1823 Vereor
2454 1771 2623 1837 magis
2660 1784 2725 1823 ne
2767 1785 3060 1838 sequantur
3092 1773 3236 1837 illas,
3272 1775 3337 1828 de
3369 1776 3489 1842 qui-

1958 1857 2057 1913 bus
2085 1859 2214 1913 dicit
2241 1858 2520 1925 Apostolus
2546 1860 2628 1913 ”:
2675 1876 2692 1909 ι
2716 1861 2841 1924 Quae
2865 1860 3074 1914 discunt
3099 1862 3374 1915 circumire
3397 1864 3493 1918 do-s
3554 1846 3562 1855 ’

1959 1962 2092 2008 mos,
2122 1963 2223 2001 non
2255 1948 2424 2000 solum
2452 1950 2706 2010 verbosas,
2738 1950 2828 2001 sed
2859 1959 2912 2002 et
2940 1951 3185 2012 curiosae,
3217 1950 3487 2019 loquente:

1959 2049 2076 2101 quae
2108 2051 2210 2088 non
2241 2046 2473 2103 oportet.
2502 2054 2520 2087 ι
2556 2037 2831 2102 Quomodo
2860 2053 2988 2107 ergo
3022 2039 3135 2092 ista:
3164 2041 3296 2094 tales
3328 2042 3489 2094 corde

1959 2125 2306 2192 concipiunt?
2352 2124 2465 2177 Non
2512 2127 2783 2192 concipiet
2830 2129 2988 2180 corde
3023 2130 3141 2194 quis
3190 2129 3290 2181 nisi
3337 2139 3490 2183 vacet

1959 2214 2117 2264 corde
2145 2252 2158 2273 ,
2189 2213 2286 2265 nisi
2324 2213 2392 2265 sit
2424 2221 2598 2266 mente
2631 2214 2764 2268 liber
2799 2225 2852 2268 et
2890 2223 3030 2267 totus
3074 2217 3310 2270 intentus
3332 2255 3347 2280 ,
3384 2218 3485 2269 nisi

1958 2299 2116 2353 corde
2145 2300 2343 2367 vigilet,
2381 2316 2483 2352 non
2511 2311 2683 2367 potest
2706 2302 2866 2355 corde
2895 2303 3193 2369 concipere,
3219 2311 3271 2357 et
3299 2304 3491 2358 ollerre

1958 2392 2094 2441 dona
2131 2387 2255 2441 Deo.
2290 2388 2438 2452 Quod
2483 2390 2528 2443 si
2578 2390 2836 2443 hactenus
2885 2390 3215 2458 negleximus
3239 2432 3254 2457 ,
3293 2407 3356 2445 ex
3388 2394 3488 2446 hoe

1957 2475 2145 2528 saltem
2181 2477 2493 2531 attentiores
2531 2478 2717 2544 simus,
2760 2488 2814 2532 et
2857 2480 3079 2533 sollicite
3108 2480 3440 2533 intendamus
3466 2518 3485 2544 ,

1957 2572 2014 2617 ut
2041 2563 2302 2630 possimus
2330 2574 2504 2617 mente
2543 2566 2847 2631 concipere.
2871 2563 3077 2618 Iustum
3104 2573 3187 2618 cst
3229 2565 3390 2628 enim,
3431 2575 3489 2617 ut

1955 2652 2006 2703 in
2046 2650 2388 2704 tabernaculo
2418 2650 2624 2706 Domini
2667 2653 2967 2707 inveniatur
2997 2652 3358 2720 unusquisque
3391 2653 3490 2707 ha-

1955 2736 2083 2789 bere
2115 2739 2407 2805 portionem
2437 2754 2609 2792 suam.
2650 2739 2762 2792 Non
2796 2741 2934 2793 enim
2964 2739 3093 2793 latet
3129 2738 3291 2792 Deum
3321 2754 3488 2795 unus-

1954 2824 2173 2891 quisque
2218 2826 2343 2892 quid
2376 2827 2423 2879 ei
2460 2824 2665 2880 otferat.
2695 2828 2861 2892 Quam
2902 2828 3189 2895 gloriosum
3242 2827 3335 2883 tibi
3365 2837 3486 2893 est,

1953 2912 1998 2965 si
2043 2913 2250 2966 dicatur
2302 2916 2354 2967 in
2414 2915 2753 2969 tabernaculo
2786 2917 3034 2970 Domini:
3069 2914 3267 2971 Aurum
3320 2920 3486 2984 istud,

1955 2998 2101 3052 verbi
2135 3014 2296 3054 causa
2321 3039 2335 3063 ,
2369 3015 2474 3069 quo
2505 3015 2628 3054 arca
2680 3004 2980 3056 testamenti
3013 3004 3309 3070 obtegitur,
3345 3005 3486 3059 illius

1953 3094 2072 3149 est;
2100 3095 2373 3155 argentum
2395 3101 2459 3140 ex
2485 3103 2591 3155 quo
2618 3088 2773 3144 bases
2817 3099 2869 3144 et
2889 3092 3144 3146 columnae
3164 3102 3308 3154 sunt,
3338 3095 3478 3148 illius

1951 3184 2057 3239 est;
2089 3189 2160 3227 aes
2185 3174 2251 3228 de
2271 3190 2375 3242 quo
2404 3177 2604 3240 annuli,
2638 3186 2691 3231 et
2720 3179 3115 3246 candelabrum,
3142 3192 3192 3233 et
3220 3183 3486 3238 nonnulla:

1951 3264 2315 3316 columnarum
2349 3265 2505 3317 bases
2533 3265 2687 3318 factas
2720 3277 2860 3332 sunt,
2889 3269 3029 3321 illius
3054 3279 3170 3335 est;
3199 3273 3291 3324 sed
3324 3282 3377 3325 et
3411 3274 3485 3325 la-

1951 3351 2104 3418 pides
2140 3352 2222 3405 isti
2253 3353 2561 3417 bumeralis,
2596 3362 2647 3406 et
2675 3353 2820 3422 logii,
2855 3355 2993 3409 illius
3016 3367 3172 3422 sunt;
3201 3368 3254 3412 et
3289 3374 3485 3427 purpu-

1953 3455 2008 3492 ra
2039 3455 2140 3507 qua
2174 3450 2401 3494 ornatur
2434 3442 2670 3506 pontifex
2696 3481 2710 3504 ,
2749 3443 2888 3497 illius
2917 3452 3018 3507 est,
3046 3455 3098 3499 et
3123 3460 3315 3500 coccus
3344 3449 3485 3502 illius

1950 3538 2052 3594 est,
2080 3540 2130 3583 et
2154 3541 2348 3585 caetera
2376 3545 2598 3598 quaeque
2628 3546 2723 3601 per
2746 3532 2975 3600 singula.
3005 3534 3070 3586 Et
3091 3550 3302 3588 rursum
3323 3550 3483 3604 quant

1953 3619 2248 3671 indecorum
2280 3658 2295 3681 ,
2335 3634 2493 3687 quam
2526 3620 2778 3674 miserum
2827 3621 2967 3685 erit,
3013 3623 3058 3675 si
3105 3622 3358 3676 Dominus
3389 3638 3481 3676 ve-

1952 3707 2104 3760 niens
2132 3708 2399 3774 requirere
2421 3708 2700 3761 aedificium
2726 3710 3071 3773 tabernaculi,
3096 3711 3227 3763 nihil
3249 3713 3483 3765 muneris

1952 3798 2024 3850 tui
2056 3797 2287 3850 inveniat
2315 3798 2368 3849 in
2395 3812 2478 3858 eo,
2505 3797 2639 3850 nihil
2667 3814 2694 3849 a
2733 3806 2782 3850 te
2808 3806 3090 3863 cognoscat
3114 3798 3369 3851 oblatum.
3394 3800 3485 3853 Sic

1953 3885 2229 3939 indevotus
2251 3928 2265 3951 ,
2298 3885 2376 3939 sic
2428 3886 2655 3939 infidelis
2708 3884 2918 3948 vixisti,
2949 3893 3006 3938 ut
3039 3886 3169 3938 nihil
3215 3888 3484 3942 memorias

1954 3982 2054 4027 tua;
2100 3975 2151 4028 in
2186 3975 2523 4029 tabernacqu
2567 3976 2655 4028 Dei
2691 3989 2806 4028 esse
2834 3975 3124 4043 gestieris?
3156 3975 3307 4030 Sicut
3337 3978 3480 4031 enim

1951 4065 2194 4132 princeps
2224 4063 2380 4131 hujus
2425 4064 2607 4117 mundi
2642 4066 2788 4117 venit
2833 4066 2895 4117 ad
2930 4080 3357 4134 unumquemque
3387 4082 3477 4119 no-

1951 4162 2141 4216 strum,
2172 4162 2232 4206 et
2253 4153 2440 4221 quaerit
2467 4154 2510 4206 si
2541 4153 2667 4220 quid
2697 4153 2761 4206 de
2786 4153 2898 4206 suis
2929 4154 3137 4207 actibus
3169 4155 3400 4207 inveniat
3427 4156 3478 4208 in

1950 4242 2124 4305 nobis,
2153 4250 2207 4295 et
2235 4241 2278 4294 si
2306 4241 2518 4308 quidem
2552 4241 2836 4304 invenerit,
2860 4241 2963 4295 sibi
2994 4256 3090 4295 nos
3116 4242 3379 4297 vindicat:
3409 4245 3481 4297 ita

1950 4338 2001 4381 et
2033 4330 2335 4383 econtrario
2379 4330 2424 4382 si
2471 4332 2688 4383 veniens
2723 4330 2976 4382 Dominus
3015 4331 3250 4384 inveniat
3278 4332 3481 4400 aliquid

1949 4427 2095 4469 tuum
2128 4418 2179 4469 in
2213 4415 2555 4471 tabernaculo
2585 4431 2683 4471 suo
2707 4455 2724 4481 ,
2766 4419 2836 4471 ibi
2873 4427 2924 4472 te
2950 4419 3218 4485 defendit,
3244 4433 3298 4475 et
3325 4437 3478 4476 suum

1952 4518 2001 4561 te
2035 4509 2182 4560 dicit.
2217 4507 2437 4562 Domine
2468 4506 2616 4573 Jesu,
2648 4517 2836 4576 prtesta
2868 4509 3015 4574 mihi,
3043 4518 3098 4563 ut
3129 4510 3330 4580 aliquid
3360 4526 3479 4564 mo-

1947 4597 2181 4650 numenti
2226 4597 2423 4651 habere
2468 4612 2676 4651 merear
2726 4599 2779 4650 in
2829 4597 3168 4656 tabernaculo
3218 4611 3324 4655 tuo.
3371 4600 3481 4669 Ego

1947 4695 2204 4754 Optarem,
2240 4689 2281 4740 si
2318 4687 2428 4740 ﬁeri
2464 4696 2675 4754 posset,
2709 4703 2828 4743 esse
2856 4690 3057 4756 aliquid
3099 4706 3271 4743 meum
3300 4692 3349 4744 in
3389 4691 3476 4744 illo

1951 4789 2099 4839 auro,
2128 4789 2194 4829 ex
2227 4790 2331 4842 quo
2360 4776 2781 4843 propitiatorium
2821 4777 3126 4838 fabricatur,
3160 4777 3242 4830 vel
3275 4792 3339 4830 ex
3367 4792 3471 4843 quo

1952 4900 2073 4938 arca
2104 4887 2430 4954 contegitur,
2469 4887 2547 4939 vel
2581 4902 2643 4939 ex
2684 4901 2789 4954 quo
2824 4887 3200 4940 candelabrum
3236 4887 3293 4940 fit
3325 4888 3476 4938 lumi-

1952 4976 2034 5028 nis
2062 4985 2115 5028 et
2143 4975 2389 5028 lttcernze.
2425 4975 2530 5028 Aut
2558 4976 2601 5029 si
2638 4992 2821 5027 aurum
2849 4992 2950 5029 non
2977 4976 3167 5036 habeo.
3197 4984 3473 5043 argentum

1950 5064 2131 5117 saltem
2159 5064 2353 5132 aliquid
2380 5063 2621 5118 inveniar
2651 5063 2844 5118 olferre
2873 5067 3012 5132 quod
3044 5064 3283 5131 proﬁciat
3311 5064 3361 5113 in
3376 5049 3476 5112 co-

1947 5150 2187 5214 lumnas,
2219 5149 2298 5202 vel
2347 5150 2397 5203 in
2444 5149 2599 5204 bases
2647 5165 2851 5203 earum.
2899 5152 3009 5203 Aut
3051 5160 3195 5203 certe
3225 5146 3305 5199 vel
3349 5146 3476 5196 teris

1948 5238 2142 5307 aliquid
2172 5239 2365 5292 habere
2397 5253 2602 5292 merear
2637 5239 2688 5292 in
2727 5238 3090 5305 tabernaculo,
3118 5237 3255 5290 unde
3283 5229 3476 5286 circuli
3542 5306 3547 5311 ἡ

1950 5327 2112 5394 nam:
2151 5337 2205 5381 ει
2240 5333 2427 5381 0³³18ῐῦ
2462 5340 2579 5394 quae
2607 5341 2783 5381 sermo
2816 5326 3026 5380 divinus
3058 5320 3324 5376 describit.
3355 5313 3479 5367 Uti-.-

1957 5494 2009 5529 ολ
2046 5458 2091 5491 ⁷³
2124 5456 2290 5513 Exod.
2320 5470 2480 5525 x-xxv,
2510 5456 2564 5512 5.
2638 5454 2684 5487 ⁷⁵
2715 5454 2874 5508 ΙΤίηι
2903 5465 2955 5512 v,
2990 5448 3069 5500 l3.
