3948 6256
386 328 487 386 59f

388 536 445 584 et
472 526 664 580 offerre
690 539 927 591 gemmas
954 524 1018 575 ad
1050 527 1415 573 ornamentum
1447 515 1710 583 pontiﬁcis
1739 515 1919 567 hume-

391 614 539 678 ralis,
571 622 624 667 et
654 613 798 678 logiil
838 612 940 663 Sed
974 610 1095 677 quia
1128 608 1239 661 bzee
1270 620 1427 673 supra
1458 618 1541 657 me
1577 610 1701 656 sunt
1729 640 1743 664 ,
1778 610 1922 653 certe

392 704 479 756 vel
505 702 637 770 pilos
681 713 959 764 caprarum
1010 696 1203 749 habere
1249 706 1458 746 merear
1490 692 1541 744 in
1582 686 1922 741 tabernaculo

402 788 531 851 Dei,
559 794 758 839 tantum
787 798 852 836 ne
900 783 951 834 in
984 781 1229 835 omnibus
1255 779 1465 846 jejunus
1501 788 1554 829 et
1607 774 1922 827 infecundus

400 876 657 930 inveniar.
694 894 709 924 ι
736 871 1105 938 Unusquisque
1125 883 1248 934 ergo
1278 869 1413 920 sicut
1433 865 1673 932 concepit
1700 863 1873 915 corde.
1901 879 1918 911 ι

397 963 585 1018 Videte
613 963 654 1015 si
689 961 962 1027 concipitis
987 997 1001 1020 ,
1031 959 1205 1009 videte
1251 958 1291 1007 si
1330 956 1519 1007 tenetis
1545 994 1558 1016 ,
1591 970 1655 1005 ne
1691 952 1826 1005 forte
1850 950 1925 1002 ef-

398 1048 563 1104 ﬂuant
587 1062 703 1115 qua:
733 1047 998 1105 dicuntur,
1021 1053 1075 1095 et
1101 1049 1333 1107 pereant.
1365 1037 1496 1091 Volo
1522 1053 1613 1089 vos
1644 1037 1927 1088 admonere

401 1137 672 1204 religionis
716 1143 901 1186 vestrae
925 1130 1217 1196 exemplis:
1256 1127 1423 1180 nostis
1454 1126 1543 1194 qui
1578 1123 1768 1178 divinis
1810 1136 1928 1189 my-
1964 1116 1969 1119 ⁷

403 1227 581 1283 steriis
612 1226 865 1277 interesse
899 1218 1197 1273 consuestis
1220 1257 1233 1280 ,
1268 1215 1529 1283 quomodo
1557 1228 1673 1265 cum
1701 1210 1928 1275 suscipi-

406 1316 477 1369 tis
498 1327 687 1379 corpus
717 1309 944 1370 Domini,
967 1321 1087 1361 cum
1117 1304 1257 1358 onmi
1281 1303 1485 1356 cautela
1515 1311 1568 1354 et
1594 1300 1930 1353 veneratione

404 1400 650 1461 servatis,
679 1411 743 1449 ne
767 1410 830 1449 ex
851 1409 913 1447 eo
934 1408 1116 1461 parum
1142 1393 1266 1460 quid
1296 1390 1520 1454 decidat,
1544 1405 1611 1442 ne
1633 1387 1927 1442 consecrati

406 1486 641 1540 muneris
668 1483 864 1552 aliquid
898 1481 1159 1535 dilabatur
1186 1477 1316 1547 (87).
1348 1478 1488 1531 Reos
1520 1477 1657 1530 enim
1696 1489 1787 1527 vos
1814 1489 1934 1527 cre-

407 1575 557 1634 ditis,
580 1580 635 1626 et
661 1579 802 1625 recte
824 1568 1057 1629 creditis,
1080 1565 1122 1619 si
1151 1567 1275 1633 quid
1300 1565 1422 1619 inde
1448 1579 1541 1632 per
1562 1562 1934 1630 negligentiam

408 1662 632 1717 decidat.
679 1658 826 1723 Quod
872 1657 914 1708 si
938 1656 1078 1708 circa
1126 1667 1315 1719 corpus
1368 1653 1480 1720 ejus
1522 1649 1933 1704 conservandum

411 1760 558 1805 tanta
593 1748 801 1803 utimini
837 1744 1060 1806 cautela,
1091 1753 1146 1795 et
1175 1742 1365 1796 merito
1396 1739 1604 1793 utimini
1630 1754 1644 1802 ;
1675 1736 1935 1804 quomodo

410 1839 605 1906 putatis
640 1836 860 1891 minoris
884 1847 1001 1888 esse
1024 1830 1215 1911 piaculi
1251 1832 1470 1884 verbum
1499 1828 1589 1882 Dei
1623 1826 1934 1895 neglexisse,

417 1927 569 1996 177
602 1940 756 1992 quam
787 1937 984 1990 corpus.
1013 1918 1159 1991 eius?
1202 1918 1352 1970 Initia
1398 1931 1526 1985 ergo
1553 1917 1806 1984 jubentur
1852 1913 1937 1966 of-

413 2018 575 2079 ferre,
607 2016 708 2068 boc
750 2025 833 2066 est
863 2011 1142 2079 primitias.
1185 2009 1281 2074 Qui
1323 2005 1483 2060 olIert
1524 2005 1662 2072 quod
1710 2003 1938 2072 priutum

413 2115 528 2167 est,
582 2103 883 2156 necessario
938 2100 1131 2152 habeat
1183 2100 1296 2162 ipse
1335 2095 1474 2163 quod
1536 2092 1793 2159 reliquum
1839 2100 1938 2144 est.

419 2190 548 2243 Vide
587 2198 840 2256 quantum
890 2200 985 2239 nos
1031 2192 1240 2251 oportet
1281 2181 1550 2235 abundare
1585 2194 1733 2238 auro.
1775 2193 1944 2243 quan-

419 2285 526 2328 tum
578 2285 818 2342 argento,
866 2287 929 2324 ac
984 2271 1200 2336 reliquis
1248 2268 1493 2322 omnibus
1538 2282 1654 2333 qua:
1694 2264 1946 2331 jubentur

416 2364 616 2427 offerri,
647 2372 704 2415 ut
728 2373 780 2416 et
829 2360 1049 2415 Domino
1080 2358 1386 2420 offeramus,
1425 2365 1479 2410 et
1507 2357 1664 2409 nobis
1693 2354 1944 2420 supersit.

418 2452 598 2505 Primo
625 2452 764 2505 enim
790 2448 1026 2503 omnium
1053 2447 1209 2501 debet
1237 2459 1424 2498 sensus
1457 2459 1606 2497 meus
1652 2441 1948 2510 intelligere

420 2541 605 2605 Deum,
646 2548 698 2593 et
736 2539 835 2607 ipsi
870 2536 1061 2603 offerre
1108 2535 1366 2602 primitias
1414 2532 1719 2586 intellectus
1751 2532 1854 2595 sui,
1892 2541 1950 2585 ut

422 2646 542 2686 eum
572 2632 733 2685 Deum
780 2628 913 2681 bene
949 2626 1283 2687 intellexerit,
1317 2624 1519 2690 reliqua
1564 2633 1952 2688 consequenter

422 2728 695 2788 agnoscat.
737 2716 848 2771 Hoc
875 2716 1037 2769 etiam
1090 2727 1269 2767 sermo
1313 2711 1505 2775 faciat,
1546 2710 1648 2762 hoc
1681 2716 1735 2760 et
1776 2707 1952 2760 omnia

425 2823 542 2876 quer
580 2808 630 2861 in
663 2807 817 2860 nobis
844 2813 986 2867 sunt,
1013 2810 1190 2869 agant.
1220 2800 1323 2855 Sed
1358 2800 1632 2853 videamus
1657 2808 1710 2851 et
1741 2808 1951 2862 caetera,

427 2898 771 2967 byaeinthum
802 2904 854 2948 et
886 2909 1194 2963 purpuram,
1238 2901 1294 2944 et
1339 2904 1562 2945 coccum
1595 2888 1952 2955 duplicatum,

427 2997 484 3041 et
530 2988 744 3055 byssum
780 2993 996 3041 tortam.
1042 2980 1283 3044 Quatuor
1326 2980 1426 3033 ista
1477 2985 1600 3030 sunt
1650 2991 1715 3030 ex
1763 2977 1955 3043 quibus

429 3076 785 3130 conﬁciuntur
837 3072 919 3124 vel
958 3070 1221 3137 pontiﬁcis
1280 3069 1585 3121 indumenta
1635 3066 1719 3119 vel
1766 3075 1956 3121 caetera

429 3179 550 3234 qua
575 3164 639 3217 ad
664 3177 869 3218 sacrum
904 3168 1155 3228 parantur
1177 3167 1442 3210 ornatum.
1480 3156 1552 3209 De
1586 3155 1671 3208 his
1711 3155 1961 3207 dixerunt

431 3253 647 3321 quidam
681 3262 802 3309 ante
833 3268 929 3305 nos
974 3250 1126 3319 (88):
1156 3259 1208 3302 et
1253 3248 1392 3300 sicut
1441 3260 1544 3299 non
1595 3245 1749 3298 decet
1792 3243 1961 3297 aliena

432 3342 637 3405 furari,
682 3343 754 3395 ita
804 3342 1129 3396 conveniens
1177 3347 1302 3406 puto
1340 3335 1476 3391 bene
1528 3332 1685 3387 dictis
1746 3331 1965 3384 alterius

435 3447 541 3489 non
573 3432 717 3485 abuti
756 3431 1033 3487 fatentem.
1082 3427 1184 3481 Ista
1223 3441 1370 3494 ergo,
1404 3433 1461 3477 ut
1485 3432 1540 3478 et
1580 3422 1847 3491 prioribus
1892 3421 1966 3472 vi-

436 3537 554 3579 sum
603 3534 719 3586 est,
766 3532 995 3590 quatuor
1059 3521 1480 3578 elementorum,
1534 3527 1599 3567 ex
1672 3511 1861 3579 quibus
1913 3518 1969 3565 et

443 3618 668 3671 mundus
700 3626 906 3670 constat
932 3626 986 3671 et
1020 3626 1214 3680 corpus
1264 3611 1577 3668 humanum,
1613 3612 1791 3658 tenent
1833 3602 1966 3668 tign—

440 3721 588 3770 ram,
631 3706 682 3760 id
725 3716 808 3760 est
848 3705 1023 3769 aeris,
1065 3703 1226 3772 ignis,
1255 3713 1404 3767 aqua:
1433 3706 1489 3751 et
1532 3703 1706 3749 terrae.
1742 3691 1970 3761 Hyacin-

442 3800 566 3854 thus
587 3813 712 3867 ergo
740 3799 806 3852 ad
839 3812 1016 3853 aerem
1045 3794 1299 3857 refertur,
1329 3793 1430 3845 hoc
1456 3789 1598 3844 enim
1635 3789 1748 3856 ipse
1773 3785 1973 3839 indicat

444 3888 614 3953 color,
657 3888 790 3941 sicut
838 3896 894 3940 et
940 3898 1133 3938 coceus
1174 3884 1241 3934 ad
1294 3882 1492 3950 ignem.
1538 3877 1780 3945 Purpura
1824 3885 1974 3943 aqua!

450 3987 595 4032 tenet
620 3978 861 4044 figuram,
890 3973 1041 4041 quasi
1072 3986 1189 4038 qua:
1215 3971 1280 4023 de
1316 3968 1468 4036 aquis
1511 3965 1738 4032 accipiat
1772 3963 1972 4017 fucum.

444 4068 640 4139 Byssus
671 4073 844 4125 terrae,
881 4063 1002 4128 quia
1031 4061 1204 4112 oritur
1242 4074 1305 4112 ex
1352 4067 1512 4112 terra.
1545 4056 1810 4110 llabemus
1850 4066 1976 4120 ergo

444 4167 501 4208 et
544 4167 643 4206 nos
685 4152 796 4202 haec
837 4147 1015 4201 omnia
1060 4145 1112 4195 in
1150 4144 1322 4204 nobis,
1368 4154 1422 4197 et
1466 4145 1586 4212 quia
1629 4157 1693 4196 ex
1739 4142 1822 4195 liis
1870 4140 1979 4207 pri-

450 4243 626 4295 mitias
682 4238 902 4291 Domino
949 4234 1194 4301 iubemur
1248 4234 1476 4299 ofl‘erre,
1529 4233 1645 4286 ideo
1701 4231 1831 4284 dicit
1871 4230 1916 4261 ⁷⁵
1959 4246 1974 4282 :

1827 300 2142 362 ORIGENIS

388 456 513 497 nam
548 438 679 492 nubi
715 447 856 492 esset
884 434 1135 504 possibile
1166 446 1323 484 unum
1354 443 1469 483 esse
1497 441 1559 481 ex
1595 424 1916 495 principibus
1944 428 1987 480 A
2016 420 2297 504 plieatum.
2344 407 2584 504 Difﬁcilia
2944 385 3549 504 ἰηξῗιιῖκθηὲζηίτ

3706 251 3830 308 533

3616 384 3687 431 et
3745 377 3829 433 ιι

2022 474 2393 571 proferendum
2423 494 2591 547 multo
2617 488 2976 545 dilIiciliora.
3025 482 3604 571 Verutntamenl,‘
3631 474 3829 533 prout

2020 554 2274 644 Dominus
2328 582 2572 645 dederit,
2631 576 2995 633 tentabimus
3052 565 3496 635 explanare.
3545 554 3831 624 Oportet

2018 679 2159 732 enim
2190 683 2244 728 et
2273 673 2376 726 dici
2408 671 2612 737 aliqua,
2640 676 2697 720 et
2730 664 3052 733 aliquanta
3088 651 3407 712 servari.
3452 646 3829 700 Videamus

2020 759 2284 835 ergo'qua
2319 762 2531 814 ratione
2562 771 2794 811 coccum
2828 749 3064 806 dixerit
3101 743 3601 814 duplicatum.
3632 733 3830 790 Color

2024 823 2146 917 iste,
2184 823 2242 905 ut
2280 849 2547 912 diximus,
2589 847 2733 914 ignis
2791 841 3030 896 indicat
3092 835 3588 889 elementum.
3652 823 3832 894 Ignis

2024 914 2200 996 autem
2248 939 2518 1006 duplicem
2568 935 2736 988 habet
2782 932 3132 991 virtutem,
3185 934 3426 975 unam
3477 929 3621 986 qua
3690 914 3836 968 illu-

2027 1033 2212 1091 minat,
2243 1003 2402 1080 aliam
2445 1039 2551 1094 qua
2587 1021 2855 1077 incendit.
2888 1017 3035 1071 Ilaec
3074 1024 3178 1069 est
3242 1009 3587 1065 historia:
3629 1003 3833 1059 ratio.

2031 1120 2315 1172 Veniamus
2338 1125 2392 1168 et
2426 1115 2493 1166 ad
2531 1108 2963 1165 intellectualia.
2998 1103 3230 1157 Etiam
3297 1100 3377 1152 in
3439 1095 3621 1166 ipsis
3668 1094 3840 1161 ignis

2028 1207 2219 1273 duplex
2251 1214 2335 1259 est
2383 1201 2520 1273 (89).
2555 1201 2647 1254 Est
2693 1197 2840 1267 ignis
2886 1195 3161 1264 quidam
3220 1191 3299 1244 in
3361 1190 3509 1242 hoc
3563 1186 3836 1248 saeculo,

2028 1305 2111 1351 est
2156 1304 2209 1348 et
2251 1296 2304 1346 in
2353 1293 2555 1345 futuro.
2591 1289 2860 1342 Dominus
2901 1283 3097 1338 Jesus
3146 1280 3343 1333 dicit
3376 1277 3446 1308 ⁷⁸
3483 1292 3505 1330 :
3560 1292 3587 1324 ε
3622 1276 3841 1343 Ignem

2032 1387 2148 1440 veni
2186 1386 2399 1437 mittere
2430 1383 2483 1434 in
2517 1390 2742 1433 terram.
2777 1397 2797 1428 ι
2836 1375 3001 1444 Ignis
3044 1373 3173 1427 iste
3217 1367 3637 1424 illuminat.
3684 1367 3842 1420 Item

2034 1491 2218 1528 rursus
2257 1474 2513 1526 Dominus
2566 1471 2712 1524 dicet
2759 1468 2815 1520 in
2871 1467 3094 1518 futuro
3151 1458 3843 1530 onerariisiniqui-

2035 1565 2161 1617 talis
2183 1563 2226 1594 ⁷⁷
2258 1579 2271 1615 :
2310 1580 2329 1614 ι
2356 1561 2433 1615 Ite
2461 1561 2515 1613 in
2548 1560 2727 1627 ignem
2759 1566 3099 1616 aeternum,
3137 1566 3373 1620 quem
3430 1549 3849 1620 praeparavit

2033 1652 2190 1705 Pater
2222 1664 2372 1702 meus
2405 1647 2619 1702 diabolo
2660 1655 2718 1700 et
2753 1642 2987 1714 angelis
3021 1639 3210 1708 eius.
3252 1658 3280 1691 ι
3326 1638 3466 1694 Ille
3514 1639 3699 1705 ignis
3753 1640 3850 1689 in-

1966 1724 2007 1776 Β
2037 1740 2231 1795 cendit.
2265 1738 2647 1792 Verumtamen
2690 1735 2797 1789 iste
2833 1733 3024 1799 ignis,
3061 1745 3289 1800 quem
3335 1729 3546 1785 venit
3586 1730 3850 1784 mittere

2037 1831 2211 1895 Iesus,
2246 1829 2508 1882 illuminat
2542 1827 2763 1895 quidem
2797 1838 3046 1878 omnem
3118 1823 3516 1877 hominem
3574 1821 3849 1873 venien-

2041 1929 2143 1973 tem
2176 1920 2228 1973 in
2263 1919 2409 1973 hunc
2434 1915 2692 1970 mundum
2720 1915 2791 1977 ⁷⁸,
2827 1914 3009 1968 habet
3049 1921 3306 1966 tamen
3365 1911 3644 1980 aliquid
3678 1912 3847 1980 quod

2040 2018 2092 2064 et
2141 2009 2426 2071 incendat,
2476 2008 2619 2061 sicut
2661 2002 3031 2059 conﬁtentur
3083 2004 3185 2057 illi
3251 2004 3388 2073 Qui
3472 2003 3714 2061 dicunt
3737 2003 3793 2036 ⁷⁸
3828 2021 3844 2054 :

2047 2117 2065 2149 ι
2105 2098 2290 2152 Nonne
2328 2112 2425 2153 cor
2473 2104 2718 2150 nostrum
2772 2095 2997 2148 ardens
3036 2102 3200 2149 erat
3258 2095 3465 2148 intra
3514 2108 3674 2160 nos,
3710 2109 3848 2149 cum

2042 2184 2347 2249 adaperiret
2389 2182 2545 2236 nobis
2595 2180 2975 2248 Scripturas?
3015 2198 3039 2231 ι
3101 2181 3363 2236 Simul
3429 2198 3606 2252 ergo
3645 2194 3711 2238 et
3752 2185 3850 2238 iu-

2043 2272 2309 2325 cendebat
2358 2279 2413 2323 et
2469 2268 2858 2331 illuminabat,
2918 2269 3354 2339 adaperiens
3433 2272 3851 2344 Scriptura.

2044 2360 2238 2416 Nescio
2272 2368 2451 2413 autem
2495 2358 2539 2412 si
2575 2368 2631 2413 et
2660 2358 2752 2411 ille
2792 2357 2948 2426 ignis
2988 2360 3053 2411 in
3121 2360 3394 2415 futuro
3445 2365 3712 2417 saeculo
3748 2368 3854 2432 qui

2046 2448 2311 2511 incendit,
2368 2447 2561 2500 habeat
2612 2445 2822 2512 aliquid
2886 2449 3052 2514 quod
3125 2457 3210 2503 et
3284 2434 3686 2506 itt’uminet.
3749 2453 3859 2508 Est

2047 2547 2193 2601 ergo,
2235 2542 2291 2585 ut
2322 2533 2677 2599 ostendimus,
2717 2541 2922 2586 natura
2960 2534 3141 2604 ignis
3215 2538 3538 2607 duplex,
3593 2554 3665 2597 et
3714 2544 3858 2597 ideo

2044 2619 2261 2687 jubetur
2303 2615 2487 2671 oll'erri
2535 2632 2738 2672 coceus
2790 2619 3185 2688 duplicatus.
3261 2626 3652 2689 Quomodo
3709 2644 3860 2699 ergo

2052 2721 2146 2761 nos
2173 2705 2367 2761 offerre
2408 2720 2697 2776 possumus
2742 2707 2935 2776 ignem
2992 2711 3208 2766 istum
3283 2716 3731 2786 duplicatum
3780 2720 3859 2775 ad

2051 2797 2328 2850 aedilicium
2362 2796 2719 2861 tabernaculi,
2748 2798 3096 2854 videamus.
3154 2802 3246 2857 Si
3302 2805 3572 2862 doctor
3614 2824 3713 2875 es,
3755 2826 3863 2864 εἰσ

2054 2886 2214 2940 struis
2252 2884 2654 2939 tabernaeulum
2688 2885 2991 2942 aedificatus
3027 2889 3457 2952 Ecclesiam
3502 2899 3667 2966 Dei;
3712 2904 3868 2957 dicit

2055 2986 2184 3038 ergo
2209 2979 2264 3025 et
2300 2973 2367 3025 ad
2404 2980 2454 3025 te
2486 2972 2628 3026 Deus
2659 2974 2811 3040 quod
2842 2984 2904 3028 et
2946 2979 3030 3031 ad
3070 2978 3497 3041 Jeremiam
3559 2991 3730 3044 dixit
3754 2992 3810 3023 ⁸⁸
3843 3009 3861 3046 :

2061 3079 2079 3111 ι
2108 3059 2246 3113 Ecce
2276 3060 2394 3152 dedi
2435 3060 2599 3114 verba
2628 3076 2749 3115 mea
2784 3063 2840 3115 in
2884 3079 2955 3118 os
2997 3073 3238 3136 tuum,
3276 3092 3304 3124 ι
3351 3075 3427 3131 id
3464 3090 3578 3134 est
3622 3081 3864 3152 ignem.

2060 3151 2115 3206 Si
2142 3165 2268 3218 ergo
2295 3150 2491 3241 docens
2515 3161 2570 3205 et
2601 3153 2892 3208 ardilicans
2917 3156 3325 3217 Ecclesium
3366 3167 3526 3236 Dei,
3565 3150 3871 3241 inerepes

2062 3240 2427 3332 tantummodo
2466 3250 2521 3293 et
2556 3255 2756 3332 arguas
2790 3252 2847 3295 et
2896 3248 3233 3316 castiges,
3289 3263 3371 3308 et
3415 3271 3705 3326 peccata
3765 3240 3871 3332 ρο.

2062 3327 2518 3419 puli_exprobres,
2544 3328 2700 3419 Anibil
2743 3342 2935 3387 autem
2978 3342 3525 3403 consolationis
3578 3327 3872 3419 proferas

2062 3417 2128 3472 de
2164 3417 2471 3509 "Scripturis
2527 3416 2768 3509 divinis,
2821 3422 3173 3480 obscurum
3262 3434 3463 3490 nihil
3529 3416 3847 3509 esplanes

2065 3507 2490 3602 nihilnscientite
2555 3484 2943 3602 profun'dioris
2998 3484 3877 3602 attingas-,—

2067 3594 2442 3688 intelligentize
2478 3595 2812 3688 sacratior-is
2849 3601 3135 3669 aperias,
3210 3602 3562 3671 οιηυιίειε
3619 3594 3874 3688 (νεώρη,

2068 3700 2305 3747 coccum,
2336 3683 2427 3738 sed
2461 3697 2566 3738 non
2603 3686 2984 3755 duplicatum.
3057 3692 3273 3763 Ignis
3318 3708 3529 3761 enim
3590 3683 3750 3766 dus
3786 3712 3879 3765 in-

2070 3774 2248 3827 cendit
2283 3773 2672 3836 tantummodo,
2720 3784 2780 3829 et
2816 3790 2933 3830 non
2993 3779 3405 3848 illuminat.
3463 3797 3557 3851 Et
3622 3815 3881 3855 rursum

2070 3864 2115 3916 si
2158 3863 2353 3917 docens
2400 3867 2659 3934 mysteria
2703 3867 2844 3936 legis
2894 3872 3187 3939 aperias.
3263 3897 3728 3946 secretorum
3780 3909 3918 3947 ar-.

2073 3966 2204 4052 cana
2259 3951 2552 4018 discutias,
2596 3971 2928 4024 peccantem
2982 3979 3143 4019 vero
3204 3986 3370 4027 non
3427 3991 3718 4050 arguas,
3772 3998 3885 4038 ne-

2075 4041 2355 4111 gligentem
2410 4057 2518 4097 non
2578 4048 2899 4116 corripias,
2952 4021 3890 4145 severitatem—

2078 4137 2726 4236 non-Iteneas,.ob.tulist_i
2798 4144 3037 4209 quidem
3115 4164 3457 4213 coccum
3492 4201 3517 4227 ,
3573 4137 3722 4220 sed-
3768 4181 3887 4222 non

2078 4224 2421 4322 duplica-tum”.
2449 4223 2595 4322 lgnis
2629 4229 2777 4281 enim
2813 4239 2946 4286 tuus
2980 4244 3264 4299 tantum
3329 4223 3730 4322 auul'ninm,
3768 4273 3892 4312 non

457 4351 479 4383 ε
514 4330 723 4384 Sumite
763 4342 829 4380 ex
872 4324 1022 4378 vobis
1054 4324 1202 4392 ipsis,
1235 4333 1290 4378 et
1331 4324 1518 4378 offerte
1561 4321 1824 4391 primitias
1872 4321 1973 4374 Do-
2006 4319 2049 4373 D
2078 4314 2339 4368 accendit.
2379 4315 2485 4410 Elui
2516 4331 2663 4410 e‘rgo-
2692 4328 2850 4374 recte
2905 4322 3130 4392 offert,
3188 4343 3291 4388 ει
3357 4352 3570 4400 rec“:
3635 4314 3893 4410 δάκει.

446 4433 617 4474 muto.
648 4435 666 4468 ι

524 4508 576 4561 ι.
615 4504 811 4559 Verum
840 4504 978 4556 istud
1022 4502 1469 4557 considerandum
1504 4509 1651 4567 puto,
1680 4498 1820 4567 quod
1853 4512 1973 4552 cum

450 4598 521 4652 de
550 4597 761 4650 exteris
825 4592 1142 4661 simpliciter
1188 4592 1321 4646 dixit
1370 4590 1609 4658 Moyses,
1662 4566 1865 4641 tantum
1913 4566 1979 4639 de

452 4700 618 4743 cocco
647 4682 845 4738 addidit
872 4682 1231 4748 duplicatum,
1275 4688 1328 4733 et
1370 4679 1585 4746 byssum
1630 4684 1841 4729 tortam.
1879 4674 1980 4727 Re-

454 4779 683 4849 quiritur
702 4789 848 4842 ergo,
873 4789 969 4828 cur
996 4771 1127 4824 alias
1157 4769 1369 4839 quidem
1404 4764 1678 4827 materias,
1702 4777 1765 4816 ex
1789 4763 1982 4830 quibus

453 4879 511 4922 et
543 4878 734 4920 cetera
766 4863 1068 4917 indicantur
1093 4860 1381 4919 elementa,
1408 4854 1722 4922 simpliciter
1755 4851 1980 4914 dixerit;

456 4969 672 5009 coccum
701 4967 806 5021 quo
848 4950 988 5020 ignis
1026 4950 1353 5018 designatur,
1400 4943 1571 4999 solum
1619 4940 1858 5010 posuerit
1889 4939 1985 4992 du-

2080 4418 2295 4457 eoccnm
2337 4402 2496 4458 offert
2525 4406 2884 4473 duplicatum,
2926 4422 2990 4465 ut
3024 4430 3183 4473 cum
3250 4429 3605 4491 scientia
3658 4402 3902 4494 lumine

2083 4494 2367 4564 igniculum
2394 4496 2702 4550 severitatis
2736 4497 3086 4559 admisceat.

2152 4583 2204 4636 5.
2246 4583 2388 4674 Q_uid_
2416 4592 2605 4674 autem
2652 4586 2756 4674 sibi
2809 4591 3039 4648 velitet
3103 4596 3396 4668 byssus
3443 4622 3643 4671 torta
3685 4619 3872 4674 videa

2086 4684 2228 4724 mus.
2269 4669 2335 4722 Et
2374 4669 2465 4723 hic
2498 4672 2643 4725 enim
2685 4672 2841 4728 dedit
2897 4649 3134 4747 aliquid
3149 4649 3179 4668 δ
3203 4649 3908 4759 ;:I:I:l:l,l.t;:ll;lul;:;

2089 4722 2119 4724 η
2246 4759 2257 4770 ⁸
2446 4722 2455 4723 κ
2692 4722 2841 4728 ητα
2897 4722 3133 4781 -υΠιῖ-ὐ
3203 4722 3715 4757 uuultalnentl
3778 4722 3909 4775 pne

2083 4769 2289 4853 caeteris
2332 4759 2638 4853 elementis.
2680 4761 2919 4830 Byssum
2976 4771 3302 4836 diximus
3363 4795 3597 4849 terra:
3657 4796 3909 4853 habere

2726 4816 2744 4830 ,ν
2796 4816 2919 4818 ήκνμ
2980 4816 3302 4836 -ν--η-ιιδ
3364 4816 3597 4849 ιυϊΓιΩ

2086 4848 2332 4941 formam,
2362 4850 2506 4941 quod
2541 4863 2627 4941 est
2672 4869 2804 4909 caro
2856 4870 3085 4916 nostra.
3156 4869 3502 4932 Carnem
3566 4899 3645 4938 er

2726 4816 2744 4830 ,
2796 4816 2919 4818 es.--
2980 4816 3302 4836 —-—----ua
3364 4816 3597 4849 terra]:
3658 4816 3913 4855 [labere

2362 4850 2506 4941 quod
2541 4863 2627 4941 est
2672 4869 2804 4909 caro
2856 4870 3085 4916 nostra.
3156 4869 3502 4932 Carnem
3566 4899 3743 4941 ergo
3783 4904 3912 4941 non

2089 4937 2201 4990 vult
2232 4937 2413 4991 otl‘erri
2446 4940 2557 4996 Deo
2602 4940 2915 5001 ﬂuitantem
2949 4949 3130 5018 luxu,
3157 4902 3918 5033 ἒῗιὲἔίεέηξΐξὲδὲιίιῖ

480 5075 505 5091 ’⁷
533 5097 582 5131 τι
611 5094 774 5169 Exod.
795 5109 953 5160 xxxv,
991 5092 1042 5146 5.
1114 5091 1160 5123 τι
1198 5089 1326 5143 an.
1357 5082 1579 5149 xu,ta.
1651 5081 1694 5112 τ’
1734 5079 1919 5131 Matth.
1948 5093 2039 5131 ω

2358 5050 2501 5169 loan.
2525 5097 2567 5148 ι,
2588 5082 2644 5137 9.
2716 5084 2763 5116 "
2801 5084 2946 5145 Luc.
2980 5105 3159 5161 xxiv,
3196 5100 3334 5160 '52.
3445 5109 3516 5143 ⁸⁸
3559 5112 3720 5172 Jer.
3764 5132 3813 5176 I.
3850 5118 3917 5176 9.

553 5280 640 5350 87)
669 5279 756 5350 _Ne
788 5269 1333 5350 consecrati__ntnn_eris
1359 5261 1871 5350 niiquiddillqbrrtnr.
1907 5259 1982 5350 Ita

464 5327 638 5403 etiam,
667 5327 1165 5400 'l‘e'rtu—llia'nttsﬂlib.
1213 5340 1286 5390 De
1341 5327 1571 5403 corona:
1617 5327 1849 5380 «Calit-is
1894 5336 1986 5403 aut

465 5395 620 5495 gilii;
653 5395 1014 5469 εἱιξιίἶῖιῖέὶίέι
1041 5395 1238 5477 aliquid
1288 5399 1459 5457 decuti
1516 5397 1568 5448 in
1603 5404 1795 5446 terram
1828 5395 1987 5447 anxie

469 5493 714 5548 patimur.
751 5501 769 5531 ι

540 5548 646 5617 (88)
701 5548 921 5613 Quidam
977 5557 1095 5601 ante
1161 5557 1273 5596 nos.
1317 5533 1531 5601 Ioseph.
1567 5529 1658 5584 lib.
1688 5543 1745 5581 ιιι
1785 5527 1986 5595 Antiq.,

2089 5260 2284 5348 c9933,
2301 5259 2573 5348 tellegunt),
2589 5264 2665 5319 De
2699 5246 2806 5348 qui
2839 5265 3078 5348 uagus.

2123 5326 2270 5411 £89)
2301 5326 2452 5406 Libri
2483 5347 2646 5389 antea
2673 5336 2804 5389 editi
2830 5352 2849 5389 :
2881 5354 2901 5388 ι
2937 5326 3006 5393 Et
3029 5340 3104 5393 ad

2094 5396 2267 5449 Iuliam
2317 5399 2461 5449 urnis
2507 5403 2848 5449 insedimus!
2897 5416 2982 5449 est
3024 5427 3044 5449 ι
3098 5427 3104 5449 4

2099 5405 2267 5476 rztiam
2317 5405 2461 5464 ignis
2507 5405 2626 5471 ipse
2653 5405 2855 5476 duplex
2897 5416 3005 5477 est,

2099 5480 2151 5518 tu
2179 5472 2367 5521 nostro
2399 5477 2580 5525 textu.

3143 5342 3636 5424 intellectum
3678 5368 3918 5424 alium.

3024 5427 3044 5460 ι
3098 5417 3220 5469 sed
3293 5417 3922 5507 manuscripti'ut
