3948 6246
266 235 352 289 ιῖθὸ
705 288 708 289 ν
1444 219 1511 272 IN
1547 219 1825 274 EXODUM
1861 217 2141 274 IIOMILIA
2180 216 2317 270 XIII.

3383 218 3485 274 395

269 356 384 407 um,
420 337 497 395 ιω
523 299 1002 407 κοτψθξξᾼῇιὼει
1069 339 1220 384 eam
1269 340 1324 387 et
1371 336 1686 404 constringi.
1719 334 1848 400 Quis
1876 340 1921 396 Α
1947 335 2121 389 omnia
2168 346 2330 401 opera
2397 343 2645 383 manuum
2688 343 2905 384 suarum
2949 344 3067 400 quae
3111 333 3164 387 in
3221 334 3486 391 mandatis

423 393 494 482 est
511 413 585 487 ut“
602 393 907 498 Ψῗξλξξίξδθῐ
949 423 1235 473 carnem
1265 422 1442 476 suam?
1465 424 1554 478 ille
1594 393 1848 477 nimirum

289 479 368 581 qui
413 479 911 581 dixit”'-‘“‘°ef0
968 512 1226 572 corpus
1267 524 1464 575 meum,
1503 520 1556 565 et
1596 510 1650 564 in
1681 510 1852 565 servi-

299 579 456 653 tutem
492 586 783 661 subitch
830 579 1006 641 forte
1063 609 1210 648 cum
1256 598 1376 652 aliis
1422 600 1850 666 praedicaverim,

299 687 407 755 ipse
457 683 686 753 reprobus
729 669 976 734 elﬁciar.
1018 699 1042 732 ι
1117 684 1219 740 Sic
1268 701 1393 756 ergo
1438 696 1521 740 est
1563 687 1756 741 nﬂcrre
1799 698 1853 742 et

300 775 503 844 byssum
529 780 732 832 tortam,
754 777 989 820 carnem
1031 775 1396 837 abstinentia,
1430 777 1624 843 vigiliis
1660 786 1714 830 et
1744 792 1853 831 me-

295 865 603 917 ditationum
627 860 796 914 labore
827 857 1151 916 coniicere.
1188 864 1494 918 Olleruntur
1521 875 1578 920 et
1618 867 1708 935 pili
1759 881 1853 920 ca-

295 965 526 1016 prarum.
563 951 672 1004 [Ioc
715 963 879 1018 genus
927 952 1177 1016 pecudis
1227 953 1280 1004 in
1332 953 1446 1022 lege
1495 968 1593 1021 pro
1632 964 1853 1021 peccato

289 1038 506 1104 iubetur
554 1040 755 1094 ollerri.
795 1039 942 1094 Pilus
998 1058 1140 1097 vero
1188 1043 1394 1113 species
1443 1051 1527 1096 est
1571 1053 1851 1106 emortua,

289 1127 583 1194 exsanguis
613 1137 665 1180 et
701 1128 988 1182 exanimis.
1021 1129 1178 1184 llanc
1214 1131 1303 1199 qui
1333 1128 1513 1195 oﬂ'ert,
1545 1130 1776 1183 ostendit
1802 1129 1853 1182 in

283 1230 346 1270 se
388 1231 620 1271 sensum
654 1218 858 1285 peccati
890 1219 1005 1284 jam
1039 1229 1336 1280 mortuum,
1384 1233 1484 1271 nec
1512 1217 1564 1270 in
1606 1216 1856 1272 membris

284 1308 396 1360 suis
448 1307 597 1358 ultra
655 1309 837 1359 vivere
889 1315 986 1358 aut
1043 1321 1273 1375 regnare
1326 1315 1623 1375 peccatum.
1683 1304 1856 1358 Pelles

282 1409 506 1463 quoque
556 1392 872 1447 oﬂeruntur
917 1396 1174 1448 arietum.
1231 1396 1463 1448 Arietem
1524 1397 1684 1447 etiam
1732 1401 1857 1445 ante

278 1497 379 1536 nos
414 1483 648 1550 quidam
683 1497 785 1550 pro
829 1483 1013 1536 furore
1061 1491 1370 1550 posuerunt.
1421 1482 1489 1535 Et
1536 1484 1661 1550 quia
1703 1482 1858 1548 pellis

282 1574 486 1626 mortui
532 1573 794 1631 animalis
833 1573 1088 1626 indicium
1121 1582 1226 1634 est,
1255 1574 1488 1627 ostendit
1521 1574 1571 1625 in
1619 1586 1674 1626 se
1707 1571 1858 1624 furo-

1950 422 2156 476 Domini
2192 421 2323 488 agit.

2017 511 2070 566 6.
2105 511 2327 562 Additur
2363 515 2482 576 post
2511 509 2650 569 brae,
2677 508 2798 574 quia
2823 516 2877 560 et
2903 510 3038 575 apud
3068 525 3224 578 quem
3267 512 3481 568 inventa

1951 606 2078 651 sunt
2110 597 2249 665 ligna
2287 593 2656 663 imputribilia,
2691 595 2882 648 obtulit
2917 597 3040 651 Deo.
3073 599 3128 652 Si
3161 601 3283 667 quis
3309 601 3485 670 diligit

1951 684 2219 740 Christum
2241 684 2544 746 Dominum,
2565 683 2761 751 lignum
2797 684 3121 752 imputribile
3152 695 3204 740 et
3227 687 3279 740 in
3307 689 3483 744 incor-

1952 773 2196 840 ruptione
2246 770 2401 824 offert
2446 771 2690 825 Domino.
2736 771 2928 825 Beatus
2975 787 3102 839 ergo
3148 778 3284 843 apud
3325 790 3482 839 quem

1951 861 2238 921 invenitur,
2266 858 2349 912 vel
2375 873 2562 912 sensus
2593 860 2950 928 incorruptus,
2978 862 3056 915 vel
3087 877 3278 929 corpus
3311 864 3486 918 incor-

1953 961 2193 1020 ruptum,
2235 960 2288 1002 et
2344 949 2443 1001 hoc
2493 947 2648 1002 oﬁ‘ert
2687 949 2814 1003 Deo.
2865 949 3016 1004 Unde
3063 959 3118 1004 et
3162 952 3294 1004 bene
3334 954 3486 1008 valde

1953 1040 2087 1094 dixit
2113 1039 2200 1091 0':
2240 1055 2258 1087 ι
2289 1036 2442 1103 Apud
2494 1051 2648 1103 quem
2684 1039 2894 1093 inventa
2937 1049 3061 1092 sunt
3114 1040 3253 1108 ligna
3316 1043 3488 1109 impn-

1955 1122 2168 1174 tribilia.
2211 1139 2230 1172 ι
2267 1120 2380 1173 Non
2419 1124 2560 1173 enim
2599 1124 2736 1190 apud
2770 1139 2954 1177 omnes
2978 1125 3320 1179 inveniuntur
3348 1127 3485 1196 ligna

1954 1209 2321 1277 imputriliilia.
2356 1209 2426 1262 De
2463 1223 2593 1262 auro
2627 1225 2729 1262 non
2763 1211 2899 1264 dixit
2931 1227 3100 1280 neque
3137 1215 3202 1267 de
3239 1226 3482 1284 argento,

1954 1301 2090 1368 apud
2126 1314 2282 1365 quem
2318 1301 2591 1353 inventum
2622 1307 2722 1353 est.
2747 1299 2925 1354 Potest
2953 1304 3092 1355 enim
3127 1305 3263 1372 apud
3296 1320 3485 1361 omnes

1955 1387 2182 1441 inveniri
2219 1401 2408 1442 sensus
2435 1395 2487 1441 et
2531 1400 2725 1441 sermo.
2764 1387 2868 1442 Sed
2901 1404 2997 1444 nec
3028 1392 3092 1444 de
3137 1403 3366 1460 quatuor
3397 1409 3489 1450 co—

1956 1474 2156 1530 loribus
2191 1477 2292 1529 hoc
2324 1475 2476 1529 dixit.
2509 1474 2754 1528 Omnium
2787 1493 3014 1546 namque
3039 1489 3121 1533 est
3156 1496 3221 1534 ex
3255 1493 3487 1550 quatuor

1956 1575 2206 1618 constare
2243 1564 2530 1618 secundum
2561 1576 2752 1630 corpus
2789 1566 3086 1621 elementis.
3115 1569 3279 1639 Ligna
3311 1581 3486 1627 autem

279 1676 395 1714 rem
438 1670 729 1714 mortuum
773 1662 864 1729 qui
916 1662 1023 1714 Deo
1052 1659 1209 1715 oﬂ'ert
1253 1665 1478 1714 arietum
1514 1660 1699 1730 pelles.
1730 1659 1856 1712 Post
1886 1670 1926 1723 Β
1957 1653 2329 1722 imputribilia,
2371 1654 2422 1708 id
2467 1662 2568 1717 est,
2599 1654 3017 1722 incorruptionis
3061 1669 3112 1712 et
3158 1661 3488 1728 virginitatis

277 1747 433 1801 haec:
475 1764 497 1798 ι
522 1747 596 1799 Et
637 1747 768 1809 viri,
809 1747 988 1816 inquit.
1009 1747 1079 1811 ⁸⁸,
1113 1756 1430 1814 acceperunt
1469 1763 1498 1799 a
1542 1747 1856 1803 mulieribus

274 1838 411 1901 suis,
441 1852 651 1890 omnes
695 1837 898 1904 quibus
928 1837 1101 1889 visum
1139 1845 1221 1890 est
1253 1851 1409 1889 sensu
1449 1834 1582 1904 (90),
1620 1845 1672 1890 et
1711 1845 1854 1887 attu-

1954 1743 2142 1811 gratia,
2172 1742 2308 1810 apud
2339 1756 2516 1795 rarum
2559 1758 2823 1812 quemque
2851 1747 3077 1800 inveniri
3116 1757 3312 1816 potest,
3348 1751 3488 1805 sicut

1954 1841 2009 1886 et
2041 1833 2292 1885 Dominus
2323 1832 2449 1886 dicit
2469 1834 2553 1886 “z
2587 1852 2607 1884 ί
2636 1835 2750 1887 Non
2795 1849 2980 1890 omnes
3011 1839 3230 1905 capiunt
3265 1842 3484 1895 verbum

277 1923 460 1978 lerunt
505 1939 786 1992 gemmas,
833 1932 889 1976 et
939 1924 1179 1986 inaures,
1219 1933 1272 1976 et
1314 1924 1556 1986 annulos,
1601 1933 1649 1978 et
1699 1925 1857 1993 178
1953 1920 2118 1984 istud,
2143 1921 2232 1974 sed
2267 1921 2456 1988 quibus
2483 1924 2664 1976 datum
2693 1932 2824 1976 est.)

279 2012 708 2072 discriminalia,
739 2020 794 2064 et
835 2012 1152 2064 dextralia.»
1190 2012 1348 2066 Vides
1382 2023 1436 2066 et
1466 2013 1556 2066 hic
1588 2016 1855 2081 quomodo

279 2101 353 2153 illi
398 2099 652 2153 aﬂ'erunt
700 2100 839 2151 dona
896 2100 1024 2163 Deo,
1056 2100 1145 2166 qui
1189 2101 1350 2153 corde
1393 2101 1610 2164 vident,
1643 2102 1731 2163 qui
1774 2101 1857 2153 in-

283 2190 560 2244 tellectum
605 2191 774 2242 corde
821 2189 1155 2254 concipiunt,
1197 2188 1284 2254 qui
1318 2197 1548 2241 mentem
1592 2189 1856 2242 intentam

280 2291 337 2333 et
373 2279 631 2334 deditam
669 2278 876 2332 habent
917 2277 986 2328 ad
1019 2277 1238 2328 verbum
1283 2274 1398 2329 Dei.
1440 2275 1530 2329 lsti
1576 2290 1704 2343 ergo
1733 2276 1861 2330 aﬂ‘e-

281 2377 410 2423 runt
460 2382 729 2428 munera,
759 2377 816 2419 et
850 2364 1090 2418 afferunt
1134 2365 1292 2418 etiam
1328 2381 1355 2418 a
1398 2366 1710 2420 mulieribus
1751 2367 1862 2419 suis

285 2477 307 2508 ς
335 2459 589 2522 inaures,
644 2455 848 2522 inquit,
887 2464 942 2508 et
989 2468 1248 2522 gemmas,
1275 2462 1328 2508 et
1375 2454 1706 2508 dextralia.»
1750 2453 1862 2507 Mu-

284 2548 385 2602 lier
436 2546 555 2616 (9|)
625 2545 928 2599 secundum
984 2544 1326 2612 allegoricam
1379 2543 1670 2608 rationem,
1724 2558 1864 2612 sazpe

277 2637 391 2705 jam
435 2637 714 2699 diximus,
745 2635 890 2702 quod
932 2647 1062 2687 caro
1103 2634 1357 2701 accipitur
1390 2642 1444 2688 et
1499 2634 1582 2687 vir
1624 2634 1864 2690 rationa-

285 2725 411 2781 bilis
442 2740 668 2779 sensus.
721 2725 886 2776 Bonae
930 2732 1060 2776 sunt
1105 2736 1232 2792 ergo
1283 2723 1398 2776 ista:
1451 2724 1703 2780 mulieres
1745 2740 1863 2793 qua:

287 2814 553 2868 obediunt
587 2813 728 2865 viris
755 2811 890 2864 suis.
926 2809 1075 2863 Bona
1107 2818 1188 2864 est
1216 2824 1342 2863 caro
1368 2825 1484 2878 qua:
1505 2811 1614 2879 jam
1649 2813 1861 2880 spiritui

288 2917 393 2957 non
433 2907 737 2970 repugnat,
767 2900 862 2954 sed
894 2900 1230 2966 obtemperat
1256 2911 1310 2954 et
1341 2901 1628 2965 consentit,
1658 2910 1713 2954 et
1747 2902 1863 2955 ideo

2025 1997 2075 2062 Ἰ.
2107 2009 2211 2064 Sed
2237 2019 2290 2064 et
2316 2029 2335 2060 ‹
2365 2011 2654 2079 principes,
2688 2014 2856 2081 inquit
2876 2015 2944 2079 θ’,
2967 2016 3318 2070 obtulerunt»
3350 2019 3486 2073 dona

1961 2113 2076 2152 sua.
2115 2098 2240 2163 Qua:
2274 2106 2396 2152 sunt
2427 2099 2526 2152 ista
2555 2104 2691 2154 dona
2738 2117 2856 2169 quae
2903 2104 3172 2173 principes
3217 2105 3489 2162 offerunt?

1961 2204 1980 2236 ι
2007 2185 2278 2248 Gemmas,
2315 2185 2500 2253 inquit,
2533 2189 2858 2251 obtulerunt,
2889 2199 2942 2245 et
2993 2193 3196 2258 lapides
3243 2208 3488 2265 smarag-

1957 2275 2074 2341 dos,
2097 2284 2150 2328 et
2168 2275 2366 2342 lapides
2393 2276 2718 2343 repletionis,
2743 2289 2796 2331 et
2825 2280 3024 2347 lapides
3060 2283 3486 2339 adhumerales.»

1957 2363 2180 2431 Lapides
2227 2365 2534 2433 repletionis
2580 2366 2857 2430 dicuntur,
2900 2369 2989 2436 qui
3024 2381 3292 2437 ponuntur
3323 2373 3375 2426 in
3411 2374 3490 2427 lo-

1960 2449 2066 2518 gio,
2101 2450 2202 2504 hoc
2249 2462 2331 2504 est
2364 2452 2453 2518 qui
2498 2453 2550 2504 in
2595 2464 2814 2519 pectore
2848 2455 3111 2522 pontificis
3141 2457 3490 2527 collocantur,

1960 2537 2198 2606 inscripti
2245 2541 2455 2595 nomine
2489 2541 2600 2611 (92)
2637 2543 2864 2596 tribuum
2902 2543 3131 2599 ﬁliorum
3165 2545 3350 2602 Israel.
3378 2549 3492 2603 Hoc

1960 2625 2102 2693 quod
2173 2627 2368 2681 dicitur
2430 2627 2641 2696 logion,
2686 2629 2738 2682 id
2785 2638 2868 2684 est
2929 2634 3220 2698 rationale,
3274 2636 3364 2699 qui
3409 2645 3494 2690 est

1960 2726 2166 2780 pannus
2195 2714 2416 2783 exiguus
2461 2731 2527 2770 ex
2564 2729 2696 2769 auro
2737 2726 2790 2771 et
2823 2719 3067 2786 gemmis,
3113 2721 3496 2792 coloribusque

1962 2798 2148 2862 variis,
2191 2808 2245 2853 et
2294 2803 2711 2870 superhumerali
2753 2813 2943 2859 contra
2989 2817 3175 2875 pectus
3225 2811 3496 2878 pontificis

1964 2892 2371 2958 annectebatur,
2424 2895 2645 2951 formam
2701 2899 2864 2952 habet
2915 2913 3104 2956 sensus
3163 2904 3498 2962 rationabilis

294 3009 314 3043 ς
337 2992 384 3044 si
407 2961 632 3044 duobus
659 2961 747 3040 vel
783 2988 959 3040 tribus
992 2989 1044 3040 in
1076 2961 1229 3043 vobis
1269 2961 1704 3054 convenerit,’ex
1739 3005 1866 3058 qua.
1889 2961 1935 3020 ε
1965 2977 2056 3044 Qui
2090 2978 2144 3030 in
2196 2981 2350 3036 nobis
2393 2992 2496 3037 est.
2544 2984 2599 3037 In
2642 2989 2742 3041 hoc
2788 2990 2944 3056 positi
2997 2991 3248 3047 dicuntur
3291 2994 3498 3062 lapides

289 3087 500 3149 cunque
534 3094 599 3133 re
644 3078 923 3148 petieritis
965 3077 1058 3131 [iet
1098 3078 1272 3141 vobis,
1298 3095 1318 3129 ι
1359 3078 1491 3131 dicit
1519 3077 1774 3133 Dominus
1799 3079 1864 3132 ⁸³.

289 3159 538 3225 Οῆὲηιηι
599 3181 742 3233 ergo
791 3180 820 3218 a
865 3164 1180 3219 mulieribus
1237 3167 1348 3220 suis
1401 3167 1635 3221 inaures.
1707 3166 1867 3222 Vides

294 3259 571 3326 quomodo
603 3255 848 3309 Domino
878 3253 1102 3308 offertur
1132 3255 1367 3308 auditus.
1396 3255 1499 3309 Sed
1525 3264 1581 3309 et
1607 3255 1867 3309 dextralia

290 3348 521 3402 Domino
581 3345 930 3404 oﬂ'eruntur;
976 3357 1142 3410 opera
1173 3344 1382 3409 dextra,
1424 3353 1478 3398 et
1509 3357 1672 3411 opera
1706 3343 1867 3409 bona,

288 3451 407 3504 quae
452 3451 558 3504 per
606 3445 838 3487 carnem
899 3442 1178 3499 geruntur.
1233 3431 1357 3486 Haec
1408 3431 1630 3486 Domino
1681 3430 1870 3486 offerat

287 3525 648 3580 rationabilis
697 3536 917 3577 sensus.
953 3525 1062 3578 Sed
1101 3533 1156 3578 et
1194 3522 1584 3577 discriminalia
1627 3517 1869 3574 on'erun-

289 3626 401 3672 tur.
433 3618 616 3673 Oﬂ'ert
674 3615 1093 3677 discriminalia,
1121 3615 1209 3684 qui
1249 3614 1385 3669 bene
1421 3613 1523 3667 scit
1562 3612 1872 3666 discernere

281 3709 410 3776 quid
440 3708 737 3778 agendum
788 3707 891 3768 sit,
940 3704 1070 3772 quid
1103 3703 1406 3766 vitandum,
1445 3701 1571 3770 quid
1603 3700 1712 3754 Deo
1761 3698 1872 3768 pla-

282 3806 434 3859 ceat,
460 3796 681 3863 quidve
727 3792 1035 3859 displiceat,
1067 3791 1192 3859 quid
1233 3789 1435 3857 justum
1478 3791 1583 3852 sit,
1612 3788 1741 3856 quid
1789 3787 1872 3839 in-

275 3887 516 3957 justam.
553 3885 675 3940 Ista
726 3892 861 3937 sunt
890 3880 1273 3934 discriminalia
1319 3893 1437 3946 qua:
1484 3877 1708 3930 Domino
1738 3875 1872 3929 oﬂ‘e-

285 3987 508 4031 runtur.
562 3973 670 4028 Hae
718 3985 856 4040 ergo
906 3970 1162 4024 mulieres
1207 3969 1424 4022 inaures
1475 3966 1702 4022 Domino
1741 3964 1870 4020 οπε-

278 4079 428 4130 runt,
451 4067 592 4136 quia
610 4075 748 4119 sunt
765 4060 1028 4113 mulieres
1041 4060 1325 4128 sapientes.
1356 4073 1376 4108 ι
1397 4050 1675 4110 Neverunt
1701 4055 1871 4118 enim,

278 4155 577 4223 inquitn',
607 4152 886 4205 mulieres
906 4148 1199 4210 sapientes,
1214 4153 1268 4199 et
1289 4144 1533 4198 fecerunt
1548 4157 1873 4210 quaecunque

1964 3065 2296 3133 repletionis,
2325 3071 2416 3136 qui
2467 3080 2640 3127 tamen
2674 3075 2974 3142 cohaerent,
3014 3088 3067 3133 et
3097 3083 3324 3137 connexi
3368 3096 3496 3140 sunt

1965 3156 2030 3208 ad
2076 3157 2279 3224 lapides
2339 3158 2664 3228 humerales,
2710 3175 2868 3233 atque
2913 3181 2977 3221 ex
3028 3169 3112 3224 his
3158 3173 3500 3228 continentur

1966 3246 2190 3300 astricti.
2241 3247 2544 3304 Humeralis
2590 3262 2813 3307 ornatus
2865 3255 3120 3311 indicium
3165 3271 3248 3314 est
3285 3271 3499 3316 actuum

1964 3333 2250 3390 bonorum.
2297 3341 2463 3394 Actus
2516 3355 2644 3409 ergo
2685 3359 2803 3396 cum
2855 3346 3062 3400 ratione
3095 3356 3146 3402 et
3189 3351 3328 3403 ratio
3376 3367 3500 3406 cum

1967 3425 2175 3480 actibus
2223 3429 2480 3495 sociatur,
2522 3439 2582 3484 ut
2624 3432 2694 3484 sit
2738 3437 3090 3490 consonantia
3139 3439 3190 3490 in
3233 3448 3498 3508 utroque:

1973 3529 1991 3562 ι
2018 3511 2115 3577 Qui
2161 3515 2304 3568 enim
2348 3516 2536 3570 fecerit
2571 3527 2626 3573 et
2655 3521 2915 3588 docuerit,
2954 3524 3040 3578 hic
3071 3539 3296 3594 magnus
3338 3543 3502 3582 voca-

1968 3600 2114 3653 bitur
2165 3602 2216 3654 in
2260 3618 2423 3672 regno
2472 3607 2729 3661 caelorum
2765 3609 2830 3662 ⁸⁸⁸.
2863 3629 2881 3660 ι
2937 3610 3021 3665 Sit
3067 3627 3196 3682 ergo
3243 3615 3294 3668 in
3347 3617 3502 3672 nobis

1971 3703 2144 3742 sermo
2200 3691 2264 3745 de
2313 3693 2522 3747 actibus
2572 3698 2839 3763 pendens,
2898 3710 2954 3753 et
2983 3714 3298 3755 sermonem
3351 3715 3506 3760 actus

1971 3789 2249 3858 exprnent.
2280 3778 2380 3833 Hic
2405 3782 2545 3835 enim
2577 3785 2844 3852 pontiﬁcis
2872 3787 3100 3842 refertur
3124 3798 3364 3844 ornatus.
3398 3793 3506 3849 Sed

1975 3867 2041 3921 ad
2075 3867 2184 3920 haec
2227 3867 2486 3934 explenda
2519 3873 2795 3940 principes
2843 3876 3191 3942 requiruntur
3224 3894 3238 3930 :
3273 3877 3374 3933 iste
3412 3894 3508 3934 or-

1973 3965 2130 4010 natus
2169 3971 2355 4010 eorum
2386 3965 2492 4021 est,
2523 3967 2611 4026 qui
2649 3969 2851 4016 tantum
2885 3963 3245 4031 profecerunt,
3277 3974 3336 4020 ut
3378 3982 3509 4036 prte-

1972 4061 2090 4100 esse
2123 4047 2332 4115 pupulis
2367 4059 2690 4104 mereantur.
2719 4051 2960 4106 Oﬂerunt
2985 4055 3142 4108 etiam
3167 4055 3340 4110 oleum
3368 4059 3511 4126 prin-

1973 4137 2117 4203 cipes
2167 4138 2233 4191 ad
2290 4153 2416 4193 usus
2475 4141 2708 4209 duplices
2755 4142 3122 4210 profuturum,
3171 4145 3404 4200 lucernis
3453 4156 3510 4203 et

276 4245 607 4300 necessaria
639 4247 810 4295 erant
828 4239 898 4293 ad
927 4239 1235 4291 indumenta
1251 4233 1537 4302 pontiﬁcis.
1576 4251 1594 4283 ι
1623 4231 1724 4283 Illae
1744 4244 1872 4282 vero
1903 4260 1948 4314 Β
1976 4224 2282 4282 chrismati.
2315 4227 2479 4284 Debet
2507 4231 2648 4284 enim
2685 4232 2900 4286 lucerna
2939 4246 3124 4287 eorum
3165 4236 3254 4302 qui
3301 4237 3509 4305 populis

273 4335 545 4388 mulieres
573 4346 715 4400 qua
765 4331 986 4382 inaures
1025 4339 1149 4378 suas
1187 4321 1492 4376 obtulerunt
1526 4329 1582 4371 ut
1612 4319 1764 4372 lieret
1796 4317 1872 4369 vi-

271 4423 445 4489 tulus,
493 4422 856 4490 insipientes
913 4422 1108 4476 erant,
1158 4427 1276 4479 qua:
1319 4425 1349 4463 a
1386 4409 1611 4464 veritate
1653 4408 1870 4476 quidem

270 4521 619 4567 averterunt
675 4507 970 4566 auditum,
1014 4503 1083 4554 ad
1139 4499 1346 4552 fabulas
1395 4507 1574 4551 autem
1626 4497 1871 4564 impieta-

271 4610 500 4670 temque
531 4615 603 4654 se
630 4601 1055 4652 converterunt,
1083 4599 1138 4644 et
1175 4591 1294 4643 ideo
1323 4587 1630 4641 obtulerunt
1661 4586 1876 4638 inaures

267 4703 423 4752 suas,
475 4697 546 4741 ut
599 4687 776 4740 ﬁeret
839 4689 1004 4747 caput
1052 4678 1230 4732 vituli.
1276 4676 1379 4730 Sed
1424 4683 1480 4728 et
1531 4674 1584 4726 in
1633 4671 1874 4725 Iudicum

268 4780 412 4836 libro
446 4781 500 4812 “
549 4778 726 4833 aliud
798 4771 1163 4828 nihilominus
1212 4766 1407 4820 idolum
1470 4765 1767 4819 invenimus
1810 4777 1876 4815 ex

268 4872 582 4923 mulierum
645 4863 943 4919 inauribus
985 4858 1221 4911 factum.
1254 4855 1370 4908 Ista:
1396 4868 1521 4921 ergo
1561 4854 1730 4907 beata:
1762 4866 1878 4904 mu-

266 4957 465 5022 lieres,
525 4960 715 5012 beata
772 4953 872 5005 ista
937 4961 1114 5008 caro,
1165 4959 1283 5011 quae
1340 4943 1554 4996 Domino
1594 4942 1749 4996 olIert
1800 4941 1882 4994 in-

265 5064 434 5103 aures
483 5062 664 5112 suas,
714 5053 769 5096 et
816 5035 1106 5094 dextralia
1157 5046 1275 5098 sua,
1302 5039 1355 5086 et
1385 5032 1605 5087 annulos
1654 5046 1800 5094 suos,
1830 5039 1882 5084 et

935 5196 986 5226 θ’
1029 5191 1215 5244 Exod.
1257 5205 1404 5254 xxxv,
1429 5190 1518 5244 22.

343 5208 393 5241 ἰ
432 5207 616 5262 lCor.
649 5201 852 5263 rx,27.
935 5201 986 5226 "
1029 5201 1215 5244 Exeo.
1257 5201 1447 5254 xxxvn

343 5277 518 5318 Enni-
546 5285 738 5318 xxxv.
757 5268 852 5318 24.
933 5262 986 5294 ⁸⁸
1011 5259 1223 5311 Μειιιι.
1251 5274 1350 5318 χιι.
1372 5260 1447 5314 Η.

274 5276 318 5310 ⁸⁸
336 5277 519 5330 Exod.
546 5285 738 5331 xxxv,
757 5268 852 5321 24.

342 5367 480 5438 (90)
521 5356 1044 5438 Manuscripti,__:
1078 5350 1258 5438 visum
1305 5360 1376 5404 est
1429 5365 1667 5408 sensu.»
1728 5351 1886 5405 Libb.

278 5431 426 5492 aditi.
459 5431 482 5484 ἱ
507 5435 677 5484 visus
711 5437 794 5480 est
823 5431 1074 5492 sensus.
1096 5433 1155 5492 3.

718 5476 1048 5545 {muliern
1268 5482 1398 5554 editi,
1424 5507 1440 5540 ι
1474 5485 1763 5543 mulieres.
1790 5503 1809 5537 ι

549 5593 853 5650 Ριτιιοι..
894 5574 1033 5634 Gn.
1079 5569 1221 5628 ΧΗ.

1594 5191 1640 5222 ⁸³
1663 5177 1848 5244 Matth.
1878 5204 2028 5248 xvm,
2050 5187 2134 5242 19.

1531 5259 1576 5290 ⁸⁷
1616 5241 2099 5324 ΕὲόάΛ-κξνξέπ
2153 5257 2198 5288 ⁸⁸
2263 5241 2446 5309 Matth.
2471 5271 2522 5318 v,
2547 5254 2630 5307 19.
2703 5241 2746 5283 δ’
2771 5251 2897 5303 ibid.
2927 5249 3010 5301 15.
3085 5249 3128 5280 ⁸ο
3158 5246 3200 5298 ll
3223 5245 3344 5295 Cor.
3369 5257 3434 5303 ll,
3466 5241 3518 5292 5.

1975 4324 2242 4384 praesunt,
2286 4332 2390 4373 non
2420 4320 2704 4381 abscondi,
2753 4329 2844 4374 aut
2871 4321 2970 4375 sub
3009 4323 3186 4377 modio
3225 4325 3380 4392 poni,
3419 4327 3512 4380 sed

1977 4420 2137 4474 super
2166 4409 2567 4474 candelabrum,
2597 4420 2654 4462 ut
2681 4410 2857 4465 luceat
2879 4412 3123 4466 omnibus
3151 4414 3238 4481 qui
3272 4416 3323 4467 in
3357 4414 3514 4468 domo

1979 4504 2099 4550 sunt
2135 4499 2203 4553 ⁸⁸.
2255 4500 2359 4552 Sed
2402 4509 2456 4553 et
2504 4502 2699 4554 incensi
2751 4502 3188 4569 compositionem
3249 4503 3516 4572 principes

1979 4585 2242 4652 oﬂ'erunt,
2287 4604 2404 4657 quas
2455 4600 2802 4657 componatur
2855 4605 2947 4658 per
3007 4591 3220 4661 Moysen
3263 4593 3313 4645 in
3352 4594 3516 4646 odore

1981 4676 2258 4728 suavitatis
2289 4677 2531 4740 Domino,
2565 4685 2625 4729 ut
2656 4687 2709 4730 et
2741 4678 2838 4746 ipsi
2881 4678 3083 4745 dicant,
3106 4681 3229 4747 quia
3269 4698 3287 4730 ι
3315 4680 3516 4735 Christi

1979 4763 2150 4817 bonus
2178 4763 2310 4817 odor
2339 4779 2521 4818 sumus
2544 4765 2608 4818 9°.
2629 4784 2650 4816 ι
2696 4765 2763 4818 Et
2811 4775 3155 4835 posteaquam
3193 4769 3385 4823 obtulit
3421 4783 3513 4838 pn-

1981 4851 2156 4919 pulus,
2200 4855 2444 4917 vocavit,
2484 4855 2684 4922 inquit,
2724 4854 2932 4924 Moyses
2971 4869 3182 4909 omnem
3223 4859 3515 4924 sapientem

1982 4943 2048 4993 ad
2094 4941 2487 5009 fabricandum,
2526 4953 2578 4998 et
2608 4943 2978 5011 architectum,
3024 4953 3082 4998 ut
3117 4955 3518 5014 componerent,

1983 5042 2036 5085 et
2067 5030 2461 5087 fabricarentur
2493 5033 2701 5102 singula
2745 5047 2970 5102 quaeque
2995 5049 3112 5102 qua;
3138 5034 3335 5102 scripta
3369 5044 3516 5089 sunt.

2230 5191 2296 5220 ⁸³·
2342 5186 2508 5242 Exod.
2549 5199 2714 5244 xxxv,
2762 5184 2831 5236 25
2865 5191 2918 5235 et
2952 5182 3038 5235 29.
3122 5180 3167 5212 ⁸⁵
3207 5177 3329 5230 Jud-
3371 5189 3519 5244 XV"!-

2061 5349 2400 5426 (9?)_Mss.,
2454 5345 2746 5426 «inscripti
2805 5343 3039 5396 nomine.
3071 5357 3089 5389 ι
3152 5335 3306 5388 Libb.
3352 5333 3518 5396 editi,

1997 5436 2016 5468 ‹
2045 5420 2224 5486 scripti
2257 5432 2350 5486 per
2383 5420 2615 5472 nomina.
2644 5431 2664 5463 ι

3198 5550 3268 5604 13
