3948 6240
314 344 409 403 ιοι

1538 363 1837 421 SELECTA
1868 366 1934 421 IN
1972 365 2356 422 LEVITICUM.

638 462 843 551 φαγεῖν
866 460 1056 523 αὐτοὺς
1086 464 1164 517 τὸ
1203 474 1349 542 περὶ
1392 476 1658 547 ἁμαρτίας
1683 480 1775 532 τοῦ
1810 481 1930 534 λαοῦ

2036 484 2194 536 edere
2249 482 2369 535 illos
2419 469 2575 547 quod
2609 457 2835 539 Ιυῖιρτο
2866 493 3073 549 peccato
3095 484 3267 551 populi
3309 495 3363 536 ut
3389 484 3569 537 remit-

300 574 305 579 ι
332 539 420 603 τοῦ
451 545 724 637 ἀφεθῆναι
755 550 795 604 ἃ.
823 553 1057 622 ἥμαρτες
1089 556 1232 622 πῶς
1278 539 1331 613 οἱ
1360 539 1734 635 ἐναμαρτίαις
1779 569 1932 637 ἡμεῖς

337 639 575 708 σήμερον
633 636 983 709 ἐλεγχθέντες
1032 639 1130 693 διὰ
1196 647 1303 700 τοῦ
1348 653 1542 717 φαγεῖν
1593 652 1689 721 τὴν
1745 636 1933 720 ἄφεσιν

330 728 790 800 προξενήσομςν;
834 730 955 801 Χρὴ
986 728 1096 801 γὰρ
1152 734 1257 786 τὸν
1315 739 1462 808 ἱερέα
1517 740 1765 810 πρότερον
1809 743 1934 813 περὶ⁵

325 815 520 870 αὑτοῦ
539 814 907 879 ἐξιλάσασθαι.

406 904 633 958 Ταῦτα
652 904 723 958 τὰ
750 904 941 974 κτήνη
981 905 1016 958 ἃ
1055 908 1355 976 φαγέσθε.
1381 911 1552 982 Θηρία
1578 915 1672 983 μὲν
1703 909 1793 968 οῦν
1841 915 1933 968 οὐ·

316 993 549 1064 δαμῶς
579 995 698 1048 ἐστι
718 993 957 1067 καθαρὰ·
995 994 1177 1048 πάντα
1206 998 1319 1068 γὰρ
1342 1000 1621 1071 ἀκάθαρτα
1664 1003 1804 1057 κατά
1841 1002 1933 1058 τὸν

316 1084 589 1138 εἰπόντα
637 1084 819 1154 νόμον·
858 1104 877 1135 ι
915 1086 1031 1138 Πᾶν
1075 1085 1105 1137 ὃ
1147 1078 1247 1138 ἐὰν
1285 1089 1576 1158 πορεύηται
1622 1092 1712 1144 ἐπὶ
1743 1092 1932 1162 χειρῶν

315 1172 527 1227 αὐτοῦ
553 1174 623 1227 ὲν
654 1175 785 1226 πᾶσι
808 1177 921 1237 τοῖς
949 1173 1180 1244 θηρίοις,
1223 1175 1505 1245 ἀκάθαρτα
1535 1177 1684 1231 ἔσται
1724 1180 1868 1249 ὑμῖν.
1907 1197 1927 1231 ι

313 1261 436 1332 Eb)
491 1262 547 1314 δ’
585 1260 662 1315 ἂν
689 1262 917 1329 γενικῶς
938 1262 1099 1332 θηρία
1122 1262 1323 1327 πάντες
1349 1266 1395 1317 οἱ
1423 1265 1685 1336 ὠμότατοι
1712 1266 1817 1319 τῶν
1842 1269 1933 1321 ἀν-

313 1348 630 1419 θρώπων,
663 1351 793 1421 περὶ
828 1343 903 1405 ὧν
936 1367 1098 1421 φησιν
1129 1353 1158 1404 ὁ
1181 1349 1488 1423 Προφήτης·
1522 1373 1539 1404 ι
1578 1355 1663 1407 Ἐν
1690 1354 1764 1424 τῷ
1785 1354 1930 1422 ὲγγί-

313 1441 453 1503 ζειν
488 1439 596 1492 ἐπ’
619 1437 728 1507 ἐμὲ
755 1438 1057 1501 κακοῦντας
1076 1438 1172 1491 τοῦ
1196 1443 1385 1509 φαγεῖν
1410 1440 1505 1503 τὰς
1536 1442 1739 1513 σάρκας
1762 1460 1925 1511 patr)

312 1529 430 1581 καὶ
477 1527 562 1580 τὰ
598 1526 756 1597 ἑξῆς.

393 1615 563 1670 Πᾶν
592 1613 823 1683 κτῆνος
850 1615 1142 1682 ὃικηλοῦν
1185 1617 1397 1683 ὁπλήν.
1437 1618 1636 1688 Δικηλῆ
1659 1618 1746 1671 τὸν
1777 1620 1931 1672 εὐσεμ

311 1704 449 1766 σῶς
490 1705 560 1755 ὲν
598 1703 683 1772 τῷ
728 1703 884 1755 αίῶνι
930 1703 1106 1773 τούτῳ
1140 1703 1541 1774 πολιτευόμενον
1582 1708 1675 1760 καὶ
1719 1707 1804 1759 διὰ
1842 1707 1929 1760 τὸν

2038 578 2271 623 terentur
2295 569 2341 622 ei
2374 570 2631 635 peccata:
2657 566 2758 623 (1110
2779 577 2932 632 pacto
2953 583 3046 622 nos
3068 571 3155 637 qui
3177 572 3330 623 hodie
3362 570 3411 623 in
3443 584 3575 639 pec-

2033 657 2166 709 catis
2198 669 2314 708 esse
2339 647 2736 710 convincimur.
2778 654 3099 707 comedendo
3130 657 3331 709 veniam
3349 669 3559 724 prome-

2034 743 2538 811 rebimur?0porlet
2561 734 2704 793 enim
2730 743 3057 795 sacerdotem
3081 743 3226 808 prius
3248 758 3344 811 pro
3371 758 3428 799 se
3448 745 3567 812 ipso

2031 834 2243 904 placare
2265 832 2566 888 Dominum.

2100 918 2229 974 ch
2265 931 2384 973 sunt
2425 933 2610 988 pecora
2635 931 2749 985 quae
2781 918 3056 972 comedetis
3090 920 3133 974 ⁸.
3173 918 3368 974 Bellum
3401 920 3560 988 igitur

2030 1022 2363 1076 nequaquam
2378 1016 2505 1061 sunt
2520 1005 2726 1060 mundis
2742 1024 2754 1058 :
2772 1020 2959 1061 omnes
2974 1007 3112 1061 enim
3137 1016 3260 1061 sunt
3278 1008 3559 1063 immunda:

2027 1095 2180 1164 juxta
2230 1097 2396 1166 legem
2446 1097 2711 1150 dicentem
2740 1098 2761 1128 °
2801 1109 2817 1147 :
2862 1113 2881 1147 ι
2917 1095 3086 1151 Omne
3126 1097 3371 1165 gradiens
3398 1110 3555 1165 supc.

2030 1198 2238 1248 manus,
2263 1187 2315 1238 in
2344 1186 2593 1240 omnibus
2622 1185 2829 1246 bestiis,
2871 1184 3137 1239 immunda
3169 1193 3330 1239 erunt
3353 1186 3553 1241 vobis.-

2030 1271 2336 1327 Generatim
2368 1273 2552 1327 bestiae
2584 1271 2785 1327 fuerint
2826 1273 3074 1327 homines
3111 1270 3470 1331 crudelissimi
3493 1273 3559 1327 de

2029 1361 2222 1429 quibus
2257 1359 2388 1414 dicit
2414 1360 2678 1428 Propheta
2712 1360 2796 1413 ’°:
2839 1378 2858 1411 ι
2888 1360 3020 1412 Dum
3059 1360 3375 1428 appropiant
3401 1373 3560 1430 super

2030 1463 2116 1506 me
2141 1458 2414 1515 nocentes,
2438 1460 2494 1503 ut
2514 1451 2676 1505 edant
2697 1464 2889 1506 carnes
2918 1464 3085 1513 meas,
3124 1467 3142 1500 ο
3174 1458 3279 1504 etc.

2101 1617 2263 1672 Omne
2290 1632 2443 1685 pecus
2488 1617 2625 1685 quod
2649 1616 2894 1685 ungulam
2916 1616 3098 1669 dividit
3129 1617 3191 1668 ιι.
3214 1615 3438 1672 Biﬁdum
3468 1631 3560 1671 vo—

2030 1715 2118 1760 cat
2145 1720 2265 1760 eum
2291 1704 2381 1771 qui
2416 1704 2500 1771 pie
2521 1703 2575 1756 in
2603 1704 2702 1756 hoc
2728 1703 2922 1756 saeculo
2955 1704 3104 1766 vivit,
3129 1712 3183 1758 et
3215 1710 3325 1757 toto
3353 1704 3558 1757 deside-

314 1789 641 1860 μέλλοντα
668 1790 844 1842 αἰῶνα
875 1791 963 1843 ἐπ’
997 1793 1202 1845 ἐκεῖνον
1231 1793 1544 1847 σπεύδοντα·
1590 1796 1723 1865 πρὸς
1769 1795 1823 1846 δὲ
1872 1797 1930 1848 τὸ

2034 1795 2113 1848 rio
2138 1794 2202 1846 ad
2228 1794 2465 1846 futurum
2497 1792 2791 1853 contendit,
2829 1793 3024 1860 quique
3050 1802 3107 1845 ut
3138 1792 3384 1861 ungulam
3422 1791 3559 1844 divi-

310 1877 603 1949 διχηλεῖν
651 1878 750 1931 καὶ
788 1878 1153 1948 ὀνυχιστῆρας
1197 1880 1456 1950 ὀνυχίζειν
1487 1883 1929 1952 περιαιρούμενον

310 1969 396 2020 τὰ
450 1965 714 2036 περιττὰ
745 1966 838 2018 καὶ
879 1967 1073 2037 νεκρὰ,
1120 1967 1225 2021 ἀπὸ
1254 1969 1359 2021 τῶν
1393 1968 1608 2039 χειρῶν,
1648 1970 1789 2022 τοῦτ’
1818 1970 1929 2024 ἐστι

311 2054 643 2125 πράξεων·
692 2055 790 2107 καὶ
834 2055 1035 2119 ποδῶν,
1081 2056 1323 2108 τουτέστι
1364 2057 1461 2126 τῆς
1506 2057 1742 2126 πορείας.
1793 2057 1931 2129 Πρὸς

310 2143 569 2207 τούτοις
601 2142 702 2195 καὶ
735 2142 836 2195 ἀνὰ
870 2145 1217 2214 μηρυκισμον
1246 2146 1344 2197 οὐκ
1364 2145 1741 2214 ἀποτιθέμενον
1776 2146 1930 2215 μόνον

309 2234 436 2304 τὴν
466 2230 870 2301 πνευματικὴν
913 2232 1143 2302 τροφὴν,
1172 2233 1304 2285 ἀλλὰ
1339 2232 1432 2286 κού⁵
1459 2234 1931 2304 ἀναμιμνησκόμε-

309 2337 423 2374 νον
451 2320 567 2372 καὶ
600 2318 849 2388 συνεχῶς
882 2319 1060 2387 αὐτὴν
1094 2317 1413 2387 μελετῶντα.

387 2423 619 2493 οὗτος
653 2430 688 2480 ὀ
720 2428 909 2494 νόμος
938 2426 1077 2494 περὶ
1113 2427 1230 2479 τῶν
1269 2426 1500 2492 κτηνῶν
1545 2427 1642 2480 καί
1678 2426 1794 2480 τῶν
1833 2440 1931 2479 πε-

310 2515 575 2570 τεινῶν
587 2516 694 2567 καὶ
716 2514 927 2581 πάσης
941 2513 1168 2581 ψυχῆς.
1202 2515 1370 2568 Πολὺν
1389 2517 1616 2569 ποιεῖται
1638 2515 1788 2583 λόγον
1808 2517 1931 2584 περὶ

306 2605 607 2674 καθαροῦ
626 2605 722 2657 καὶ
744 2604 1079 2674 ἀκαθάρτου·
1102 2604 1308 2674 πρῶτον
1325 2606 1479 2672 ἁγίαν
1495 2602 1630 2657 εἶναι
1649 2604 1745 2674 τὴν
1758 2604 1930 2674 ψυχὴν

304 2693 701 2749 ὲκπαιδεύει.
738 2694 803 2745 El
823 2692 1014 2762 γὰρτὸ
1042 2694 1263 2760 φυσικὸν
1287 2693 1519 2746 τοιοῦτον
1545 2688 1655 2746 οἷον
1678 2696 1740 2746 ὲκ
1766 2710 1929 2763 προσ-

300 2786 649 2853 τάγματος
683 2782 821 2836 Θεοῦ
846 2782 1092 2850 γέγονεν,
1120 2782 1438 2852 ἀκάθαρτον,
1468 2784 1615 2852 πόσῳ
1641 2784 1833 2853 μᾶλλον
1869 2783 1931 2835 τὸ

302 2874 451 2930 ἀπὺ
499 2871 798 2943 μοχθηρᾶς
823 2871 1218 2941 προαιρέσεως,
1252 2873 1344 2925 καὶ
1375 2873 1473 2925 οὐκ
1492 2874 1555 2925 ὲκ
1583 2873 1911 2943 προστάγμαη

299 2977 422 3026 ως
461 2961 618 3015 Θεοῦ
653 2959 918 3029 γεγονός;
962 2961 1027 3013 El
1056 2959 1118 3012 τὸ
1153 2955 1213 3013 οὗ
1260 2959 1390 3023 Θεὸς
1427 2962 1654 3031 ποιητὴς
1697 2961 1932 3032 ἀκάθαρ-

299 3071 419 3107 τον
459 3049 622 3104 εἶναι
644 3051 866 3120 νομίζοι
895 3067 1000 3137 τις,
1029 3050 1179 3137 πόσῳ
1211 3050 1407 3137 μᾶλλον
1438 3050 1499 3101 τὸ
1520 3051 1772 3137 εναντίως
1810 3049 1929 3137 ,ἔχον
1957 3077 2003 3137 c

308 3140 484 3210 πρὸς
520 3138 589 3191 τὸ
624 3137 721 3189 τοῦ
772 3137 913 3189 Θεοῦ
956 3135 1219 3206 βούλημα,
1260 3136 1354 3188 καί⁹
1394 3134 1576 3188 ποιοῦν
1625 3136 1760 3204 ὅπερ
1794 3136 1934 3204 ἁπη-

301 3231 623 3299 γόρευσεν
648 3251 665 3299 ς

412 3335 752 3403 Ἀνθρὼπφ
793 3335 907 3388 ἐάν
934 3350 1047 3386 τινι
1080 3334 1316 3402 γένηται
1353 3334 1423 3387 ἐν
1447 3333 1680 3402 δέρματι
1712 3331 1933 3401 χρωτὸς

338 3425 543 3480 αὐτοῦ
603 3424 789 3488 οὐλὴ.
849 3422 1133 3489 Ἀνάγεται
1177 3421 1348 3473 ταῦτα
1389 3421 1477 3473 ἐπί
1520 3438 1667 3483 τινας
1715 3421 1931 3489 μώμους

346 3516 446 3585 τῆς
476 3513 693 3584 ψυχῆς.
724 3514 840 3565 Καὶ
884 3511 1072 3582 ῶσπερ
1098 3512 1191 3563 ἐπὶ
1233 3511 1338 3562 τῶν
1372 3509 1463 3562 τοῦ
1508 3509 1750 3579 σώματος
1773 3527 1934 3582 τραυ-

349 3605 542 3673 μάτων
583 3601 730 3671 μετά
785 3601 889 3671 τὴν
928 3599 1221 3669 θεραπείαν
1255 3599 1368 3651 ἐσθ’
1409 3599 1496 3649 ὅτε
1536 3598 1677 3667 ἴχνος
1721 3597 1813 3651 τοῦ
1842 3615 1935 3650 πε-

346 3689 615 3742 πονθέναι
648 3688 782 3749 τοὺς
823 3687 1025 3748 τόπους
1058 3684 1440 3738 καταλείπεται
1461 3688 1518 3737 ὲν
1543 3688 1608 3755 τῇ
1633 3685 1931 3757 καλουμένῃ

348 3779 478 3848 οὒλῇ
500 3796 514 3808 ·
553 3778 651 3829 τὸν
683 3776 855 3828 αὑτὸν
884 3775 1086 3844 τρόπον
1108 3776 1142 3844 ἡ
1171 3772 1410 3827 λαϐοῦσα
1429 3774 1645 3844 τραῦμα
1667 3775 1932 3845 ἁμαρτίας

346 3866 516 3936 ψυχὴ,
551 3865 665 3917 κᾶν
701 3863 847 3932 τύχῃ
879 3861 1191 3932 θεραπείας,
1223 3863 1384 3914 οίονεὶ
1415 3862 1572 3933 οὐλὴν
1608 3863 1776 3915 ἐνίοτε
1821 3863 1931 3933 ἔχει

349 3950 862 4019 καταλειπομένην.
919 3952 1012 4000 Δεῖ
1053 3949 1110 4001 δὲ
1166 3949 1260 4000 καὶ
1315 3948 1405 4001 τὸν
1466 3951 1660 4020 τρόπον
1703 3950 1794 4003 τοῦ
1840 3952 1931 4004 ἀπ’

346 4043 524 4111 αὐτῆς
556 4038 917 4109 καθαρισμοῦ
957 4039 991 4107 ἢ
1027 4039 1088 4090 οὐ
1121 4037 1463 4107 καθαρισμοῦ
1501 4038 1894 4102 ὲξεπίστασθαι.

429 4150 626 4216 Ἀνδρὶ
664 4147 705 4215 ἢ
740 4147 981 4216 γυναικὶ
1016 4140 1066 4211 ᾧ
1098 4147 1208 4200 ἐὰν
1232 4148 1471 4216 γένηται
1500 4148 1658 4213 αὐτῷ
1688 4150 1807 4217 ἁφή
1839 4149 1934 4203 λέ-

349 4255 523 4306 πρας.
551 4236 999 4307 Παρατηρητέον
1024 4235 1111 4301 ἐφ’
1140 4229 1215 4287 ὧν
1247 4238 1344 4305 μὲν
1366 4237 1577 4304 λέγεται
1603 4238 1894 4308 ἀνθρώπων
1916 4256 1929 4271 ·

352 4344 371 4377 ι
410 4328 539 4380 Ἐάν
576 4343 691 4378 τινι
718 4324 967 4423 γένηταιΓ
982 4324 1042 4374 ὲν
1067 4322 1299 4423 ιδέρμρτι
1332 4325 1534 4394 χρωτὸς
1569 4325 1751 4378 αὐτοῦ.
1791 4345 1810 4377 ι
1845 4327 1879 4396 ἡ
1905 4343 1918 4357 .
1956 4364 2002 4423 D

354 4435 371 4464 ι
392 4415 582 4486 Ἀνδρὶ
599 4412 636 4482 ἢ
662 4402 978 4478 γυναικὶ,ᾧ
1027 4410 1122 4461 ἐὰν
1150 4411 1372 4481 γένηται
1404 4415 1462 4464 ὲν
1490 4413 1667 4474 αὐτοῖς
1698 4413 1805 4483 ἁφὴ
1839 4413 1924 4466 λέ⁴

346 4517 506 4570 πρας·
537 4519 560 4551 ι
594 4501 686 4566 ἐφ’
718 4492 799 4550 ὧν
835 4497 895 4549 δέ
921 4515 935 4528 ·
974 4514 996 4548 ο
1028 4496 1196 4566 Σαρξ,
1229 4499 1324 4550 ἐὰν
1360 4499 1579 4568 γένηται
1606 4503 1661 4553 ὲν
1691 4502 1768 4570 τῷ
1807 4501 1929 4571 δέρα

350 4604 471 4655 ματι
524 4584 708 4640 αὐτοῦ
759 4585 1060 4654 ἕλκοςνιῆ·
1097 4603 1114 4635 ι
1164 4584 1311 4655 Σὰρξ
1355 4586 1447 4638 ἐὰν
1485 4589 1700 4657 γένηται
1749 4592 1805 4641 ὲν
1853 4591 1930 4659 τῷ

345 4675 573 4745 δέρματι
607 4670 789 4729 αὑτοῦ
823 4672 1166 4739 κατάκαυμα
1189 4673 1380 4741 πυρός.
1407 4691 1425 4723 ι
1449 4675 1623 4728 Ταῦτα
1640 4677 1694 4729 δὲ
1716 4676 1932 4747 θραῦμά

342 4766 501 4819 ἐστιν.

412 4874 489 4926 Τὰ
550 4872 770 4941 ἱμάτια
822 4868 1027 4922 αὐτοῦ
1103 4867 1277 4921 ἔσται
1328 4869 1791 4937 παραλελυμένα.
1839 4870 1935 4922 Διὰ

341 4959 541 5013 τούτων
571 4959 887 5012 αίνίττεται
929 4954 1013 5024 μὴ
1059 4954 1177 5005 δεῖν
1209 4955 1563 5023 συγκρύπτειν
1600 4955 1665 5007 τὰ
1695 4956 1936 5025 ἁμαρτή-

339 5060 501 5115 ματα,
552 5049 655 5101 καὶ
705 5043 1037 5107 σκεπάζειν
1070 5041 1216 5092 αὐτὰ
1248 5042 1336 5094 τὸν
1363 5041 1454 5109 τὴν
1480 5041 1649 5111 ψυχὴν
1671 5041 1937 5115 λελεπρω-

331 5139 506 5208 μένον,
555 5137 780 5203 Ὥσπερ
846 5130 957 5181 τοῦ
1017 5127 1463 5194 παραλελυμένον
1523 5128 1587 5181 τὰ
1636 5130 1821 5198 ἱμάτια
1874 5126 1936 5184 οὗ

320 5222 467 5297 [οὐκ]
496 5223 869 5278 ἐσκέπασται
901 5217 940 5283 ἡ
975 5212 1362 5280 ἀσχημοσύνη·
1391 5212 1549 5276 οὕτως
1582 5214 1817 5282 βούλεται
1842 5221 1941 5270 πᾶ.

308 5332 393 5371 σιν
418 5311 725 5368 ἐκκεῖσθαι
777 5305 867 5375 μὴ
909 5298 1233 5367 γενόμενον
1270 5298 1425 5364 τάφον
1452 5303 1827 5372 κεκονιαμένον,
1857 5307 1934 5358 Τὸ

356 5513 591 5569 ‘Levit.
628 5503 793 5569 “,2.

278 5586 324 5621 υ
346 5556 720 5646 war—1's?"
754 5568 807 5599 ι·
833 5562 996 5618 ibid.
1028 5556 1133 5610 24.
1214 5557 1416 5623 "ibid,
1443 5561 1525 5616 ts.

2031 1886 2142 1946 dat,
2172 1892 2228 1936 et
2256 1881 2423 1935 ﬁndat
2447 1880 2682 1947 ﬁssuras,
2715 1891 2956 1936 removet
2984 1896 3014 1934 a
3046 1881 3308 1944 manibus,
3333 1882 3434 1935 hoc
3454 1889 3559 1945 est,

2031 1974 2098 2027 ab
2122 1971 2374 2041 operibus
2403 1969 2667 2038 superﬂua
2702 1977 2755 2025 et
2788 1978 2996 2025 mortua
3017 2010 3033 2036 ,
3074 1970 3200 2024 item
3237 1986 3267 2024 a
3302 1971 3558 2038 pedibus,

2034 2064 2134 2115 hoc
2166 2068 2269 2119 est.
2291 2060 2358 2113 ab
2379 2058 2570 2112 itinere
2600 2072 2729 2123 suo;
2758 2066 2813 2112 et
2852 2060 2942 2128 qui
2976 2060 3190 2126 insuper
3245 2060 3559 2113 ruminando

2035 2164 2135 2203 non
2162 2149 2328 2203 solum
2351 2162 2454 2201 non
2473 2147 2657 2216 abjicit
2677 2147 2967 2214 spiritalem
2991 2146 3163 2201 cibum
3216 2148 3312 2202 sed
3335 2158 3391 2201 et
3410 2147 3556 2201 illum

2032 2245 2358 2294 rememorat
2381 2245 2435 2291 et
2456 2237 2666 2292 assidue
2690 2244 2994 2303 pertractat.

2105 2430 2230 2483 Hm:
2254 2438 2327 2482 est
2367 2428 2449 2481 lea:
2478 2428 2541 2480 de
2591 2425 2862 2493 pecoribus
2906 2434 2952 2476 et
3000 2423 3291 2477 volatilibus
3333 2436 3378 2476 et
3421 2429 3562 2479 omni

2033 2520 2293 2571 animo“.
2349 2516 2567 2569 Multum
2617 2514 2775 2568 habet
2806 2526 3110 2566 sermonem
3149 2513 3216 2566 de
3268 2515 3465 2567 mun-ln
3505 2526 3560 2570 ct

2034 2607 2321 2660 immundo.
2365 2605 2623 2666 Primum,
2665 2611 2905 2655 sanctam
2953 2615 3071 2655 esse
3112 2602 3342 2655 animum
3380 2602 3558 2660 docet.

2033 2694 2088 2748 Si
2126 2694 2268 2747 enim
2303 2691 2560 2760 ejusmodi
2595 2697 2780 2743 natura
2811 2702 2929 2755 qua:
2966 2686 3115 2754 jussu
3159 2688 3249 2742 Dei
3291 2688 3433 2744 facta
3453 2699 3559 2758 est,

2033 2780 2305 2836 immunda
2331 2789 2433 2846 est,
2464 2789 2663 2848 quanto
2697 2778 2869 2846 magis
2903 2777 2954 2830 id
2987 2777 3126 2843 quod
3153 2792 3182 2831 a
3211 2780 3348 2833 mala
3377 2782 3564 2836 volun-

2035 2880 2143 2925 tate
2177 2880 2360 2924 etnon
2386 2870 2533 2938 jussu
2569 2870 2657 2921 Dei
2691 2867 2886 2921 factum
2915 2866 3034 2918 est?
3071 2865 3127 2919 Si
3159 2866 3211 2919 id
3253 2869 3394 2936 quod
3426 2869 3562 2922 Deus

2034 2959 2177 3023 fecit,
2233 2960 2559 3011 immundum
2594 2956 2747 3026 183
2776 2972 2893 3011 esse
2925 2960 3187 3027 quispiam
3214 2959 3560 3012 existimave-

2034 3045 2127 3108 rit,
2155 3051 2355 3112 quanto
2387 3042 2553 3110 magis
2585 3042 2636 3095 id
2662 3043 2801 3109 quod
2830 3042 3086 3099 voluntati
3112 3045 3202 3099 Dei
3226 3045 3564 3109 adversatur,

2029 3143 2084 3188 et
2110 3132 2236 3186 facit
2259 3130 2398 3199 quod
2430 3129 2734 3198 prohibuit?

2102 3324 2316 3416 Homi'ni
2346 3325 2390 3378 si
2420 3325 2503 3375 cui
2545 3322 2689 3390 facta
2732 3323 2887 3390 fuerit
2925 3326 2979 3378 in
3031 3333 3146 3379 cute
3190 3326 3419 3393 corporis
3445 3326 3561 3395 ejus

2031 3411 2334 3466 cicatrice“.
2361 3411 2481 3465 lltL-c
2505 3411 2810 3466 referuntur
2827 3413 2892 3464 ad
2910 3413 3164 3479 quasdam
3184 3413 3374 3467 animae
3390 3411 3559 3468 labes.

2030 3500 2096 3554 Et
2118 3499 2558 3568 quemadmodum
2593 3499 2644 3550 in
2686 3498 2924 3565 corporis
2958 3499 3269 3553 vulneribus
3292 3500 3562 3554 interdum

1974 3588 1979 3595 ’
2030 3596 2153 3656 post
2174 3587 2455 3640 sanitatem
2485 3588 2771 3656 vestigium
2801 3584 3009 3640 aﬂlictae
3032 3586 3204 3655 partis
3232 3587 3285 3640 in
3313 3588 3565 3644 cicatrice

2030 3674 2375 3741 relinquitur,
2411 3674 2489 3728 sic
2522 3674 2699 3729 anima
2736 3689 2852 3743 quae
2880 3676 3086 3743 peccati
3113 3675 3306 3729 vulnus
3338 3690 3563 3742 accepe-

2030 3762 2120 3829 rit,
2161 3761 2287 3816 licet
2323 3763 2606 3817 sanitatem
2660 3774 3044 3831 consequatur,
3085 3765 3372 3833 quamdam
3400 3764 3563 3820 veluti

2031 3849 2335 3905 cicatricem
2373 3850 2643 3905 residuam
2679 3850 2862 3906 habet.
2904 3851 2971 3905 Et
2996 3851 3203 3907 discere
3226 3860 3436 3922 oportet
3458 3865 3568 3923 quo

2031 3949 2191 4008 pacto
2224 3938 2529 4009 mundetur,
2568 3939 2650 3995 vel
2682 3953 2787 3996 non
2815 3939 3116 3997 mundetur.

2108 4151 2233 4205 Viro
2275 4160 2325 4206 et
2361 4153 2565 4206 mulieri
2605 4130 2651 4207 is
2694 4153 2854 4221 fuerit
2895 4156 2950 4206 in
2986 4155 3060 4207 eis
3103 4162 3271 4210 tactus
3305 4154 3460 4219 lepra:
3494 4155 3560 4212 “.

2031 4240 2434 4294 Observandum
2471 4250 2553 4294 est
2584 4241 2650 4295 de
2682 4242 2875 4310 quibus
2915 4242 3123 4296 dicatur
3157 4261 3171 4297 :
3210 4261 3230 4295 ι
3267 4242 3478 4297 llomiui
3515 4244 3564 4298 si

2031 4330 2116 4383 cui
2146 4329 2286 4383 facta
2312 4328 2470 4383 fuerit
2502 4329 2553 4382 in
2577 4338 2699 4383 cule
2722 4331 2964 4398 corporis
2996 4329 3143 4395 ejus;
3178 4348 3198 4382 ι
3232 4331 3314 4385 vel
3343 4348 3357 4384 :
3386 4348 3407 4381 ι
3438 4330 3563 4386 Viro

2032 4426 2086 4470 et
2112 4417 2319 4470 mulieri
2343 4417 2387 4470 si
2413 4415 2576 4470 fuerit
2613 4418 2663 4470 in
2692 4418 2771 4472 eis
2797 4428 2967 4473 tactus
2999 4420 3190 4487 leprte;
3220 4439 3239 4472 ι
3270 4423 3335 4477 de
3367 4422 3564 4490 quibus

2032 4517 2159 4559 vero
2181 4502 2389 4557 dicatur
2418 4504 2461 4534 "
2488 4521 2500 4555 :
2541 4522 2558 4555 ι
2588 4503 2745 4569 Caro,
2771 4505 2815 4560 si
2839 4505 2977 4561 facta
3015 4507 3175 4560 fuerit
3213 4509 3263 4561 in
3291 4519 3415 4564 cute
3446 4503 3562 4576 ejus

2034 4594 2216 4653 ulcus;
2241 4610 2261 4644 ι
2296 4592 2379 4646 vel
2406 4592 2451 4624 “
2485 4609 2499 4645 :
2527 4608 2546 4642 ι
2576 4592 2710 4646 Caro
2735 4594 2778 4647 si
2818 4594 2957 4648 facta
2996 4594 3159 4650 fuerit
3189 4598 3242 4649 in
3287 4606 3411 4652 cute
3443 4596 3560 4664 ejus

2035 4676 2332 4731 combustio
2358 4675 2513 4745 ignis.
2542 4693 2561 4726 ο
2594 4675 2717 4731 Haec
2740 4688 2914 4732 autem
2939 4688 3061 4734 sunt
3092 4681 3304 4736 vulnus.

2116 4866 2425 4923 Vestimenta
2440 4886 2551 4938 ejus
2573 4871 2770 4925 dissuta
2785 4882 2934 4926 erunt
2949 4873 3011 4926 ".
3034 4872 3130 4928 His
3158 4874 3360 4929 indicat
3386 4865 3564 4928 animo

2034 4952 2301 5021 leprosum
2343 4970 2450 5010 non
2477 4957 2671 5013 debere
2695 4959 2966 5015 occultare
3007 4970 3062 5014 et
3102 4961 3280 5017 celare
3320 4971 3561 5031 peccata.

2037 5041 2489 5115 Quemadmodum
2539 5047 2856 5102 vestimenta
2912 5047 3114 5100 dissuta
3161 5063 3266 5103 non
3318 5049 3564 5117 operiunt

2039 5131 2413 5202 turpitudinem
2426 5172 2442 5199 ,
2473 5135 2551 5190 sic
2566 5135 2829 5204 leprosum
2846 5137 3091 5191 onmibus
3108 5147 3291 5206 patere
3307 5137 3439 5197 vult,
3466 5148 3566 5189 nec

2045 5234 2162 5276 esse
2185 5222 2485 5292 sepulcrum
2501 5225 2824 5284 dealbatum.
2853 5226 3005 5281 Circa
3040 5238 3100 5277 os
3124 5231 3303 5276 autem
3333 5220 3566 5287 contegi,

2040 5318 2122 5362 cst
2164 5325 2269 5366 non
2325 5312 2519 5368 habere
2561 5312 2866 5369 facultatem
2917 5308 3186 5381 aperiendi
3229 5311 3378 5372 oris;
3421 5306 3571 5361 exire

887 5491 1716 5576 ἷίὲιίξξι·ε⁷.·.,ἶέῐ³εθῑοηιινι,ε,
1775 5506 2206 5576 “Levit.xr,3.
2282 5509 2624 5576 ιυιιιίάηιδ.
2702 5499 3148 5563 “Levit.xut,2.
3233 5495 3569 5561 “modo.

3468 334 3703 426 ευτ’
