3948 6296
156 411 258 464 607

159 629 376 668 munus.
424 613 672 667 Secundo
721 613 772 664 iu
817 611 934 664 loco
970 609 1037 662 de
1068 604 1692 676 primitiaruiuprmcepit

162 701 461 765 sacriﬁciis,
507 716 624 768 qua:
655 700 890 753 recentia
939 708 1073 752 tosta
1121 712 1183 750 ac
1211 699 1342 752 bene
1370 700 1587 763 purgata
1613 691 1691 742 oi-

163 790 294 846 ferri
321 789 547 844 Domino
574 788 741 854 jubet.
771 788 1010 842 Posthtec
1040 786 1140 839 sub
1164 787 1350 839 eadem
1397 785 1526 847 tegis
1569 795 1693 833 cou-

167 879 390 930 tinentia
425 878 490 930 de
521 877 801 932 sacriﬁciis
832 876 1152 930 salutaribus
1181 873 1488 940 injungitur,
1524 871 1696 938 primo

167 980 234 1016 ex
264 964 454 1028 bobus,
480 963 712 1018 secundo
735 978 799 1016 ex
837 961 1043 1024 ovibus,
1095 961 1146 1013 in
1176 959 1368 1027 quibus
1422 965 1596 1010 tamen
1628 955 1694 1008 li-

167 1060 310 1118 ceat,
337 1053 451 1106 sive
494 1055 546 1106 in
577 1052 747 1121 agnis,
788 1052 902 1106 sive
951 1051 1004 1103 in
1051 1049 1224 1103 hmdis
1253 1047 1338 1101 vel
1366 1046 1592 1100 feminas
1619 1045 1698 1098 oi-

169 1139 330 1204 l'erre,
357 1139 442 1194 vel
470 1154 661 1202 mares,
706 1146 761 1193 et
797 1139 928 1192 nihil
961 1145 1152 1206 praater
1179 1139 1292 1190 haec
1323 1133 1568 1188 animalia
1603 1132 1701 1186 de-

115 1275 120 1279 .
172 1228 341 1282 reruit
366 1229 419 1281 in
452 1229 733 1283 sacriﬁciis
763 1227 1080 1282 salutaribus
1107 1225 1459 1281 offerendum.
1490 1224 1594 1276 Sed
1621 1237 1704 1277 re-

173 1324 414 1381 petamus
460 1317 768 1383 paululum,
837 1325 892 1370 et
936 1317 1212 1370 videamus
1251 1315 1421 1383 primo
1467 1310 1703 1365 omnium

174 1404 304 1472 quid
333 1414 413 1459 est
435 1406 575 1473 quod
597 1405 725 1460 dicit
750 1421 764 1458 :
803 1424 822 1456 (
852 1405 1021 1458 Homo
1045 1419 1110 1459 ex
1139 1405 1288 1458 vobis
1309 1405 1351 1458 si
1383 1401 1567 1455 offerat
1595 1414 1707 1452 mu-

177 1507 299 1558 nus,
331 1512 351 1544 ι
393 1495 544 1562 quasi
573 1509 699 1548 vero
725 1495 889 1561 possit
919 1496 1054 1548 alius
1086 1494 1277 1561 aliquis
1325 1493 1519 1546 oll'erre
1548 1503 1704 1557 quam

181 1586 360 1638 homo.
391 1585 455 1639 Et
484 1583 665 1653 utique
689 1583 984 1638 suffecisset
1012 1585 1212 1650 dicere,
1240 1583 1283 1638 si
1316 1583 1434 1651 quis
1464 1597 1529 1634 ex
1561 1576 1711 1634 vobis

181 1673 579 1728 oll'eratmunus
615 1691 628 1727 :
663 1674 754 1727 sed
785 1689 924 1727 nunc
967 1673 1095 1727 dicit
1126 1690 1138 1724 :
1173 1690 1191 1722 ι
1228 1672 1284 1725 Si
1335 1673 1493 1725 homo
1518 1684 1584 1724 ex
1615 1682 1712 1720 vo-

184 1766 265 1816 bis
297 1762 490 1816 oﬁ'e'rat
522 1776 731 1814 munus.
774 1779 793 1812 ι
824 1761 879 1814 lu
908 1760 1358 1828 consequentibus
1386 1771 1514 1811 vero
1544 1757 1710 1810 dicit:

190 1870 207 1902 r
238 1850 292 1904 Si
319 1859 493 1904 autem
521 1848 693 1902 anima
743 1847 927 1902 oﬁ‘erat
953 1862 1164 1901 munus.
1197 1864 1215 1897 ι
1251 1846 1306 1898 1η
1337 1845 1716 1914 posterioribus

186 1953 367 2005 porro,
397 1953 517 1992 cum
542 1937 773 1990 secundo
802 1936 908 2002 jam
939 1936 1170 2003 loquitur
1198 1935 1449 1989 Dominus
1479 1934 1542 1985 ad
1571 1932 1717 2001 Moy-

189 2042 320 2091 sem,
339 2037 392 2080 et
415 2027 632 2079 mandat
656 2027 721 2079 de
743 2025 1019 2079 sacriﬁciis
1049 2039 1142 2092 pro
1169 2032 1387 2090 peccato
1413 2020 1717 2084 oﬂerendis,

191 2117 264 2168 ita
289 2115 456 2169 dicit:
484 2133 502 2165 r
551 2114 605 2168 Si
644 2113 884 2183 pontifex
931 2113 1253 2181 peccaverit,
1280 2111 1467 2164 oﬁ'erat
1514 2109 1640 2162 illud
1670 2116 1723 2160 et

116 2263 120 2265 Α
192 2203 320 2257 illud
349 2203 415 2254 ’⁵.
458 2221 477 2254 ι
518 2203 612 2257 Vel
637 2204 681 2256 si
709 2203 879 2254 omnis
910 2201 1184 2270 Synagoga
1213 2197 1530 2265 peccaverit,
1564 2195 1647 2249 vel
1679 2199 1721 2249 si

193 2294 440 2361 princeps
478 2291 774 2357 peccaverit
811 2287 908 2357 (4),
937 2288 1022 2341 vel
1049 2287 1093 2340 si
1126 2287 1302 2339 anima
1336 2300 1440 2339 una
1471 2298 1724 2350 peccave-

196 2383 266 2435 rit
302 2397 316 2434 :
348 2384 630 2434 mandatur
651 2377 874 2446 singulis
916 2376 1210 2444 quibusque
1252 2375 1379 2442 quid
1403 2371 1633 2428 offerant
1658 2373 1722 2424 ”.

193 2469 330 2537 Quid
354 2470 516 2532 ergo?
551 2469 762 2521 inanem
793 2474 1039 2533 putamus
1060 2477 1177 2517 esse
1200 2465 1356 2517 istam
1377 2476 1724 2532 personarum

197 2558 612 2619 distinctionem,
652 2565 710 2608 ut
737 2554 877 2608 aliud
907 2553 1119 2621 quidem
1153 2550 1480 2607 oﬁ'erendum
1509 2551 1606 2604 sub
1633 2551 1730 2604 ho-

199 2649 358 2704 minis
416 2647 788 2716 appellatione,
835 2645 975 2697 aliud
1009 2644 1106 2697 sub
1158 2641 1381 2707 animre,
1429 2641 1573 2695 aliud
1632 2641 1729 2694 sub

201 2736 487 2807 pontiﬁcis,
536 2735 676 2788 aliud
718 2747 845 2788 vero
889 2734 988 2787 sub
1035 2744 1332 2800 synagogas,
1375 2728 1519 2782 aliud
1565 2729 1730 2781 etiam

203 2827 300 2881 sub
328 2827 609 2895 principis,
635 2823 717 2876 vel
746 2823 845 2876 sub
869 2821 1026 2875 unius
1052 2821 1243 2872 anima:
1269 2818 1734 2887 cognominatioue

203 2912 516 2968 mandetur?
541 2911 650 2977 Ego
675 2909 887 2964 interim
915 2922 1009 2975 pro
1058 2907 1348 2975 exiguitate
1391 2920 1580 2959 sensus
1608 2905 1732 2967 mei,

205 3006 306 3056 hoc
337 3002 390 3054 in
427 3000 546 3054 loco
575 2999 837 3052 hominem
862 3010 1020 3065 quem
1066 2993 1374 3061 appellavit,
1420 3003 1473 3046 et
1505 2993 1733 3061 primum

204 3093 258 3145 iu
286 3090 533 3146 omnibus
575 3088 751 3159 posuit
789 3088 854 3141 ad
891 3084 1222 3140 oﬁ'ereudum
1260 3099 1452 3138 munus
1493 3084 1627 3147 Deo,
1659 3084 1736 3137 in-
1764 3084 1806 3139 C
1839 3082 1978 3149 ejus,
2017 3079 2160 3133 sicut
2189 3077 2308 3145 ipse
2334 3075 2603 3128 Dominus
2630 3075 2790 3127 dixit
2818 3074 2879 3104 ⁸⁸

203 3180 548 3249 telligendum
594 3193 712 3233 esse
764 3191 922 3232 omne
959 3176 1250 3229 humanum
1283 3174 1514 3228 arbitror
1549 3187 1737 3242 genus,

206 3280 261 3324 et
287 3271 457 3339 ipsum
481 3269 586 3324 dici
617 3265 882 3321 hominem
912 3264 1002 3332 qui
1045 3263 1410 3319 holocaustum
1439 3261 1632 3316 olierat
1663 3263 1740 3316 vi-

209 3361 376 3414 tulum
422 3374 488 3414 ex
541 3361 713 3415 bobus
755 3359 870 3412 sine
911 3353 1140 3408 macula.
1205 3351 1309 3408 Iste
1343 3363 1519 3408 autem
1546 3354 1742 3406 vitulus

211 3453 325 3506 sine
351 3452 577 3517 macula,
600 3451 721 3504 vide
750 3451 795 3506 si
833 3466 934 3505 non
985 3450 1074 3503 ille
1110 3449 1382 3518 saginatus
1424 3454 1506 3501 est
1547 3445 1745 3499 vitulus

213 3553 370 3607 quem
395 3548 544 3607 pater
580 3553 676 3610 pro
715 3554 962 3608 regresso
994 3539 1072 3608 (5)
1127 3553 1191 3593 ac
1227 3537 1478 3592 restituto
1521 3533 1618 3589 sibi
1658 3533 1748 3587 illo

215 3633 305 3699 qui
331 3631 560 3699 perierat
589 3630 720 3694 ﬁlio,
747 3630 944 3700 quique
985 3643 1195 3684 omnem
1247 3628 1362 3696 ejus
1392 3623 1748 3680 substantiam

218 3718 617 3787 dilapidaverat,
631 3718 911 3787 iugulavit,
932 3726 985 3772 et
1006 3717 1134 3772 fecit
1156 3715 1454 3771 convivium
1476 3727 1748 3782 magnum,

216 3816 272 3862 et
301 3809 534 3862 laetitiam
576 3809 766 3862 habuit
802 3809 870 3872 ³ο,
915 3808 986 3860 ita
1028 3817 1086 3860 ut
1134 3806 1446 3859 laetarentur
1490 3803 1658 3870 angeli
1697 3803 1749 3855 iu

219 3897 355 3950 ctelo
378 3910 536 3964 super
559 3910 662 3949 uno
692 3904 971 3962 peccatore
1003 3896 1370 3964 ptenitentiam
1396 3903 1602 3961 agente.
1645 3892 1752 3946 ilo-

222 4001 308 4040 mo
345 4001 472 4054 ergo
512 3987 610 4039 iste
638 3985 727 4052 qui
757 3984 986 4052 perierat
1009 3993 1060 4037 et
1093 3985 1338 4038 iuventus
1375 3992 1477 4048 est,
1506 3983 1752 4052 quoniam

222 4076 360 4130 nihil
387 4074 574 4128 habuit
599 4073 825 4140 propriae
850 4073 1163 4126 substantia:
1187 4074 1326 4140 quod
1352 4072 1586 4138 offerret,
1627 4086 1758 4125 cun-

226 4176 311 4220 cta
349 4173 577 4227 namque
605 4158 990 4225 diiapidaverat
1019 4160 1202 4212 vivens
1228 4159 1518 4223 luxuriose,
1551 4158 1758 4212 invenit

113 4286 132 4304 .
229 4245 392 4307 istum
417 4236 882 4303 vitulumcaelitus
919 4247 1131 4314 quidem
1176 4250 1416 4316 missum,
1453 4249 1542 4303 sed
1585 4263 1648 4302 ex
1678 4263 1762 4317 pa-

229 4339 582 4393 triarcharum
608 4335 814 4399 ordine,
845 4345 898 4390 et
925 4337 1184 4392 connexis
1208 4354 1274 4392 ex
1303 4339 1571 4392 Abraham
1598 4353 1758 4404 gene-

229 4427 496 4481 rationum
522 4427 948 4482 successiouibus
976 4429 1298 4492 venientem,
1346 4437 1399 4481 et
1428 4427 1624 4481 idcirco
1656 4439 1760 4479 non

233 4515 368 4568 dixit
406 4513 631 4566 vitulum
657 4522 710 4568 et
733 4515 894 4583 siluit,
926 4525 985 4568 ut
1020 4517 1265 4570 videatur
1303 4516 1499 4570 vitulus
1536 4515 1764 4583 quicun-

232 4620 338 4676 que
366 4606 672 4668 mandatus,
702 4605 793 4659 sed
823 4604 1039 4658 vitulum
1064 4621 1127 4660 ex
1151 4605 1344 4668 bobus,
1371 4605 1423 4659 id
1451 4614 1553 4670 est,
1581 4620 1644 4660 ex
1673 4619 1764 4666 pa-

306 4793 350 4824 ”
376 4789 546 4844 Levit.
568 4803 638 4844 Iv.
711 4789 752 4820 ⁸ο
778 4787 909 4841 Luc.
934 4803 1022 4840 xv.
1124 4788 1164 4818 ⁸¹
1194 4787 1293 4839 lsa.
1320 4787 1490 4842 Lm.9.

311 4980 385 5060 (4)
413 4980 574 5058 iidem
620 4992 773 5040 mss.,
832 4977 1133 5060 «princeps
1180 4974 1506 5044 peccaverit;
1553 4991 1571 5024 ι
1619 4974 1770 5038 alias,

245 5069 264 5101 r
303 5046 567 5116 principes
595 5046 950 5114 peccaverint.
993 5065 1012 5096 ι

311 5109 452 5187 (5)]Δ
481 5109 882 5187 Ριοξηςιθεεο.
935 5131 954 5164 ι
1009 5113 1098 5187 Sic
1137 5112 1306 5187 code_x_
1349 5109 1771 5187 Saugermanen.

243 5179 338 5239 sis.
373 5179 520 5236 Alias
572 5179 776 5243 deerat,
809 5199 828 5230 ι
865 5195 982 5248 pro.
1021 5199 1042 5230 ι
1073 5180 1214 5232 lul’ra
1258 5180 1398 5248 idem
1450 5192 1577 5239 ms.,
1613 5197 1631 5228 ι
1676 5179 1780 5231 erit

242 5265 419 5306 autem
453 5251 719 5305 masculus
743 5246 1116 5309 siue‘macula,
1157 5246 1424 5300 masculus
1462 5258 1589 5298 vere
1617 5253 1717 5297 est.
1757 5262 1775 5294 ι

243 5323 391 5376 Alias
426 5320 634 5387 legitur,
667 5335 685 5368 ι
721 5325 800 5372 est
835 5335 854 5367 ›
886 5331 983 5385 pro
1012 5334 1030 5366 ι
1067 5317 1189 5377 erit,
1234 5331 1252 5364 ι
1285 5321 1360 5374 et,
1398 5331 1416 5363 ι
1453 5326 1578 5365 vero
1629 5329 1647 5362 ι
1681 5327 1780 5378 pro

251 5407 269 5436 (
305 5404 445 5442 vere.
478 5404 498 5438 1

317 5457 394 5520 (6)
425 5455 590 5510 Codd.
617 5453 877 5508 Gemetic.
917 5463 970 5505 et
998 5448 1362 5520 Cadomeusis,
1395 5463 1413 5495 ι
1468 5447 1723 5512 imponet.
1760 5463 1778 5497 ι

252 5518 358 5574 San
381 5518 554 5585 ἐι-ιιι..
585 5542 604 5576 r
641 5521 881 5590 imponit.
925 5537 942 5569 ι
979 5521 1144 5584 Alias,
1179 5535 1196 5568 ι
1233 5518 1526 5585 imponent.
1565 5532 1583 5564 ι

323 5537 398 5655 (Ἱῗ
423 5590 600 5644 Codex
629 5591 930 5655 Saugerm.,
970 5606 986 5638 r
1021 5589 1325 5642 adversum.
1355 5601 1372 5634 ι
1405 5583 1576 5648 Alias,

423 5583 600 5644 Codex
629 5583 930 5657 Saugerm.,
970 5606 986 5638 r
1021 5583 1325 5642 adversum.
1355 5601 1372 5634 ι
1405 5583 1576 5648 Alias,
1607 5599 1624 5633 ι
1666 5595 1788 5635 cou-

255 5664 353 5706 tra.
401 5673 420 5705 l

1575 386 1887 446 ORIGENIS

159 527 256 580 ciis
283 523 588 589 admisceri,
619 523 711 578 sed
743 521 855 576 sale
893 520 1039 576 saliri
1064 532 1220 574 omne
1255 512 1573 569 sacriﬁcium
1602 510 1680 560 vel
1709 509 1756 563 Α
1785 500 2135 554 triarcharum
2183 496 2542 565 generatione
2619 490 3045 589 venientem.

1109 4788 1173 4870 βξ
1194 4787 1293 4866 lsa.
1320 4787 1490 4870 ungi.

1893 4827 1895 4839 .
1929 4781 2016 4834 Η.
2084 4777 2134 4808 ³³
2161 4773 2351 4829 Matth.
2379 4786 2494 4837 ut,
2520 4770 2614 4825 59.
2702 4771 2754 4805 “
2785 4772 3014 4836 Levit..
3075 4791 3260 4859 1,4,
3318 4799 3413 4855 5-

239 4876 358 4925 xm,
381 4859 468 4911 55.
541 4857 587 4888 ³⁶
625 4857 815 4925 Ephes.
859 4872 899 4922 ι,
921 4855 1012 4909 29.
1085 4857 1126 4886 ³⁷
1152 4853 1322 4908 Levit.
1357 4869 1394 4916 ι,
1426 4855 1477 4907 5.
1551 4854 1594 4884 ³⁸
1616 4855 1770 4918 ibid.,
1801 4856 1854 4909 5.

3561 342 3716 399 408

3159 471 3356 527 Erit
3446 473 3709 523 autem

1791 591 2057 643 masculus
2082 588 2197 640 sine
2225 584 2461 638 macula.
2491 579 2809 634 Masculus
2860 581 3047 626 vere
3097 559 3370 631 186
3399 563 3558 615 est.
3579 559 3710 643 ςιιιί

1791 688 2068 750 peccatum
2097 675 2238 743 quod
2268 680 2353 727 est
2377 670 2642 725 femineae
2669 657 3094 734 fragilitatis
3131 653 3519 750 ig-nora‘t.
3567 642 3715 740 Sco.

1793 738 1876 820 ius
1908 779 2037 834 ergo
2063 764 2152 817 ille
2181 760 2479 824 masculus,
2535 755 2702 810 solus
2748 752 2898 804 sine
2951 738 3301 798 macula
3345 739 3512 833 est,
3585 738 3718 796 qui

1794 832 2069 924 peccatum
2109 866 2214 904 non
2256 847 2408 913 iecit,
2441 860 2545 899 nec
2589 843 2767 896 dolus
2807 839 3194 891 inventus
3243 833 3383 924 es}
3449 832 3532 874 in
3592 832 3730 924 ore

1795 907 1908 1015 ejus
1939 947 2005 1011 ³¹,
2035 955 2088 998 et
2117 943 2209 1010 qui
2241 947 2501 1005 acceptus
2528 944 2738 988 contra
2771 927 3192 981 Dominum
3235 913 3598 972 oﬁ'crtur
3633 907 3726 960 ad

1797 1007 2001 1092 o'stium'
2025 1007 2384 1086 tabernaculi.
2418 1027 2504 1080 Ad
2545 1024 2770 1078 ostium
2820 1007 3352 1073 tabernaculi
3391 1019 3558 1059 non
3615 1007 3735 1055 est

1801 1128 1936 1180 intra
1973 1122 2195 1183 ostium,
2228 1118 2324 1172 sed
2360 1124 2518 1170 extra
2559 1113 2807 1166 ostium.
2878 1106 3142 1158 Extra
3203 1098 3528 1152 ostium
3573 1101 3737 1183 etc-A-

1803 1179 1911 1270 nim
1939 1213 2038 1265 fuit
2067 1179 2249 1268 lesus.
2283 1205 2411 1274 quia
2448 1221 2468 1254 ι
2517 1203 2574 1255 in
2624 1216 2731 1253 sua
2773 1195 3086 1265 propria
3173 1186 3458 1249 venit,
3502 1191 3584 1238 et
3619 1179 3736 1236 sui

1805 1318 1925 1357 eum
1961 1315 2064 1354 non
2094 1303 2418 1363 receperunt
2464 1292 2533 1343 ³³.
2580 1308 2601 1340 ι
2648 1288 2780 1341 Non
2829 1292 2945 1337 est
3016 1293 3243 1348 ergo
3321 1275 3738 1342 ingressus

1809 1385 2210 1447 tabernaculum
2238 1383 2393 1443 illud,
2434 1381 2501 1432 ad
2528 1377 2682 1445 quod
2711 1380 3049 1432 venerat.
3104 1366 3264 1422 sed
3304 1364 3414 1418 ad
3451 1363 3737 1417 ostium

1807 1482 1921 1550 ejus
1949 1478 2160 1533 oblatus
2199 1481 2285 1526 est
2319 1472 2370 1523 iu
2405 1467 2816 1522 holocaustum
2839 1502 2861 1526 ,
2911 1460 3111 1528 quia
3166 1464 3426 1511 extra
3477 1460 3742 1550 castra

1811 1541 2000 1641 passus
2025 1576 2128 1622 est.
2154 1562 2288 1617 Nam
2312 1569 2368 1614 et
2400 1558 2476 1611 illi
2515 1555 2647 1609 mali
2684 1551 2902 1606 coloni
2943 1547 3452 1602 venientem
3506 1541 3744 1596 lilium

1807 1636 2218 1711 l’atrisfamilias
2248 1645 2534 1718 ejecerunt
2558 1643 2718 1696 foras
2753 1650 2956 1693 extra
3009 1636 3378 1689 vineam
3404 1672 3429 1696 ,
3471 1640 3559 1686 et
3607 1646 3738 1686 oc-

1814 1748 2062 1802 ciderunt
2092 1742 2158 1795 ⁸³.
2212 1737 2324 1791 Hoc
2372 1743 2615 1801 estergo
2661 1729 2829 1799 quod
2883 1725 3259 1781 oﬂ‘ertur
3303 1723 3410 1776 ad
3463 1723 3747 1777 ostium

1817 1832 2148 1892 tabernaculi
2178 1837 2461 1895 acceptum
2485 1833 2687 1880 contra
2707 1820 3107 1874 Dominum
3148 1835 3176 1883 ;
3222 1825 3316 1870 et
3364 1816 3564 1884 quid
3599 1823 3752 1868 tam

1819 1931 2098 1991 acceptum
2131 1933 2294 1989 quam
2323 1915 2501 1970 hostia
2531 1911 2782 1972 Christi,
2811 1908 2930 1976 qui
2981 1908 3396 1975 seipsuin
3472 1903 3757 1960 obtulit

1819 2012 1962 2066 Deo?

1891 2103 1944 2155 5.
1993 2100 2058 2153 Et
2107 2107 2291 2152 tamen
2336 2113 2355 2145 ι
2405 2096 2658 2160 imponet
2710 2088 2804 2159 (6)
2871 2095 3221 2140 ntanum
3289 2098 3569 2150 suam,
3643 2082 3758 2135 in-

1823 2192 1937 2259 quit
1965 2190 2033 2255 “,
2061 2202 2222 2256 super
2249 2192 2414 2252 caput
2435 2181 2681 2246 ‘hostize,
2717 2189 2782 2232 et
2833 2177 3360 2245 jugulabunt
3429 2173 3757 2228 vitulum

1825 2289 2014 2334 contra
2043 2276 2350 2335 Dominum,
2385 2278 2444 2326 et
2466 2267 2714 2323 oﬂ‘ereut
2749 2267 2868 2320 ﬁlii
2921 2266 3220 2320 Aaron
3321 2264 3764 2320 sacerdotis

1826 2370 2159 2439 sanguinem,
2205 2373 2261 2417 et
2307 2359 2594 2416 eliundent
2647 2357 3077 2422 sanguinem
3155 2357 3272 2409 ad
3369 2356 3636 2411 altare
3687 2355 3763 2410 in

1827 2461 2077 2523 circuitu,
2115 2455 2258 2525 quod
2284 2461 2370 2506 est
2415 2451 2483 2504 ad
2523 2449 2742 2504 ostium
2799 2445 3338 2500 tabernaculi
3415 2447 3770 2501 testimo-

1831 2553 1924 2604 nii.
1966 2569 1984 2599 ι
2017 2548 2202 2602 Potest
2224 2542 2443 2612 quidem
2475 2538 2657 2593 videri
2697 2537 2778 2590 ob
2810 2537 2950 2591 hoc
3006 2538 3388 2605 dictum,
3433 2538 3649 2609 quod
3681 2538 3773 2594 de

1835 2639 1958 2690 ﬁliis
1980 2636 2157 2688 Aaron
2185 2641 2340 2684 crant
2361 2630 2553 2682 Annas
2579 2635 2637 2678 et
2658 2624 2984 2694 Caiplras,
3026 2635 3120 2682 et
3163 2628 3472 2683 ceteri
3503 2641 3774 2684 omnes

1832 2729 1925 2796 qui
1951 2723 2232 2778 consilium
2263 2728 2491 2787 agentes
2522 2717 2843 2771 adversum
2882 2716 2995 2786 (7)
3043 2717 3364 2774 Jesuna
3431 2736 3776 2790 pronun-

1837 2821 2100 2869 tiaverunt
2121 2826 2242 2866 eum
2262 2823 2413 2863 reum
2439 2807 2664 2867 mortis,
2693 2815 2756 2860 et
2786 2805 3144 2862 eﬂ‘uderu
3157 2820 3261 2864 nt
3305 2813 3776 2882 sanguinem

1836 2908 1952 2975 ejus
1981 2905 2122 2957 circa
2159 2901 2334 2955 basim
2365 2898 2562 2952 altaris
2600 2896 3024 2952 tabernaculi
3104 2903 3620 2959 testimonii.
3676 2904 3778 2959 lbi

1838 2995 1978 3047 enim
2023 2990 2312 3044 eliunditur
2359 2986 2607 3055 sanguis,
2663 2985 2764 3038 ubi
2839 2997 3004 3040 erat
3091 2990 3387 3046 altare
3455 3002 3540 3047 et.
3583 2993 3786 3046 basis

2933 3094 3028 3128 ε(
3085 3077 3333 3144 Quia
3412 3097 3578 3137 non
3657 3098 3786 3139 ca.

1843 3171 1922 3238 pit
1957 3168 2136 3236 perire
2184 3164 2505 3234 prophetam
2557 3173 2728 3217 extra
2788 3164 3356 3225 Hierusalem.
3411 3191 3442 3225 ι
3527 3175 3790 3229 Posuit

1845 3273 1970 3327 ergo
2007 3268 2063 3312 et
2104 3268 2322 3308 manum
2354 3266 2511 3306 suam
2559 3266 2741 3320 super
2783 3265 3007 3323 caput
3083 3259 3349 3316 vituli
3423 3285 3442 3317 :
3487 3264 3641 3320 hoc
3678 3274 3793 3321 est

1846 3353 2064 3420 peccata
2108 3342 2325 3412 generis
2367 3341 2600 3394 humani
2647 3341 2973 3410 imposuit
3032 3360 3319 3418 super
3390 3364 3647 3424 caput
3688 3355 3791 3426 (8)

1847 3451 2021 3493 suum.
2053 3433 2169 3503 ipse
2187 3439 2267 3487 est
2298 3431 2442 3487 enim
2475 3438 2649 3498 caput
2675 3434 2995 3501 corporis
3032 3437 3470 3500 Ecclesia
3507 3461 3674 3502 sua
3701 3447 3792 3507 ac.

1851 3528 1954 3584 Sed
1987 3534 2040 3582 et
2077 3525 2178 3579 hoc
2217 3523 2452 3577 fortasse
2499 3535 2611 3575 non
2647 3520 2782 3574 sine
2821 3535 3061 3582 causa
3110 3529 3257 3598 ﬁt,
3346 3540 3579 3604 quod
3625 3554 3796 3593 curn

1849 3617 2092 3687 superius
2140 3613 2390 3677 dixisset,
2431 3629 2450 3662 ε
2482 3610 2812 3680 applicabit
2857 3629 3045 3670 eum
3118 3621 3240 3676 ad
3327 3628 3644 3684 ostium
3691 3639 3801 3685 ta-

1851 3704 2121 3762 bernaculi
2150 3701 2445 3757 testimonii
2470 3701 2539 3768 ³⁷,
2578 3721 2599 3754 ι
2640 3703 2697 3756 in
2735 3707 3327 3772 posterioribus
3368 3721 3698 3788 repetit.
3731 3731 3807 3776 et

1853 3798 2044 3850 iterum
2092 3791 2248 3853 dicit,
2291 3808 2311 3840 ‹
2359 3790 2425 3842 ad
2473 3790 2659 3844 altare
2700 3795 2867 3858 quod
2921 3806 3051 3851 est
3110 3803 3233 3857 ad
3303 3809 3632 3866 ostium
3699 3820 3808 3866 ta-

1853 3882 2129 3940 bernaculi
2161 3878 2457 3934 testimonii
2489 3877 2559 3943 ³⁸,
2599 3898 2618 3931 ι
2654 3882 2834 3949 quasi
2873 3899 3032 3942 non
3087 3901 3513 3954 eumdem
3555 3903 3810 3959 locum

1856 3975 1954 4030 sub
1982 3973 2167 4027 eadem
2213 3969 2532 4022 narratione
2577 3968 2765 4022 semel
2818 3969 3320 4043 designasse
3365 3990 3809 4049 suﬂecerit.

1858 4065 1966 4118 Nisi
1997 4062 2122 4131 quia
2149 4059 2295 4152 lorte
2321 4059 2426 4152 hoc
2454 4057 2696 4152 intelligi
2729 4061 2974 4152 voluit,
3020 4076 3274 4139 quod
3322 4085 3676 4152 sanguis
3702 4085 3820 4142 ιθ.

1861 4171 1922 4210 su
1951 4166 2056 4208 non
2094 4149 2262 4204 solum
2285 4149 2338 4201 in
2369 4145 2684 4202 Jerusalem
2717 4151 2974 4209 eﬂ'usus
3013 4171 3164 4216 est
3199 4204 3229 4230 ,
3285 4169 3439 4226 ubi
3487 4145 3672 4230 crat
3705 4177 3818 4232 al-

1863 4258 1999 4309 tare,
2029 4251 2081 4296 et
2107 4238 2255 4293 basis
2292 4237 2431 4305 ejus,
2457 4246 2512 4326 et
2545 4239 3052 4301 tabernaculum
3111 4260 3653 4326 testisnonii.
3685 4273 3824 4326 sed

1864 4333 2079 4402 etquod
2109 4341 2400 4420 supernum
2453 4325 2630 4380 altare
2658 4331 2828 4420 quod
2890 4344 3004 4388 est
3061 4339 3159 4398 in

1869 4420 2104 4519 Ecclesia
2133 4415 2529 4519 primiliVOI‘Pm
2557 4423 2669 4519 est.
2701 4416 2871 4519 illam
2917 4421 3090 4492 ipse
3143 4415 3523 4511 sanguis
3558 4415 3832 4519 asper;

1893 4513 2003 4566 serit
2029 4508 2127 4579 (9),
2167 4507 2308 4603 sicut
2332 4512 2391 4558 et
2418 4503 2726 4603 Apostolus
2760 4507 2950 4603 dicit.
2989 4522 3212 4584 quia
3268 4545 3303 4579 ε
3328 4503 3834 4599 ἱηείιῖοέξῑι

1873 4617 1969 4672 per
2001 4595 2319 4667 sanguinem
2347 4595 2528 4648 crucis
2556 4606 2699 4658 suae,
2728 4595 2866 4651 sive
2906 4613 3086 4668 (tua:
3161 4613 3260 4668 in
3332 4595 3570 4680 terra
3615 4641 3834 4701 sunt,

1943 4967 2019 5037 <8)
2052 4964 2252 5037 omnes
2280 4975 2434 5037 πιιβξη
2466 4977 2484 5010 ι
2517 4973 2751 5037 corpus»
2803 4981 2826 5015 ι
2876 4965 3020 5024 Sed

1879 4993 2767 5107 ιυὲοέτῖέι·;;;ῖιοέει·δῖξ;ειδιξυίξξιῑε.
2805 4993 2834 5082 '.
2876 4993 3071 5104 ἕζευ
3088 4993 3176 5103 ,ιζ
3189 4998 3577 5106 τείρειειτε
3629 5006 3852 5065 ad...

1949 5098 2026 5178 (ς)
2059 5101 2278 5178 Prior.”
2321 5098 2668 5178 ed‘isioqesgr
2706 5113 2891 5178 super
2959 5098 3178 5170 inut-1
3231 5098 3348 5178 val

1889 5396 2078 5430 nueuu
2101 5396 2362 5440 ungunta
2391 5396 2690 5452 inurinare,
2746 5396 2851 5429 seu
2883 5396 3055 5460 cup}
3479 5396 3848 5468 O—Iw-T-u.

1889 5459 2005 5499 eam
2033 5456 2227 5508 nempe
2263 5453 2428 5509 quam
2461 5453 2776 5508 sequimur,
2837 5447 3290 5510 ειὶῃδεεηιι
3405 5434 3859 5510 ,ΔΜζι-ξιξῐξθ.

1893 5476 2005 5499 Gaul
2033 5476 2236 5521 IIDII'PV.
2263 5476 2428 5509 ιιι-ιιι·-
2461 5476 2776 5524 ιτυιιιιιιξιυξο
3256 5479 3292 5521 ι
3745 5476 3772 5477 ⁷⁷
3795 5476 3820 5480 ⁷
3839 5476 3859 5488 ’

1893 5525 2077 5566 omnes
2115 5510 2340 5590 codices
2376 5521 2774 5591 manuscripts,
2830 5513 2890 5566 td
2955 5532 3239 5587 unum
3313 5556 3420 5598 se
3559 5499 3864 5566 funem

1893 5583 1993 5620 ium
2029 5578 2147 5620 lrmn
2173 5591 2416 5620 RPnRISSA
2450 5577 3200 5620 Adamanlntm_“_h-—:--g
3425 5563 3737 5618 qun“?
3767 5578 3866 5620 ΕΣ

1893 5583 1994 5670 993
2027 5577 3239 5670 '9E9.§S“SEES°.ﬂiima‘mm’Fh-‘iSii'
3273 5577 3434 5670 ..ῖιὲ

1895 5631 1995 5700 mel
2046 5645 2256 5700 obitam
2307 5631 2359 5702 in
2413 5631 3672 5754 terris."alrgb'laaria‘;?:{é$
3727 5646 3872 5761 ξεῖ-³
