3948 6216
316 377 416 434 ιοθ

1535 389 1600 442 1N
1639 386 2002 445 LEVITICUM
2042 385 2320 440 HOMILIA
2353 383 2391 438 ι.

3478 389 3582 443 MO

325 495 436 550 me
471 503 595 552 qua
617 488 674 544 in
717 491 882 549 uelis
915 493 976 545 ".
1015 507 1035 541 ι
1081 492 1290 555 Recte
1321 519 1453 574 ergo
1489 509 1719 562 secundo
1769 506 1934 560 nomi-
1962 509 2005 564 Λ
2037 505 2086 558 in
2120 505 2220 558 fide
2245 502 2466 564 Christi,
2491 493 2608 552 alia
2638 498 2813 552 autem
2841 504 2940 560 illis
2959 511 3046 574 qui
3061 509 3168 573 jam
3206 508 3424 575 perfecti
3453 515 3576 562 sunt

338 593 424 639 nat
453 580 646 646 altare,
677 583 828 650 quod
859 580 1026 638 estad
1070 588 1305 642 ostium
1344 594 1673 648 tabernaculi
1697 596 1937 648 testimo-

334 674 430 734 nii,
458 671 588 740 quia
618 684 727 734 non
761 671 937 725 solum
959 684 1058 740 pro
1087 682 1492 746 terrestribus,
1531 683 1622 736 sed
1649 685 1808 736 etiam
1838 699 1936 752 pro

329 763 666 816 caleatibus
693 762 918 818 oblatus
945 769 1022 816 est
1042 759 1240 818 hostia
1276 765 1462 832 Jesus,
1501 778 1554 822 et
1591 771 1677 824 hic
1718 773 1932 839 quidem

324 869 435 922 pro
476 849 798 905 hominibus
826 852 996 922 ipsam
1029 855 1386 920 corporalem
1419 858 1698 911 materiam
1724 862 1936 928 sangui-

320 935 438 998 nis'
457 944 556 998 sui
585 943 744 1008 fudit,
784 945 840 998 in
885 943 1202 998 cmlestibus
1236 959 1368 1000 vero
1403 947 1844 1010 ministrantibus,
1890 949 1933 1002 si

315 1033 428 1098 qui
491 1032 578 1084 illi
635 1032 763 1086 inibi
797 1041 950 1094 sunt,
993 1030 1405 1092 sacerdotibus.
1451 1034 1660 1088 vitalem
1696 1037 1934 1104 corporis

315 1121 413 1173 sui
471 1122 772 1182 virtutem,
816 1121 962 1174 velut
1014 1121 1266 1188 spiritale
1314 1125 1581 1191 quoddam
1612 1126 1932 1180 sacrificium

315 1209 698 1264 immolavit.
749 1208 842 1262 Vis
878 1219 1056 1262 autem
1099 1212 1243 1265 scire
1283 1213 1406 1278 quia
1436 1212 1626 1279 duplex
1673 1214 1844 1267 hostia
1878 1215 1931 1268 in

313 1311 394 1352 eo
443 1297 594 1358 fuit,
661 1299 994 1353 conveniens
1041 1301 1416 1365 terrestribus,
1467 1311 1519 1354 et
1554 1312 1674 1370 apta
1702 1303 1932 1359 coelesti—

313 1385 441 1438 bus
462 1385 494 1436 ?
525 1386 835 1452 Apostolus
859 1390 926 1439 ad
959 1387 1212 1440 Hebraeos
1240 1387 1488 1440 scribens
1516 1390 1646 1444 dicit
1672 1390 1750 1444 ‘°:
1784 1409 1802 1441 ι
1833 1391 1934 1445 Per

313 1474 648 1536 velamen,
681 1475 736 1526 id
771 1484 852 1527 est
884 1491 1103 1532 carnem
1133 1493 1307 1534 suam.
1343 1499 1362 1532 ›
1401 1480 1465 1533 Et
1494 1479 1683 1534 iterum
1712 1481 1933 1534 interius

311 1559 618 1614 velamen
662 1562 1051 1630 interpretatur
1084 1565 1301 1630 coelum,
1341 1568 1483 1634 quod
1520 1568 1816 1634 penetravit
1845 1567 1932 1621 Je-

311 1667 457 1715 sus,
512 1662 584 1706 ut
625 1654 851 1707 assistat
877 1670 1019 1710 nunc
1059 1657 1228 1710 vultui
1266 1657 1354 1709 Dei
1393 1671 1488 1724 pro
1532 1657 1704 1720 nobis,
1741 1675 1760 1708 α
1788 1671 1930 1712 sem-

311 1755 461 1810 per,
501 1741 696 1807 inquit
728 1741 794 1805 “,
830 1742 1014 1796 vivens
1047 1743 1114 1794 ad
1154 1742 1596 1810 interpellandum
1636 1758 1734 1811 pro
1782 1745 1924 1798 bis.»

312 1828 384 1883 Si
415 1843 580 1898 ergo
616 1830 730 1882 duo
767 1829 1142 1899 intelliguntur
1176 1831 1459 1894 velamina,
1489 1846 1608 1900 quae
1638 1810 1778 1886 velut
1800 1848 1928 1901 pon-
1959 1810 2002 1868 Β

313 1915 480 1968 tifex
539 1915 832 1982 ingressus
881 1925 967 1968 est
1004 1913 1183 1977 Jesus,
1227 1927 1616 1984 consequenter
1643 1924 1696 1970 et
1725 1919 1928 1972 sacrifi-

309 2008 498 2060 cium
535 2005 747 2068 duplex
788 2004 1206 2072 iutelllgendum
1245 2013 1347 2068 est,
1377 2021 1471 2073 per
1511 2008 1649 2074 quod
1675 2015 1729 2060 et
1760 2017 1928 2061 terre-

310 2091 483 2147 stria
513 2090 823 2144 salvaverit
849 2098 904 2144 et
945 2090 1212 2144 crelestia.
1267 2090 1507 2158 Denique
1529 2102 1584 2144 et
1606 2106 1669 2145 ea
1699 2107 1819 2159 quae
1845 2107 1930 2147 se-

311 2190 633 2250 quuntur,
668 2182 790 2247 plus
829 2179 1042 2234 ccelesti
1079 2181 1348 2234 sacrificio
1399 2195 1557 2249 quam
1599 2191 1810 2235 terreno
1850 2183 1930 2236 vi-

309 2272 439 2324 den
452 2278 553 2321 tur
594 2270 857 2335 aptanda.

395 2358 469 2410 4.
507 2375 529 2406 ι
567 2355 640 2408 Et
669 2358 1041 2420 decoriantes,
1080 2357 1245 2424 inquit
1281 2359 1345 2418 δ’,
1381 2357 1747 2412 holocaustum
1795 2360 1930 2414 divi-

306 2446 477 2499 dent
522 2444 663 2497 illud
695 2446 1069 2509 membratim,
1119 2455 1172 2498 et
1207 2446 1480 2514 imponent
1521 2446 1614 2499 filii
1638 2449 1812 2501 Aaron
1848 2462 1929 2502 sa-

304 2538 598 2592 cerdotis
635 2538 818 2606 ignem
865 2552 1031 2605 super
1063 2537 1253 2600 altare,
1313 2545 1365 2589 et
1390 2539 1766 2605 constipabunt
1791 2538 1925 2605 ligna

305 2629 376 2682 in
426 2629 658 2695 ignem,
702 2634 758 2679 et
789 2627 1068 2693 imponent
1104 2625 1194 2678 filii
1215 2627 1391 2677 Aaron
1435 2629 1729 2681 sacerdotis
1755 2628 1924 2682 divisa

300 2718 631 2778 membra,
663 2723 717 2768 et
745 2722 933 2781 caput,
966 2722 1021 2766 et
1048 2714 1254 2780 adipes,
1294 2723 1346 2766 et
1374 2713 1510 2780 ligna
1545 2729 1663 2782 qua:
1689 2725 1812 2769 sunt
1837 2731 1927 2769 su-

300 2819 432 2873 per
485 2803 690 2855 altare.
729 2802 1015 2854 lntcranea
1050 2815 1177 2854 vero
1203 2809 1257 2853 et
1285 2800 1444 2867 pedes
1475 2802 1730 2856 lavabunt
1767 2820 1924 2872 aqua,

298 2903 370 2944 et
404 2892 682 2956 imponet
704 2890 968 2942 sacerdos
995 2890 1173 2940 omnia
1215 2903 1376 2954 super
1419 2889 1612 2952 altare,
1646 2891 1812 2944 hostia
1843 2901 1926 2946 est

298 2990 370 3035 et
409 2979 774 3033 sacrificium
808 2977 946 3030 odor
979 2979 1263 3031 suavitatis
1306 2979 1550 3032 Domino.
1603 2997 1622 3030 ι
1652 2978 1924 3043 Quomodo

2035 596 2088 645 in
2126 593 2342 646 scientia
2377 601 2430 645 et
2457 580 2737 644 charilille
2779 588 2912 655 ejus,
2949 604 3147 660 aptare,
3177 595 3274 648 hoc
3297 601 3378 647 est
3406 607 3574 646 mem-

2032 680 2225 734 bratim
2255 678 2409 748 187
2441 673 2672 730 vitulum
2718 673 2983 732 divisisse.
3037 681 3141 732 Sed
3190 689 3243 733 et
3293 681 3382 746 qui
3422 681 3570 734 novit

2034 769 2314 823 ostendere
2345 783 2460 836 quae
2493 760 2697 818 fuerint
2729 764 2862 834 legis
2902 765 3176 834 principia,
3199 769 3290 834 qui
3321 769 3480 821 etiam
3512 770 3568 822 in

2035 857 2302 926 prophetis
2341 857 2611 924 profectus
2645 857 2956 918 accesserit,
2983 870 3100 922 qua:
3133 869 3257 908 vero
3300 855 3352 907 in
3395 856 3569 908 Evan-

2033 945 2182 1013 geliis
2213 945 2486 1011 plenitudo
2514 941 2855 1011 perfectionis
2890 945 3182 1003 habeatur;
3207 943 3294 996 vel
3326 944 3417 1010 qui
3462 945 3566 997 do-

2035 1047 2158 1085 cere
2185 1041 2380 1100 potest,
2415 1046 2522 1098 quo
2562 1031 2709 1084 verbi
2757 1031 2894 1084 lacte
2925 1031 3100 1084 alendi
3135 1031 3242 1084 sint
3270 1029 3473 1098 parvuli
3511 1031 3564 1083 in

2035 1119 2266 1183 Christo,
2296 1130 2346 1173 et
2377 1135 2482 1188 quo
2521 1120 2671 1173 verbi
2714 1119 2855 1174 olere
2901 1120 3171 1173 reficiendi
3201 1118 3308 1188 (ll)
3339 1120 3446 1172 sint
3473 1119 3564 1186 qui

2034 1206 2370 1259 infirmantur
2393 1208 2445 1259 in
2478 1205 2601 1268 ﬁde,
2637 1205 2760 1274 quis
2793 1205 2954 1260 etiam
2991 1206 3062 1258 sit
3101 1205 3249 1258 cibus
3289 1205 3488 1257 solidus
3510 1213 3566 1259 et

2032 1293 2209 1356 fortis,
2263 1309 2370 1362 quo
2416 1294 2780 1368 impinguandi
2818 1295 2927 1347 sint
2957 1293 3172 1347 athleta:
3201 1292 3433 1354 Christi;
3468 1293 3562 1361 qui

2031 1383 2142 1438 haec
2169 1384 2375 1448 singula
2402 1383 2548 1436 novit
2575 1384 2802 1450 spiritali
2837 1384 3047 1438 ratione
3083 1383 3341 1445 dividere,
3379 1393 3558 1450 potest

2029 1471 2327 1539 bujusmodi
2357 1471 2542 1524 doctor
2569 1470 2657 1524 ille
2684 1472 2936 1524 sacerdos
2976 1470 3164 1533 videri,
3200 1470 3290 1538 qui
3337 1471 3564 1538 imponit

2029 1571 2190 1624 super
2214 1556 2385 1608 altare
2403 1555 2768 1609 holocaustum
2784 1571 2879 1624 per
2907 1558 3144 1610 membra
3173 1558 3424 1612 divisum.
3456 1558 3564 1611 Ad-

2029 1646 2104 1700 dit
2132 1656 2186 1699 et
2219 1645 2359 1713 ligna
2391 1645 2568 1706 altari,
2602 1659 2706 1710 quo
2734 1645 2870 1712 ignis
2893 1646 3160 1699 animetur
3189 1655 3244 1698 et
3277 1647 3484 1708 ardeat,
3516 1647 3562 1700 is

2029 1748 2058 1786 a
2081 1749 2184 1801 quo
2207 1749 2313 1788 non
2343 1736 2511 1788 solum
2531 1736 2595 1788 de
2624 1736 2990 1802 corporalibus
3023 1736 3311 1788 virtutibus
3337 1734 3556 1798 Christi,

2029 1826 2121 1879 sed
2165 1826 2325 1878 etiam
2362 1827 2428 1879 de
2456 1825 2733 1878 divinitate
2773 1825 2887 1892 ejus
2933 1841 3112 1879 sermo
3146 1828 3420 1880 miscetur.
3455 1827 3558 1880 De-

2031 1927 2246 1966 sursum
2294 1914 2434 1966 enim
2468 1923 2549 1966 est
2586 1913 2838 1965 divinitas
2881 1913 3106 1976 Christi,
3147 1929 3252 1981 quo
3282 1915 3418 1982 ignis
3459 1913 3563 1968 isto

2028 2001 2266 2054 festinat.
2299 2000 2694 2055 Convenienter
2722 2015 2852 2068 ergo
2873 2003 3048 2055 omnia
3074 2003 3188 2058 ιιωο
3216 2017 3334 2069 quae
3355 2003 3408 2054 in
3437 2015 3561 2055 cor-

2027 2105 2158 2158 pore
2191 2105 2218 2142 a
2260 2089 2534 2144 Salvatore
2559 2101 2706 2158 gesta
2733 2100 2882 2154 sunt,
2919 2093 3154 2147 caelestis
3185 2093 3320 2161 ignis
3345 2093 3563 2146 absum-

2027 2176 2154 2242 psit,
2175 2187 2228 2230 et
2253 2178 2318 2230 ad
2335 2179 2628 2232 divinitatis
2654 2180 2768 2246 ejus
2792 2189 3042 2232 naturam
3091 2189 3282 2234 cuncta
3311 2181 3559 2234 restituit.

2028 2266 2208 2334 Lignis
2231 2273 2406 2318 tamen
2433 2266 2686 2319 adhibitis
2712 2267 2850 2335 ignis
2877 2269 2976 2320 iste
2997 2269 3355 2321 succenditur.
3383 2267 3562 2335 Usque

2027 2355 2092 2406 ad
2147 2354 2346 2422 lignum
2396 2354 2538 2406 enim
2589 2354 2640 2406 in
2675 2368 2836 2406 carne
2860 2354 2970 2421 (l2)
3001 2356 3175 2421 passio
3211 2355 3308 2408 fuit
3339 2353 3559 2410 Christi.

2031 2442 2127 2496 Ubi
2161 2452 2336 2494 autem
2369 2456 2657 2507 suspensus
2697 2442 2748 2493 in
2783 2442 2924 2510 ligno
2952 2452 3054 2504 est,
3079 2443 3410 2510 dispensatio
3434 2457 3560 2496 car-

2027 2531 2110 2583 nis
2164 2531 2311 2582 finita
2339 2539 2440 2584 est.
2475 2531 2778 2594 Resurgens
2821 2531 2961 2582 enim
2989 2545 3018 2581 a
3054 2532 3278 2584 mortuis
3321 2531 3562 2585 ascendit

2028 2615 2078 2666 in
2114 2615 2326 2680 cmlum,
2359 2631 2466 2683 quo
2497 2617 2599 2669 iter
2630 2616 2744 2682 ejus
2771 2625 2960 2667 natura
2999 2616 3136 2683 ignis
3167 2619 3420 2671 ostendit.
3447 2618 3561 2673 Un-

2025 2707 2088 2758 de
2111 2716 2160 2758 et
2188 2706 2470 2774 Apostolus
2507 2705 2797 2771 dicebat“,
2831 2706 2953 2773 quia
2990 2724 3008 2755 ι
3037 2718 3085 2759 et
3123 2709 3164 2760 si
3213 2708 3562 2776 cognovimus

2024 2795 2299 2847 Christum
2345 2795 2636 2846 secundum
2673 2809 2914 2856 carnem,
2953 2796 3044 2848 sed
3106 2810 3247 2848 nunc
3295 2795 3406 2862 jam
3451 2811 3555 2850 non

2026 2884 2284 2938 novimus,
2316 2900 2334 2932 ι
2372 2880 2746 2935 Holncaustum
2772 2899 3002 2953 namque
3027 2885 3204 2936 carnis
3223 2883 3338 2950 ejus
3384 2900 3476 2953 per
3499 2887 3564 2940 li-

2024 2991 2180 3043 gnum
2211 2977 2382 3028 crucis
2405 2977 2664 3037 oblatum,
2694 2984 2903 3029 terrena
2935 2977 3262 3040 cmlcstihus,
3286 2984 3339 3030 et
3365 2977 3559 3032 divinis

301 3068 676 3122 decorietur
723 3081 860 3119 caro
889 3066 1036 3118 verbi
1070 3065 1180 3125 Dei,
1223 3068 1364 3134 quod
1413 3067 1498 3118 hic
1541 3067 1736 3120 vitulus
1761 3069 1924 3121 nomi-
1950 3101 1993 3157 ς
2027 3067 2250 3117 humana
2277 3065 2518 3118 sociavit.
2550 3065 2824 3118 lnteranea
2858 3077 2987 3117 sane
3011 3079 3130 3117 cum
3155 3066 3374 3134 pedibus
3418 3080 3556 3136 aqua

300 3167 540 3220 natur,
575 3163 632 3208 et
679 3157 961 3222 quomodo
1005 3154 1341 3206 membratim
1384 3154 1650 3206 dividatur
1683 3171 1710 3207 a
1748 3171 1923 3210 sacer-

302 3245 595 3302 dotibus.
641 3257 830 3309 operae
878 3244 1110 3308 pretium
1159 3251 1242 3294 est
1281 3243 1581 3297 advertere.
1640 3244 1748 3308 Ego
1791 3256 1918 3311 puto

310 3335 487 3400 quod
519 3332 624 3385 ille
660 3331 931 3384 sacerdos
963 3330 1200 3382 detrahit
1247 3330 1450 3382 corium
1503 3331 1650 3383 vituli
1681 3332 1839 3385 oblati
1873 3335 1921 3386 in

327 3421 766 3480 holocaustum,
815 3425 870 3471 et
902 3417 1115 3470 deducit
1148 3417 1338 3484 pellem
1383 3431 1487 3484 qua
1540 3419 1775 3472 membra
1807 3419 1924 3486 ejus

343 3518 741 3580 conteguntur,
794 3509 889 3574 qui
923 3510 992 3561 de
1019 3509 1184 3562 verbo
1232 3509 1322 3562 Dei
1365 3510 1628 3562 abstrahit
1683 3513 1921 3566 velamen

338 3599 571 3662 littere,
604 3609 662 3651 et
714 3598 933 3649 interna
979 3597 1096 3664 ejus
1119 3613 1237 3665 qua:
1274 3609 1402 3652 sunt
1437 3599 1694 3665 spiritalis
1729 3600 1920 3654 intelli-

341 3688 545 3754 gentiae
612 3685 892 3748 membra,
933 3685 1172 3738 denudat
1222 3702 1236 3738 :
1280 3696 1334 3739 et
1359 3685 1482 3740 luce
1509 3690 1744 3741 membra
1776 3690 1920 3742 verbi

339 3775 637 3829 interioris
662 3775 936 3836 scientiae,
960 3789 1067 3827 non
1094 3775 1146 3826 in
1177 3775 1364 3827 humili
1405 3775 1580 3842 aliquo
1609 3777 1726 3831 loco
1753 3779 1918 3844 ponit,

338 3863 438 3915 sed
476 3864 531 3916 in
560 3864 673 3916 alto
703 3872 759 3916 et
789 3871 1002 3924 sancto,
1035 3863 1084 3915 id
1112 3872 1213 3927 est,
1244 3876 1405 3929 super
1435 3863 1604 3917 altare
1639 3864 1868 3918 collocat
1903 3879 1917 3915 :

339 3967 466 4008 cum
503 3966 616 4004 non
653 3952 900 4018 indignis
931 3951 1260 4010 hominibus,
1293 3963 1346 4004 et
1376 3953 1628 4006 humilem
1659 3954 1824 4006 vitam
1857 3968 1919 4008 ac

341 4051 626 4094 terrenam
659 4040 990 4092 ducentibus
1016 4041 1202 4106 pandit
1225 4040 1404 4094 divina
1436 4041 1711 4110 mysteria,
1738 4043 1829 4096 sed
1855 4043 1921 4096 il-

337 4127 406 4181 lis
429 4130 522 4197 qui
560 4129 748 4181 altare
790 4127 882 4179 Dei
922 4136 1071 4189 sunt,
1104 4128 1154 4178 in
1187 4128 1381 4194 quibus
1412 4145 1618 4198 semper
1655 4133 1804 4184 ardet
1833 4133 1918 4186 di-

342 4219 501 4271 vinus
528 4219 700 4282 ignis,
744 4225 802 4269 et
827 4231 1044 4282 semper
1075 4219 1410 4269 consumitur
1437 4234 1584 4273 caro.
1621 4221 1790 4288 Super
1822 4223 1920 4276 hos

337 4319 466 4373 ergo
502 4305 646 4356 tales
681 4304 1032 4355 membratim
1067 4303 1272 4356 divisus
1300 4304 1400 4357 iste
1459 4306 1748 4360 holocausti
1789 4309 1920 4360 vitu-

2025 3155 2150 3206 dilui
2180 3153 2329 3218 jubet
2362 3168 2537 3206 sermo
2560 3154 2834 3220 praecepti,
2863 3164 3257 3206 sacramentum
3306 3156 3558 3224 baptismi

2023 3244 2118 3295 sub
2152 3241 2354 3309 ligurali
2395 3244 2772 3308 pratdieatione
2807 3244 3154 3298 denuntians.
3185 3243 3316 3297 Nam
3349 3247 3558 3298 intera-

2023 3347 2120 3384 nea
2166 3333 2338 3393 diluit,
2368 3332 2457 3399 qui
2489 3334 2875 3386 conscientiam
2911 3344 3126 3401 purgat.
3161 3333 3333 3388 Pedes
3370 3335 3555 3399 abluit,

2021 3419 2112 3486 qui
2149 3421 2664 3473 consummationem
2711 3423 2930 3489 suscipit
2977 3425 3324 3489 sacramenti,
3368 3434 3422 3477 et
3455 3425 3560 3478 scit

2020 3508 2146 3573 quia
2199 3508 2290 3574 qui
2342 3509 2570 3561 mundus
2612 3519 2716 3572 est,
2767 3524 2871 3563 non
2932 3511 3131 3578 indiget
3170 3511 3275 3564 nisi
3309 3522 3369 3564 ut
3395 3511 3560 3580 pedes

2020 3596 2238 3659 lavet“,
2265 3607 2316 3650 et
2355 3597 2476 3663 quia
2505 3609 2704 3665 partem
2723 3600 2843 3665 quis
2877 3599 3074 3652 habere
3105 3614 3208 3652 non
3233 3608 3408 3668 potest
3432 3615 3554 3655 cum

2018 3683 2162 3746 Jesu,
2187 3685 2285 3737 nisi
2319 3675 2506 3736 laverit
2529 3685 2687 3751 pedes
2712 3687 2847 3752 ejus.

2090 3775 2142 3826 5.
2185 3771 2378 3825 Verum
2406 3774 2449 3825 si
2474 3773 2585 3824 haec
2606 3773 2766 3826 etiam
2797 3774 2861 3826 ad
2890 3774 3148 3827 moralem
3197 3774 3370 3828 locum
3401 3772 3557 3828 incli-

2020 3877 2148 3915 nare
2196 3862 2350 3923 velis,
2381 3861 2548 3914 habes
2574 3871 2627 3914 et
2678 3871 2728 3914 tu
2762 3862 3010 3924 vitulum,
3042 3877 3197 3928 quem
3245 3861 3437 3914 offerre
3460 3861 3556 3916 de-

2020 3953 2170 4004 beas.
2197 3951 2405 4004 Vitulus
2450 3959 2550 4007 est.
2583 3960 2634 4002 et
2665 3953 2877 4016 quidem
2924 3952 3073 4004 valde
3102 3955 3386 4020 superbus,
3426 3967 3555 4008 caro

2021 4047 2106 4091 tua
2146 4054 2160 4089 :
2200 4053 2355 4104 quam
2395 4039 2436 4090 si
2491 4039 2568 4090 vis
2613 4055 2802 4092 munus
2846 4039 3067 4095 Domino
3109 4039 3323 4105 oﬂ’errc,
3353 4051 3411 4093 ut
3435 4055 3553 4094 eam

2019 4139 2216 4182 castam
2247 4128 2597 4194 pudicamque
2615 4129 2901 4188 custodias,
2916 4128 3085 4181 adduc
3115 4143 3231 4182 eam
3262 4129 3327 4181 ad
3355 4129 3551 4182 ostium

2022 4215 2367 4276 tabernaculi,
2403 4216 2452 4267 id
2493 4224 2595 4275 est,
2625 4215 2711 4267 ubi
2743 4216 3041 4268 divinorum
3085 4217 3344 4270 librorum
3385 4219 3554 4270 susci—
3601 4263 3608 4274 .

2020 4320 2144 4370 pere
2173 4304 2335 4370 possit
2369 4303 2628 4356 auditum.
2658 4303 3012 4356 Masculinum
3043 4305 3115 4357 sit
3141 4320 3333 4358 munus
3381 4317 3550 4369 tuum,

338 4391 418 4444 lus
444 4391 786 4446 collocatur.
818 4390 1018 4442 Dividit
1055 4405 1286 4456 namque
1317 4396 1646 4448 membratim
1674 4397 1917 4462 vitulum,
1952 4405 1993 4456 D
2023 4392 2270 4445 feminam
2308 4392 2528 4452 nesciat,
2554 4391 3042 4457 concupiscentiam
3084 4402 3319 4460 respuat,
3353 4393 3552 4459 fragili-

338 4481 423 4547 qui
477 4481 793 4546 explanare
828 4491 925 4543 per
970 4478 1223 4529 ordinem
1280 4488 1472 4544 potest,
1515 4490 1567 4534 et
1598 4486 1915 4550 competenti

337 4567 698 4619 distinctione
764 4563 1067 4626 disserere,
1117 4565 1205 4628 qui
1254 4565 1325 4615 sit
1372 4566 1676 4631 profectus,
1716 4568 1912 4626 Christi

336 4653 615 4708 ﬁmbriam
668 4650 1013 4718 contigisse;
1068 4651 1161 4715 qui
1195 4665 1346 4714 vero,
1394 4653 1548 4718 pedes
1586 4656 1699 4722 ejus
1727 4657 1915 4714 lavisse

333 4748 619 4816 lacrvmis,
665 4757 722 4796 et
754 4745 978 4810 capillis
1009 4743 1208 4810 capitis
1245 4746 1560 4812 extersisse;
1596 4760 1798 4816 quanto
1821 4767 1915 4805 au-

334 4845 431 4889 tem
461 4838 531 4889 iis
555 4834 750 4902 potius
779 4833 852 4883 sit
885 4840 1056 4896 caput
1085 4830 1201 4894 ejus
1223 4831 1438 4883 tinxisse
1464 4849 1609 4900 myro
1638 4837 1747 4903 (10)
1783 4841 1912 4892 :sed

330 4923 448 4976 etin
480 4931 717 4990 pectore
735 4916 862 4983 ejus
888 4915 1221 4967 recubuisse
1245 4916 1371 4982 quid
1397 4917 1915 4982 habeateminentize.

331 5009 525 5064 florum
557 5023 699 5077 ergo
754 5003 1128 5071 singulorum
1167 5018 1356 5055 causas
1385 5005 1659 5071 disserere,
1718 5025 1770 5066 et
1812 5015 1916 5071 alia

319 5100 530 5165 quidem
559 5091 1016 5163 incipientibus,
1040 5088 1153 5140 alia
1180 5102 1304 5142 vero
1325 5090 1389 5143 iis
1406 5094 1488 5158 qui
1507 5093 1612 5160 jam
1633 5101 1920 5162 proﬁciunt

379 5186 422 5215 "
454 5187 675 5242 Coloss.
704 5199 748 5242 ι,
784 5180 887 5233 20.

301 5268 414 5318 Im,
447 5254 505 5310 8.
622 5252 672 5283 ’⁸⁸
703 5251 725 5303 Ι
767 5248 914 5302 Cor.
953 5259 1044 5306 tx,
1072 5242 1168 5294 27.

284 5348 447 5418 9mm
503 5341 864 5418 aﬂgglis-“el
899 5332 1415 5418 lalijsftnloestibus
1460 5340 1731 5418 virtutibus
1782 5366 1919 5418 pro-

275 5396 471 5468 fuisse.
505 5396 682 5463 irVi’de
729 5405 841 5456 lib.
898 5396 941 5450 il
987 5396 1338 5462 0rigem’an.,
1373 5416 1548 5466 quaest.
1591 5411 1640 5475 5,
1668 5396 1920 5472 nurni-éo

267 5483 450 5622 έιᾶῗὴ
476 5544 687 5601 Codex
757 5537 1126 5600 sangerm.,
1186 5546 1205 5580 ‹
1245 5545 1404 5599 myro.
1451 5557 1469 5589 )
1505 5539 1656 5609 Alias,
1694 5567 1710 5600 ι
1751 5568 1908 5622 myr-

255 5620 374 5674 rba.
418 5636 441 5668 ι

977 5175 1437 5257 δοξξρδιῃὲο.
1508 5182 1980 5256 “llebr.vu,25.
2051 5191 2682 5257 "Leviuxvr.7.8.9-

2023 4491 2188 4534 tatem
2215 4477 2463 4547 refugiat,
2482 4479 2613 4532 nihil
2642 4479 2956 4533 dissolutum
2991 4481 3226 4546 requirat
3250 4491 3341 4536 aut
3371 4481 3550 4536 molle.

2021 4573 2234 4639 Impone
2282 4569 2441 4622 etiam
2491 4587 2702 4622 manum
2745 4580 2887 4623 tuam
2922 4585 3082 4637 super
3124 4572 3348 4626 hostiam
3382 4584 3552 4634 tuam,

2019 4670 2077 4712 ut
2107 4661 2176 4713 sit
2200 4667 2410 4725 accepta
2437 4658 2678 4718 Domino,
2705 4667 2757 4710 et
2777 4657 2960 4725 jugula
2991 4659 3136 4710 illam
3164 4672 3346 4714 contra
3371 4659 3521 4713 Domi

2022 4764 2168 4812 num,
2203 4748 2303 4801 hoc
2328 4757 2430 4810 est,
2477 4747 2689 4813 impone
2731 4747 2781 4799 ei
2839 4749 3179 4801 continentia:
3223 4749 3454 4810 frenum,
3493 4756 3550 4801 et

2020 4854 2232 4893 manum
2259 4837 2550 4904 disciplina:
2588 4852 2650 4888 ne
2685 4839 2900 4892 auferas
2933 4839 3000 4891 ab
3023 4853 3108 4900 ea,
3139 4840 3274 4892 sicut
3303 4838 3550 4905 imposuit

2022 4941 2233 4981 manum
2255 4925 2400 4978 carni
2431 4939 2537 4976 suae
2567 4925 2653 4978 ille
2677 4927 2766 4994 qui
2811 4927 3075 4979 diccbat“
3103 4943 3116 4979 :
3151 4943 3170 4976 ι
3203 4927 3412 4980 Macero
3438 4940 3553 4978 cor-

2024 5031 2119 5084 pus
2147 5029 2319 5066 memn
2352 5023 2406 5065 et
2434 5014 2676 5066 servituti
2719 5014 2964 5079 subjicin,
2995 5030 3059 5067 ne
3104 5015 3242 5068 forte
3275 5030 3394 5068 cum
3431 5013 3552 5065 aliis

2023 5104 2398 5172 praalicavero,
2419 5101 2528 5168 ipse
2559 5102 2812 5170 reprobus
2837 5104 3056 5154 ciliciar.
3084 5122 3102 5152 ι
3136 5104 3201 5154 Ει
3226 5102 3405 5169 jugula
3429 5113 3550 5152 eam

2784 5191 2829 5225 “
2852 5191 2893 5244 ll
2918 5193 3038 5244 Cor.
3071 5205 3121 5252 v,
3155 5199 3243 5246 10'.
3319 5189 3365 5221 “
3390 5186 3546 5242 Joan.

2099 5353 2210 5423 (ll)
2241 5354 2368 5407 Cod.
2402 5354 2704 5423 sangerm,
2744 5369 2761 5400 ι
2791 5345 3124 5423 reficiendi.)
3178 5319 3352 5419 Libb.
3393 5339 3546 5423 editi,

2035 5441 2050 5471 ι
2389 5405 2603 5477 οᾯὸῖίό.
2647 5405 2900 5472 Gentetic.
2929 5423 2979 5464 el
3008 5409 3382 5468 CadomeHSiSs
3433 5422 3450 5454 ⁸
3473 5405 3552 5456 ίό·

2028 5490 2198 5636 vagi
2225 5507 2425 5614 ,Omncs
2450 5570 2598 5618 mss.,
2639 5571 2656 5603 ι
2677 5554 2726 5606 in
2756 5561 2935 5606 carne.
2957 5560 2976 5593 ι
3011 5539 3162 5592 Libb.
3201 5540 3358 5602 editi,
3385 5554 3405 5588 ι
3432 5549 3552 5590 car-

2025 5640 2125 5676 BIS.
2153 5643 2172 5675 ι
