3948 6278
314 375 413 431 ιιι

311 489 502 542 contra
555 478 862 538 Dominum,
889 470 1221 527 mortiﬁcaus
1259 464 1377 519 sine
1413 458 1576 516 dubio
1619 453 1853 508 membra
1879 452 1931 510 Α

318 581 406 625 tua
435 580 558 636 qua:
581 571 708 620 sunt
726 575 888 630 super
904 567 1121 612 terram.
1150 552 1256 606 Sed
1279 558 1335 605 et
1358 547 1450 601 filii
1478 546 1653 598 Aaron
1677 550 1858 592 sacer-

315 633 467 716 dotis
506 657 736 714 oﬂ'erant
775 650 1089 718 sanguinem
1130 645 1266 712 ejus.
1313 636 1574 694 Sacerdos
1600 633 1652 686 in
1677 640 1727 684 te
1753 636 1854 718 est,

315 758 368 803 et
395 747 489 803 ﬁlii
516 747 651 814 ejus,
687 757 840 798 mens
876 717 994 809 qttae
1035 738 1090 790 in
1134 745 1187 788 te
1212 742 1293 787 est
1318 738 1373 785 et
1393 739 1584 782 sensus
1609 721 1743 788 ejus,

320 835 515 889 merito
540 804 809 892 sacerdos,
833 804 1009 881 et—lilii
1031 818 1329 877 sacerdotis
1354 812 1694 883 appellantur
1717 827 1731 861 :
1758 804 1855 860 soli

320 924 464 977 enim
502 928 630 977 sunt
677 918 767 987 qui
796 915 1097 981 intelligunt
1146 909 1335 969 Deum,
1376 910 1430 958 et
1470 911 1693 968 capaces
1733 902 1859 949 sunt

323 1011 564 1066 scientiae
607 1009 720 1078 Dei,
753 1005 877 1059 Vult
918 1014 1046 1070 ergo
1070 1011 1248 1053 sermo
1277 993 1511 1053 divinus,
1535 997 1592 1041 ut
1619 987 1853 1041 rationa-

324 1103 418 1158 bili
465 1113 626 1155 sensu
675 1076 891 1150 carnem
951 1100 1099 1144 tuam
1136 1086 1190 1140 in
1220 1082 1470 1138 caStitate
1503 1078 1699 1132 oﬂ'eras
1726 1076 1855 1137 Deo,

324 1189 619 1248 secundum
663 1185 802 1253 quod
841 1177 1128 1248 Apostolus
1175 1171 1402 1227 dicit“:
1440 1187 1457 1219 ς
1487 1167 1725 1221 Hostiam
1781 1163 1862 1216 vi-

324 1293 470 1340 vam,
524 1282 787 1333 sanctam,
829 1269 1123 1337 placentem
1169 1261 1299 1322 Deo,
1349 1254 1664 1311 rationabile
1708 1253 1862 1307 obse-

327 1367 510 1435 quium
561 1371 818 1415 vcstrum.
849 1374 867 1408 )
903 1356 967 1409 Et
1006 1355 1110 1408 hoc
1149 1348 1233 1405 est
1269 1364 1365 1418 per
1405 1345 1736 1401 sacerdotem
1777 1340 1861 1396 vel

327 1434 466 1506 ﬁlios
495 1447 792 1504 sacerdotis
843 1444 1036 1498 oll'erre
1068 1438 1388 1507 sanguinem
1420 1435 1486 1488 ad
1512 1434 1702 1495 altare,
1740 1446 1859 1484 cum

327 1550 384 1594 et
424 1551 651 1606 corpore
692 1544 746 1589 et
791 1533 980 1602 spiritu
1039 1529 1158 1598 quis
1205 1536 1389 1582 castus
1432 1523 1678 1578 ellicitur.
1728 1521 1863 1574 Sunt

329 1626 473 1679 enim
500 1634 554 1678 et
586 1623 696 1688 alii,
725 1621 812 1689 qui
841 1619 1072 1674 oﬂ‘erunt
1105 1615 1319 1684 quidem
1341 1612 1707 1666 holocaustum
1740 1623 1862 1663 car-

244 1749 254 1758 ο
330 1728 455 1768 nem
503 1728 680 1776 suam,
721 1711 813 1765 sed
860 1723 964 1764 non
1004 1722 1100 1776 per
1144 1704 1498 1760 ministerium
1549 1698 1859 1755 sacerdotis.

329 1802 447 1858 Non
480 1802 622 1857 enim
655 1799 887 1855 scienter
915 1796 1050 1866 (l5),
1079 1809 1176 1849 nec
1201 1792 1492 1848 secundum
1538 1789 1707 1856 legem
1746 1801 1863 1855 quae

330 1892 388 1947 in
432 1904 528 1946 ore
568 1886 867 1943 sacerdotis
906 1894 988 1940 est
1030 1883 1283 1947 oﬂ'erunt,
1335 1881 1430 1935 sed
1475 1888 1602 1933 sunt
1647 1875 1865 1945 quidem

329 1982 469 2038 casti
503 1980 966 2053 corporetanimo
1031 1984 1206 2030 autem
1264 1974 1614 2028 inveniuntur
1657 1971 1865 2025 incesti.

333 2069 446 2124 Aut
481 2067 624 2120 enim
669 2065 852 2135 glorias
900 2065 1141 2117 humana:
1190 2059 1625 2127 concupiscentia
1686 2070 1869 2109 macu—

334 2156 535 2217 lantur,
554 2164 646 2207 aut
674 2154 961 2221 cupiditate
990 2151 1231 2204 avaritia:
1254 2149 1582 2216 polluuntur,
1614 2154 1705 2198 aut
1734 2145 1871 2198 invi-

334 2243 436 2296 diae
467 2258 530 2297 ac
569 2242 752 2295 livoris
796 2240 1108 2293 infelicitate
1145 2237 1483 2300 sordescunt,
1523 2233 1607 2288 vel
1640 2233 1869 2287 furentis

333 2332 444 2386 odii
484 2340 537 2384 et
581 2331 673 2384 irae
708 2331 1040 2384 immanitate
1091 2333 1370 2379 vexantur.
1398 2324 1713 2389 Quicunque
1744 2336 1870 2389 ergo

335 2419 471 2473 tales
490 2427 636 2482 sunt,
672 2419 796 2473 licet
826 2432 1047 2486 corpore
1077 2413 1211 2470 casti
1237 2412 1366 2475 sint,
1394 2423 1571 2467 tamen
1610 2427 1711 2465 non
1743 2411 1871 2464 oll'e-

337 2519 465 2583 runt
493 2507 797 2561 holocausta
824 2522 919 2559 sua
952 2520 1046 2572 per
1073 2521 1259 2560 manus
1292 2516 1345 2559 et
1371 2500 1725 2555 ministerium
1758 2498 1867 2567 (14)

338 2593 658 2650 sacerdotis.
690 2592 805 2647 Non
840 2601 923 2646 est
947 2594 1094 2645 enim
1135 2593 1186 2645 in
1214 2592 1292 2646 eis
1325 2588 1628 2649 consilium,
1663 2595 1716 2639 et
1742 2601 1869 2653 pru-

340 2682 543 2747 dentia,
586 2698 705 2751 quas
749 2682 1047 2736 sacerdotio
1086 2680 1326 2749 fungitur
1354 2679 1488 2745 apud
1539 2675 1702 2728 Deum
1734 2689 1748 2726 :
1776 2673 1872 2727 sed

341 2781 463 2826 sunt
492 2787 557 2826 ex
600 2772 705 2827 illis
739 2772 973 2840 quinque
1013 2770 1311 2839 virginibus
1336 2766 1536 2829 stultis,
1565 2780 1684 2833 quae
1709 2763 1874 2831 virgi-

340 2873 437 2912 nes
479 2860 691 2927 quidem
734 2857 968 2921 fuerunt,
996 2867 1050 2913 et
1076 2855 1377 2912 castitatem
1412 2853 1652 2920 corporis
1689 2864 1871 2904 serva-

341 2958 551 3013 verunt,
582 2948 754 3002 oleum
796 2959 974 3003 autem
1021 2945 1322 3009 eharitatis,
1348 2954 1403 2999 et
1437 2946 1606 3012 pacis,
1646 2952 1701 2997 et
1747 2942 1875 2997 reli-

340 3052 566 3105 quarum
590 3039 864 3100 virtutum,
892 3039 945 3092 in
966 3038 1110 3092 vasis
1135 3037 1247 3091 suis
1279 3035 1508 3089 condere
1542 3034 1870 3098 nescierunt,
1898 3039 1941 3095 c

337 3138 395 3182 et
432 3127 625 3182 idcirco
654 3129 882 3183 exclusae.
920 3137 1046 3182 sunt
1084 3143 1112 3180 a
1145 3128 1378 3181 thalamo
1421 3124 1604 3194 sponsi
1623 3124 1665 3155 ‘7
1694 3141 1705 3175 :
1740 3138 1874 3190 quo-

340 3216 482 3269 niam
524 3216 637 3271 sola
666 3218 846 3271 carnis
871 3216 1202 3272 continentia
1237 3216 1305 3270 ad
1340 3215 1511 3269 altare
1540 3211 1873 3286 Dontjnieum

343 3319 448 3357 non
491 3313 666 3371 potest
711 3306 1014 3374 pervenire,
1047 3305 1089 3358 si
1122 3304 1343 3371 reliquis
1381 3302 1670 3355 virtutibus
1701 3309 1755 3353 et
1791 3314 1877 3352 sa-

336 3393 705 3447 'cerdotalihus
736 3395 1041 3447 ministeriis
1073 3394 1372 3446 deseratur.
1405 3392 1467 3444 Et
1497 3391 1614 3444 ideo
1653 3389 1741 3456 qui
1766 3389 1878 3442 hmo

342 3482 562 3552 legimus
599 3482 680 3536 vel
709 3483 979 3542 audimus.
1007 3483 1059 3534 in
1093 3491 1378 3549 utramque
1411 3488 1619 3547 partem
1659 3491 1874 3545 operam

344 3569 530 3623 demus
548 3568 679 3638 (l5),
712 3570 842 3622 casti
873 3584 990 3623 esse
1019 3584 1264 3636 corpore,
1293 3569 1422 3622 recti
1461 3574 1656 3631 mente,
1698 3564 1877 3647 mundi

344 3658 527 3718 corde.
560 3660 797 3712 moribus
846 3657 1131 3719 emendati,
1185 3657 1445 3725 prolicere
1499 3656 1551 3708 in
1604 3653 1877 3722 operibus,

342 3746 567 3816 vigilare
605 3746 660 3800 in
693 3747 937 3808 scientia,
969 3745 1091 3809 ﬁde,
1120 3755 1173 3800 et
1219 3745 1448 3810 actibus,
1479 3742 1666 3812 gestis,
1712 3751 1766 3796 et
1799 3742 1880 3794 in-

349 3835 645 3890 tellectibus
676 3849 795 3889 eSse
822 3836 1070 3902 perfecti,
1090 3843 1147 3887 ut
1175 3835 1241 3887 ad
1265 3832 1665 3887 similitudinem
1693 3829 1880 3884 hostiae
1920 3872 1927 3875 μ

346 3922 541 3977 Christi
572 3923 892 3976 conformari
922 3936 1239 3983 mercamur,
1274 3935 1368 3987 per
1391 3918 1563 3989 ipsum
1593 3917 1873 3970 Dominum

346 4019 588 4064 nostrum
614 4009 792 4063 Jesum
820 4009 1086 4062 Christum
1117 4008 1247 4081 (l6),
1282 4023 1376 4076 per
1408 4021 1563 4074 quem
1594 4005 1701 4058 Deo
1730 4002 1877 4057 Patri

348 4099 696 4167 omnipotenti
724 4113 843 4149 cum
874 4098 1074 4163 Spiritu
1114 4107 1298 4150 sancto
1325 4107 1407 4150 est
1434 4095 1600 4165 gloria
1630 4103 1683 4148 et
1712 4094 1881 4164 impe-

349 4188 488 4240 rium
515 4187 566 4238 in
595 4185 787 4238 sarcula
817 4187 1151 4238 szcculorum.
1176 4187 1368 4239 Amen.

931 4311 1205 4367 HOMILIA
1243 4313 1304 4367 ll.

347 4424 425 4478 De
449 4423 823 4487 sacriﬁciorum
849 4423 973 4487 ritu,
1000 4424 1095 4477 hoc
1116 4434 1193 4476 est
1223 4425 1286 4478 de
1308 4427 1604 4478 muneribus
1630 4433 1677 4477 et
1711 4424 1878 4477 sacri-

413 4491 547 4569 ﬁciis
577 4491 684 4559 (l7)
713 4492 1050 4569 salutaribus,
1072 4503 1118 4544 et
1144 4509 1234 4557 pro
1258 4495 1517 4562 peccatis;
1547 4504 1592 4546 et
1622 4493 1877 4569 quomodo

418 4558 836 4626 o/fertpo’nlifex
867 4574 961 4625 pro
996 4570 1206 4626 peccato
1250 4558 1369 4626 suo,
1416 4572 1465 4615 cl
1515 4558 1879 4629 pro’pcccato'

1757 328 2084 397 (tlilGENlS',

3628 282 3761 332 412

2029 442 2340 510 Synagogo’,
2378 426 2453 482 υρὲ
2498 438 2594 510 pro
2635 419 2851 510 optima
2913 426 3067 481 qua
3130 418 3228 459 ex
3269 392 3482 468 populo
3543 400 3733 447 terr.

2027 490 2441 579 ᾗῖέέὶιῖεἱίὶιήοη
2469 490 2783 546 veluntate.
3089 563 3105 576 ο
3194 558 3232 579 ἰ
3347 553 3358 566 ⁹
3387 552 3405 564 ⁹
3461 550 3480 579 ι
3519 548 3581 579 Χ

2027 549 2380 661 iisiis}...
2418 581 2635 652 quidem
2692 577 2771 630 dc
2812 563 3158 641 principio
3194 549 3744 661 LevitigjiSpu-

1959 688 2092 743 tatio
2124 639 2339 738 edocuit
2383 639 2482 728 nos
2534 667 2719 734 legem
2761 655 3328 718 sacriﬁciorum.
3357 639 3563 743 εδδ
3603 654 3752 707 σωκ

1961 787 2183 832 munera
2212 764 2576 837 appellantur,
2600 762 2666 810 ut
2690 754 2739 808 si
2782 751 2982 804 homo
3014 729 3649 837 muri-us‘olfe'tlrit,
3679 742 3757 837 ex.

1956 815 2633 917 alni'm‘a-lihu'sridioll‘erret,
2680 838 2804 892 hoc
2859 840 2964 887 est
3016 842 3106 882 ex
3187 819 3425 917 bobus
3458 815 3765 917 (1S),vet

1955 905 2165 1008 λέξας,
2195 905 2281 996 vel
2314 905 2480 993 etiam
2506 927 2738 998 capris;
2766 924 2817 977 si
2855 932 3015 974 vero
3074 927 3180 969 ex
3240 905 3527 1008 avibus,
3556 914 3770 957 turtu-

1957 995 2362 1101 rum—panaut
2389 1024 2525 1078 duos
2547 995 2734 1087 pullos
2760 1007 3203 1068 columbinos
3222 997 3669 1101 :dhiberet.
3703 995 3778 1101 Si

1956 1136 2085 1176 vero
2110 1085 2291 1173 anima
2323 1085 2774 1168 oll'eratntunus,
2817 1097 3117 1153 similam
3157 1087 3478 1143 oﬂ'erret
3538 1100 3623 1139 ex
3665 1085 3783 1139 cli-

1956 1213 2120 1272 bauo,
2156 1208 2211 1261 id
2237 1211 2324 1259 est
2357 1210 2526 1271 panes
2562 1210 2628 1249 ex
2685 1190 2884 1247 simila
2937 1194 3297 1254 azymos.
3337 1186 3451 1231 aut
3493 1178 3781 1232 similam

1958 1264 2080 1353 oleo
2108 1264 2470 1360 Iconspersam
2517 1298 2584 1337 ex
2631 1276 2939 1345 sartagine
2970 1269 3088 1325 vel
3124 1268 3376 1321 etiam
3414 1264 3780 1319 craticula.

1960 1386 2018 1440 Si
2050 1392 2232 1437 autem
2255 1355 2606 1432 sacriﬁcium
2659 1364 2869 1420 oﬂerat
2923 1355 3474 1428 primitiarum,
3528 1356 3613 1408 de
3656 1358 3789 1424 pri-

1958 1473 2129 1528 mitiis
2161 1470 2376 1537 frugum
2404 1461 2547 1532 (l9),
2583 1465 2645 1510 ut
2686 1451 2882 1509 simila
2912 1450 2996 1503 sit
3057 1457 3376 1507 recens,
3430 1442 3503 1496 id
3543 1453 3651 1497 est
3676 1457 3791 1498 no.

1960 1577 2050 1625 va,
2075 1559 2197 1630 igni
2229 1531 2447 1625 quoque
2473 1562 2594 1604 eam
2622 1541 2828 1599 torreri
2861 1537 3023 1599 vult,
3069 1543 3146 1589 et
3190 1531 3456 1586 medio
3503 1531 3786 1590 fractam

1960 1621 2201 1714 esse,vne
2226 1621 2458 1697 mult—um
2486 1637 2827 1690 minutatum
2859 1628 2972 1689 sit,
3010 1625 3197 1710 quia
3236 1621 3590 1691 primitiae
3608 1635 3787 1694 sunt,

1893 1750 1935 1805 Β
1963 1747 2017 1794 et
2036 1705 2172 1791 bene
2199 1739 2430 1804 purgata
2456 1728 2550 1782 sit.
2576 1723 2777 1780 Oleum
2808 1729 3076 1786 quoque
3114 1705 3203 1769 et
3249 1714 3429 1770 thus
3457 1725 3537 1770 ut
3578 1718 3789 1786 impo.

1965 1834 2162 1883 nantur
2205 1834 2368 1889 super
2419 1831 2585 1879 eam,
2650 1817 2708 1866 et
2761 1807 2857 1861 sic
2920 1804 3322 1860 offeratur.
3386 1804 3482 1859 At
3538 1822 3704 1862 vero
3736 1812 3791 1864 si

1965 1916 2084 1985 quis
2113 1911 2227 1984 (‘20)
2255 1899 2825 1964 offeratsacriﬁcium
2876 1897 3014 1952 salu
3029 1906 3249 1985 tare,
3282 1908 3381 1949 ex
3428 1895 3661 1953 bobus
3691 1897 3794 1967 ju-

1965 1984 2121 2060 hetur
2149 2000 2371 2064 offerre,
2406 1995 2493 2050 vel
2546 1992 2714 2048 etiam
2753 2002 2829 2043 ex
2875 1987 3120 2043 ovibus
3182 1984 3367 2040 sive
3419 1989 3697 2055 ,capris,
3728 1999 3793 2043 et

1966 2090 2206 2159 exceptis
2234 2088 2319 2141 his
2351 2083 2557 2138 nullum
2590 2080 2745 2134 aliud
2779 2075 3093 2132 sacrificii
3133 2088 3403 2144 genus
3432 2074 3797 2133 substitui-

1971 2191 2057 2235 tur
2100 2178 2154 2231 in
2204 2172 2528 2230 salutaribus
2576 2168 2804 2223 hostiis.
2845 2166 3005 2220 Nam
3057 2178 3203 2233 pro
3276 2169 3625 2232 peccatis
3666 2183 3793 2223 non

1967 2262 2289 2322 voluntariis
2319 2260 2455 2330 (2|),
2488 2256 2836 2328 generaliter
2881 2252 3166 2322 quidem
3211 2252 3498 2306 anima
3530 2255 3801 2323 iubetur

1972 2354 2188 2416 offerre,
2218 2360 2274 2406 et
2312 2358 2433 2418 post
2474 2348 2595 2401 haec
2645 2360 2753 2414 per
2802 2343 3102 2399 diversas
3161 2343 3388 2410 itur,
3435 2347 3802 2425 variasque

1970 2452 2344 2514 pcrsonas:et
2394 2440 2644 2511 iubetur,
2693 2436 2743 2491 si
2793 2434 3057 2503 quidem
3122 2439 3525 2503 pontifex
3560 2446 3655 2503 εῑι
3698 2451 3806 2522 ηυξ

1970 2533 2215 2604 deliquit,
2243 2541 2296 2585 et
2325 2529 2484 2583 oll‘ert
2517 2525 2866 2581 sacriﬁcium
2921 2539 3044 2591 pro
3100 2539 3482 2601 peccasso,
3522 2553 3599 2594 ut
3643 2546 3801 2598 vim-

1973 2623 2080 2675 lum
2127 2623 2179 2675 in
2232 2619 2613 2673 holocaustum
2646 2612 2881 2676 offerat,
2919 2613 3034 2667 sed
3081 2628 3239 2669 non
3301 2633 3405 2674 eo
3448 2628 3612 2692 ritu,
3646 2646 3773 2697 quo

1958 2712 2121 2765 illum
2152 2724 2249 2778 pro
2279 2721 2503 2761 munere
2525 2704 2848 2759 obtulit.De
2881 2704 3006 2757 hoc
3046 2706 3248 2758 enim
3293 2715 3581 2768 tantum
3624 2718 3801 2772 adi-'

1975 2811 2091 2865 pes,
2125 2806 2179 2849 et
2211 2794 2349 2848 duos
2397 2807 2556 2845 renes
2589 2805 2719 2844 cum
2787 2788 3086 2857 adipibus
3140 2792 3329 2859 suis,
3383 2808 3459 2852 et
3505 2802 3772 2872 adipem

1973 2887 2062 2954 qui
2090 2884 2220 2953 tegit
2248 2882 2533 2944 interiora,
2560 2881 2810 2948 imponet
2855 2892 3058 2946 super
3127 2882 3369 2940 altare
3440 2888 3769 2949 holocau-

1974 2983 2201 3027 storum.
2254 2972 2329 3024 De
2372 2969 2653 3038 sanguine
2681 2982 2925 3056 quoque
2980 2967 3138 3033 ejus
3191 2973 3576 3047 intingens
3606 2982 3778 3056 digi-

1975 3072 2086 3116 tum
2132 3073 2308 3124 suum,
2364 3058 2633 3126 respergit
2680 3055 2905 3122 septies
2959 3067 3215 3114 contra
3262 3061 3681 3139 Dominum,
3712 3086 3778 3131 et

1974 3149 2096 3202 linit
2128 3162 2194 3202 ex
2223 3159 2290 3199 eo
2323 3158 2530 3199 cornua
2570 3142 2768 3196 altaris
2825 3144 3110 3198 incensi.
3154 3147 3496 3210 Cmteras
3560 3172 3778 3217 autem

1977 3248 2169 3292 carnes
2203 3248 2323 3288 cum
2366 3231 2539 3294 corio,
2564 3239 2621 3284 et
2662 3231 3015 3294 interaneis,
3050 3246 3131 3289 et
3184 3246 3530 3300 stercore
3586 3263 3782 3307 εχει-ει

1977 3336 2155 3382 castra
2181 3322 2292 3391 igni
2314 3320 2552 3375 cremari
2571 3320 2730 3389 jubet
2768 3321 2826 3374 in
2858 3324 2997 3379 loco
3025 3328 3345 3384 mundo.
3381 3332 3781 3396 Observan-

1976 3415 2102 3467 dum
2127 3426 2257 3465 sane
2285 3418 2390 3476 est,
2419 3408 2566 3476 quod
2603 3408 2656 3461 in
2693 3421 2938 3475 peccato
2975 3417 3363 3480 pontiﬁcis
3404 3441 3549 3482 non
3591 3430 3782 3487 addi-

1977 3503 2054 3556 dit
2082 3500 2372 3568 legislator,
2403 3498 2530 3565 quia
2554 3511 2654 3567 per
2678 3500 3134 3568 ignorantiam,
3184 3519 3331 3564 aut
3362 3530 3512 3570 non
3550 3522 3782 3577 volun-

1978 3599 2090 3644 tate
2120 3586 2450 3683 peccaverit.
2483 3584 2673 3683 Neqtte
2704 3588 3146 3655 enimicadere
3190 3595 3635 3665 ignorantia
3670 3625 3786 3683 po-

1982 3688 2086 3733 test
2115 3676 2227 3746 (22)
2260 3677 2314 3769 in
2359 3688 2506 3741 eum,
2548 3675 2657 3769 qui
2682 3682 2744 3727 ut
2790 3685 3072 3769 caeteros
3149 3687 3508 3761 doceret,
3556 3675 3794 3769 prove.

1990 3775 2107 3821 ctus
2130 3773 2231 3818 est.
2260 3763 2316 3817 Si
2346 3770 2527 3815 autem
2563 3762 2735 3815 totius
2788 3760 3153 3837 Synagogae
3194 3760 3614 3843 peccatum
3660 3789 3795 3846 fue-

1979 3856 2069 3949 rit,
2098 3851 2323 3949 vitulum
2348 3850 2708 3949 nihilominus
2742 3851 2801 3905 in
2852 3855 3364 3922 holocaustum
3422 3865 3791 3949 synagoga

1971 3942 2189 4010 jubetur
2211 3937 2431 3992 ollerre.
2458 3936 2568 3992 Sed
2599 3938 2653 3991 iu
2679 3948 2922 4007 peccato
2947 3943 3379 4024 SynagOgm
3408 3936 3748 4020 ἀίξίιιιῖιῖ
3776 4007 3793 4022 ⁸

1983 4049 2003 4082 ι
2027 4029 2082 4085 Si
2114 4027 2466 4129 ignoraverit,
2492 4036 2548 4080 et
2575 4028 2811 4129 latuerit
2842 4032 3111 4129 verbum
3145 4042 3267 4096 ab
3314 4052 3563 4109 oculis
3589 4056 3801 4129 εγω.

1978 4133 2145 4219 gngm,
2179 4124 2232 4219 et
2262 4115 2754 4219 fecerit‘unum-ab
2786 4120 3085 4179 omnibus
3123 4139 3545 4198 mandatis
3584 4115 3805 4205 Domi-

1979 4208 2055 4265 ni,
2091 4205 2233 4274 quod
2277 4219 2385 4257 non
2435 4205 2548 4260 fiet.
2581 4224 2601 4258 ι
2653 4207 2817 4264 Unde
2858 4226 3125 4280 apparet
3190 4227 3457 4284 etiam
3532 4252 3803 4294 omnem

1984 4294 2317 4395 Spnfgogam
2340 4308 2515 4395 posse“
2528 4295 2859 4395 delinquere
2882 4316 2994 4369 per
3026 4305 3596 4377 ignorantiam.
3624 4329 3810 4395 Quod

1983 4391 2053 4473 et_
2079 4382 2334 4434 Dominus
2374 4383 2665 4435 confirmat
2697 4385 2752 4437 in
2789 4386 3147 4460 Evangeliis
3219 4417 3421 4462 cum
3482 4382 3749 4473 dici?»
3782 4382 3802 4451 ί

1988 4470 2204 4569 :Pater,
2223 4470 2438 4569 remitte
2461 4470 2588 4569 illis.
2611 4486 2718 4525 non
2748 4477 2910 4530 enim
2940 4481 3158 4537 sciunt
3220 4498 3433 4563 quid
3473 4462 3745 4563 lia—ciunt

1983 4557 2133 4623 Quod
2159 4559 2202 4610 si
2236 4557 2488 4627 princeps
2522 4559 2686 4613 fuerit
2718 4562 2816 4629 qui
2848 4565 3037 4622 offert
3080 4571 3245 4632 hos
3260 4545 3448 4645 t‘i—a-r‘n

416 4733 461 4765 δ’
488 4732 641 4787 Rom.
678 4746 777 4796 xu,
805 4732 858 4785 1.
920 4732 964 4763 ⁸⁷
992 4731 1180 4792 Matth.
1210 4747 1334 4787 xxv.
1403 4733 1450 4765 ⁵⁸
1473 4732 1648 4786 Levit.
1681 4745 1763 4791 tv,
1792 4729 1846 4782 5.

2027 4744 2119 4781 .uc.
2145 4742 2306 4791 xxnr,
2335 4729 2430 4783 '54.

415 4904 689 4987 (l3)_Cod.
743 4903 1045 4973 Sangerm.,
1109 4906 1450 4961 «scienter.»
1509 4900 1662 4954 Libb.
1724 4900 1877 4962 editi,

389 4984 641 5029 scientes.
668 4991 685 5023 ι

386 5112 399 5126 ⁸
420 5040 706 5126 (intidem
726 5055 852 5106 ms.,
883 5058 904 5092 ι
925 5041 1303 5096 ministerium.
1332 5059 1350 5092 ι
1385 5038 1536 5093 Libb.
1562 5035 1712 5098 editi,
1737 5050 1754 5083 ι
1779 5034 1878 5086 tui-

347 5120 757 5248 ωῗῖέςιόῖηιιθθ
794 5191 951 5244 mss.,
993 5197 1012 5232 ι
1034 5179 1281 5235 demus.»
1324 5174 1479 5229 Libb.
1516 5171 1669 5234 editi,
1707 5187 1726 5220 ι
1754 5169 1881 5223 dare

349 5240 628 5302 debemus.
652 5263 672 5297 ι

364 5324 369 5327 ·
418 5312 530 5449 (l6;
560 5314 847 5367 Christum.
881 5314 1039 5370 Deest
1065 5316 1117 5368 in
1158 5311 1344 5367 codice
1373 5306 1851 5376 Sangermanensi.

420 5381 507 5449 (l7
560 5381 614 5434 ln
669 5381 801 5435 lihh.
850 5393 1006 5437 antea
1053 5377 1553 5449 editispomittitur,
1592 5382 1688 5427 «et
1720 5373 1857 5449 sacri

420 5381 530 5448 (l7)
560 5381 614 5434 ln
669 5381 801 5435 lihh.
850 5393 1006 5437 antea
1053 5381 1553 5448 editisromittitur,
1592 5391 1609 5423 ‹
1634 5382 1688 5427 et
1720 5381 1889 5448 sacri-

356 5439 555 5567 ﬁcii?»
589 5449 685 5503 sed
731 5452 1000 5518 reperitur
1048 5450 1101 5505 in
1147 5447 1302 5503 codd.
1338 5442 1599 5499 Gemetic.
1633 5451 1686 5495 et
1721 5439 1892 5495 Cade-

444 5532 470 5563 ll
529 5551 542 5565 ο

437 5575 544 5647 (l8)
567 5580 719 5638 Libb.
743 5595 900 5641 antea
927 5585 1078 5655 editi,
1114 5602 1133 5638 t
1154 5582 1343 5641 oll'erat
1373 5596 1436 5638 ex
1468 5577 1808 5677 animalihus,
1843 5577 1896 5631 id

1982 5238 2129 5321 mila.
2152 5256 2173 5319 ρ
2209 5237 2378 5321 Cod."
2394 5237 2722 5321 Beecensis,

2027 5316 2123 5357 :rat
2151 5307 2204 5360 in
2232 5308 2444 5366 simila,
2476 5336 2496 5369 ,
2532 5303 2535 5304 ⁷
2587 5303 2722 5321 ’ΨἿ
2769 5303 2780 5306 ⁷
2811 5303 2874 5309 *⁷
2904 5303 3133 5323 "'"m'
3177 5303 3200 5323 '
3227 5303 3549 5352 "'8‘003
3588 5308 3666 5355 υι
3703 5303 3803 5359 of-

2057 5372 2167 5425 (ἳυὶ
2199 5374 2334 5425 Cod-
2367 5378 2652 5425 Sanan-nm
2736 5412 2754 5425 .
2783 5402 2830 5425 ΔΙ
2866 5394 2946 5425 οι..
2986 5395 3195 5425 ηαλμ,
3228 5422 3243 5425 μ

1987 5372 2172 5509 qugtl)’
2199 5374 2335 5434 Cod.
2367 5378 2705 5461 Sangerm.,
2736 5412 2754 5449 ι
2783 5402 2838 5452 et
2866 5394 2950 5453 sic
2984 5395 3105 5455 oﬂ'e
3122 5419 3207 5463 ra
3224 5422 3355 5475 tur
3394 5441 3438 5483 ε
3477 5434 3663 5497 viro.
3719 5443 3794 5501 Si

2060 5509 2168 5584 (2").
2201 5510 2375 5584 idem.

2204 5535 2375 5642 ἶιᾶἒῐὲιι,
2410 5540 2576 5649 «ιηοη
2607 5535 2781 5595 solum
2814 5536 3195 5627 voluntariis.
3232 5570 3259 5604 ι

2372 5628 2389 5657 ο
2476 5612 2690 5669 potest.
2719 5631 2739 5668 ι
2774 5611 2939 5669 Lthh.
2973 5612 3141 5669 editi.
3183 5636 3206 5669 ι
3240 5638 3259 5669 l

2619 5618 2690 5667 st.
2719 5631 2739 5668 ι
2774 5611 2939 5674 Lihh.
2973 5611 3142 5685 editi.
3183 5636 3206 5671 ι
3235 5638 3567 5703 poterat.
3596 5666 3626 5704 ι
