3948 6250
273 388 368 446 ηδ

1488 402 1553 456 ΙΝ
1594 400 1960 458 LEVITICUM
2001 401 2275 459 IIOMILIA
2305 403 2368 458 ῐῐ.

3412 401 3514 454 414

282 513 422 568 cato,
450 501 670 559 hircum
705 519 779 562 ex
814 506 985 580 capris
1009 508 1272 580 iubetur
1314 519 1530 585 offerre,
1582 537 1687 575 non
1731 519 1879 574 holo-
1907 523 1952 579 Α
1984 519 2115 571 ritus
2168 517 2281 572 Dei.
2317 501 2577 568 Stultitia
2610 501 2752 585 ςηίῑη
2782 520 2860 565 est
2888 514 2981 578 illi,
3017 524 3066 566 et
3095 529 3192 566 non
3232 522 3400 581 potest
3427 516 3510 568 in-

295 601 555 657 caustum,
583 594 685 649 sed
718 605 924 653 tantum
955 606 1022 652 ut
1070 601 1158 658 de
1195 612 1469 680 sanguine
1501 608 1615 677 ejus
1644 610 1881 676 imponat

292 684 556 741 sacerdos
586 698 754 754 super
782 689 967 753 altare,
1002 697 1063 742 et
1095 706 1337 752 omnem
1368 698 1576 763 adipem
1601 696 1712 764 ejus
1753 695 1881 749 offe-

289 782 381 829 rat
420 776 481 828 in
511 773 671 827 aitari
698 791 715 827 :
741 776 1008 844 reliquum
1048 791 1249 837 autem
1292 786 1658 839 sacerdotibus
1705 798 1881 837 rema-

262 874 431 939 neat
473 862 584 934 (εδ)
611 862 677 915 ad
705 866 999 930 edendum,
1034 873 1316 939 sanguine
1347 881 1554 926 tantum
1599 874 1664 927 ad
1708 873 1877 927 basim

244 946 506 1029 fallaris
537 950 728 1007 effuso.
764 954 825 1009 Si
856 970 984 1010 vero
1026 960 1223 1013 anima
1286 962 1470 1024 fuerit,
1526 963 1715 1029 inquit,
1775 976 1877 1014 una

226 1024 427 1108 ique
470 1040 633 1095 oﬁ‘ert
668 1056 765 1109 pro
814 1053 1062 1111 peccato,
1095 1060 1326 1115 capram
1360 1051 1610 1103 feminam
1645 1048 1875 1103 oﬁ'erat:

276 1127 407 1180 ritu
458 1128 680 1182 sciiicet
723 1131 935 1193 eodem,
962 1146 1070 1199 quo
1107 1134 1324 1188 hircum
1367 1138 1611 1204 superius
1651 1136 1880 1190 diximus

274 1215 667 1270 immolatum
695 1236 707 1270 :
737 1237 756 1269 ι
787 1218 937 1283 Quod
968 1221 1027 1274 si
1055 1235 1164 1275 non
1208 1224 1450 1288 valuerit,
1476 1225 1726 1292 inquit",
1766 1239 1879 1275 ma-

274 1314 403 1353 nus
435 1300 574 1367 ejus
604 1320 624 1353 ι
654 1304 723 1356 ad
746 1318 986 1372 capram,
1012 1308 1098 1361 vel
1126 1308 1193 1360 ad
1213 1323 1425 1375 agnum,
1455 1327 1475 1360 ‹
1496 1326 1594 1378 par
1615 1319 1877 1363 turturum

273 1385 538 1455 offeret,
568 1400 668 1443 aut
689 1392 820 1446 duos
845 1392 1022 1460 pullos
1054 1395 1446 1449 columbarum.
1477 1389 1495 1448 ἰ
1530 1397 1679 1461 Quod
1707 1399 1748 1450 si
1780 1412 1877 1451 nec

272 1471 398 1526 hoc
447 1474 738 1541 inveniet,
772 1477 1037 1530 decimam
1087 1487 1295 1546 partem
1325 1482 1447 1547 ephi
1480 1482 1590 1551 (24)
1622 1483 1877 1551 similagi-

271 1562 372 1615 nis
423 1562 568 1616 sine
603 1563 723 1617 oleo
758 1572 811 1617 et
855 1565 971 1619 sine
1000 1565 1162 1621 thure
1192 1571 1481 1621 mandatur
1509 1569 1720 1625 oﬁerre.
1755 1570 1876 1623 Haec

271 1648 538 1714 quidem
585 1649 744 1702 nobis
775 1648 984 1719 singula
1021 1653 1189 1719 priori
1219 1653 1447 1707 lectione
1472 1656 1692 1708 recitata
1728 1666 1872 1719 sunt,

273 1749 505 1787 verum
547 1736 867 1805 explanatio
896 1753 1112 1804 eorum,
1146 1742 1398 1808 quoniam
1430 1751 1664 1811 tempore
1692 1744 1874 1798 exclu-

1980 604 2238 671 telligere,
2263 600 2384 668 quia
2407 582 2742 665 spiritaliter
2763 595 3100 665 dijudicatur.
3126 598 3388 664 Spiritalis
3408 614 3506 651 au-

1979 700 2084 744 tem
2113 679 2612 743 examinatomnia-
2635 693 2654 727 ι
2675 677 2779 735 Iste
2801 698 2927 751 ergo
2947 685 3034 751 qui
3058 686 3230 737 anima
3262 685 3503 738 nomina-

1978 788 2084 842 tur,
2114 794 2216 831 non
2246 784 2416 845 potest
2450 770 2648 828 oti'erre
2683 772 2881 838 omnia,
2914 773 3035 840 quia
3060 774 3364 825 examinare
3394 787 3497 825 non

1980 866 2136 935 189
2162 873 2333 933 potest
2374 862 2594 917 omnia:
2627 860 2717 911 sed
2768 859 2921 913 oﬁ'ert
2965 860 3130 923 solam
3177 860 3403 912 similam
3441 866 3500 911 et

1974 971 2136 1022 panes
2180 969 2435 1023 azymos,
2471 953 2521 1005 id
2574 957 2694 1012 est,
2739 964 3068 1003 communem
3120 948 3257 1001 hanc
3306 948 3496 1010 vitam,

1977 1044 2121 1097 verbi
2154 1044 2342 1112 gratia,
2383 1043 2435 1094 in
2477 1038 2818 1109 agricultura,
2853 1047 2942 1090 aut
2971 1038 3023 1090 in
3061 1035 3376 1102 navigando,
3406 1042 3499 1088 aut

1977 1134 2026 1185 in
2068 1132 2330 1200 aliquibus
2355 1128 2651 1182 communis
2690 1127 2813 1179 vita:
2845 1126 3026 1179 usibus
3067 1126 3311 1193 positam,
3346 1122 3502 1177 oﬁ'ert

1975 1232 2150 1274 tamen
2180 1219 2341 1273 etiam
2379 1219 2489 1284 ipse
2520 1229 2710 1267 munus
2741 1213 2848 1282 (9.7)
2885 1214 2988 1265 Deo
3019 1250 3034 1275 ,
3078 1211 3204 1266 licet
3233 1212 3398 1265 solam
3425 1210 3499 1263 si-

1975 1309 2151 1362 milam
2200 1308 2407 1360 dicatur
2445 1304 2636 1356 oﬁ‘erre
2699 1302 2814 1356 oleo
2877 1309 3079 1353 tantum
3130 1314 3496 1367 conspersam.

1973 1397 2156 1453 Omnis
2180 1397 2319 1448 enim
2364 1393 2539 1445 anima
2587 1399 2706 1459 eget
2730 1390 2846 1443 oleo
2874 1390 3065 1441 divinae
3094 1389 3494 1452 misericordiae,

1975 1499 2072 1538 nec
2100 1491 2412 1552 praesentem
2440 1482 2596 1533 vitam
2626 1483 2855 1533 evadere
2881 1479 3139 1547 quispiam
3176 1486 3367 1546 potest,
3396 1478 3498 1531 nisi

1972 1575 2019 1626 ei
2065 1572 2235 1625 oleum
2286 1570 2517 1624 cmlestis
2550 1567 2907 1643 miserationis
2956 1566 3202 1620 adfuerit.
3251 1565 3497 1620 Secundo

1973 1663 2024 1715 in
2057 1662 2188 1721 loco,
2224 1660 2599 1725 primitiarum,
2632 1657 2682 1708 id
2710 1664 2791 1710 est
2821 1659 2883 1709 de
2916 1655 3081 1708 initiis
3106 1654 3309 1723 frugum
3347 1670 3498 1708 man-

1972 1752 2127 1803 datur
2155 1749 2372 1803 oblatio.
2421 1747 2569 1811 Quod
2599 1787 2614 1810 ,
2657 1746 2701 1799 si
2750 1745 2884 1798 bene
2932 1745 3279 1809 meministis,
3312 1745 3363 1798 in
3409 1745 3496 1798 die

273 1823 615 1888 debamur,
648 1827 848 1879 omissa
884 1837 990 1889 est,
1019 1828 1087 1881 de
1116 1844 1217 1896 qua
1248 1844 1387 1883 nunc
1420 1832 1604 1897 paucis
1633 1846 1871 1886 commo-
1903 1820 1945 1874 Β
1973 1837 2313 1890 Pentecostes
2343 1833 2452 1886 ﬁeri
2487 1832 2570 1886 lex
2600 1830 2770 1898 jubet.
2790 1830 2845 1881 tu
2872 1842 2976 1895 quo
3005 1828 3107 1881 illis
3132 1828 3284 1895 plane
3309 1829 3495 1881 umbra

273 1924 435 1964 nere
470 1912 761 1967 studiosos
789 1927 1056 1982 quosque,
1098 1925 1153 1968 et
1195 1930 1288 1971 eos
1332 1919 1420 1986 qui
1447 1920 1607 1973 etiam
1638 1920 1872 1988 prazteri-

271 2004 493 2052 tarum
543 2000 899 2055 meminerint
923 2002 1553 2067 lectionum,.absurdum
1585 2022 1689 2060 non
1722 2016 1867 2074 puto,

273 2098 639 2154 quanquam
680 2088 749 2142 ad
781 2102 846 2142 ea
874 2104 996 2158 qua:
1043 2106 1217 2159 nuper
1253 2093 1474 2146 recitata
1508 2104 1650 2161 sunt,
1684 2111 1870 2163 urgea-

271 2188 453 2227 mur.

351 2263 427 2315 2.
477 2262 556 2317 Et
585 2266 767 2332 primo
805 2267 968 2321 velim
1012 2267 1200 2322 videre
1237 2281 1354 2335 quas
1383 2269 1451 2323 sit
1495 2269 1596 2323 ista
1624 2269 1869 2323 differen-

268 2352 391 2415 tia,
437 2352 602 2420 quod
644 2353 751 2406 alia
800 2355 1021 2422 quidem
1053 2357 1322 2411 hominem
1361 2358 1487 2411 dicit
1523 2357 1738 2422 offerre,
1765 2357 1867 2410 alia

266 2441 586 2505 animam,
639 2442 742 2495 alia
798 2438 1129 2510 pontiﬁcem,
1178 2445 1283 2497 alia
1338 2445 1706 2515 Synagogam,
1768 2446 1867 2499 alia

264 2527 647 2597 principem,
668 2529 785 2582 alia
818 2547 982 2584 unam
1018 2533 1245 2585 animam
1270 2546 1335 2586 ex
1380 2535 1571 2601 populo
1605 2544 1777 2587 terrae.
1803 2535 1868 2587 Et

259 2624 433 2682 puto
472 2617 709 2685 quidem
744 2620 1022 2674 hominem
1066 2621 1217 2675 illum
1262 2623 1454 2676 debere
1499 2623 1744 2692 intelligi,
1775 2625 1868 2691 qui

260 2706 349 2759 ad
398 2705 722 2773 imaginem
755 2718 810 2762 et
848 2710 1253 2764 similitudinem
1283 2711 1373 2763 Dei
1406 2710 1601 2774 factus,
1630 2714 1866 2766 rationa-

258 2791 499 2846 biliter
539 2791 698 2848 vivit.
734 2794 836 2848 Hic
876 2809 1005 2847 vero
1039 2808 1230 2847 munus
1271 2793 1425 2847 olfert
1474 2793 1581 2847 Deo
1626 2796 1865 2858 vitulum,

256 2895 418 2935 eum
460 2882 657 2935 carnis
700 2884 1014 2950 superbiam
1044 2884 1256 2936 vicerit.
1286 2883 1472 2945 Ovem,
1508 2900 1628 2937 cum
1656 2885 1869 2938 irratio-

256 2968 521 3023 nabiles
569 2978 754 3023 motus
799 2970 1223 3039 insipientesque
1267 2974 1584 3027 correxerit.
1620 2973 1865 3038 Haedum,

256 3072 420 3110 eum
455 3057 756 3111 lasciviam
802 3061 1158 3125 superaverit.
1190 3059 1356 3114 Oﬁ‘ert
1379 3062 1537 3115 etiam
1577 3076 1670 3128 par
1695 3070 1865 3115 turtu-

254 3160 447 3209 rum,
482 3160 618 3199 cum
646 3161 760 3199 non
799 3146 966 3201 fuerit
993 3150 1159 3212 solus,
1191 3151 1282 3203 sed
1315 3160 1542 3203 mentem
1573 3164 1722 3204 suam
1751 3166 1866 3203 ver-

252 3232 343 3285 bo
375 3232 494 3285 Dei
518 3231 676 3285 velut
698 3247 834 3286 vero
864 3232 978 3302 (25)
1014 3235 1222 3302 coniugi
1262 3234 1563 3296 sociaverit,
1601 3235 1739 3286 sicut
1764 3234 1865 3287 hoc

254 3332 474 3387 genus
503 3319 721 3383 avium,
755 3335 922 3373 unum
955 3321 1153 3374 dicitur
1174 3332 1225 3375 et
1254 3332 1463 3376 castum
1495 3335 1710 3375 servare
1736 3335 1864 3375 con-

263 3405 531 3472 8ugium.
571 3406 749 3461 Ot'fert
778 3409 945 3461 etiam
994 3419 1049 3462 et
1090 3410 1221 3463 duos
1264 3409 1438 3476 pullos
1480 3408 1862 3472 columbarum,

291 3506 418 3546 cum
482 3503 544 3549 et
596 3496 716 3562 ipse
781 3496 1113 3549 intellexerit
1176 3495 1520 3564 mysterium,
1568 3509 1673 3563 quo
1727 3496 1863 3549 oculi

293 3593 525 3648 sponsa:
580 3581 729 3634 sicut
792 3581 1060 3635 columbae
1106 3581 1355 3634 dicuntur
1407 3582 1472 3633 ad
1508 3582 1866 3647 plenitudines

290 3653 594 3736 aquarum,
620 3678 677 3724 et
701 3669 906 3722 collum
931 3668 1047 3734 ejus
1069 3669 1207 3721 sicut
1244 3670 1468 3721 turturis
1487 3671 1554 3723 “.
1589 3669 1713 3723 Ilaec
1741 3685 1865 3738 ergo

292 3767 428 3810 sunt
471 3758 721 3811 hominis
772 3760 1070 3811 secundum
1127 3758 1268 3824 quod
1302 3772 1461 3824 supra
1502 3760 1864 3825 exposuimus,

292 3860 558 3899 munera.
591 3847 807 3900 Animae
836 3856 1016 3900 autem
1052 3862 1297 3910 munera,
1321 3847 1475 3915 longe
1501 3847 1749 3900 inferiora
1776 3848 1868 3901 de-

298 3932 521 3986 scribit.
578 3933 782 3985 Anima
828 3934 942 3987 haec
993 3948 1168 4001 neque
1220 3936 1444 3988 vitulum
1487 3936 1665 4000 habet,
1696 3951 1867 4003 neque

288 4034 474 4086 ovem,
501 4036 689 4087 neque
718 4022 943 4074 haedum
985 4038 1142 4089 quem
1171 4022 1357 4076 offerat
1394 4024 1538 4078 Deo:
1565 4025 1656 4078 sed
1679 4040 1743 4077 ne
1773 4040 1867 4093 par

287 4109 513 4176 quidem
547 4116 859 4171 turturum,
888 4123 985 4163 aut
1034 4112 1165 4163 duos
1198 4111 1370 4178 pullos
1419 4113 1618 4166 invenit
1661 4114 1866 4167 colum-

291 4196 511 4250 barum.
551 4196 811 4250 Similam
853 4208 1063 4251 tantum
1100 4201 1284 4263 habet,
1313 4216 1378 4254 ex
1412 4202 1523 4267 ipsa
1555 4217 1716 4269 panes
1744 4218 1868 4272 azy-

294 4298 412 4339 mos
435 4286 605 4339 oﬁ'ert
637 4301 673 4337 a
700 4285 941 4348 clibano,
976 4303 1043 4339 ex
1070 4290 1182 4353 ipsa
1213 4293 1268 4342 in
1318 4292 1582 4358 sartagine
1622 4306 1751 4358 opus
1787 4292 1867 4343 fa-

1974 1924 2092 1977 data
2124 1931 2205 1975 est
2228 1958 2244 1984 ,
2274 1921 2429 1974 nobis
2455 1928 2627 1971 autem
2655 1916 2852 1969 veritas
2891 1922 3155 1966 reservata
3190 1922 3288 1967 est.
3325 1912 3382 1966 In
3406 1913 3497 1967 die

1972 2012 2110 2065 enim
2141 2010 2478 2063 Pentecostes
2504 2006 2682 2059 oblato
2727 2003 3027 2056 orationum
3060 2001 3343 2067 sacriﬁcio,
3391 2000 3497 2069 pri-

1970 2099 2147 2169 mitias
2170 2095 2499 2149 advenientis
2528 2092 2697 2148 sancti
2730 2091 2957 2158 Spiritus
2987 2091 3346 2159 apostolorum
3380 2103 3498 2144 sus-

2032 2185 2109 2253 pit
2149 2183 2409 2237 Ecclesia.
2457 2180 2522 2232 Et
2555 2194 2677 2233 vere
2707 2181 2818 2232 haec
2851 2179 3064 2230 fuerunt
3094 2177 3345 2238 recentia,
3372 2178 3496 2241 quia

1970 2280 2084 2325 erat
2132 2283 2326 2323 novum
2349 2308 2363 2331 ,
2410 2267 2549 2320 unde
2589 2275 2640 2319 et
2671 2274 2846 2318 musto
2879 2264 3060 2331 repleti
3093 2264 3406 2317 dicebantur
3429 2261 3493 2314 ⁸³.

1974 2376 1995 2410 r
2028 2358 2139 2425 lgni
2175 2366 2333 2411 tosta.
2371 2375 2389 2407 ι
2427 2355 2597 2422 lgneae
2630 2367 2856 2420 namque
2894 2351 3085 2418 lingua:
3119 2365 3279 2418 supra
3311 2351 3497 2418 singu-

1971 2447 2048 2501 los
2072 2448 2440 2501 consederunt.
2478 2461 2496 2493 ‹
2534 2443 2598 2495 Et
2625 2442 2795 2494 medio
2824 2439 3012 2493 fracta.
3043 2459 3061 2491 ι
3092 2439 3497 2506 Frangebantur

1970 2536 2110 2589 enim
2130 2535 2323 2603 media,
2350 2547 2468 2586 cum
2496 2531 2668 2583 littera
2698 2526 3042 2595 separabatur
3076 2541 3104 2578 a
3139 2526 3349 2593 spiritu.
3385 2542 3404 2574 ι
3435 2524 3499 2578 Et

1970 2627 2102 2678 bene
2136 2629 2377 2690 purgata.
2408 2638 2426 2669 ι
2451 2618 2650 2686 Purgat
2674 2628 2902 2682 namque
2934 2629 3122 2668 omnes
3150 2614 3333 2667 sordes
3364 2626 3500 2680 pre-

1969 2711 2136 2765 sentia
2162 2709 2334 2763 sancti
2367 2707 2617 2775 Spiritus,
2648 2703 3019 2758 remissionem
3051 2703 3288 2756 tribuens
3309 2714 3498 2767 pecca-

1970 2808 2160 2851 torum.
2188 2797 2370 2851 Oleum
2407 2808 2615 2862 quoque
2656 2792 3036 2846 misericordiae
3075 2790 3198 2844 huic
3231 2788 3498 2843 sacriﬁcio

1970 2886 2264 2939 infunditur
2283 2923 2298 2948 ,
2327 2892 2381 2936 et
2411 2884 2531 2935 thus
2559 2881 2833 2934 suavitatis
2851 2919 2866 2946 ,
2894 2878 2987 2949 per
3010 2879 3148 2947 quod
3180 2878 3377 2931 Christi
3405 2877 3499 2930 bo-

1969 2988 2067 3028 nus
2093 2974 2224 3026 odor
2249 2971 2525 3026 eﬁicimur.
2554 2970 2680 3024 Post
2708 2972 2820 3023 haec
2850 2970 2916 3023 de
2944 2968 3223 3022 sacriﬁciis
3248 2966 3496 3020 salutari-

1968 3062 2065 3115 bus
2089 3061 2236 3122 dicit,
2270 3075 2385 3127 quae
2420 3074 2485 3112 ex
2526 3058 2862 3123 animalibus,
2893 3058 2944 3111 id
2975 3065 3056 3110 est
3080 3056 3268 3119 bobus,
3297 3055 3376 3109 vel
3405 3068 3494 3108 ca-

1966 3150 2094 3218 pris,
2126 3156 2283 3216 atque
2310 3148 2495 3199 ovibus
2518 3146 2833 3210 oﬁ‘eruntur,
2855 3152 2907 3198 et
2936 3144 3067 3197 nihil
3090 3145 3172 3197 bis
3197 3143 3336 3196 ultra
3363 3143 3496 3197 sub-

1966 3237 2293 3303 stituitur,ad
2327 3234 2726 3298 immolandum,
2752 3235 2843 3289 sed
2872 3248 2938 3286 ne
2965 3248 3088 3287 aves
3116 3231 3224 3302 (28)
3258 3233 3494 3300 quidem,

1965 3338 2080 3392 quae
2109 3322 2353 3390 superius
2381 3322 2432 3373 in
2465 3319 2747 3374 oﬁ‘erendis
2785 3320 3096 3373 muneribus
3130 3319 3339 3372 fuerant
3368 3317 3496 3371 sub—

1965 3414 2180 3466 stitutae.
2211 3412 2313 3464 Iste
2346 3410 2486 3463 enim
2520 3409 2607 3476 qui
2643 3410 2902 3462 salutares
2934 3409 3138 3461 hostias
3166 3407 3344 3468 offert,
3378 3407 3494 3461 sine

1966 3501 2123 3557 dubio
2162 3501 2271 3568 jam
2300 3515 2407 3554 sua:
2433 3499 2622 3552 salutis
2652 3507 2735 3552 est
2765 3498 3011 3551 conscius
3040 3528 3049 3551 .
3082 3506 3135 3550 et
3165 3498 3283 3550 ideo
3311 3499 3398 3565 qui
3427 3497 3492 3550 ad

1964 3587 2188 3641 salutem
2219 3585 2482 3655 pervenit,
2501 3598 2721 3639 necesse
2750 3591 2832 3636 est
2859 3590 2915 3634 ut
2936 3597 3053 3650 qua:
3081 3597 3270 3652 magna
3299 3596 3350 3636 et
3373 3597 3495 3651 pcr-

1968 3674 2103 3728 fecta
2146 3681 2267 3727 sunt
2314 3673 2522 3726 oﬁ'erat.
2555 3673 2645 3726 Sic
2672 3671 2814 3725 enim
2842 3679 2897 3723 et
2923 3670 3205 3736 Apostolus
3247 3670 3376 3723 dicit
3399 3670 3490 3724 “:

1972 3779 1991 3812 ι
2019 3760 2379 3814 Perfectorum
2404 3767 2579 3811 autem
2612 3765 2693 3811 est
2720 3755 2871 3809 cibus
2905 3754 3124 3807 solidus.
3157 3772 3175 3803 ›
3208 3753 3407 3806 Dehinc
3426 3754 3494 3806 ad

1963 3850 2257 3905 oﬁ'erendas
2284 3861 2380 3916 pro
2408 3847 2637 3913 peccatis
2674 3845 2915 3899 victimas
2954 3843 3334 3896 sacriﬁciorum
3362 3843 3495 3895 ordo

1963 3937 2207 4004 dirigitur
2228 3976 2243 4001 ,
2279 3937 2330 3989 in
2380 3949 2484 4003 quo
2515 3943 2570 3986 et
2600 3935 2832 3988 secundo
2864 3933 3058 3986 dicitur
3082 3931 3127 3963 ⁸³
3155 3946 3170 3984 :
3205 3948 3223 3980 ί
3262 3930 3494 3985 Locutus

1964 4035 2046 4081 est
2069 4026 2321 4080 Dominus
2346 4025 2410 4077 ad
2430 4024 2688 4091 Moysem,
2707 4024 2890 4076 dicens
2918 4040 2930 4074 :
2952 4022 3142 4073 Anima
3165 4032 3496 4088 quaecunque

1965 4116 2263 4183 peccaverit
2290 4128 2468 4167 coram
2512 4115 2735 4166 Domino
2759 4150 2774 4174 ,
2803 4127 2907 4166 non
2944 4110 3235 4163 voluntate.
3277 4126 3295 4159 ι
3322 4102 3496 4161 Recte

1966 4204 2196 4256 animam
2226 4203 2397 4260 dicit.
2440 4216 2597 4269 quam
2633 4215 2856 4268 peccare
2885 4198 3158 4253 describit.
3191 4196 3304 4250 Non
3351 4196 3493 4249 enim

1966 4292 2208 4358 spiritum
2236 4299 2499 4353 vocasset,
2544 4304 2698 4356 quem
2750 4289 2950 4343 diceret
2998 4297 3338 4354 peccaturum
3361 4284 3493 4353 (29).

291 4380 455 4433 ctum,
493 4372 585 4425 vel
634 4372 692 4423 in
730 4373 998 4424 craticula
1030 4374 1151 4426 oleo
1197 4376 1528 4441 permistum.
1565 4377 1714 4431 Unde
1753 4378 1863 4450 (26)
1895 4386 1937 4437 ῐ)
1967 4379 2070 4433 Sed
2105 4392 2169 4432 ne
2198 4379 2464 4432 hominem
2491 4379 2701 4446 quidem
2733 4376 2873 4429 hunc
2919 4376 3153 4441 diceret,
3185 4375 3236 4427 in
3268 4388 3373 4441 quo
3402 4386 3498 4426 nc-

293 4459 509 4513 videtur
543 4460 688 4512 mihi
723 4460 845 4512 haec
891 4474 1015 4526 qua:
1050 4462 1226 4514 anima
1264 4463 1521 4528 appellata
1570 4475 1672 4528 est,
1706 4468 1864 4520 homo

288 4546 395 4611 ille,
424 4563 597 4617 quem
637 4547 847 4600 Paulus
874 4550 1166 4602 animalem
1191 4552 1460 4602 hominem
1491 4554 1746 4616 nominat,
1780 4555 1860 4606 in-

291 4635 653 4705 telligendus:
684 4635 781 4702 qui
813 4636 1032 4687 etiamsi
1076 4638 1312 4701 peccatis
1335 4651 1435 4687 non
1460 4648 1728 4706 urgeatur,
1762 4654 1860 4694 nec

288 4722 354 4774 sit
379 4737 634 4791 praeceps
665 4722 738 4774 ad
772 4722 931 4783 vitia,
968 4735 1079 4773 non
1102 4729 1280 4773 tamen
1314 4722 1472 4775 habet
1503 4725 1697 4790 aliquid
1721 4728 1771 4779 in
1804 4742 1861 4781 se

286 4811 547 4876 spiritale,
577 4819 640 4864 et
669 4811 821 4877 quod
856 4808 1168 4874 ﬁguraliter
1194 4822 1385 4862 carnes
1412 4810 1568 4865 Verbi
1591 4811 1677 4865 Dei
1708 4828 1865 4880 repu-

291 4904 491 4951 tentur.
519 4895 618 4951 Sic
642 4896 797 4949 enim
836 4895 963 4960 ipse
987 4893 1061 4945 de
1077 4906 1145 4945 eo
1161 4892 1354 4947 Paulus
1371 4898 1630 4961 apostolus
1655 4900 1781 4955 dicit
1798 4903 1866 4967 ",

287 4987 398 5051 Quia
422 5005 444 5035 ι
472 4984 742 5039 animalis
765 4984 945 5035 homo
977 4993 1094 5030 non
1118 4981 1349 5046 percipit
1370 4997 1428 5035 ea
1457 4998 1569 5050 quae
1592 4998 1716 5041 sunt
1748 4988 1867 5056 Spi-

341 5081 385 5111 ιο
410 5080 593 5133 ιενει,
624 5092 681 5139 ν,
709 5076 765 5126 7.
814 5140 826 5143 ᾼ
849 5073 908 5143 ⁸1
928 5071 1104 5125 Cant.
1132 5086 1173 5143 1,
1209 5073 1263 5134 9,
1291 5073 1374 5125 Ην.
1442 5077 1484 5107 ⁸³
1510 5076 1530 5130 Ι
1554 5078 1673 5134 Cor.
1701 5095 1762 5143 ll,
1798 5086 1864 5137 Η

277 5143 316 5175 ⁸⁸
335 5147 455 5202 Gal.
484 5165 542 5212 v,
567 5146 668 5198 22.
773 5140 826 5173 ⁸⁷
863 5139 1005 5192 Gal.
1041 5154 1123 5199 vt,
1146 5139 1200 5192 8.

323 5262 443 5331 (25)
470 5260 660 5331 Mem,
693 5274 716 5306 ι
748 5248 1863 5331 remanea-t3'a!Libb..editi,__t_remanet.r

468 5314 696 5383 Omnes
748 5334 941 5381 11333.,
991 5332 1013 5364 ι
1037 5315 1193 5380 ephi.
1217 5334 1234 5366 ι
1270 5314 1413 5371 Libb.
1448 5314 1596 5389 editi,
1629 5347 1647 5379 ί

232 5402 389 5455 male.
1060 5460 1063 5461 ,
1086 5460 1095 5461 ,
1128 5460 1133 5461 ,
1280 5448 1301 5461 .
1323 5450 1334 5461 .

318 5448 388 5524 ἐξ
441 5465 680 5521 Omnes
736 5465 997 5526 "‘35.,"
1030 5460 1196 5498 νενο·
1219 5464 1237 5497 ι
1280 5448 1424 5526 Ιιξιιι).
1451 5458 1594 5522 editi,
1629 5481 1646 5512 ι
1669 5466 1800 5521 vim,
1832 5490 1854 5522 ι

318 5470 412 5605 26;
448 5533 648 5605 (Inde.
702 5522 901 5605 Deest
941 5529 1011 5567 In
1050 5520 1213 5567 antea
1261 5516 1423 5582 editis,
1457 5528 1540 5578 sed
1580 5542 1742 5589 exstat
1794 5539 1852 5589 in

448 5515 648 5588 vitae.
702 5522 901 5574 οεεει
941 5515 1011 5567 in
1050 5520 1213 5567 antea
1261 5516 1423 5582 editis,
1457 5528 1540 5578 sed
1580 5515 1852 5589 exstitit}

224 5602 411 5664 codice
438 5602 777 5663 Saniic'm'

1968 4481 2227 4535 quaquam
2271 4467 2446 4535 imago
2495 4466 2587 4518 Dei
2621 4475 2840 4533 peccato
2869 4464 3254 4518 interveniente
3281 4472 3497 4516 consta-

1965 4565 2064 4609 ret.
2095 4553 2208 4607 Non
2239 4568 2367 4621 ergo
2393 4561 2478 4607 est
2504 4553 2723 4621 spiritus
2752 4554 2837 4607 ille
2861 4554 2947 4619 qui
2975 4562 3155 4619 peccat
3179 4570 3193 4606 :
3229 4568 3248 4601 ι
3272 4551 3497 4605 Fructus

1964 4645 2104 4695 enim
2136 4642 2357 4710 spiritus
2387 4652 2466 4695 est
2506 4646 2587 4709 (ut
2617 4643 2876 4707 describit
2900 4641 3185 4707 Apostolus
3208 4641 3275 4708 ")
3313 4639 3495 4694 chari-

1963 4739 2064 4797 tas,
2086 4731 2785 4799 gaudium,pax,patientia,
2815 4749 2834 4781 ι
2867 4738 2921 4785 et
2946 4738 3137 4784 caetera
3166 4730 3250 4784 his
3277 4729 3493 4791 similia,

1966 4835 2081 4888 qum
2107 4820 2267 4874 etiam
2300 4819 2503 4873 fructus
2519 4819 2638 4873 vita:
2660 4818 3015 4887 appellantur.
3043 4818 3278 4885 Denique
3300 4826 3353 4870 et
3369 4815 3494 4868 alibi

1968 4907 2099 4962 dicit
2127 4908 2172 4938 "
2203 4928 2213 4960 :
2248 4924 2266 4957 ι
2307 4906 2407 4975 Qui
2437 4908 2662 4959 seminat
2694 4906 2745 4958 in
2775 4919 2972 4967 carne,
3018 4906 3082 4957 de
3123 4920 3287 4959 carne
3332 4910 3497 4958 metet

1971 4993 2360 5060 corruptionem
2389 5009 2404 5055 ;
2433 5001 2487 5045 et
2519 4993 2606 5060 qui
2637 4994 2864 5046 seminat
2892 4993 2946 5046 in
2971 4991 3183 5057 spiritu,
3210 4992 3275 5044 de
3303 4989 3492 5057 spiritu

1966 5085 2006 5110 "'
2036 5089 2153 5141 Act.
2183 5104 2251 5150 ll,
2285 5086 2371 5139 13.
2445 5086 2491 5117 ⁸⁵
2521 5086 2681 5139 llebr.
2710 5100 2771 5147 v,
2803 5085 2889 5141 H.
2960 5084 3003 5115 "
3033 5080 3208 5135 Levit.
3240 5097 3324 5145 tv,
3356 5081 3410 5142 1,
3436 5077 3489 5129 2.

2028 5269 2154 5348 ,(27)
2172 5268 2344 5348 Codex
2370 5269 2673 5348 Sangcr_m.,
2705 5282 2724 5315 ο
2748 5264 2857 5332 ipse
2885 5270 3095 5313 munus.
3120 5272 3139 5307 ι
3168 5255 3322 5310 Libb.
3342 5250 3490 5311 editi,

1984 5352 2003 5385 ς
2028 5336 2402 5402 ἱρεείηιιιιιάιη,
2436 5356 2455 5387 ι
2483 5336 2637 5389 male.
2978 5389 2996 5402 .
3021 5388 3055 5402 ..
3079 5388 3091 5402 .
3172 5399 3187 5402 -

2081 5353 2135 5391 sa
2162 5353 2402 5402 munuus,
2436 5356 2455 5387 ι
2483 5353 2637 5389 mare.
3021 5388 3033 5400 ι
3239 5386 3252 5398 0
3282 5385 3294 5398 .

2048 5353 2154 5473 €28)
2180 5404 2305 5458 Cod.
2334 5406 2605 5474 Sangerm.
2629 5441 2645 5466 ,
2702 5418 2726 5451 ι
2753 5412 2893 5452 aves.
2928 5410 2947 5442 ι
2978 5388 3130 5442 Ltbb.
3164 5387 3319 5449 edlll,
3368 5397 3390 5431 ι
3428 5385 3493 5432 de

1976 5474 2310 5607 aviggiidem
2352 5555 2447 5596 ms.
2484 5556 2501 5590 ι
2529 5544 2885 5606 peccaturum.
2914 5542 2933 5575 ι
2958 5517 3108 5575 Libb.
3136 5516 3301 5581 editi,
3323 5529 3342 5564 ι
3373 5522 3495 5577 pec-

1976 5615 2220 5661 caturcm.
2260 5623 2279 5656 ι
