  <div class='ocr_page' id='page_1' title='image "/cluster/home/n/w/nwhite01/storage/ocr_20150623/12 (Origen; pt. 2)/nyp.33433081862272/215.png"; bbox 0 0 3948 6254; ppageno 0'>
   <div class='ocr_carea' id='block_1_1' title="bbox 409 347 512 399">
    <p class='ocr_par' dir='ltr' id='par_1_1' title="bbox 409 347 512 399">
     <span class='ocr_line' id='line_1_1' title="bbox 409 347 512 399; baseline 0.01 -1"><span class='ocrx_word' id='word_1_1' title='bbox 409 347 512 399; x_wconf 73' lang='grc'><strong>415</strong></span> 
     </span>
    </p>
   </div>
   <div class='ocr_carea' id='block_1_2' title="bbox 1834 337 2145 392">
    <p class='ocr_par' dir='ltr' id='par_1_2' title="bbox 1834 337 2145 392">
     <span class='ocr_line' id='line_1_2' title="bbox 1834 337 2145 392; baseline -0.006 0"><span class='ocrx_word' id='word_1_2' title='bbox 1834 337 2145 392; x_wconf 78' lang='lat' dir='ltr'><strong>ORIGENIS</strong></span> 
     </span>
    </p>
   </div>
   <div class='ocr_carea' id='block_1_3' title="bbox 3762 301 3874 356">
    <p class='ocr_par' dir='ltr' id='par_1_3' title="bbox 3762 301 3874 356">
     <span class='ocr_line' id='line_1_3' title="bbox 3762 301 3874 356; baseline -0.027 -1"><span class='ocrx_word' id='word_1_3' title='bbox 3762 301 3874 356; x_wconf 73' lang='lat' dir='ltr'><strong>H6</strong></span> 
     </span>
    </p>
   </div>
   <div class='ocr_carea' id='block_1_4' title="bbox 404 417 3881 525">
    <p class='ocr_par' dir='ltr' id='par_1_4' title="bbox 404 417 3881 525">
     <span class='ocr_line' id='line_1_4' title="bbox 404 417 3881 525; baseline -0.006 -11"><span class='ocrx_word' id='word_1_4' title='bbox 404 469 564 514; x_wconf 87' lang='lat' dir='ltr'><strong>metet</strong></span> <span class='ocrx_word' id='word_1_5' title='bbox 598 460 760 513; x_wconf 91' lang='lat' dir='ltr'><strong>vitam</strong></span> <span class='ocrx_word' id='word_1_6' title='bbox 806 466 1080 512; x_wconf 86' lang='lat' dir='ltr'><strong>aeternam.</strong></span> <span class='ocrx_word' id='word_1_7' title='bbox 1124 475 1142 507; x_wconf 72' lang='grc' dir='ltr'><strong>ι</strong></span> <span class='ocrx_word' id='word_1_8' title='bbox 1193 455 1454 522; x_wconf 83' lang='lat' dir='ltr'><strong>Quoniam</strong></span> <span class='ocrx_word' id='word_1_9' title='bbox 1505 471 1631 525; x_wconf 81' lang='lat' dir='ltr'><strong>ergo</strong></span> <span class='ocrx_word' id='word_1_10' title='bbox 1679 455 1813 508; x_wconf 89' lang='lat' dir='ltr'><strong>alius</strong></span> <span class='ocrx_word' id='word_1_11' title='bbox 1862 463 1942 508; x_wconf 85' lang='lat' dir='ltr'><strong>est</strong></span> <span class='ocrx_word' id='word_1_12' title='bbox 1970 460 2012 514; x_wconf 77' lang='grc' dir='ltr'><strong>Α</strong></span> <span class='ocrx_word' id='word_1_13' title='bbox 2042 463 2181 507; x_wconf 87' lang='lat' dir='ltr'><strong>cato.</strong></span> <span class='ocrx_word' id='word_1_14' title='bbox 2218 450 2319 504; x_wconf 88' lang='lat' dir='ltr'><strong>Sed</strong></span> <span class='ocrx_word' id='word_1_15' title='bbox 2355 449 2442 501; x_wconf 84' lang='lat' dir='ltr'><strong>ille</strong></span> <span class='ocrx_word' id='word_1_16' title='bbox 2472 448 2566 515; x_wconf 85' lang='lat' dir='ltr'><strong>qui</strong></span> <span class='ocrx_word' id='word_1_17' title='bbox 2616 447 2878 500; x_wconf 76' lang='lat' dir='ltr'><strong>offertur</strong></span> <span class='ocrx_word' id='word_1_18' title='bbox 2930 443 2999 496; x_wconf 90' lang='lat' dir='ltr'><strong>in</strong></span> <span class='ocrx_word' id='word_1_19' title='bbox 3051 448 3356 494; x_wconf 82' lang='lat' dir='ltr'><strong>munere</strong></span> <span class='ocrx_word' id='word_1_20' title='bbox 3403 417 3881 525; x_wconf 30' lang='lat' dir='ltr'><strong>Super-E?!)</strong></span> 
     </span>
    </p>
   </div>
   <div class='ocr_carea' id='block_1_5' title="bbox 401 539 1949 616">
    <p class='ocr_par' dir='ltr' id='par_1_5' title="bbox 401 539 1949 616">
     <span class='ocr_line' id='line_1_5' title="bbox 401 539 1949 616; baseline -0.005 -16"><span class='ocrx_word' id='word_1_21' title='bbox 401 549 492 616; x_wconf 88' lang='lat' dir='ltr'><strong>qui</strong></span> <span class='ocrx_word' id='word_1_22' title='bbox 521 547 768 610; x_wconf 79' lang='lat' dir='ltr'><strong>seminat,</strong></span> <span class='ocrx_word' id='word_1_23' title='bbox 794 555 846 598; x_wconf 93' lang='lat' dir='ltr'><strong>et</strong></span> <span class='ocrx_word' id='word_1_24' title='bbox 873 546 1007 597; x_wconf 83' lang='lat' dir='ltr'><strong>alius</strong></span> <span class='ocrx_word' id='word_1_25' title='bbox 1039 555 1119 597; x_wconf 89' lang='lat' dir='ltr'><strong>est</strong></span> <span class='ocrx_word' id='word_1_26' title='bbox 1154 544 1204 595; x_wconf 92' lang='lat' dir='ltr'><strong>in</strong></span> <span class='ocrx_word' id='word_1_27' title='bbox 1235 557 1338 612; x_wconf 88' lang='lat' dir='ltr'><strong>quo</strong></span> <span class='ocrx_word' id='word_1_28' title='bbox 1365 543 1687 608; x_wconf 82' lang='lat' dir='ltr'><strong>seminatur;</strong></span> <span class='ocrx_word' id='word_1_29' title='bbox 1717 539 1949 596; x_wconf 87' lang='lat' dir='ltr'><strong>semina-</strong></span> 
     </span>
    </p>
   </div>
   <div class='ocr_carea' id='block_1_6' title="bbox 405 634 1946 701">
    <p class='ocr_par' dir='ltr' id='par_1_6' title="bbox 405 634 1946 701">
     <span class='ocr_line' id='line_1_6' title="bbox 405 634 1946 701; baseline -0.006 -11"><span class='ocrx_word' id='word_1_30' title='bbox 405 646 491 690; x_wconf 87' lang='lat' dir='ltr'><strong>tur</strong></span> <span class='ocrx_word' id='word_1_31' title='bbox 522 645 696 688; x_wconf 89' lang='lat' dir='ltr'><strong>autem</strong></span> <span class='ocrx_word' id='word_1_32' title='bbox 726 635 806 686; x_wconf 89' lang='lat' dir='ltr'><strong>vel</strong></span> <span class='ocrx_word' id='word_1_33' title='bbox 861 634 912 686; x_wconf 93' lang='lat' dir='ltr'><strong>in</strong></span> <span class='ocrx_word' id='word_1_34' title='bbox 964 648 1122 686; x_wconf 84' lang='lat' dir='ltr'><strong>carne</strong></span> <span class='ocrx_word' id='word_1_35' title='bbox 1151 649 1272 686; x_wconf 83' lang='lat' dir='ltr'><strong>cum</strong></span> <span class='ocrx_word' id='word_1_36' title='bbox 1322 643 1576 701; x_wconf 77' lang='lat' dir='ltr'><strong>peccatur</strong></span> <span class='ocrx_word' id='word_1_37' title='bbox 1619 642 1676 683; x_wconf 92' lang='lat' dir='ltr'><strong>ut</strong></span> <span class='ocrx_word' id='word_1_38' title='bbox 1712 641 1946 685; x_wconf 91' lang='lat' dir='ltr'><strong>metatur</strong></span> 
     </span>
    </p>
   </div>
   <div class='ocr_carea' id='block_1_7' title="bbox 403 719 1950 791">
    <p class='ocr_par' dir='ltr' id='par_1_7' title="bbox 403 719 1950 791">
     <span class='ocr_line' id='line_1_7' title="bbox 403 719 1950 791; baseline -0.005 -13"><span class='ocrx_word' id='word_1_39' title='bbox 403 725 710 791; x_wconf 79' lang='lat' dir='ltr'><strong>corruptio,</strong></span> <span class='ocrx_word' id='word_1_40' title='bbox 743 725 825 776; x_wconf 92' lang='lat' dir='ltr'><strong>vel</strong></span> <span class='ocrx_word' id='word_1_41' title='bbox 861 725 911 775; x_wconf 90' lang='lat' dir='ltr'><strong>in</strong></span> <span class='ocrx_word' id='word_1_42' title='bbox 948 724 1138 790; x_wconf 81' lang='lat' dir='ltr'><strong>spiritu</strong></span> <span class='ocrx_word' id='word_1_43' title='bbox 1186 737 1307 776; x_wconf 90' lang='lat' dir='ltr'><strong>cum</strong></span> <span class='ocrx_word' id='word_1_44' title='bbox 1347 721 1636 776; x_wconf 86' lang='lat' dir='ltr'><strong>secundum</strong></span> <span class='ocrx_word' id='word_1_45' title='bbox 1671 720 1835 773; x_wconf 92' lang='lat' dir='ltr'><strong>Deum</strong></span> <span class='ocrx_word' id='word_1_46' title='bbox 1875 719 1950 770; x_wconf 91' lang='lat' dir='ltr'><strong>vi-</strong></span> 
     </span>
    </p>
   </div>
   <div class='ocr_carea' id='block_1_8' title="bbox 404 810 1948 871">
    <p class='ocr_par' dir='ltr' id='par_1_8' title="bbox 404 810 1948 871">
     <span class='ocr_line' id='line_1_8' title="bbox 404 810 1948 871; baseline -0.001 -9"><span class='ocrx_word' id='word_1_47' title='bbox 404 815 545 864; x_wconf 85' lang='lat' dir='ltr'><strong>vitur</strong></span> <span class='ocrx_word' id='word_1_48' title='bbox 579 819 635 863; x_wconf 88' lang='lat' dir='ltr'><strong>ut</strong></span> <span class='ocrx_word' id='word_1_49' title='bbox 651 820 879 865; x_wconf 81' lang='lat' dir='ltr'><strong>metatur</strong></span> <span class='ocrx_word' id='word_1_50' title='bbox 904 812 1004 862; x_wconf 87' lang='lat' dir='ltr'><strong>vita</strong></span> <span class='ocrx_word' id='word_1_51' title='bbox 1031 821 1232 862; x_wconf 86' lang='lat' dir='ltr'><strong>aeterna</strong></span> <span class='ocrx_word' id='word_1_52' title='bbox 1258 827 1272 863; x_wconf 92' lang='lat'><strong>:</strong></span> <span class='ocrx_word' id='word_1_53' title='bbox 1306 818 1513 863; x_wconf 84' lang='lat' dir='ltr'><strong>constat</strong></span> <span class='ocrx_word' id='word_1_54' title='bbox 1547 810 1776 862; x_wconf 88' lang='lat' dir='ltr'><strong>animam</strong></span> <span class='ocrx_word' id='word_1_55' title='bbox 1806 823 1948 871; x_wconf 92' lang='lat' dir='ltr'><strong>esse,</strong></span> 
     </span>
    </p>
   </div>
   <div class='ocr_carea' id='block_1_9' title="bbox 407 895 1948 968">
    <p class='ocr_par' dir='ltr' id='par_1_9' title="bbox 407 895 1948 968">
     <span class='ocr_line' id='line_1_9' title="bbox 407 895 1948 968; baseline -0.005 -15"><span class='ocrx_word' id='word_1_56' title='bbox 407 916 524 968; x_wconf 76' lang='lat' dir='ltr'><strong>qua:</strong></span> <span class='ocrx_word' id='word_1_57' title='bbox 551 899 632 951; x_wconf 86' lang='lat' dir='ltr'><strong>vel</strong></span> <span class='ocrx_word' id='word_1_58' title='bbox 667 899 719 951; x_wconf 95' lang='lat' dir='ltr'><strong>in</strong></span> <span class='ocrx_word' id='word_1_59' title='bbox 755 913 916 952; x_wconf 87' lang='lat' dir='ltr'><strong>carne</strong></span> <span class='ocrx_word' id='word_1_60' title='bbox 949 938 964 962; x_wconf 95' lang='lat'><strong>,</strong></span> <span class='ocrx_word' id='word_1_61' title='bbox 1003 899 1082 951; x_wconf 89' lang='lat' dir='ltr'><strong>vel</strong></span> <span class='ocrx_word' id='word_1_62' title='bbox 1116 899 1166 950; x_wconf 93' lang='lat' dir='ltr'><strong>in</strong></span> <span class='ocrx_word' id='word_1_63' title='bbox 1201 898 1387 966; x_wconf 88' lang='lat' dir='ltr'><strong>spiritu</strong></span> <span class='ocrx_word' id='word_1_64' title='bbox 1417 896 1683 959; x_wconf 89' lang='lat' dir='ltr'><strong>seminat,</strong></span> <span class='ocrx_word' id='word_1_65' title='bbox 1730 907 1782 948; x_wconf 91' lang='lat' dir='ltr'><strong>et</strong></span> <span class='ocrx_word' id='word_1_66' title='bbox 1809 895 1948 947; x_wconf 84' lang='lat' dir='ltr'><strong>illam</strong></span> 
     </span>
    </p>
   </div>
   <div class='ocr_carea' id='block_1_10' title="bbox 409 984 1948 1056">
    <p class='ocr_par' dir='ltr' id='par_1_10' title="bbox 409 984 1948 1056">
     <span class='ocr_line' id='line_1_10' title="bbox 409 984 1948 1056; baseline -0.005 -12"><span class='ocrx_word' id='word_1_67' title='bbox 409 1003 528 1044; x_wconf 89' lang='lat' dir='ltr'><strong>esse</strong></span> <span class='ocrx_word' id='word_1_68' title='bbox 552 1002 670 1056; x_wconf 76' lang='lat' dir='ltr'><strong>qua:</strong></span> <span class='ocrx_word' id='word_1_69' title='bbox 692 987 775 1040; x_wconf 87' lang='lat' dir='ltr'><strong>vel</strong></span> <span class='ocrx_word' id='word_1_70' title='bbox 808 987 857 1039; x_wconf 94' lang='lat' dir='ltr'><strong>in</strong></span> <span class='ocrx_word' id='word_1_71' title='bbox 892 998 1166 1054; x_wconf 79' lang='lat' dir='ltr'><strong>peccatum</strong></span> <span class='ocrx_word' id='word_1_72' title='bbox 1196 1001 1353 1040; x_wconf 88' lang='lat' dir='ltr'><strong>ruere</strong></span> <span class='ocrx_word' id='word_1_73' title='bbox 1380 986 1568 1054; x_wconf 78' lang='lat' dir='ltr'><strong>possit,</strong></span> <span class='ocrx_word' id='word_1_74' title='bbox 1595 985 1678 1038; x_wconf 88' lang='lat' dir='ltr'><strong>vel</strong></span> <span class='ocrx_word' id='word_1_75' title='bbox 1707 984 1948 1037; x_wconf 89' lang='lat' dir='ltr'><strong>converti</strong></span> 
     </span>
    </p>
   </div>
   <div class='ocr_carea' id='block_1_11' title="bbox 411 1071 1952 1143">
    <p class='ocr_par' dir='ltr' id='par_1_11' title="bbox 411 1071 1952 1143">
     <span class='ocr_line' id='line_1_11' title="bbox 411 1071 1952 1143; baseline -0.005 -14"><span class='ocrx_word' id='word_1_76' title='bbox 411 1090 443 1129; x_wconf 89' lang='lat' dir='ltr'><strong>a</strong></span> <span class='ocrx_word' id='word_1_77' title='bbox 470 1083 708 1143; x_wconf 90' lang='lat' dir='ltr'><strong>peccato.</strong></span> <span class='ocrx_word' id='word_1_78' title='bbox 742 1071 872 1125; x_wconf 82' lang='lat' dir='ltr'><strong>Nam</strong></span> <span class='ocrx_word' id='word_1_79' title='bbox 913 1087 1105 1138; x_wconf 91' lang='lat' dir='ltr'><strong>corpus</strong></span> <span class='ocrx_word' id='word_1_80' title='bbox 1146 1071 1367 1138; x_wconf 86' lang='lat' dir='ltr'><strong>sequela</strong></span> <span class='ocrx_word' id='word_1_81' title='bbox 1416 1071 1530 1138; x_wconf 86' lang='lat' dir='ltr'><strong>ejus</strong></span> <span class='ocrx_word' id='word_1_82' title='bbox 1559 1080 1640 1124; x_wconf 91' lang='lat' dir='ltr'><strong>est</strong></span> <span class='ocrx_word' id='word_1_83' title='bbox 1687 1071 1750 1122; x_wconf 88' lang='lat' dir='ltr'><strong>ad</strong></span> <span class='ocrx_word' id='word_1_84' title='bbox 1783 1071 1952 1137; x_wconf 91' lang='lat' dir='ltr'><strong>quod-</strong></span> 
     </span>
    </p>
   </div>
   <div class='ocr_carea' id='block_1_12' title="bbox 411 1160 1952 1229">
    <p class='ocr_par' dir='ltr' id='par_1_12' title="bbox 411 1160 1952 1229">
     <span class='ocr_line' id='line_1_12' title="bbox 411 1160 1952 1229; baseline -0.003 -12"><span class='ocrx_word' id='word_1_85' title='bbox 411 1177 621 1229; x_wconf 89' lang='lat' dir='ltr'><strong>cunque</strong></span> <span class='ocrx_word' id='word_1_86' title='bbox 645 1160 934 1228; x_wconf 87' lang='lat' dir='ltr'><strong>delegerit:</strong></span> <span class='ocrx_word' id='word_1_87' title='bbox 967 1169 1020 1214; x_wconf 90' lang='lat' dir='ltr'><strong>et</strong></span> <span class='ocrx_word' id='word_1_88' title='bbox 1050 1160 1270 1226; x_wconf 87' lang='lat' dir='ltr'><strong>spiritus</strong></span> <span class='ocrx_word' id='word_1_89' title='bbox 1304 1160 1409 1213; x_wconf 83' lang='lat' dir='ltr'><strong>dux</strong></span> <span class='ocrx_word' id='word_1_90' title='bbox 1438 1160 1554 1229; x_wconf 88' lang='lat' dir='ltr'><strong>ejus</strong></span> <span class='ocrx_word' id='word_1_91' title='bbox 1580 1169 1662 1215; x_wconf 90' lang='lat' dir='ltr'><strong>est</strong></span> <span class='ocrx_word' id='word_1_92' title='bbox 1690 1162 1756 1213; x_wconf 88' lang='lat' dir='ltr'><strong>ad</strong></span> <span class='ocrx_word' id='word_1_93' title='bbox 1784 1162 1952 1212; x_wconf 90' lang='lat' dir='ltr'><strong>virtu-</strong></span> 
     </span>
    </p>
   </div>
   <div class='ocr_carea' id='block_1_13' title="bbox 413 1248 1126 1317">
    <p class='ocr_par' dir='ltr' id='par_1_13' title="bbox 413 1248 1126 1317">
     <span class='ocr_line' id='line_1_13' title="bbox 413 1248 1126 1317; baseline -0.007 -13"><span class='ocrx_word' id='word_1_94' title='bbox 413 1259 540 1313; x_wconf 87' lang='lat' dir='ltr'><strong>tem,</strong></span> <span class='ocrx_word' id='word_1_95' title='bbox 571 1252 614 1304; x_wconf 90' lang='lat' dir='ltr'><strong>si</strong></span> <span class='ocrx_word' id='word_1_96' title='bbox 646 1265 764 1302; x_wconf 88' lang='lat' dir='ltr'><strong>eum</strong></span> <span class='ocrx_word' id='word_1_97' title='bbox 801 1250 948 1317; x_wconf 87' lang='lat' dir='ltr'><strong>sequi</strong></span> <span class='ocrx_word' id='word_1_98' title='bbox 982 1248 1126 1301; x_wconf 89' lang='lat' dir='ltr'><strong>velit.</strong></span> 
     </span>
    </p>
   </div>
   <div class='ocr_carea' id='block_1_14' title="bbox 481 1336 1954 1406">
    <p class='ocr_par' dir='ltr' id='par_1_14' title="bbox 481 1336 1954 1406">
     <span class='ocr_line' id='line_1_14' title="bbox 481 1336 1954 1406; baseline 0.001 -16"><span class='ocrx_word' id='word_1_99' title='bbox 481 1339 533 1390; x_wconf 78' lang='grc'><strong>5.</strong></span> <span class='ocrx_word' id='word_1_100' title='bbox 561 1336 662 1390; x_wconf 91' lang='lat' dir='ltr'><strong>Sed</strong></span> <span class='ocrx_word' id='word_1_101' title='bbox 695 1337 805 1391; x_wconf 85' lang='lat' dir='ltr'><strong>haec</strong></span> <span class='ocrx_word' id='word_1_102' title='bbox 832 1336 1152 1404; x_wconf 70' lang='lat' dir='ltr'><strong>generaliter</strong></span> <span class='ocrx_word' id='word_1_103' title='bbox 1180 1337 1322 1390; x_wconf 91' lang='lat' dir='ltr'><strong>dicta</strong></span> <span class='ocrx_word' id='word_1_104' title='bbox 1353 1345 1499 1399; x_wconf 86' lang='lat' dir='ltr'><strong>sunt,</strong></span> <span class='ocrx_word' id='word_1_105' title='bbox 1533 1351 1673 1390; x_wconf 91' lang='lat' dir='ltr'><strong>nunc</strong></span> <span class='ocrx_word' id='word_1_106' title='bbox 1707 1352 1831 1392; x_wconf 86' lang='lat' dir='ltr'><strong>vero</strong></span> <span class='ocrx_word' id='word_1_107' title='bbox 1860 1353 1954 1406; x_wconf 90' lang='lat' dir='ltr'><strong>per</strong></span> 
     </span>
    </p>
   </div>
   <div class='ocr_carea' id='block_1_15' title="bbox 414 1425 1954 1494">
    <p class='ocr_par' dir='ltr' id='par_1_15' title="bbox 414 1425 1954 1494">
     <span class='ocr_line' id='line_1_15' title="bbox 414 1425 1954 1494; baseline 0.003 -18"><span class='ocrx_word' id='word_1_108' title='bbox 414 1427 626 1492; x_wconf 85' lang='lat' dir='ltr'><strong>species</strong></span> <span class='ocrx_word' id='word_1_109' title='bbox 649 1426 972 1479; x_wconf 88' lang='lat' dir='ltr'><strong>dividuntur.</strong></span> <span class='ocrx_word' id='word_1_110' title='bbox 1008 1444 1027 1476; x_wconf 83' lang='lat'><strong>(</strong></span> <span class='ocrx_word' id='word_1_111' title='bbox 1062 1425 1116 1478; x_wconf 85' lang='lat' dir='ltr'><strong>Si</strong></span> <span class='ocrx_word' id='word_1_112' title='bbox 1149 1426 1408 1494; x_wconf 76' lang='lat' dir='ltr'><strong>pontifex,</strong></span> <span class='ocrx_word' id='word_1_113' title='bbox 1445 1427 1619 1494; x_wconf 87' lang='lat' dir='ltr'><strong>inquit</strong></span> <span class='ocrx_word' id='word_1_114' title='bbox 1643 1428 1708 1490; x_wconf 80' lang='grc'><strong>⁸⁸,</strong></span> <span class='ocrx_word' id='word_1_115' title='bbox 1739 1429 1825 1494; x_wconf 89' lang='lat' dir='ltr'><strong>qui</strong></span> <span class='ocrx_word' id='word_1_116' title='bbox 1858 1445 1954 1481; x_wconf 71' lang='lat' dir='ltr'><strong>un-</strong></span> 
     </span>
    </p>
   </div>
   <div class='ocr_carea' id='block_1_16' title="bbox 415 1514 1951 1582">
    <p class='ocr_par' dir='ltr' id='par_1_16' title="bbox 415 1514 1951 1582">
     <span class='ocr_line' id='line_1_16' title="bbox 415 1514 1951 1582; baseline 0.001 -14"><span class='ocrx_word' id='word_1_117' title='bbox 415 1521 534 1568; x_wconf 90' lang='lat' dir='ltr'><strong>ctus</strong></span> <span class='ocrx_word' id='word_1_118' title='bbox 580 1522 664 1566; x_wconf 87' lang='lat' dir='ltr'><strong>est</strong></span> <span class='ocrx_word' id='word_1_119' title='bbox 695 1515 1036 1580; x_wconf 85' lang='lat' dir='ltr'><strong>peccaverit,</strong></span> <span class='ocrx_word' id='word_1_120' title='bbox 1063 1523 1120 1566; x_wconf 90' lang='lat' dir='ltr'><strong>ut</strong></span> <span class='ocrx_word' id='word_1_121' title='bbox 1167 1515 1414 1581; x_wconf 89' lang='lat' dir='ltr'><strong>populum</strong></span> <span class='ocrx_word' id='word_1_122' title='bbox 1462 1514 1666 1568; x_wconf 85' lang='lat' dir='ltr'><strong>faceret</strong></span> <span class='ocrx_word' id='word_1_123' title='bbox 1712 1529 1951 1582; x_wconf 83' lang='lat' dir='ltr'><strong>peccare,</strong></span> 
     </span>
    </p>
   </div>
   <div class='ocr_carea' id='block_1_17' title="bbox 415 1599 1956 1667">
    <p class='ocr_par' dir='ltr' id='par_1_17' title="bbox 415 1599 1956 1667">
     <span class='ocr_line' id='line_1_17' title="bbox 415 1599 1956 1667; baseline 0.001 -14"><span class='ocrx_word' id='word_1_124' title='bbox 415 1600 602 1654; x_wconf 83' lang='lat' dir='ltr'><strong>oﬂ&#39;eret</strong></span> <span class='ocrx_word' id='word_1_125' title='bbox 636 1615 732 1666; x_wconf 90' lang='lat' dir='ltr'><strong>pro</strong></span> <span class='ocrx_word' id='word_1_126' title='bbox 756 1609 974 1667; x_wconf 90' lang='lat' dir='ltr'><strong>peccato</strong></span> <span class='ocrx_word' id='word_1_127' title='bbox 1003 1613 1101 1653; x_wconf 91' lang='lat' dir='ltr'><strong>suo</strong></span> <span class='ocrx_word' id='word_1_128' title='bbox 1133 1600 1354 1652; x_wconf 89' lang='lat' dir='ltr'><strong>vitulum</strong></span> <span class='ocrx_word' id='word_1_129' title='bbox 1384 1601 1450 1653; x_wconf 91' lang='lat' dir='ltr'><strong>de</strong></span> <span class='ocrx_word' id='word_1_130' title='bbox 1479 1599 1658 1654; x_wconf 86' lang='lat' dir='ltr'><strong>bobus</strong></span> <span class='ocrx_word' id='word_1_131' title='bbox 1685 1602 1801 1656; x_wconf 84' lang='lat' dir='ltr'><strong>sine</strong></span> <span class='ocrx_word' id='word_1_132' title='bbox 1845 1617 1956 1655; x_wconf 86' lang='lat' dir='ltr'><strong>ma-</strong></span> 
     </span>
    </p>
   </div>
   <div class='ocr_carea' id='block_1_18' title="bbox 415 1685 1952 1744">
    <p class='ocr_par' dir='ltr' id='par_1_18' title="bbox 415 1685 1952 1744">
     <span class='ocr_line' id='line_1_18' title="bbox 415 1685 1952 1744; baseline 0.003 -6"><span class='ocrx_word' id='word_1_133' title='bbox 415 1686 532 1739; x_wconf 91' lang='lat' dir='ltr'><strong>cula</strong></span> <span class='ocrx_word' id='word_1_134' title='bbox 576 1686 816 1741; x_wconf 88' lang='lat' dir='ltr'><strong>Domino.</strong></span> <span class='ocrx_word' id='word_1_135' title='bbox 859 1703 877 1736; x_wconf 76' lang='grc' dir='ltr'><strong>ι</strong></span> <span class='ocrx_word' id='word_1_136' title='bbox 906 1685 1106 1739; x_wconf 87' lang='lat' dir='ltr'><strong>Terror</strong></span> <span class='ocrx_word' id='word_1_137' title='bbox 1159 1686 1316 1739; x_wconf 87' lang='lat' dir='ltr'><strong>simul</strong></span> <span class='ocrx_word' id='word_1_138' title='bbox 1379 1695 1434 1739; x_wconf 87' lang='lat' dir='ltr'><strong>et.</strong></span> <span class='ocrx_word' id='word_1_139' title='bbox 1483 1688 1846 1744; x_wconf 83' lang='lat' dir='ltr'><strong>misericordia</strong></span> <span class='ocrx_word' id='word_1_140' title='bbox 1899 1688 1952 1742; x_wconf 91' lang='lat' dir='ltr'><strong>in</strong></span> 
     </span>
    </p>
   </div>
   <div class='ocr_carea' id='block_1_19' title="bbox 2051 516 3877 595">
    <p class='ocr_par' dir='ltr' id='par_1_19' title="bbox 2051 516 3877 595">
     <span class='ocr_line' id='line_1_19' title="bbox 2051 516 3877 595; baseline -0.007 0"><span class='ocrx_word' id='word_1_141' title='bbox 2051 540 2342 595; x_wconf 80' lang='lat' dir='ltr'><strong>holocansti</strong></span> <span class='ocrx_word' id='word_1_142' title='bbox 2374 537 2546 589; x_wconf 86' lang='lat' dir='ltr'><strong>altare</strong></span> <span class='ocrx_word' id='word_1_143' title='bbox 2576 534 2991 588; x_wconf 87' lang='lat' dir='ltr'><strong>consumitur.</strong></span> <span class='ocrx_word' id='word_1_144' title='bbox 3027 526 3159 592; x_wconf 74' lang='lat' dir='ltr'><strong>Qui</strong></span> <span class='ocrx_word' id='word_1_145' title='bbox 3192 533 3376 574; x_wconf 62' lang='lat' dir='ltr'><strong>vero</strong></span> <span class='ocrx_word' id='word_1_146' title='bbox 3409 527 3547 583; x_wconf 76' lang='grc' dir='ltr'>ιπο</span> <span class='ocrx_word' id='word_1_147' title='bbox 3582 516 3877 578; x_wconf 63' lang='lat' dir='ltr'><strong>Pecca‘o-</strong></span> 
     </span>
    </p>
   </div>
   <div class='ocr_carea' id='block_1_20' title="bbox 2047 608 3882 700">
    <p class='ocr_par' dir='ltr' id='par_1_20' title="bbox 2047 608 3882 700">
     <span class='ocr_line' id='line_1_20' title="bbox 2047 608 3882 700; baseline -0.02 -18"><span class='ocrx_word' id='word_1_148' title='bbox 2047 637 2199 683; x_wconf 85' lang='lat' dir='ltr'><strong>extra</strong></span> <span class='ocrx_word' id='word_1_149' title='bbox 2221 636 2430 686; x_wconf 85' lang='lat' dir='ltr'><strong>castra,</strong></span> <span class='ocrx_word' id='word_1_150' title='bbox 2459 639 2582 678; x_wconf 89' lang='lat' dir='ltr'><strong>cum</strong></span> <span class='ocrx_word' id='word_1_151' title='bbox 2619 623 2820 686; x_wconf 89' lang='lat' dir='ltr'><strong>corio,</strong></span> <span class='ocrx_word' id='word_1_152' title='bbox 2858 629 2923 673; x_wconf 89' lang='lat' dir='ltr'><strong>et</strong></span> <span class='ocrx_word' id='word_1_153' title='bbox 2967 608 3364 669; x_wconf 81' lang='lat' dir='ltr'><strong>interaneis</strong></span> <span class='ocrx_word' id='word_1_154' title='bbox 3419 617 3512 656; x_wconf 84' lang='lat' dir='ltr'><strong>ac</strong></span> <span class='ocrx_word' id='word_1_155' title='bbox 3554 609 3882 700; x_wconf 60' lang='lat' dir='ltr'><strong>stercore,</strong></span> 
     </span>
    </p>
   </div>
   <div class='ocr_carea' id='block_1_21' title="bbox 2048 684 3887 780">
    <p class='ocr_par' dir='ltr' id='par_1_21' title="bbox 2048 684 3887 780">
     <span class='ocr_line' id='line_1_21' title="bbox 2048 684 3887 780; baseline -0.02 -10"><span class='ocrx_word' id='word_1_156' title='bbox 2048 716 2244 769; x_wconf 90' lang='lat' dir='ltr'><strong>inloco</strong></span> <span class='ocrx_word' id='word_1_157' title='bbox 2270 684 2466 766; x_wconf 90' lang='lat' dir='ltr'><strong>mundo</strong></span> <span class='ocrx_word' id='word_1_158' title='bbox 2499 712 2729 780; x_wconf 84' lang='lat' dir='ltr'><strong>jubetur</strong></span> <span class='ocrx_word' id='word_1_159' title='bbox 2770 684 2955 762; x_wconf 81' lang='lat' dir='ltr'><strong>exuri</strong></span> <span class='ocrx_word' id='word_1_160' title='bbox 2990 745 3006 769; x_wconf 93' lang='lat'><strong>,</strong></span> <span class='ocrx_word' id='word_1_161' title='bbox 3046 697 3400 768; x_wconf 83' lang='lat' dir='ltr'><strong>adipibus</strong></span> <span class='ocrx_word' id='word_1_162' title='bbox 3467 689 3644 780; x_wconf 76' lang='lat' dir='ltr'><strong>solis</strong></span> <span class='ocrx_word' id='word_1_163' title='bbox 3683 687 3750 737; x_wconf 86' lang='lat' dir='ltr'><strong>in</strong></span> <span class='ocrx_word' id='word_1_164' title='bbox 3797 684 3887 735; x_wconf 84' lang='lat' dir='ltr'><strong>al-</strong></span> 
     </span>
    </p>
   </div>
   <div class='ocr_carea' id='block_1_22' title="bbox 2049 775 3890 874">
    <p class='ocr_par' dir='ltr' id='par_1_22' title="bbox 2049 775 3890 874">
     <span class='ocr_line' id='line_1_22' title="bbox 2049 775 3890 874; baseline -0.018 -17"><span class='ocrx_word' id='word_1_165' title='bbox 2049 813 2164 857; x_wconf 90' lang='lat' dir='ltr'><strong>tare</strong></span> <span class='ocrx_word' id='word_1_166' title='bbox 2208 802 2405 856; x_wconf 90' lang='lat' dir='ltr'><strong>oblatis</strong></span> <span class='ocrx_word' id='word_1_167' title='bbox 2439 775 2515 853; x_wconf 34' lang='lat' dir='ltr'><strong>etv</strong></span> <span class='ocrx_word' id='word_1_168' title='bbox 2544 798 2809 852; x_wconf 89' lang='lat' dir='ltr'><strong>renibus.</strong></span> <span class='ocrx_word' id='word_1_169' title='bbox 2866 794 3019 858; x_wconf 57' lang='lat' dir='ltr'><strong>Quae</strong></span> <span class='ocrx_word' id='word_1_170' title='bbox 3069 784 3371 854; x_wconf 82' lang='lat' dir='ltr'><strong>singula</strong></span> <span class='ocrx_word' id='word_1_171' title='bbox 3448 775 3771 874; x_wconf 67' lang='lat' dir='ltr'><strong>dividere</strong></span> <span class='ocrx_word' id='word_1_172' title='bbox 3818 785 3890 874; x_wconf 74' lang='lat' dir='ltr'><strong>ac</strong></span> 
     </span>
    </p>
   </div>
   <div class='ocr_carea' id='block_1_23' title="bbox 2049 867 3891 965">
    <p class='ocr_par' dir='ltr' id='par_1_23' title="bbox 2049 867 3891 965">
     <span class='ocr_line' id='line_1_23' title="bbox 2049 867 3891 965; baseline -0.017 -22"><span class='ocrx_word' id='word_1_173' title='bbox 2049 892 2371 954; x_wconf 86' lang='lat' dir='ltr'><strong>discernere,</strong></span> <span class='ocrx_word' id='word_1_174' title='bbox 2403 887 2660 956; x_wconf 90' lang='lat' dir='ltr'><strong>quamvis</strong></span> <span class='ocrx_word' id='word_1_175' title='bbox 2693 894 2752 938; x_wconf 90' lang='lat' dir='ltr'><strong>et</strong></span> <span class='ocrx_word' id='word_1_176' title='bbox 2804 895 2996 952; x_wconf 85' lang='lat' dir='ltr'><strong>supra</strong></span> <span class='ocrx_word' id='word_1_177' title='bbox 3054 885 3360 931; x_wconf 79' lang='lat' dir='ltr'><strong>nostras</strong></span> <span class='ocrx_word' id='word_1_178' title='bbox 3403 869 3608 965; x_wconf 73' lang='lat' dir='ltr'><strong>vires</strong></span> <span class='ocrx_word' id='word_1_179' title='bbox 3661 867 3891 965; x_wconf 29' lang='lat' dir='ltr'><strong>sit-,iet</strong></span> 
     </span>
    </p>
   </div>
   <div class='ocr_carea' id='block_1_24' title="bbox 2050 950 3893 1052">
    <p class='ocr_par' dir='ltr' id='par_1_24' title="bbox 2050 950 3893 1052">
     <span class='ocr_line' id='line_1_24' title="bbox 2050 950 3893 1052; baseline -0.014 -23"><span class='ocrx_word' id='word_1_180' title='bbox 2050 991 2207 1044; x_wconf 94' lang='lat' dir='ltr'><strong>supra</strong></span> <span class='ocrx_word' id='word_1_181' title='bbox 2239 977 2475 1029; x_wconf 87' lang='lat' dir='ltr'><strong>auditum</strong></span> <span class='ocrx_word' id='word_1_182' title='bbox 2509 982 2785 1037; x_wconf 90' lang='lat' dir='ltr'><strong>vestrum,</strong></span> <span class='ocrx_word' id='word_1_183' title='bbox 2825 981 3038 1024; x_wconf 85' lang='lat' dir='ltr'><strong>tamen</strong></span> <span class='ocrx_word' id='word_1_184' title='bbox 3075 964 3392 1032; x_wconf 83' lang='lat' dir='ltr'><strong>aliquas</strong></span> <span class='ocrx_word' id='word_1_185' title='bbox 3437 950 3772 1052; x_wconf 65' lang='lat' dir='ltr'><strong>vobisad</strong></span> <span class='ocrx_word' id='word_1_186' title='bbox 3803 952 3893 1004; x_wconf 81' lang='lat' dir='ltr'><strong>in-</strong></span> 
     </span>
    </p>
   </div>
   <div class='ocr_carea' id='block_1_25' title="bbox 2052 1054 3896 1133">
    <p class='ocr_par' dir='ltr' id='par_1_25' title="bbox 2052 1054 3896 1133">
     <span class='ocr_line' id='line_1_25' title="bbox 2052 1054 3896 1133; baseline -0.014 -16"><span class='ocrx_word' id='word_1_187' title='bbox 2052 1064 2395 1133; x_wconf 85' lang='lat' dir='ltr'><strong>telligendum</strong></span> <span class='ocrx_word' id='word_1_188' title='bbox 2445 1061 2785 1114; x_wconf 85' lang='lat' dir='ltr'><strong>occasiones</strong></span> <span class='ocrx_word' id='word_1_189' title='bbox 2838 1054 3318 1123; x_wconf 85' lang='lat' dir='ltr'><strong>conquirere,</strong></span> <span class='ocrx_word' id='word_1_190' title='bbox 3382 1054 3614 1133; x_wconf 48' lang='lat' dir='ltr'><strong>atque</strong></span> <span class='ocrx_word' id='word_1_191' title='bbox 3653 1057 3744 1133; x_wconf 42' lang='grc' dir='ltr'>ιιι.</span> <span class='ocrx_word' id='word_1_192' title='bbox 3766 1054 3896 1092; x_wconf 79' lang='lat' dir='ltr'><strong>me-</strong></span> 
     </span>
    </p>
   </div>
   <div class='ocr_carea' id='block_1_26' title="bbox 2051 1128 3895 1230">
    <p class='ocr_par' dir='ltr' id='par_1_26' title="bbox 2051 1128 3895 1230">
     <span class='ocr_line' id='line_1_26' title="bbox 2051 1128 3895 1230; baseline -0.014 -23"><span class='ocrx_word' id='word_1_193' title='bbox 2051 1128 2192 1207; x_wconf 79' lang='lat' dir='ltr'><strong>dium</strong></span> <span class='ocrx_word' id='word_1_194' title='bbox 2217 1151 2465 1220; x_wconf 88' lang='lat' dir='ltr'><strong>proferre</strong></span> <span class='ocrx_word' id='word_1_195' title='bbox 2500 1149 2873 1203; x_wconf 88' lang='lat' dir='ltr'><strong>tentabimus.</strong></span> <span class='ocrx_word' id='word_1_196' title='bbox 2909 1144 3076 1199; x_wconf 82' lang='lat' dir='ltr'><strong>Vide</strong></span> <span class='ocrx_word' id='word_1_197' title='bbox 3108 1153 3302 1209; x_wconf 73' lang='lat' dir='ltr'><strong>ergo</strong></span> <span class='ocrx_word' id='word_1_198' title='bbox 3344 1150 3443 1189; x_wconf 85' lang='lat' dir='ltr'><strong>ne</strong></span> <span class='ocrx_word' id='word_1_199' title='bbox 3491 1132 3679 1187; x_wconf 81' lang='lat' dir='ltr'><strong>forte</strong></span> <span class='ocrx_word' id='word_1_200' title='bbox 3716 1128 3895 1230; x_wconf 39' lang='lat' dir='ltr'><strong>{esus</strong></span> 
     </span>
    </p>
   </div>
   <div class='ocr_carea' id='block_1_27' title="bbox 2050 1232 3894 1309">
    <p class='ocr_par' dir='ltr' id='par_1_27' title="bbox 2050 1232 3894 1309">
     <span class='ocr_line' id='line_1_27' title="bbox 2050 1232 3894 1309; baseline -0.014 -16"><span class='ocrx_word' id='word_1_201' title='bbox 2050 1255 2208 1309; x_wconf 89' lang='lat' dir='ltr'><strong>quem</strong></span> <span class='ocrx_word' id='word_1_202' title='bbox 2265 1238 2467 1294; x_wconf 88' lang='lat' dir='ltr'><strong>Paulus</strong></span> <span class='ocrx_word' id='word_1_203' title='bbox 2511 1237 2648 1290; x_wconf 89' lang='lat' dir='ltr'><strong>dicit</strong></span> <span class='ocrx_word' id='word_1_204' title='bbox 2694 1237 2739 1267; x_wconf 79' lang='lat'>“</span> <span class='ocrx_word' id='word_1_205' title='bbox 2793 1232 3194 1303; x_wconf 84' lang='lat' dir='ltr'><strong>paciﬁcasse</strong></span> <span class='ocrx_word' id='word_1_206' title='bbox 3271 1239 3419 1295; x_wconf 88' lang='lat' dir='ltr'><strong>per</strong></span> <span class='ocrx_word' id='word_1_207' title='bbox 3489 1234 3894 1309; x_wconf 78' lang='lat' dir='ltr'><strong>sanguinem</strong></span> 
     </span>
    </p>
   </div>
   <div class='ocr_carea' id='block_1_28' title="bbox 2050 1307 3896 1393">
    <p class='ocr_par' dir='ltr' id='par_1_28' title="bbox 2050 1307 3896 1393">
     <span class='ocr_line' id='line_1_28' title="bbox 2050 1307 3896 1393; baseline -0.012 -11"><span class='ocrx_word' id='word_1_208' title='bbox 2050 1307 2206 1382; x_wconf 80' lang='lat' dir='ltr'><strong>suum</strong></span> <span class='ocrx_word' id='word_1_209' title='bbox 2237 1342 2343 1381; x_wconf 91' lang='lat' dir='ltr'><strong>non</strong></span> <span class='ocrx_word' id='word_1_210' title='bbox 2372 1327 2550 1381; x_wconf 91' lang='lat' dir='ltr'><strong>solum</strong></span> <span class='ocrx_word' id='word_1_211' title='bbox 2584 1340 2707 1393; x_wconf 77' lang='lat' dir='ltr'><strong>quae</strong></span> <span class='ocrx_word' id='word_1_212' title='bbox 2734 1323 2791 1376; x_wconf 91' lang='lat' dir='ltr'><strong>in</strong></span> <span class='ocrx_word' id='word_1_213' title='bbox 2829 1323 3051 1382; x_wconf 89' lang='lat' dir='ltr'><strong>terris,</strong></span> <span class='ocrx_word' id='word_1_214' title='bbox 3085 1319 3222 1373; x_wconf 90' lang='lat' dir='ltr'><strong>sed</strong></span> <span class='ocrx_word' id='word_1_215' title='bbox 3269 1325 3351 1370; x_wconf 88' lang='lat' dir='ltr'><strong>et</strong></span> <span class='ocrx_word' id='word_1_216' title='bbox 3391 1326 3562 1382; x_wconf 84' lang='lat' dir='ltr'><strong>quae</strong></span> <span class='ocrx_word' id='word_1_217' title='bbox 3603 1311 3674 1364; x_wconf 91' lang='lat' dir='ltr'><strong>in</strong></span> <span class='ocrx_word' id='word_1_218' title='bbox 3717 1307 3896 1363; x_wconf 62' lang='lat' dir='ltr'><strong>caelis</strong></span> 
     </span>
    </p>
   </div>
   <div class='ocr_carea' id='block_1_29' title="bbox 2053 1401 3898 1482">
    <p class='ocr_par' dir='ltr' id='par_1_29' title="bbox 2053 1401 3898 1482">
     <span class='ocr_line' id='line_1_29' title="bbox 2053 1401 3898 1482; baseline -0.011 -13"><span class='ocrx_word' id='word_1_219' title='bbox 2053 1423 2199 1482; x_wconf 91' lang='lat' dir='ltr'><strong>sunt,</strong></span> <span class='ocrx_word' id='word_1_220' title='bbox 2225 1416 2366 1469; x_wconf 85' lang='lat' dir='ltr'><strong>idem</strong></span> <span class='ocrx_word' id='word_1_221' title='bbox 2400 1417 2514 1482; x_wconf 90' lang='lat' dir='ltr'><strong>ipse</strong></span> <span class='ocrx_word' id='word_1_222' title='bbox 2538 1414 2611 1468; x_wconf 90' lang='lat' dir='ltr'><strong>sit</strong></span> <span class='ocrx_word' id='word_1_223' title='bbox 2635 1412 2874 1474; x_wconf 91' lang='lat' dir='ltr'><strong>vitulus,</strong></span> <span class='ocrx_word' id='word_1_224' title='bbox 2911 1410 3020 1478; x_wconf 78' lang='lat' dir='ltr'><strong>qui</strong></span> <span class='ocrx_word' id='word_1_225' title='bbox 3063 1410 3130 1461; x_wconf 88' lang='lat' dir='ltr'><strong>iu</strong></span> <span class='ocrx_word' id='word_1_226' title='bbox 3175 1405 3407 1460; x_wconf 65' lang='lat' dir='ltr'><strong>cmlis</strong></span> <span class='ocrx_word' id='word_1_227' title='bbox 3446 1401 3739 1471; x_wconf 83' lang='lat' dir='ltr'><strong>quidem</strong></span> <span class='ocrx_word' id='word_1_228' title='bbox 3777 1413 3898 1450; x_wconf 84' lang='lat' dir='ltr'><strong>nou</strong></span> 
     </span>
    </p>
   </div>
   <div class='ocr_carea' id='block_1_30' title="bbox 2053 1487 3895 1573">
    <p class='ocr_par' dir='ltr' id='par_1_30' title="bbox 2053 1487 3895 1573">
     <span class='ocr_line' id='line_1_30' title="bbox 2053 1487 3895 1573; baseline -0.01 -15"><span class='ocrx_word' id='word_1_229' title='bbox 2053 1521 2151 1573; x_wconf 92' lang='lat' dir='ltr'><strong>pro</strong></span> <span class='ocrx_word' id='word_1_230' title='bbox 2185 1513 2411 1572; x_wconf 87' lang='lat' dir='ltr'><strong>peccato</strong></span> <span class='ocrx_word' id='word_1_231' title='bbox 2434 1543 2448 1568; x_wconf 96' lang='lat'><strong>,</strong></span> <span class='ocrx_word' id='word_1_232' title='bbox 2479 1504 2574 1558; x_wconf 89' lang='lat' dir='ltr'><strong>sed</strong></span> <span class='ocrx_word' id='word_1_233' title='bbox 2627 1517 2728 1570; x_wconf 90' lang='lat' dir='ltr'><strong>pro</strong></span> <span class='ocrx_word' id='word_1_234' title='bbox 2767 1513 3018 1553; x_wconf 88' lang='lat' dir='ltr'><strong>munere</strong></span> <span class='ocrx_word' id='word_1_235' title='bbox 3061 1494 3228 1567; x_wconf 72' lang='lat'><strong>(&#39;52)</strong></span> <span class='ocrx_word' id='word_1_236' title='bbox 3292 1494 3598 1547; x_wconf 84' lang='lat' dir='ltr'><strong>oblatus</strong></span> <span class='ocrx_word' id='word_1_237' title='bbox 3655 1499 3760 1544; x_wconf 87' lang='lat' dir='ltr'><strong>est</strong></span> <span class='ocrx_word' id='word_1_238' title='bbox 3788 1527 3807 1554; x_wconf 95' lang='lat'><strong>,</strong></span> <span class='ocrx_word' id='word_1_239' title='bbox 3839 1487 3895 1540; x_wconf 88' lang='lat' dir='ltr'><strong>in</strong></span> 
     </span>
    </p>
   </div>
   <div class='ocr_carea' id='block_1_31' title="bbox 2056 1581 3893 1653">
    <p class='ocr_par' dir='ltr' id='par_1_31' title="bbox 2056 1581 3893 1653">
     <span class='ocr_line' id='line_1_31' title="bbox 2056 1581 3893 1653; baseline -0.008 -10"><span class='ocrx_word' id='word_1_240' title='bbox 2056 1591 2216 1644; x_wconf 91' lang='lat' dir='ltr'><strong>terris</strong></span> <span class='ocrx_word' id='word_1_241' title='bbox 2239 1600 2422 1644; x_wconf 90' lang='lat' dir='ltr'><strong>autem</strong></span> <span class='ocrx_word' id='word_1_242' title='bbox 2451 1590 2542 1642; x_wconf 88' lang='lat' dir='ltr'><strong>ubi</strong></span> <span class='ocrx_word' id='word_1_243' title='bbox 2575 1590 2646 1642; x_wconf 85' lang='lat' dir='ltr'><strong>ab</strong></span> <span class='ocrx_word' id='word_1_244' title='bbox 2678 1587 2862 1640; x_wconf 85' lang='lat' dir='ltr'><strong>Adam</strong></span> <span class='ocrx_word' id='word_1_245' title='bbox 2904 1598 3114 1653; x_wconf 87' lang='lat' dir='ltr'><strong>usque</strong></span> <span class='ocrx_word' id='word_1_246' title='bbox 3149 1585 3255 1635; x_wconf 87' lang='lat' dir='ltr'><strong>ad</strong></span> <span class='ocrx_word' id='word_1_247' title='bbox 3290 1581 3630 1649; x_wconf 76' lang='lat' dir='ltr'><strong>Moysem</strong></span> <span class='ocrx_word' id='word_1_248' title='bbox 3667 1593 3893 1648; x_wconf 77' lang='lat' dir='ltr'><strong>regna-</strong></span> 
     </span>
    </p>
   </div>
   <div class='ocr_carea' id='block_1_32' title="bbox 2057 1667 3900 1745">
    <p class='ocr_par' dir='ltr' id='par_1_32' title="bbox 2057 1667 3900 1745">
     <span class='ocr_line' id='line_1_32' title="bbox 2057 1667 3900 1745; baseline -0.005 -16"><span class='ocrx_word' id='word_1_249' title='bbox 2057 1678 2136 1730; x_wconf 92' lang='lat' dir='ltr'><strong>vit</strong></span> <span class='ocrx_word' id='word_1_250' title='bbox 2159 1688 2445 1745; x_wconf 90' lang='lat' dir='ltr'><strong>peccatum</strong></span> <span class='ocrx_word' id='word_1_251' title='bbox 2469 1716 2486 1742; x_wconf 92' lang='lat'><strong>,</strong></span> <span class='ocrx_word' id='word_1_252' title='bbox 2522 1676 2741 1730; x_wconf 89' lang='lat' dir='ltr'><strong>oblatus</strong></span> <span class='ocrx_word' id='word_1_253' title='bbox 2773 1675 2852 1727; x_wconf 93' lang='lat' dir='ltr'><strong>sit</strong></span> <span class='ocrx_word' id='word_1_254' title='bbox 2885 1688 2996 1742; x_wconf 90' lang='lat' dir='ltr'><strong>pro</strong></span> <span class='ocrx_word' id='word_1_255' title='bbox 3048 1679 3410 1742; x_wconf 78' lang='lat' dir='ltr'><strong>peccato.</strong></span> <span class='ocrx_word' id='word_1_256' title='bbox 3481 1667 3572 1722; x_wconf 82' lang='lat' dir='ltr'><strong>Et</strong></span> <span class='ocrx_word' id='word_1_257' title='bbox 3638 1669 3769 1720; x_wconf 85' lang='lat' dir='ltr'><strong>hoc</strong></span> <span class='ocrx_word' id='word_1_258' title='bbox 3807 1673 3900 1720; x_wconf 83' lang='lat' dir='ltr'><strong>est</strong></span> 
     </span>
    </p>
   </div>
   <div class='ocr_carea' id='block_1_33' title="bbox 416 1760 3894 1842">
    <p class='ocr_par' dir='ltr' id='par_1_33' title="bbox 416 1760 3894 1842">
     <span class='ocr_line' id='line_1_33' title="bbox 416 1760 3894 1842; baseline 0 -14"><span class='ocrx_word' id='word_1_259' title='bbox 416 1775 610 1829; x_wconf 85' lang='lat' dir='ltr'><strong>divinis</strong></span> <span class='ocrx_word' id='word_1_260' title='bbox 639 1774 841 1842; x_wconf 77' lang='lat' dir='ltr'><strong>legibus</strong></span> <span class='ocrx_word' id='word_1_261' title='bbox 873 1782 1198 1828; x_wconf 85' lang='lat' dir='ltr'><strong>ostentatur.</strong></span> <span class='ocrx_word' id='word_1_262' title='bbox 1228 1773 1376 1827; x_wconf 90' lang='lat' dir='ltr'><strong>Itane</strong></span> <span class='ocrx_word' id='word_1_263' title='bbox 1425 1777 1634 1830; x_wconf 88' lang='lat' dir='ltr'><strong>tandem</strong></span> <span class='ocrx_word' id='word_1_264' title='bbox 1676 1786 1844 1831; x_wconf 91' lang='lat' dir='ltr'><strong>tutum</strong></span> <span class='ocrx_word' id='word_1_265' title='bbox 1870 1789 1952 1834; x_wconf 85' lang='lat' dir='ltr'><strong>est</strong></span> <span class='ocrx_word' id='word_1_266' title='bbox 1982 1762 2024 1815; x_wconf 77' lang='grc' dir='ltr'>Β</span> <span class='ocrx_word' id='word_1_267' title='bbox 2053 1779 2274 1834; x_wconf 66' lang='lat' dir='ltr'><strong>Passum</strong></span> <span class='ocrx_word' id='word_1_268' title='bbox 2302 1781 2425 1822; x_wconf 72' lang='lat'><strong>8550</strong></span> <span class='ocrx_word' id='word_1_269' title='bbox 2455 1776 2610 1820; x_wconf 66' lang='grc' dir='ltr'><strong>θκιτθ</strong></span> <span class='ocrx_word' id='word_1_270' title='bbox 2644 1773 2862 1827; x_wconf 65' lang='grc' dir='ltr'>οθειηιυ</span> <span class='ocrx_word' id='word_1_271' title='bbox 2889 1772 3075 1816; x_wconf 48' lang='lat' dir='ltr'><strong>ex&quot;?!</strong></span> <span class='ocrx_word' id='word_1_272' title='bbox 3121 1760 3291 1825; x_wconf 63' lang='lat' dir='ltr'><strong>illa:</strong></span> <span class='ocrx_word' id='word_1_273' title='bbox 3323 1760 3629 1828; x_wconf 65' lang='grc' dir='ltr'><strong>ορῖηοτυ</strong></span> <span class='ocrx_word' id='word_1_274' title='bbox 3660 1765 3894 1818; x_wconf 52' lang='lat'><strong>035&quot;“-</strong></span> 
     </span>
    </p>
   </div>
   <div class='ocr_carea' id='block_1_34' title="bbox 417 1863 1952 1936">
    <p class='ocr_par' dir='ltr' id='par_1_34' title="bbox 417 1863 1952 1936">
     <span class='ocr_line' id='line_1_34' title="bbox 417 1863 1952 1936; baseline 0.003 -20"><span class='ocrx_word' id='word_1_275' title='bbox 417 1865 550 1917; x_wconf 92' lang='lat' dir='ltr'><strong>nihil</strong></span> <span class='ocrx_word' id='word_1_276' title='bbox 578 1903 592 1928; x_wconf 95' lang='lat'><strong>,</strong></span> <span class='ocrx_word' id='word_1_277' title='bbox 628 1877 695 1916; x_wconf 94' lang='lat' dir='ltr'><strong>ne</strong></span> <span class='ocrx_word' id='word_1_278' title='bbox 742 1863 980 1931; x_wconf 81' lang='lat' dir='ltr'><strong>pontifex</strong></span> <span class='ocrx_word' id='word_1_279' title='bbox 1011 1864 1272 1930; x_wconf 85' lang='lat' dir='ltr'><strong>quidem?</strong></span> <span class='ocrx_word' id='word_1_280' title='bbox 1314 1874 1366 1917; x_wconf 92' lang='lat' dir='ltr'><strong>et</strong></span> <span class='ocrx_word' id='word_1_281' title='bbox 1400 1865 1491 1933; x_wconf 85' lang='lat' dir='ltr'><strong>qui</strong></span> <span class='ocrx_word' id='word_1_282' title='bbox 1528 1865 1762 1933; x_wconf 77' lang='lat' dir='ltr'><strong>pontifex</strong></span> <span class='ocrx_word' id='word_1_283' title='bbox 1787 1867 1808 1919; x_wconf 83' lang='lat'><strong>?</strong></span> <span class='ocrx_word' id='word_1_284' title='bbox 1838 1866 1952 1936; x_wconf 89' lang='lat' dir='ltr'><strong>Ipse</strong></span> 
     </span>
    </p>
   </div>
   <div class='ocr_carea' id='block_1_35' title="bbox 415 1952 1954 2022">
    <p class='ocr_par' dir='ltr' id='par_1_35' title="bbox 415 1952 1954 2022">
     <span class='ocr_line' id='line_1_35' title="bbox 415 1952 1954 2022; baseline 0.003 -18"><span class='ocrx_word' id='word_1_285' title='bbox 415 1954 506 2020; x_wconf 89' lang='lat' dir='ltr'><strong>qui</strong></span> <span class='ocrx_word' id='word_1_286' title='bbox 537 1962 727 2005; x_wconf 89' lang='lat' dir='ltr'><strong>unctus</strong></span> <span class='ocrx_word' id='word_1_287' title='bbox 757 1961 836 2004; x_wconf 89' lang='lat' dir='ltr'><strong>est</strong></span> <span class='ocrx_word' id='word_1_288' title='bbox 863 1991 879 2016; x_wconf 97' lang='lat'><strong>,</strong></span> <span class='ocrx_word' id='word_1_289' title='bbox 911 1952 1020 2020; x_wconf 90' lang='lat' dir='ltr'><strong>ipse</strong></span> <span class='ocrx_word' id='word_1_290' title='bbox 1045 1953 1134 2020; x_wconf 90' lang='lat' dir='ltr'><strong>qui</strong></span> <span class='ocrx_word' id='word_1_291' title='bbox 1176 1953 1347 2005; x_wconf 85' lang='lat' dir='ltr'><strong>sacris</strong></span> <span class='ocrx_word' id='word_1_292' title='bbox 1393 1953 1600 2022; x_wconf 83' lang='lat' dir='ltr'><strong>ignibus</strong></span> <span class='ocrx_word' id='word_1_293' title='bbox 1630 1955 1805 2007; x_wconf 90' lang='lat' dir='ltr'><strong>divina</strong></span> <span class='ocrx_word' id='word_1_294' title='bbox 1833 1970 1954 2009; x_wconf 90' lang='lat' dir='ltr'><strong>suc--</strong></span> 
     </span>
    </p>
   </div>
   <div class='ocr_carea' id='block_1_36' title="bbox 419 2040 1953 2108">
    <p class='ocr_par' dir='ltr' id='par_1_36' title="bbox 419 2040 1953 2108">
     <span class='ocr_line' id='line_1_36' title="bbox 419 2040 1953 2108; baseline 0.003 -16"><span class='ocrx_word' id='word_1_295' title='bbox 419 2041 594 2094; x_wconf 83' lang='lat' dir='ltr'><strong>cendit</strong></span> <span class='ocrx_word' id='word_1_296' title='bbox 626 2040 836 2103; x_wconf 88' lang='lat' dir='ltr'><strong>altaria,</strong></span> <span class='ocrx_word' id='word_1_297' title='bbox 865 2041 954 2108; x_wconf 90' lang='lat' dir='ltr'><strong>qui</strong></span> <span class='ocrx_word' id='word_1_298' title='bbox 986 2041 1093 2093; x_wconf 90' lang='lat' dir='ltr'><strong>Deo</strong></span> <span class='ocrx_word' id='word_1_299' title='bbox 1121 2055 1338 2093; x_wconf 88' lang='lat' dir='ltr'><strong>munera</strong></span> <span class='ocrx_word' id='word_1_300' title='bbox 1369 2051 1421 2094; x_wconf 91' lang='lat' dir='ltr'><strong>et</strong></span> <span class='ocrx_word' id='word_1_301' title='bbox 1459 2041 1719 2096; x_wconf 83' lang='lat' dir='ltr'><strong>salutares</strong></span> <span class='ocrx_word' id='word_1_302' title='bbox 1752 2045 1953 2098; x_wconf 83' lang='lat' dir='ltr'><strong>hostias</strong></span> 
     </span>
    </p>
   </div>
   <div class='ocr_carea' id='block_1_37' title="bbox 420 2127 1957 2200">
    <p class='ocr_par' dir='ltr' id='par_1_37' title="bbox 420 2127 1957 2200">
     <span class='ocr_line' id='line_1_37' title="bbox 420 2127 1957 2200; baseline 0.003 -19"><span class='ocrx_word' id='word_1_303' title='bbox 420 2127 696 2193; x_wconf 89' lang='lat' dir='ltr'><strong>immolat;</strong></span> <span class='ocrx_word' id='word_1_304' title='bbox 745 2130 835 2196; x_wconf 89' lang='lat' dir='ltr'><strong>qui</strong></span> <span class='ocrx_word' id='word_1_305' title='bbox 880 2129 1019 2182; x_wconf 90' lang='lat' dir='ltr'><strong>inter</strong></span> <span class='ocrx_word' id='word_1_306' title='bbox 1051 2128 1212 2181; x_wconf 89' lang='lat' dir='ltr'><strong>Deum</strong></span> <span class='ocrx_word' id='word_1_307' title='bbox 1257 2138 1306 2181; x_wconf 92' lang='lat' dir='ltr'><strong>et</strong></span> <span class='ocrx_word' id='word_1_308' title='bbox 1344 2130 1587 2183; x_wconf 86' lang='lat' dir='ltr'><strong>homines</strong></span> <span class='ocrx_word' id='word_1_309' title='bbox 1617 2131 1823 2184; x_wconf 90' lang='lat' dir='ltr'><strong>medius</strong></span> <span class='ocrx_word' id='word_1_310' title='bbox 1846 2133 1957 2200; x_wconf 88' lang='lat' dir='ltr'><strong>qui-</strong></span> 
     </span>
    </p>
   </div>
   <div class='ocr_carea' id='block_1_38' title="bbox 419 2215 1951 2287">
    <p class='ocr_par' dir='ltr' id='par_1_38' title="bbox 419 2215 1951 2287">
     <span class='ocr_line' id='line_1_38' title="bbox 419 2215 1951 2287; baseline 0.003 -19"><span class='ocrx_word' id='word_1_311' title='bbox 419 2215 540 2268; x_wconf 90' lang='lat' dir='ltr'><strong>dam</strong></span> <span class='ocrx_word' id='word_1_312' title='bbox 576 2219 955 2284; x_wconf 88' lang='lat' dir='ltr'><strong>repropitiator</strong></span> <span class='ocrx_word' id='word_1_313' title='bbox 981 2215 1415 2286; x_wconf 83' lang='lat' dir='ltr'><strong>intervenit(‘50),</strong></span> <span class='ocrx_word' id='word_1_314' title='bbox 1435 2232 1535 2271; x_wconf 90' lang='lat' dir='ltr'><strong>nec</strong></span> <span class='ocrx_word' id='word_1_315' title='bbox 1564 2221 1682 2282; x_wconf 92' lang='lat' dir='ltr'><strong>iste,</strong></span> <span class='ocrx_word' id='word_1_316' title='bbox 1713 2221 1951 2287; x_wconf 90' lang='lat' dir='ltr'><strong>inquam,</strong></span> 
     </span>
    </p>
   </div>
   <div class='ocr_carea' id='block_1_39' title="bbox 419 2304 1958 2374">
    <p class='ocr_par' dir='ltr' id='par_1_39' title="bbox 419 2304 1958 2374">
     <span class='ocr_line' id='line_1_39' title="bbox 419 2304 1958 2374; baseline 0.005 -18"><span class='ocrx_word' id='word_1_317' title='bbox 419 2304 532 2373; x_wconf 88' lang='lat' dir='ltr'><strong>ipse</strong></span> <span class='ocrx_word' id='word_1_318' title='bbox 563 2306 814 2360; x_wconf 89' lang='lat' dir='ltr'><strong>immunis</strong></span> <span class='ocrx_word' id='word_1_319' title='bbox 841 2315 1018 2358; x_wconf 90' lang='lat' dir='ltr'><strong>manet</strong></span> <span class='ocrx_word' id='word_1_320' title='bbox 1043 2321 1070 2357; x_wconf 85' lang='lat' dir='ltr'><strong>a</strong></span> <span class='ocrx_word' id='word_1_321' title='bbox 1099 2307 1416 2372; x_wconf 86' lang='lat' dir='ltr'><strong>contagione</strong></span> <span class='ocrx_word' id='word_1_322' title='bbox 1444 2307 1671 2374; x_wconf 87' lang='lat' dir='ltr'><strong>peccati.</strong></span> <span class='ocrx_word' id='word_1_323' title='bbox 1700 2307 1804 2362; x_wconf 86' lang='lat' dir='ltr'><strong>Sed</strong></span> <span class='ocrx_word' id='word_1_324' title='bbox 1837 2311 1958 2364; x_wconf 85' lang='lat' dir='ltr'><strong>vide</strong></span> 
     </span>
    </p>
   </div>
   <div class='ocr_carea' id='block_1_40' title="bbox 419 2393 1955 2461">
    <p class='ocr_par' dir='ltr' id='par_1_40' title="bbox 419 2393 1955 2461">
     <span class='ocr_line' id='line_1_40' title="bbox 419 2393 1955 2461; baseline 0.004 -18"><span class='ocrx_word' id='word_1_325' title='bbox 419 2393 837 2446; x_wconf 88' lang='lat' dir='ltr'><strong>misericordiam</strong></span> <span class='ocrx_word' id='word_1_326' title='bbox 867 2393 981 2455; x_wconf 83' lang='lat' dir='ltr'><strong>Dei,</strong></span> <span class='ocrx_word' id='word_1_327' title='bbox 1012 2403 1067 2447; x_wconf 91' lang='lat' dir='ltr'><strong>et</strong></span> <span class='ocrx_word' id='word_1_328' title='bbox 1098 2394 1305 2461; x_wconf 78' lang='lat' dir='ltr'><strong>plenius</strong></span> <span class='ocrx_word' id='word_1_329' title='bbox 1336 2408 1453 2448; x_wconf 90' lang='lat' dir='ltr'><strong>eam</strong></span> <span class='ocrx_word' id='word_1_330' title='bbox 1473 2433 1487 2458; x_wconf 92' lang='lat'><strong>,</strong></span> <span class='ocrx_word' id='word_1_331' title='bbox 1519 2394 1682 2448; x_wconf 87' lang='lat' dir='ltr'><strong>Paulo</strong></span> <span class='ocrx_word' id='word_1_332' title='bbox 1711 2397 1955 2459; x_wconf 89' lang='lat' dir='ltr'><strong>docente,</strong></span> 
     </span>
    </p>
   </div>
   <div class='ocr_carea' id='block_1_41' title="bbox 418 2481 1954 2548">
    <p class='ocr_par' dir='ltr' id='par_1_41' title="bbox 418 2481 1954 2548">
     <span class='ocr_line' id='line_1_41' title="bbox 418 2481 1954 2548; baseline 0.003 -14"><span class='ocrx_word' id='word_1_333' title='bbox 418 2495 702 2548; x_wconf 79' lang='lat' dir='ltr'><strong>cognosce.</strong></span> <span class='ocrx_word' id='word_1_334' title='bbox 735 2484 848 2548; x_wconf 87' lang='lat' dir='ltr'><strong>Ipse</strong></span> <span class='ocrx_word' id='word_1_335' title='bbox 874 2481 1016 2534; x_wconf 91' lang='lat' dir='ltr'><strong>enim</strong></span> <span class='ocrx_word' id='word_1_336' title='bbox 1062 2482 1126 2534; x_wconf 90' lang='lat' dir='ltr'><strong>ad</strong></span> <span class='ocrx_word' id='word_1_337' title='bbox 1157 2481 1408 2536; x_wconf 70' lang='lat' dir='ltr'><strong>Hebrmos</strong></span> <span class='ocrx_word' id='word_1_338' title='bbox 1446 2483 1685 2537; x_wconf 88' lang='lat' dir='ltr'><strong>scribens</strong></span> <span class='ocrx_word' id='word_1_339' title='bbox 1713 2484 1841 2537; x_wconf 90' lang='lat' dir='ltr'><strong>dicit</strong></span> <span class='ocrx_word' id='word_1_340' title='bbox 1867 2486 1912 2520; x_wconf 72' lang='grc'>⁵³</span> <span class='ocrx_word' id='word_1_341' title='bbox 1943 2507 1954 2539; x_wconf 88' lang='grc'>;</span> 
     </span>
    </p>
   </div>
   <div class='ocr_carea' id='block_1_42' title="bbox 426 2571 1957 2642">
    <p class='ocr_par' dir='ltr' id='par_1_42' title="bbox 426 2571 1957 2642">
     <span class='ocr_line' id='line_1_42' title="bbox 426 2571 1957 2642; baseline 0.003 -19"><span class='ocrx_word' id='word_1_342' title='bbox 426 2589 445 2623; x_wconf 71' lang='grc' dir='ltr'><strong>ι</strong></span> <span class='ocrx_word' id='word_1_343' title='bbox 479 2572 664 2627; x_wconf 86' lang='lat' dir='ltr'><strong>Omnis</strong></span> <span class='ocrx_word' id='word_1_344' title='bbox 694 2585 918 2640; x_wconf 88' lang='lat' dir='ltr'><strong>namque</strong></span> <span class='ocrx_word' id='word_1_345' title='bbox 944 2571 1181 2640; x_wconf 75' lang='lat' dir='ltr'><strong>pontifex</strong></span> <span class='ocrx_word' id='word_1_346' title='bbox 1207 2573 1271 2625; x_wconf 91' lang='lat' dir='ltr'><strong>ab</strong></span> <span class='ocrx_word' id='word_1_347' title='bbox 1302 2573 1604 2626; x_wconf 76' lang='lat' dir='ltr'><strong>hominibus</strong></span> <span class='ocrx_word' id='word_1_348' title='bbox 1634 2583 1957 2642; x_wconf 86' lang='lat' dir='ltr'><strong>assumptus,</strong></span> 
     </span>
    </p>
   </div>
   <div class='ocr_carea' id='block_1_43' title="bbox 420 2644 1961 2727">
    <p class='ocr_par' dir='ltr' id='par_1_43' title="bbox 420 2644 1961 2727">
     <span class='ocr_line' id='line_1_43' title="bbox 420 2644 1961 2727; baseline 0.003 -17"><span class='ocrx_word' id='word_1_349' title='bbox 420 2673 519 2727; x_wconf 89' lang='lat' dir='ltr'><strong>pro</strong></span> <span class='ocrx_word' id='word_1_350' title='bbox 565 2644 874 2712; x_wconf 81' lang='lat' dir='ltr'><strong>hominibus</strong></span> <span class='ocrx_word' id='word_1_351' title='bbox 907 2659 1252 2712; x_wconf 81' lang='lat' dir='ltr'><strong>constituitur</strong></span> <span class='ocrx_word' id='word_1_352' title='bbox 1300 2659 1364 2713; x_wconf 85' lang='lat' dir='ltr'><strong>ad</strong></span> <span class='ocrx_word' id='word_1_353' title='bbox 1411 2657 1712 2713; x_wconf 81' lang='lat' dir='ltr'><strong>offerendas</strong></span> <span class='ocrx_word' id='word_1_354' title='bbox 1758 2661 1961 2715; x_wconf 84' lang='lat' dir='ltr'><strong>hostias</strong></span> 
     </span>
    </p>
   </div>
   <div class='ocr_carea' id='block_1_44' title="bbox 427 2747 1960 2816">
    <p class='ocr_par' dir='ltr' id='par_1_44' title="bbox 427 2747 1960 2816">
     <span class='ocr_line' id='line_1_44' title="bbox 427 2747 1960 2816; baseline 0.003 -17"><span class='ocrx_word' id='word_1_355' title='bbox 427 2748 552 2801; x_wconf 92' lang='lat' dir='ltr'><strong>Deo.</strong></span> <span class='ocrx_word' id='word_1_356' title='bbox 591 2767 609 2800; x_wconf 84' lang='grc'><strong>›</strong></span> <span class='ocrx_word' id='word_1_357' title='bbox 643 2747 708 2800; x_wconf 87' lang='grc' dir='ltr'>Ει</span> <span class='ocrx_word' id='word_1_358' title='bbox 757 2748 911 2816; x_wconf 90' lang='lat' dir='ltr'><strong>paulo</strong></span> <span class='ocrx_word' id='word_1_359' title='bbox 955 2757 1109 2816; x_wconf 90' lang='lat' dir='ltr'><strong>post:</strong></span> <span class='ocrx_word' id='word_1_360' title='bbox 1152 2766 1168 2798; x_wconf 76' lang='grc' dir='ltr'><strong>ι</strong></span> <span class='ocrx_word' id='word_1_361' title='bbox 1202 2748 1310 2801; x_wconf 88' lang='lat' dir='ltr'><strong>Lex</strong></span> <span class='ocrx_word' id='word_1_362' title='bbox 1337 2789 1352 2813; x_wconf 95' lang='lat'><strong>,</strong></span> <span class='ocrx_word' id='word_1_363' title='bbox 1401 2748 1570 2816; x_wconf 89' lang='lat' dir='ltr'><strong>inquit</strong></span> <span class='ocrx_word' id='word_1_364' title='bbox 1596 2751 1639 2780; x_wconf 83' lang='grc'><strong>⁶⁰</strong></span> <span class='ocrx_word' id='word_1_365' title='bbox 1665 2788 1680 2812; x_wconf 86' lang='grc'>,</span> <span class='ocrx_word' id='word_1_366' title='bbox 1716 2750 1960 2804; x_wconf 84' lang='lat' dir='ltr'><strong>homines</strong></span> 
     </span>
    </p>
   </div>
   <div class='ocr_carea' id='block_1_45' title="bbox 425 2834 1956 2898">
    <p class='ocr_par' dir='ltr' id='par_1_45' title="bbox 425 2834 1956 2898">
     <span class='ocr_line' id='line_1_45' title="bbox 425 2834 1956 2898; baseline 0.001 -11"><span class='ocrx_word' id='word_1_367' title='bbox 425 2835 701 2888; x_wconf 89' lang='lat' dir='ltr'><strong>constituit</strong></span> <span class='ocrx_word' id='word_1_368' title='bbox 748 2837 1052 2889; x_wconf 88' lang='lat' dir='ltr'><strong>sacerdotes</strong></span> <span class='ocrx_word' id='word_1_369' title='bbox 1109 2834 1470 2888; x_wconf 88' lang='lat' dir='ltr'><strong>inﬁrmitatem</strong></span> <span class='ocrx_word' id='word_1_370' title='bbox 1541 2835 1832 2898; x_wconf 85' lang='lat' dir='ltr'><strong>habentes,</strong></span> <span class='ocrx_word' id='word_1_371' title='bbox 1898 2848 1956 2890; x_wconf 88' lang='lat' dir='ltr'><strong>ut</strong></span> 
     </span>
    </p>
   </div>
   <div class='ocr_carea' id='block_1_46' title="bbox 425 2925 1960 2992">
    <p class='ocr_par' dir='ltr' id='par_1_46' title="bbox 425 2925 1960 2992">
     <span class='ocr_line' id='line_1_46' title="bbox 425 2925 1960 2992; baseline 0.003 -16"><span class='ocrx_word' id='word_1_372' title='bbox 425 2925 628 2992; x_wconf 85' lang='lat' dir='ltr'><strong>possint</strong></span> <span class='ocrx_word' id='word_1_373' title='bbox 653 2927 790 2978; x_wconf 90' lang='lat' dir='ltr'><strong>sicut</strong></span> <span class='ocrx_word' id='word_1_374' title='bbox 832 2940 927 2992; x_wconf 90' lang='lat' dir='ltr'><strong>pro</strong></span> <span class='ocrx_word' id='word_1_375' title='bbox 958 2941 1050 2978; x_wconf 85' lang='lat' dir='ltr'><strong>sua</strong></span> <span class='ocrx_word' id='word_1_376' title='bbox 1071 2968 1083 2990; x_wconf 90' lang='lat'><strong>,</strong></span> <span class='ocrx_word' id='word_1_377' title='bbox 1118 2925 1275 2978; x_wconf 91' lang='lat' dir='ltr'><strong>etiam</strong></span> <span class='ocrx_word' id='word_1_378' title='bbox 1308 2939 1406 2992; x_wconf 88' lang='lat' dir='ltr'><strong>pro</strong></span> <span class='ocrx_word' id='word_1_379' title='bbox 1437 2925 1611 2991; x_wconf 91' lang='lat' dir='ltr'><strong>populi</strong></span> <span class='ocrx_word' id='word_1_380' title='bbox 1648 2925 1960 2981; x_wconf 90' lang='lat' dir='ltr'><strong>inﬁrmitate</strong></span> 
     </span>
    </p>
   </div>
   <div class='ocr_carea' id='block_1_47' title="bbox 424 3015 1960 3087">
    <p class='ocr_par' dir='ltr' id='par_1_47' title="bbox 424 3015 1960 3087">
     <span class='ocr_line' id='line_1_47' title="bbox 424 3015 1960 3087; baseline 0.003 -19"><span class='ocrx_word' id='word_1_381' title='bbox 424 3015 632 3068; x_wconf 83' lang='lat' dir='ltr'><strong>offerre.</strong></span> <span class='ocrx_word' id='word_1_382' title='bbox 664 3016 854 3070; x_wconf 66' lang='lat' dir='ltr'><strong>iVides</strong></span> <span class='ocrx_word' id='word_1_383' title='bbox 883 3032 1009 3084; x_wconf 90' lang='lat' dir='ltr'><strong>ergo</strong></span> <span class='ocrx_word' id='word_1_384' title='bbox 1029 3017 1476 3086; x_wconf 86' lang='lat' dir='ltr'><strong>dispensationem</strong></span> <span class='ocrx_word' id='word_1_385' title='bbox 1519 3018 1708 3072; x_wconf 76' lang='lat' dir='ltr'><strong>divina:</strong></span> <span class='ocrx_word' id='word_1_386' title='bbox 1745 3021 1960 3087; x_wconf 85' lang='lat' dir='ltr'><strong>sapien-</strong></span> 
     </span>
    </p>
   </div>
   <div class='ocr_carea' id='block_1_48' title="bbox 427 3101 1964 3174">
    <p class='ocr_par' dir='ltr' id='par_1_48' title="bbox 427 3101 1964 3174">
     <span class='ocr_line' id='line_1_48' title="bbox 427 3101 1964 3174; baseline 0.004 -20"><span class='ocrx_word' id='word_1_387' title='bbox 427 3103 531 3155; x_wconf 69' lang='lat' dir='ltr'><strong>tiae.</strong></span> <span class='ocrx_word' id='word_1_388' title='bbox 560 3101 878 3156; x_wconf 78' lang='lat' dir='ltr'><strong>Sacerdotes</strong></span> <span class='ocrx_word' id='word_1_389' title='bbox 905 3107 1108 3166; x_wconf 88' lang='lat' dir='ltr'><strong>statuit,</strong></span> <span class='ocrx_word' id='word_1_390' title='bbox 1138 3119 1238 3156; x_wconf 93' lang='lat' dir='ltr'><strong>non</strong></span> <span class='ocrx_word' id='word_1_391' title='bbox 1275 3119 1366 3158; x_wconf 87' lang='lat' dir='ltr'><strong>cos</strong></span> <span class='ocrx_word' id='word_1_392' title='bbox 1395 3106 1483 3172; x_wconf 92' lang='lat' dir='ltr'><strong>qui</strong></span> <span class='ocrx_word' id='word_1_393' title='bbox 1515 3107 1819 3159; x_wconf 86' lang='lat' dir='ltr'><strong>omnimodo</strong></span> <span class='ocrx_word' id='word_1_394' title='bbox 1849 3121 1964 3174; x_wconf 90' lang='lat' dir='ltr'><strong>pec-</strong></span> 
     </span>
    </p>
   </div>
   <div class='ocr_carea' id='block_1_49' title="bbox 425 3194 1964 3262">
    <p class='ocr_par' dir='ltr' id='par_1_49' title="bbox 425 3194 1964 3262">
     <span class='ocr_line' id='line_1_49' title="bbox 425 3194 1964 3262; baseline 0.003 -19"><span class='ocrx_word' id='word_1_395' title='bbox 425 3205 550 3244; x_wconf 89' lang='lat' dir='ltr'><strong>care</strong></span> <span class='ocrx_word' id='word_1_396' title='bbox 578 3207 678 3244; x_wconf 91' lang='lat' dir='ltr'><strong>nou</strong></span> <span class='ocrx_word' id='word_1_397' title='bbox 702 3200 944 3258; x_wconf 88' lang='lat' dir='ltr'><strong>possent,</strong></span> <span class='ocrx_word' id='word_1_398' title='bbox 975 3194 1208 3262; x_wconf 85' lang='lat' dir='ltr'><strong>alioquin</strong></span> <span class='ocrx_word' id='word_1_399' title='bbox 1243 3211 1346 3247; x_wconf 91' lang='lat' dir='ltr'><strong>non</strong></span> <span class='ocrx_word' id='word_1_400' title='bbox 1372 3203 1550 3248; x_wconf 88' lang='lat' dir='ltr'><strong>essent</strong></span> <span class='ocrx_word' id='word_1_401' title='bbox 1579 3194 1841 3258; x_wconf 87' lang='lat' dir='ltr'><strong>homines,</strong></span> <span class='ocrx_word' id='word_1_402' title='bbox 1874 3198 1964 3249; x_wconf 88' lang='lat' dir='ltr'><strong>sed</strong></span> 
     </span>
    </p>
   </div>
   <div class='ocr_carea' id='block_1_50' title="bbox 427 3280 1966 3351">
    <p class='ocr_par' dir='ltr' id='par_1_50' title="bbox 427 3280 1966 3351">
     <span class='ocr_line' id='line_1_50' title="bbox 427 3280 1966 3351; baseline 0.004 -21"><span class='ocrx_word' id='word_1_403' title='bbox 427 3292 518 3332; x_wconf 85' lang='lat' dir='ltr'><strong>eos</strong></span> <span class='ocrx_word' id='word_1_404' title='bbox 547 3280 638 3346; x_wconf 89' lang='lat' dir='ltr'><strong>qui</strong></span> <span class='ocrx_word' id='word_1_405' title='bbox 667 3280 858 3332; x_wconf 89' lang='lat' dir='ltr'><strong>imitari</strong></span> <span class='ocrx_word' id='word_1_406' title='bbox 889 3283 1097 3348; x_wconf 85' lang='lat' dir='ltr'><strong>quidem</strong></span> <span class='ocrx_word' id='word_1_407' title='bbox 1123 3283 1351 3336; x_wconf 87' lang='lat' dir='ltr'><strong>debeant</strong></span> <span class='ocrx_word' id='word_1_408' title='bbox 1381 3282 1546 3346; x_wconf 84' lang='lat' dir='ltr'><strong>illum,</strong></span> <span class='ocrx_word' id='word_1_409' title='bbox 1568 3283 1654 3349; x_wconf 91' lang='lat' dir='ltr'><strong>qui</strong></span> <span class='ocrx_word' id='word_1_410' title='bbox 1687 3294 1966 3351; x_wconf 84' lang='lat' dir='ltr'><strong>peccatum</strong></span> 
     </span>
    </p>
   </div>
   <div class='ocr_carea' id='block_1_51' title="bbox 427 3365 1967 3438">
    <p class='ocr_par' dir='ltr' id='par_1_51' title="bbox 427 3365 1967 3438">
     <span class='ocr_line' id='line_1_51' title="bbox 427 3365 1967 3438; baseline 0.004 -20"><span class='ocrx_word' id='word_1_411' title='bbox 427 3381 534 3418; x_wconf 92' lang='lat' dir='ltr'><strong>non</strong></span> <span class='ocrx_word' id='word_1_412' title='bbox 572 3366 696 3419; x_wconf 91' lang='lat' dir='ltr'><strong>fecit</strong></span> <span class='ocrx_word' id='word_1_413' title='bbox 733 3383 746 3431; x_wconf 93' lang='lat'><strong>;</strong></span> <span class='ocrx_word' id='word_1_414' title='bbox 798 3365 992 3422; x_wconf 71' lang='lat' dir='ltr'><strong>oﬁ‘erre</strong></span> <span class='ocrx_word' id='word_1_415' title='bbox 1036 3367 1148 3438; x_wconf 77' lang='lat'><strong>(3|)</strong></span> <span class='ocrx_word' id='word_1_416' title='bbox 1202 3377 1375 3422; x_wconf 90' lang='lat' dir='ltr'><strong>autem</strong></span> <span class='ocrx_word' id='word_1_417' title='bbox 1427 3369 1630 3423; x_wconf 87' lang='lat' dir='ltr'><strong>hostias</strong></span> <span class='ocrx_word' id='word_1_418' title='bbox 1671 3370 1840 3438; x_wconf 88' lang='lat' dir='ltr'><strong>primo</strong></span> <span class='ocrx_word' id='word_1_419' title='bbox 1873 3384 1967 3438; x_wconf 91' lang='lat' dir='ltr'><strong>pro</strong></span> 
     </span>
    </p>
   </div>
   <div class='ocr_carea' id='block_1_52' title="bbox 429 3456 1968 3526">
    <p class='ocr_par' dir='ltr' id='par_1_52' title="bbox 429 3456 1968 3526">
     <span class='ocr_line' id='line_1_52' title="bbox 429 3456 1968 3526; baseline 0.004 -18"><span class='ocrx_word' id='word_1_420' title='bbox 429 3456 559 3516; x_wconf 76' lang='lat' dir='ltr'><strong>suis.</strong></span> <span class='ocrx_word' id='word_1_421' title='bbox 589 3464 769 3522; x_wconf 86' lang='lat' dir='ltr'><strong>postea</strong></span> <span class='ocrx_word' id='word_1_422' title='bbox 797 3470 893 3523; x_wconf 87' lang='lat' dir='ltr'><strong>pro</strong></span> <span class='ocrx_word' id='word_1_423' title='bbox 930 3457 1108 3525; x_wconf 81' lang='lat' dir='ltr'><strong>populi</strong></span> <span class='ocrx_word' id='word_1_424' title='bbox 1144 3457 1372 3512; x_wconf 85' lang='lat' dir='ltr'><strong>delictis.</strong></span> <span class='ocrx_word' id='word_1_425' title='bbox 1407 3456 1508 3510; x_wconf 91' lang='lat' dir='ltr'><strong>Sed</strong></span> <span class='ocrx_word' id='word_1_426' title='bbox 1543 3459 1666 3525; x_wconf 86' lang='lat' dir='ltr'><strong>quid</strong></span> <span class='ocrx_word' id='word_1_427' title='bbox 1707 3459 1968 3526; x_wconf 66' lang='lat' dir='ltr'><strong>praecipue</strong></span> 
     </span>
    </p>
   </div>
   <div class='ocr_carea' id='block_1_53' title="bbox 430 3540 1966 3606">
    <p class='ocr_par' dir='ltr' id='par_1_53' title="bbox 430 3540 1966 3606">
     <span class='ocr_line' id='line_1_53' title="bbox 430 3540 1966 3606; baseline 0.003 -12"><span class='ocrx_word' id='word_1_428' title='bbox 430 3542 485 3594; x_wconf 87' lang='lat' dir='ltr'><strong>in</strong></span> <span class='ocrx_word' id='word_1_429' title='bbox 518 3540 813 3606; x_wconf 87' lang='lat' dir='ltr'><strong>hujusmodi</strong></span> <span class='ocrx_word' id='word_1_430' title='bbox 844 3544 1123 3596; x_wconf 72' lang='lat' dir='ltr'><strong>sacerdote</strong></span> <span class='ocrx_word' id='word_1_431' title='bbox 1158 3544 1456 3595; x_wconf 88' lang='lat' dir='ltr'><strong>mirandum</strong></span> <span class='ocrx_word' id='word_1_432' title='bbox 1487 3545 1609 3597; x_wconf 90' lang='lat' dir='ltr'><strong>est?</strong></span> <span class='ocrx_word' id='word_1_433' title='bbox 1639 3560 1742 3598; x_wconf 89' lang='lat' dir='ltr'><strong>non</strong></span> <span class='ocrx_word' id='word_1_434' title='bbox 1779 3555 1836 3598; x_wconf 92' lang='lat' dir='ltr'><strong>ut</strong></span> <span class='ocrx_word' id='word_1_435' title='bbox 1863 3560 1966 3600; x_wconf 93' lang='lat' dir='ltr'><strong>non</strong></span> 
     </span>
    </p>
   </div>
   <div class='ocr_carea' id='block_1_54' title="bbox 429 3630 1970 3702">
    <p class='ocr_par' dir='ltr' id='par_1_54' title="bbox 429 3630 1970 3702">
     <span class='ocr_line' id='line_1_54' title="bbox 429 3630 1970 3702; baseline 0.003 -18"><span class='ocrx_word' id='word_1_436' title='bbox 429 3639 646 3697; x_wconf 87' lang='lat' dir='ltr'><strong>peccet,</strong></span> <span class='ocrx_word' id='word_1_437' title='bbox 681 3631 821 3698; x_wconf 87' lang='lat' dir='ltr'><strong>quod</strong></span> <span class='ocrx_word' id='word_1_438' title='bbox 855 3630 964 3682; x_wconf 86' lang='lat' dir='ltr'><strong>ﬁeri</strong></span> <span class='ocrx_word' id='word_1_439' title='bbox 999 3646 1100 3684; x_wconf 94' lang='lat' dir='ltr'><strong>non</strong></span> <span class='ocrx_word' id='word_1_440' title='bbox 1148 3639 1358 3699; x_wconf 89' lang='lat' dir='ltr'><strong>potest,</strong></span> <span class='ocrx_word' id='word_1_441' title='bbox 1387 3635 1480 3686; x_wconf 87' lang='lat' dir='ltr'><strong>sed</strong></span> <span class='ocrx_word' id='word_1_442' title='bbox 1526 3641 1582 3685; x_wconf 91' lang='lat' dir='ltr'><strong>ut</strong></span> <span class='ocrx_word' id='word_1_443' title='bbox 1623 3642 1887 3702; x_wconf 78' lang='lat' dir='ltr'><strong>agnoscat</strong></span> <span class='ocrx_word' id='word_1_444' title='bbox 1915 3645 1970 3689; x_wconf 91' lang='lat' dir='ltr'><strong>et</strong></span> 
     </span>
    </p>
   </div>
   <div class='ocr_carea' id='block_1_55' title="bbox 431 3718 1970 3788">
    <p class='ocr_par' dir='ltr' id='par_1_55' title="bbox 431 3718 1970 3788">
     <span class='ocr_line' id='line_1_55' title="bbox 431 3718 1970 3788; baseline 0.003 -15"><span class='ocrx_word' id='word_1_445' title='bbox 431 3718 687 3787; x_wconf 79' lang='lat' dir='ltr'><strong>intelligat</strong></span> <span class='ocrx_word' id='word_1_446' title='bbox 711 3729 982 3788; x_wconf 90' lang='lat' dir='ltr'><strong>peccatum</strong></span> <span class='ocrx_word' id='word_1_447' title='bbox 1019 3733 1190 3772; x_wconf 90' lang='lat' dir='ltr'><strong>suum.</strong></span> <span class='ocrx_word' id='word_1_448' title='bbox 1218 3719 1496 3788; x_wconf 85' lang='lat' dir='ltr'><strong>Nunquam</strong></span> <span class='ocrx_word' id='word_1_449' title='bbox 1531 3722 1674 3774; x_wconf 91' lang='lat' dir='ltr'><strong>enim</strong></span> <span class='ocrx_word' id='word_1_450' title='bbox 1709 3737 1766 3776; x_wconf 88' lang='lat' dir='ltr'><strong>se</strong></span> <span class='ocrx_word' id='word_1_451' title='bbox 1789 3738 1970 3776; x_wconf 79' lang='lat' dir='ltr'><strong>einen-</strong></span> 
     </span>
    </p>
   </div>
   <div class='ocr_carea' id='block_1_56' title="bbox 431 3809 1969 3879">
    <p class='ocr_par' dir='ltr' id='par_1_56' title="bbox 431 3809 1969 3879">
     <span class='ocr_line' id='line_1_56' title="bbox 431 3809 1969 3879; baseline 0.003 -20"><span class='ocrx_word' id='word_1_452' title='bbox 431 3809 542 3870; x_wconf 90' lang='lat' dir='ltr'><strong>dat,</strong></span> <span class='ocrx_word' id='word_1_453' title='bbox 566 3809 654 3875; x_wconf 90' lang='lat' dir='ltr'><strong>qui</strong></span> <span class='ocrx_word' id='word_1_454' title='bbox 681 3823 932 3876; x_wconf 88' lang='lat' dir='ltr'><strong>peccasse</strong></span> <span class='ocrx_word' id='word_1_455' title='bbox 959 3823 1016 3862; x_wconf 90' lang='lat' dir='ltr'><strong>se</strong></span> <span class='ocrx_word' id='word_1_456' title='bbox 1045 3824 1148 3862; x_wconf 91' lang='lat' dir='ltr'><strong>non</strong></span> <span class='ocrx_word' id='word_1_457' title='bbox 1180 3819 1348 3876; x_wconf 89' lang='lat' dir='ltr'><strong>putat.</strong></span> <span class='ocrx_word' id='word_1_458' title='bbox 1381 3810 1553 3863; x_wconf 83' lang='lat' dir='ltr'><strong>Simul</strong></span> <span class='ocrx_word' id='word_1_459' title='bbox 1591 3812 1714 3879; x_wconf 90' lang='lat' dir='ltr'><strong>quia</strong></span> <span class='ocrx_word' id='word_1_460' title='bbox 1743 3820 1796 3864; x_wconf 94' lang='lat' dir='ltr'><strong>et</strong></span> <span class='ocrx_word' id='word_1_461' title='bbox 1837 3811 1969 3864; x_wconf 84' lang='lat' dir='ltr'><strong>faci-</strong></span> 
     </span>
    </p>
   </div>
   <div class='ocr_carea' id='block_1_57' title="bbox 432 3895 1972 3967">
    <p class='ocr_par' dir='ltr' id='par_1_57' title="bbox 432 3895 1972 3967">
     <span class='ocr_line' id='line_1_57' title="bbox 432 3895 1972 3967; baseline 0.002 -18"><span class='ocrx_word' id='word_1_462' title='bbox 432 3895 535 3949; x_wconf 82' lang='lat' dir='ltr'><strong>lius</strong></span> <span class='ocrx_word' id='word_1_463' title='bbox 576 3905 752 3963; x_wconf 90' lang='lat' dir='ltr'><strong>potest</strong></span> <span class='ocrx_word' id='word_1_464' title='bbox 795 3897 1068 3964; x_wconf 86' lang='lat' dir='ltr'><strong>indulgere</strong></span> <span class='ocrx_word' id='word_1_465' title='bbox 1110 3899 1478 3964; x_wconf 84' lang='lat' dir='ltr'><strong>peccantibus,</strong></span> <span class='ocrx_word' id='word_1_466' title='bbox 1529 3899 1573 3951; x_wconf 90' lang='lat' dir='ltr'><strong>is</strong></span> <span class='ocrx_word' id='word_1_467' title='bbox 1614 3899 1703 3965; x_wconf 87' lang='lat' dir='ltr'><strong>qui</strong></span> <span class='ocrx_word' id='word_1_468' title='bbox 1749 3899 1972 3967; x_wconf 86' lang='lat' dir='ltr'><strong>alicujus</strong></span> 
     </span>
    </p>
   </div>
   <div class='ocr_carea' id='block_1_58' title="bbox 434 3985 1972 4052">
    <p class='ocr_par' dir='ltr' id='par_1_58' title="bbox 434 3985 1972 4052">
     <span class='ocr_line' id='line_1_58' title="bbox 434 3985 1972 4052; baseline 0.003 -14"><span class='ocrx_word' id='word_1_469' title='bbox 434 3986 765 4038; x_wconf 84' lang='lat' dir='ltr'><strong>infirmitatis</strong></span> <span class='ocrx_word' id='word_1_470' title='bbox 809 3999 917 4037; x_wconf 67' lang='lat' dir='ltr'><strong>suae</strong></span> <span class='ocrx_word' id='word_1_471' title='bbox 956 3985 1280 4037; x_wconf 87' lang='lat' dir='ltr'><strong>conscientia</strong></span> <span class='ocrx_word' id='word_1_472' title='bbox 1334 3988 1692 4041; x_wconf 89' lang='lat' dir='ltr'><strong>remordetur.</strong></span> <span class='ocrx_word' id='word_1_473' title='bbox 1734 3986 1860 4052; x_wconf 73' lang='lat' dir='ltr'><strong>Qua:</strong></span> <span class='ocrx_word' id='word_1_474' title='bbox 1891 3999 1972 4042; x_wconf 90' lang='lat' dir='ltr'><strong>est</strong></span> 
     </span>
    </p>
   </div>
   <div class='ocr_carea' id='block_1_59' title="bbox 436 4071 1972 4141">
    <p class='ocr_par' dir='ltr' id='par_1_59' title="bbox 436 4071 1972 4141">
     <span class='ocr_line' id='line_1_59' title="bbox 436 4071 1972 4141; baseline -0.001 -14"><span class='ocrx_word' id='word_1_475' title='bbox 436 4086 613 4128; x_wconf 82' lang='lat' dir='ltr'><strong>autent</strong></span> <span class='ocrx_word' id='word_1_476' title='bbox 639 4071 840 4127; x_wconf 88' lang='lat' dir='ltr'><strong>oblatio</strong></span> <span class='ocrx_word' id='word_1_477' title='bbox 876 4071 1172 4125; x_wconf 89' lang='lat' dir='ltr'><strong>sacerdotis</strong></span> <span class='ocrx_word' id='word_1_478' title='bbox 1203 4088 1297 4140; x_wconf 92' lang='lat' dir='ltr'><strong>pro</strong></span> <span class='ocrx_word' id='word_1_479' title='bbox 1331 4085 1551 4141; x_wconf 89' lang='lat' dir='ltr'><strong>peccato</strong></span> <span class='ocrx_word' id='word_1_480' title='bbox 1579 4074 1601 4125; x_wconf 83' lang='lat'><strong>?</strong></span> <span class='ocrx_word' id='word_1_481' title='bbox 1631 4071 1858 4136; x_wconf 82' lang='lat' dir='ltr'><strong>Vitulus,</strong></span> <span class='ocrx_word' id='word_1_482' title='bbox 1892 4075 1972 4126; x_wconf 89' lang='lat' dir='ltr'><strong>in-</strong></span> 
     </span>
    </p>
   </div>
   <div class='ocr_carea' id='block_1_60' title="bbox 436 4159 1973 4231">
    <p class='ocr_par' dir='ltr' id='par_1_60' title="bbox 436 4159 1973 4231">
     <span class='ocr_line' id='line_1_60' title="bbox 436 4159 1973 4231; baseline 0.003 -19"><span class='ocrx_word' id='word_1_483' title='bbox 436 4163 572 4231; x_wconf 87' lang='lat' dir='ltr'><strong>quit,</strong></span> <span class='ocrx_word' id='word_1_484' title='bbox 599 4163 663 4214; x_wconf 91' lang='lat' dir='ltr'><strong>ad</strong></span> <span class='ocrx_word' id='word_1_485' title='bbox 691 4160 1079 4212; x_wconf 88' lang='lat' dir='ltr'><strong>holocaustum.</strong></span> <span class='ocrx_word' id='word_1_486' title='bbox 1118 4159 1364 4214; x_wconf 90' lang='lat' dir='ltr'><strong>Secundo</strong></span> <span class='ocrx_word' id='word_1_487' title='bbox 1397 4162 1702 4226; x_wconf 85' lang='lat' dir='ltr'><strong>invenimus</strong></span> <span class='ocrx_word' id='word_1_488' title='bbox 1725 4161 1905 4215; x_wconf 82' lang='lat' dir='ltr'><strong>offerri</strong></span> <span class='ocrx_word' id='word_1_489' title='bbox 1943 4179 1973 4217; x_wconf 88' lang='lat' dir='ltr'><strong>a</strong></span> 
     </span>
    </p>
   </div>
   <div class='ocr_carea' id='block_1_61' title="bbox 438 4247 1974 4318">
    <p class='ocr_par' dir='ltr' id='par_1_61' title="bbox 438 4247 1974 4318">
     <span class='ocr_line' id='line_1_61' title="bbox 438 4247 1974 4318; baseline 0.003 -17"><span class='ocrx_word' id='word_1_490' title='bbox 438 4250 691 4317; x_wconf 88' lang='lat' dir='ltr'><strong>pontiﬁce</strong></span> <span class='ocrx_word' id='word_1_491' title='bbox 727 4247 946 4299; x_wconf 89' lang='lat' dir='ltr'><strong>vitulmn</strong></span> <span class='ocrx_word' id='word_1_492' title='bbox 990 4247 1041 4298; x_wconf 90' lang='lat' dir='ltr'><strong>in</strong></span> <span class='ocrx_word' id='word_1_493' title='bbox 1087 4247 1494 4315; x_wconf 90' lang='lat' dir='ltr'><strong>holocaustum,</strong></span> <span class='ocrx_word' id='word_1_494' title='bbox 1525 4250 1689 4304; x_wconf 89' lang='lat' dir='ltr'><strong>semel</strong></span> <span class='ocrx_word' id='word_1_495' title='bbox 1727 4265 1822 4318; x_wconf 90' lang='lat' dir='ltr'><strong>pro</strong></span> <span class='ocrx_word' id='word_1_496' title='bbox 1850 4266 1974 4317; x_wconf 83' lang='lat' dir='ltr'><strong>pec-</strong></span> 
     </span>
    </p>
   </div>
   <div class='ocr_carea' id='block_1_62' title="bbox 505 4381 1976 4448">
    <p class='ocr_par' dir='ltr' id='par_1_62' title="bbox 505 4381 1976 4448">
     <span class='ocr_line' id='line_1_62' title="bbox 505 4381 1976 4448; baseline 0.005 -15"><span class='ocrx_word' id='word_1_497' title='bbox 505 4383 552 4414; x_wconf 80' lang='grc'>⁸⁸</span> <span class='ocrx_word' id='word_1_498' title='bbox 579 4381 748 4434; x_wconf 87' lang='lat' dir='ltr'><strong>Levit.</strong></span> <span class='ocrx_word' id='word_1_499' title='bbox 783 4395 854 4443; x_wconf 80' lang='lat' dir='ltr'><strong>tv,</strong></span> <span class='ocrx_word' id='word_1_500' title='bbox 883 4383 936 4434; x_wconf 83' lang='grc'><strong>’5.</strong></span> <span class='ocrx_word' id='word_1_501' title='bbox 1009 4381 1054 4413; x_wconf 76' lang='grc'>⁸⁸</span> <span class='ocrx_word' id='word_1_502' title='bbox 1083 4381 1245 4437; x_wconf 83' lang='lat' dir='ltr'><strong>Hebr.</strong></span> <span class='ocrx_word' id='word_1_503' title='bbox 1273 4399 1328 4448; x_wconf 73' lang='grc' dir='ltr'><strong>ν,</strong></span> <span class='ocrx_word' id='word_1_504' title='bbox 1360 4385 1411 4438; x_wconf 75' lang='grc'><strong>1.</strong></span> <span class='ocrx_word' id='word_1_505' title='bbox 1496 4386 1540 4417; x_wconf 81' lang='grc'><strong>⁶⁰</strong></span> <span class='ocrx_word' id='word_1_506' title='bbox 1572 4383 1734 4439; x_wconf 84' lang='lat' dir='ltr'><strong>Hebr.</strong></span> <span class='ocrx_word' id='word_1_507' title='bbox 1763 4399 1856 4448; x_wconf 91' lang='lat' dir='ltr'><strong>vn,</strong></span> <span class='ocrx_word' id='word_1_508' title='bbox 1884 4387 1976 4441; x_wconf 71' lang='lat'><strong>28.</strong></span> 
     </span>
    </p>
   </div>
   <div class='ocr_carea' id='block_1_63' title="bbox 509 4497 3089 4581">
    <p class='ocr_par' dir='ltr' id='par_1_63' title="bbox 509 4497 3089 4581">
     <span class='ocr_line' id='line_1_63' title="bbox 509 4497 3089 4581; baseline 0.006 -31"><span class='ocrx_word' id='word_1_509' title='bbox 509 4497 739 4581; x_wconf 33' lang='lat' dir='ltr'><strong>(59‘)‘Q‘ui</strong></span> <span class='ocrx_word' id='word_1_510' title='bbox 768 4498 902 4581; x_wconf 65' lang='lat' dir='ltr'><strong>inter</strong></span> <span class='ocrx_word' id='word_1_511' title='bbox 937 4497 1098 4581; x_wconf 64' lang='lat' dir='ltr'><strong>Deum</strong></span> <span class='ocrx_word' id='word_1_512' title='bbox 1122 4509 1166 4581; x_wconf 70' lang='lat' dir='ltr'><strong>et</strong></span> <span class='ocrx_word' id='word_1_513' title='bbox 1192 4500 1420 4581; x_wconf 56' lang='grc' dir='ltr'><strong>Ιιςξηὶῃεε</strong></span> <span class='ocrx_word' id='word_1_514' title='bbox 1443 4502 1642 4581; x_wconf 50' lang='grc' dir='ltr'><strong>ηἷεάὶιιε</strong></span> <span class='ocrx_word' id='word_1_515' title='bbox 1660 4500 1867 4581; x_wconf 64' lang='lat' dir='ltr'><strong>quidam</strong></span> <span class='ocrx_word' id='word_1_516' title='bbox 1893 4519 1971 4581; x_wconf 74' lang='lat' dir='ltr'><strong>r_e-</strong></span> <span class='ocrx_word' id='word_1_517' title='bbox 2004 4505 2047 4557; x_wconf 96' lang='lat' dir='ltr'><strong>D</strong></span> <span class='ocrx_word' id='word_1_518' title='bbox 2076 4519 2136 4566; x_wconf 88' lang='lat' dir='ltr'><strong>v;</strong></span> <span class='ocrx_word' id='word_1_519' title='bbox 2175 4502 2718 4581; x_wconf 51' lang='lat' dir='ltr'><strong>Hieronymusepist.</strong></span> <span class='ocrx_word' id='word_1_520' title='bbox 2753 4506 2884 4571; x_wconf 70' lang='lat'><strong>1‘28,</strong></span> <span class='ocrx_word' id='word_1_521' title='bbox 2912 4519 2972 4563; x_wconf 90' lang='lat' dir='ltr'><strong>et</strong></span> <span class='ocrx_word' id='word_1_522' title='bbox 2992 4515 3089 4581; x_wconf 18' lang='lat' dir='ltr'><strong>Aad</strong></span> 
     </span>
    </p>
   </div>
   <div class='ocr_carea' id='block_1_64' title="bbox 439 4566 1973 4637">
    <p class='ocr_par' dir='ltr' id='par_1_64' title="bbox 439 4566 1973 4637">
     <span class='ocr_line' id='line_1_64' title="bbox 439 4566 1973 4637; baseline 0.003 -19"><span class='ocrx_word' id='word_1_523' title='bbox 439 4566 748 4637; x_wconf 77' lang='lat' dir='ltr'><strong>prepitiator</strong></span> <span class='ocrx_word' id='word_1_524' title='bbox 762 4567 1064 4637; x_wconf 49' lang='lat' dir='ltr'><strong>Intervenit.</strong></span> <span class='ocrx_word' id='word_1_525' title='bbox 1099 4576 1202 4637; x_wconf 65' lang='lat' dir='ltr'><strong>etc.</strong></span> <span class='ocrx_word' id='word_1_526' title='bbox 1237 4566 1639 4637; x_wconf 15' lang='lat' dir='ltr'><strong>Eodcmrferme</strong></span> <span class='ocrx_word' id='word_1_527' title='bbox 1663 4566 1819 4637; x_wconf 67' lang='lat' dir='ltr'><strong>[nodo</strong></span> <span class='ocrx_word' id='word_1_528' title='bbox 1849 4579 1973 4624; x_wconf 87' lang='lat' dir='ltr'><strong>ante</strong></span> 
     </span>
    </p>
   </div>
   <div class='ocr_carea' id='block_1_65' title="bbox 441 4632 1976 4701">
    <p class='ocr_par' dir='ltr' id='par_1_65' title="bbox 441 4632 1976 4701">
     <span class='ocr_line' id='line_1_65' title="bbox 441 4632 1976 4701; baseline 0.002 -16"><span class='ocrx_word' id='word_1_529' title='bbox 441 4632 726 4701; x_wconf 73' lang='lat' dir='ltr'><strong>Origenem</strong></span> <span class='ocrx_word' id='word_1_530' title='bbox 762 4632 908 4684; x_wconf 85' lang='lat' dir='ltr'><strong>Philo</strong></span> <span class='ocrx_word' id='word_1_531' title='bbox 933 4632 1143 4686; x_wconf 79' lang='lat' dir='ltr'><strong>Judzens</strong></span> <span class='ocrx_word' id='word_1_532' title='bbox 1174 4634 1408 4701; x_wconf 89' lang='lat' dir='ltr'><strong>loquitur</strong></span> <span class='ocrx_word' id='word_1_533' title='bbox 1448 4636 1542 4686; x_wconf 90' lang='lat' dir='ltr'><strong>lib.</strong></span> <span class='ocrx_word' id='word_1_534' title='bbox 1581 4652 1617 4688; x_wconf 82' lang='grc' dir='ltr'><strong>ιι</strong></span> <span class='ocrx_word' id='word_1_535' title='bbox 1654 4635 1726 4688; x_wconf 87' lang='lat' dir='ltr'><strong>De</strong></span> <span class='ocrx_word' id='word_1_536' title='bbox 1757 4635 1976 4688; x_wconf 78' lang='lat' dir='ltr'><strong>Menar-</strong></span> 
     </span>
    </p>
   </div>
   <div class='ocr_carea' id='block_1_66' title="bbox 441 4699 1983 4820">
    <p class='ocr_par' dir='ltr' id='par_1_66' title="bbox 441 4699 1983 4820">
     <span class='ocr_line' id='line_1_66' title="bbox 441 4699 1983 4820; baseline -0.001 -65"><span class='ocrx_word' id='word_1_537' title='bbox 441 4699 556 4756; x_wconf 66' lang='lat' dir='ltr'><strong>una</strong></span> <span class='ocrx_word' id='word_1_538' title='bbox 576 4714 594 4750; x_wconf 91' lang='lat'><strong><em>:</em></strong></span> <span class='ocrx_word' id='word_1_539' title='bbox 622 4699 867 4750; x_wconf 80' lang='grc' dir='ltr'><strong>Βούλεται</strong></span> <span class='ocrx_word' id='word_1_540' title='bbox 893 4701 980 4752; x_wconf 86' lang='grc' dir='ltr'>τὸν</span> <span class='ocrx_word' id='word_1_541' title='bbox 1011 4699 1264 4820; x_wconf 57' lang='grc' dir='ltr'><strong>ἀρχιεὲἐὰ.</strong></span> <span class='ocrx_word' id='word_1_542' title='bbox 1287 4705 1315 4754; x_wconf 81' lang='grc' dir='ltr'>ὁ</span> <span class='ocrx_word' id='word_1_543' title='bbox 1338 4703 1494 4770; x_wconf 82' lang='grc' dir='ltr'><strong>νόμος</strong></span> <span class='ocrx_word' id='word_1_544' title='bbox 1527 4703 1764 4771; x_wconf 75' lang='grc' dir='ltr'>μείζονος</span> <span class='ocrx_word' id='word_1_545' title='bbox 1796 4721 1983 4772; x_wconf 85' lang='grc' dir='ltr'>μεμοι-</span> 
     </span>
     <span class='ocr_line' id='line_1_67' title="bbox 445 4768 1981 4820; baseline 0 0"><span class='ocrx_word' id='word_1_546' title='bbox 445 4769 634 4820; x_wconf 67' lang='lat' dir='ltr'><strong>aiebat</strong></span> <span class='ocrx_word' id='word_1_547' title='bbox 683 4769 888 4820; x_wconf 68' lang='grc' dir='ltr'><strong>φύσεως</strong></span> <span class='ocrx_word' id='word_1_548' title='bbox 919 4768 949 4820; x_wconf 80' lang='grc' dir='ltr'>ἢ</span> <span class='ocrx_word' id='word_1_549' title='bbox 983 4772 1119 4820; x_wconf 86' lang='grc' dir='ltr'><strong>κατά</strong></span> <span class='ocrx_word' id='word_1_550' title='bbox 1201 4769 1470 4820; x_wconf 79' lang='grc' dir='ltr'><strong>νθοωπον.</strong></span> <span class='ocrx_word' id='word_1_551' title='bbox 1508 4770 1778 4820; x_wconf 76' lang='grc' dir='ltr'><strong>ἐγγυτέρω</strong></span> <span class='ocrx_word' id='word_1_552' title='bbox 1817 4789 1981 4820; x_wconf 77' lang='grc' dir='ltr'>ποοσ-</span> 
     </span>
    </p>
   </div>
   <div class='ocr_carea' id='block_1_67' title="bbox 444 4768 1981 4918">
    <p class='ocr_par' dir='ltr' id='par_1_67' title="bbox 444 4768 1981 4918">
     <span class='ocr_line' id='line_1_68' title="bbox 444 4768 1981 4845; baseline 0 -23"><span class='ocrx_word' id='word_1_553' title='bbox 444 4769 634 4841; x_wconf 75' lang='grc' dir='ltr'><strong>ρᾶσθαι</strong></span> <span class='ocrx_word' id='word_1_554' title='bbox 659 4769 888 4845; x_wconf 62' lang='grc' dir='ltr'><strong>⁵(ιςύςιέιιυς</strong></span> <span class='ocrx_word' id='word_1_555' title='bbox 919 4768 950 4837; x_wconf 85' lang='grc' dir='ltr'>ἢ</span> <span class='ocrx_word' id='word_1_556' title='bbox 983 4768 1119 4821; x_wconf 66' lang='grc' dir='ltr'><strong>καὶά</strong></span> <span class='ocrx_word' id='word_1_557' title='bbox 1166 4768 1470 4838; x_wconf 78' lang='grc' dir='ltr'><strong>ἄνθρωπόν,</strong></span> <span class='ocrx_word' id='word_1_558' title='bbox 1508 4768 1778 4839; x_wconf 66' lang='grc' dir='ltr'><strong>ἐγγυτέρω</strong></span> <span class='ocrx_word' id='word_1_559' title='bbox 1798 4768 1981 4839; x_wconf 67' lang='grc' dir='ltr'><strong>’προσ-</strong></span> 
     </span>
     <span class='ocr_line' id='line_1_69' title="bbox 447 4835 1975 4918; baseline 0.001 -28"><span class='ocrx_word' id='word_1_560' title='bbox 447 4839 610 4918; x_wconf 49' lang='grc' dir='ltr'><strong>ιόντα.</strong></span> <span class='ocrx_word' id='word_1_561' title='bbox 626 4851 721 4918; x_wconf 72' lang='grc' dir='ltr'><strong>τηὲ</strong></span> <span class='ocrx_word' id='word_1_562' title='bbox 756 4835 929 4918; x_wconf 46' lang='lat' dir='ltr'><strong>(legas,</strong></span> <span class='ocrx_word' id='word_1_563' title='bbox 977 4837 1250 4918; x_wconf 58' lang='lat' dir='ltr'><strong>pseéptov,</strong></span> <span class='ocrx_word' id='word_1_564' title='bbox 1287 4841 1334 4918; x_wconf 50' lang='lat' dir='ltr'><strong>ei</strong></span> <span class='ocrx_word' id='word_1_565' title='bbox 1366 4839 1444 4918; x_wconf 64' lang='grc' dir='ltr'><strong>ξεῖ</strong></span> <span class='ocrx_word' id='word_1_566' title='bbox 1478 4839 1524 4888; x_wconf 87' lang='grc' dir='ltr'><strong>τ’</strong></span> <span class='ocrx_word' id='word_1_567' title='bbox 1559 4838 1975 4918; x_wconf 35' lang='grc' dir='ltr'><strong>ἀληθὲς-λέγειν,</strong></span> 
     </span>
    </p>
   </div>
   <div class='ocr_carea' id='block_1_68' title="bbox 442 4903 1982 4975">
    <p class='ocr_par' dir='ltr' id='par_1_68' title="bbox 442 4903 1982 4975">
     <span class='ocr_line' id='line_1_70' title="bbox 442 4903 1982 4975; baseline 0.001 -17"><span class='ocrx_word' id='word_1_568' title='bbox 442 4906 659 4975; x_wconf 48' lang='grc' dir='ltr'><strong>ἀμφρίἳ,</strong></span> <span class='ocrx_word' id='word_1_569' title='bbox 695 4903 778 4975; x_wconf 64' lang='grc' dir='ltr'><strong>ἴνρι</strong></span> <span class='ocrx_word' id='word_1_570' title='bbox 805 4903 1266 4975; x_wconf 28' lang='grc' dir='ltr'><strong>διὰμμέᾳουλτινὸς</strong></span> <span class='ocrx_word' id='word_1_571' title='bbox 1299 4906 1566 4975; x_wconf 79' lang='grc' dir='ltr'><strong>ἄνθρωποι</strong></span> <span class='ocrx_word' id='word_1_572' title='bbox 1603 4903 1699 4975; x_wconf 71' lang='grc' dir='ltr'><strong>μὲν</strong></span> <span class='ocrx_word' id='word_1_573' title='bbox 1735 4903 1982 4959; x_wconf 65' lang='grc' dir='ltr'><strong>ἱλάσκων-</strong></span> 
     </span>
    </p>
   </div>
   <div class='ocr_carea' id='block_1_69' title="bbox 444 4923 1980 5044">
    <p class='ocr_par' dir='ltr' id='par_1_69' title="bbox 444 4923 1980 5044">
     <span class='ocr_line' id='line_1_71' title="bbox 444 4923 1980 4975; baseline 0.001 -17"><span class='ocrx_word' id='word_1_574' title='bbox 444 4923 659 4973; x_wconf 80' lang='grc' dir='ltr'><strong>αμφοιν,</strong></span> <span class='ocrx_word' id='word_1_575' title='bbox 696 4923 778 4954; x_wconf 84' lang='grc' dir='ltr'><strong>ινα</strong></span> <span class='ocrx_word' id='word_1_576' title='bbox 810 4923 896 4955; x_wconf 78' lang='lat' dir='ltr'><strong>uta</strong></span> <span class='ocrx_word' id='word_1_577' title='bbox 935 4923 1095 4972; x_wconf 85' lang='grc' dir='ltr'>μεσου</span> <span class='ocrx_word' id='word_1_578' title='bbox 1127 4923 1266 4968; x_wconf 87' lang='grc' dir='ltr'><strong>τινος</strong></span> <span class='ocrx_word' id='word_1_579' title='bbox 1299 4923 1394 4958; x_wconf 80' lang='lat' dir='ltr'><strong>ath</strong></span> <span class='ocrx_word' id='word_1_580' title='bbox 1433 4924 1566 4958; x_wconf 88' lang='grc' dir='ltr'>ωποι</span> <span class='ocrx_word' id='word_1_581' title='bbox 1603 4923 1699 4975; x_wconf 83' lang='grc' dir='ltr'>μεν</span> <span class='ocrx_word' id='word_1_582' title='bbox 1736 4923 1980 4959; x_wconf 63' lang='lat' dir='ltr'><strong>macrwa-</strong></span> 
     </span>
     <span class='ocr_line' id='line_1_72' title="bbox 444 4923 1980 5044; baseline 0.001 -19"><span class='ocrx_word' id='word_1_583' title='bbox 444 4991 538 5044; x_wconf 65' lang='lat' dir='ltr'><strong>1at</strong></span> <span class='ocrx_word' id='word_1_584' title='bbox 557 4970 704 5044; x_wconf 69' lang='lat' dir='ltr'><strong>@sbv.</strong></span> <span class='ocrx_word' id='word_1_585' title='bbox 732 4972 859 5032; x_wconf 79' lang='grc' dir='ltr'>Θεὸς</span> <span class='ocrx_word' id='word_1_586' title='bbox 888 4972 942 5044; x_wconf 68' lang='grc' dir='ltr'><strong>δὲ</strong></span> <span class='ocrx_word' id='word_1_587' title='bbox 961 4974 1065 5044; x_wconf 36' lang='grc' dir='ltr'><strong>-τὰς</strong></span> <span class='ocrx_word' id='word_1_588' title='bbox 1084 4975 1306 5043; x_wconf 84' lang='grc' dir='ltr'><strong>χάριτας</strong></span> <span class='ocrx_word' id='word_1_589' title='bbox 1325 4923 1624 5044; x_wconf 54' lang='grc' dir='ltr'><strong>ἁνϐρὼπρις</strong></span> <span class='ocrx_word' id='word_1_590' title='bbox 1651 4975 1980 5044; x_wconf 84' lang='grc' dir='ltr'>ὑποδιακόνῳ</span> 
     </span>
    </p>
   </div>
   <div class='ocr_carea' id='block_1_70' title="bbox 445 5037 1976 5113">
    <p class='ocr_par' dir='ltr' id='par_1_70' title="bbox 445 5037 1976 5113">
     <span class='ocr_line' id='line_1_73' title="bbox 445 5037 1976 5113; baseline 0.001 -20"><span class='ocrx_word' id='word_1_591' title='bbox 445 5041 550 5094; x_wconf 75' lang='grc' dir='ltr'><strong>τινὶ</strong></span> <span class='ocrx_word' id='word_1_592' title='bbox 583 5037 852 5113; x_wconf 77' lang='grc' dir='ltr'><strong>χρώμενος</strong></span> <span class='ocrx_word' id='word_1_593' title='bbox 884 5041 1047 5112; x_wconf 80' lang='grc' dir='ltr'><strong>ὁρέγῃ</strong></span> <span class='ocrx_word' id='word_1_594' title='bbox 1082 5037 1172 5094; x_wconf 53' lang='lat' dir='ltr'><strong>irai</strong></span> <span class='ocrx_word' id='word_1_595' title='bbox 1214 5037 1439 5113; x_wconf 71' lang='grc' dir='ltr'><strong>χορηγῇξ</strong></span> <span class='ocrx_word' id='word_1_596' title='bbox 1485 5061 1501 5092; x_wconf 69' lang='grc' dir='ltr'><strong>ι</strong></span> <span class='ocrx_word' id='word_1_597' title='bbox 1536 5041 1772 5113; x_wconf 82' lang='lat' dir='ltr'><strong>Postulat</strong></span> <span class='ocrx_word' id='word_1_598' title='bbox 1814 5037 1976 5113; x_wconf 75' lang='lat' dir='ltr'><strong>lexin</strong></span> 
     </span>
    </p>
   </div>
   <div class='ocr_carea' id='block_1_71' title="bbox 448 5108 1977 5176">
    <p class='ocr_par' dir='ltr' id='par_1_71' title="bbox 448 5108 1977 5176">
     <span class='ocr_line' id='line_1_74' title="bbox 448 5108 1977 5176; baseline -0.001 -15"><span class='ocrx_word' id='word_1_599' title='bbox 448 5108 695 5176; x_wconf 84' lang='lat' dir='ltr'><strong>pontifice</strong></span> <span class='ocrx_word' id='word_1_600' title='bbox 739 5108 982 5160; x_wconf 81' lang='lat' dir='ltr'><strong>naturain</strong></span> <span class='ocrx_word' id='word_1_601' title='bbox 1016 5108 1246 5164; x_wconf 75' lang='lat' dir='ltr'><strong>humana</strong></span> <span class='ocrx_word' id='word_1_602' title='bbox 1276 5108 1547 5176; x_wconf 71' lang='lat' dir='ltr'><strong>majorem,</strong></span> <span class='ocrx_word' id='word_1_603' title='bbox 1581 5119 1638 5160; x_wconf 92' lang='lat' dir='ltr'><strong>ut</strong></span> <span class='ocrx_word' id='word_1_604' title='bbox 1667 5111 1755 5176; x_wconf 90' lang='lat' dir='ltr'><strong>qui</strong></span> <span class='ocrx_word' id='word_1_605' title='bbox 1800 5111 1862 5159; x_wconf 78' lang='lat' dir='ltr'><strong>ad</strong></span> <span class='ocrx_word' id='word_1_606' title='bbox 1897 5111 1977 5160; x_wconf 88' lang='lat' dir='ltr'><strong>di-</strong></span> 
     </span>
    </p>
   </div>
   <div class='ocr_carea' id='block_1_72' title="bbox 447 5175 1979 5243">
    <p class='ocr_par' dir='ltr' id='par_1_72' title="bbox 447 5175 1979 5243">
     <span class='ocr_line' id='line_1_75' title="bbox 447 5175 1979 5243; baseline -0.001 -14"><span class='ocrx_word' id='word_1_607' title='bbox 447 5175 627 5229; x_wconf 83' lang='lat' dir='ltr'><strong>vinam</strong></span> <span class='ocrx_word' id='word_1_608' title='bbox 658 5176 873 5240; x_wconf 86' lang='lat' dir='ltr'><strong>propius</strong></span> <span class='ocrx_word' id='word_1_609' title='bbox 899 5180 1147 5243; x_wconf 90' lang='lat' dir='ltr'><strong>accedat,</strong></span> <span class='ocrx_word' id='word_1_610' title='bbox 1173 5180 1327 5239; x_wconf 88' lang='lat' dir='ltr'><strong>situs,</strong></span> <span class='ocrx_word' id='word_1_611' title='bbox 1355 5175 1397 5231; x_wconf 77' lang='lat' dir='ltr'><strong>Si</strong></span> <span class='ocrx_word' id='word_1_612' title='bbox 1434 5191 1616 5228; x_wconf 87' lang='lat' dir='ltr'><strong>verum</strong></span> <span class='ocrx_word' id='word_1_613' title='bbox 1649 5177 1802 5227; x_wconf 89' lang='lat' dir='ltr'><strong>fateri</strong></span> <span class='ocrx_word' id='word_1_614' title='bbox 1836 5175 1979 5240; x_wconf 88' lang='lat' dir='ltr'><strong>licet,</strong></span> 
     </span>
    </p>
   </div>
   <div class='ocr_carea' id='block_1_73' title="bbox 450 5243 1980 5312">
    <p class='ocr_par' dir='ltr' id='par_1_73' title="bbox 450 5243 1980 5312">
     <span class='ocr_line' id='line_1_76' title="bbox 450 5243 1980 5312; baseline -0.001 -15"><span class='ocrx_word' id='word_1_615' title='bbox 450 5245 503 5297; x_wconf 92' lang='lat' dir='ltr'><strong>in</strong></span> <span class='ocrx_word' id='word_1_616' title='bbox 535 5244 810 5308; x_wconf 89' lang='lat' dir='ltr'><strong>utriusque</strong></span> <span class='ocrx_word' id='word_1_617' title='bbox 841 5245 1104 5308; x_wconf 89' lang='lat' dir='ltr'><strong>conﬁnio,</strong></span> <span class='ocrx_word' id='word_1_618' title='bbox 1135 5255 1192 5298; x_wconf 92' lang='lat' dir='ltr'><strong>ut</strong></span> <span class='ocrx_word' id='word_1_619' title='bbox 1237 5259 1330 5312; x_wconf 90' lang='lat' dir='ltr'><strong>per</strong></span> <span class='ocrx_word' id='word_1_620' title='bbox 1372 5244 1714 5312; x_wconf 81' lang='lat' dir='ltr'><strong>mediatorem</strong></span> <span class='ocrx_word' id='word_1_621' title='bbox 1751 5243 1980 5308; x_wconf 88' lang='lat' dir='ltr'><strong>aliquem</strong></span> 
     </span>
    </p>
   </div>
   <div class='ocr_carea' id='block_1_74' title="bbox 453 5309 1982 5378">
    <p class='ocr_par' dir='ltr' id='par_1_74' title="bbox 453 5309 1982 5378">
     <span class='ocr_line' id='line_1_77' title="bbox 453 5309 1982 5378; baseline -0.002 -13"><span class='ocrx_word' id='word_1_622' title='bbox 453 5312 695 5365; x_wconf 86' lang='lat' dir='ltr'><strong>homines</strong></span> <span class='ocrx_word' id='word_1_623' title='bbox 721 5312 930 5378; x_wconf 90' lang='lat' dir='ltr'><strong>quidem</strong></span> <span class='ocrx_word' id='word_1_624' title='bbox 963 5313 1123 5366; x_wconf 90' lang='lat' dir='ltr'><strong>Deum</strong></span> <span class='ocrx_word' id='word_1_625' title='bbox 1159 5309 1444 5378; x_wconf 82' lang='lat' dir='ltr'><strong>propitient</strong></span> <span class='ocrx_word' id='word_1_626' title='bbox 1469 5347 1484 5372; x_wconf 93' lang='lat'><strong>,</strong></span> <span class='ocrx_word' id='word_1_627' title='bbox 1519 5309 1655 5362; x_wconf 85' lang='lat' dir='ltr'><strong>Deus</strong></span> <span class='ocrx_word' id='word_1_628' title='bbox 1693 5323 1821 5378; x_wconf 83' lang='lat' dir='ltr'><strong>vero</strong></span> <span class='ocrx_word' id='word_1_629' title='bbox 1855 5324 1982 5376; x_wconf 87' lang='lat' dir='ltr'><strong>gra-</strong></span> 
     </span>
    </p>
   </div>
   <div class='ocr_carea' id='block_1_75' title="bbox 455 5376 1986 5448">
    <p class='ocr_par' dir='ltr' id='par_1_75' title="bbox 455 5376 1986 5448">
     <span class='ocr_line' id='line_1_78' title="bbox 455 5376 1986 5448; baseline -0.003 -18"><span class='ocrx_word' id='word_1_630' title='bbox 455 5379 554 5432; x_wconf 88' lang='lat' dir='ltr'><strong>tias</strong></span> <span class='ocrx_word' id='word_1_631' title='bbox 580 5376 883 5448; x_wconf 81' lang='lat' dir='ltr'><strong>hominibus</strong></span> <span class='ocrx_word' id='word_1_632' title='bbox 906 5420 921 5445; x_wconf 94' lang='lat'><strong>,</strong></span> <span class='ocrx_word' id='word_1_633' title='bbox 955 5381 1132 5448; x_wconf 89' lang='lat' dir='ltr'><strong>aliquo</strong></span> <span class='ocrx_word' id='word_1_634' title='bbox 1162 5376 1287 5432; x_wconf 84' lang='lat' dir='ltr'><strong>usus</strong></span> <span class='ocrx_word' id='word_1_635' title='bbox 1324 5378 1597 5448; x_wconf 81' lang='lat' dir='ltr'><strong>ministro,</strong></span> <span class='ocrx_word' id='word_1_636' title='bbox 1629 5376 1869 5448; x_wconf 77' lang='lat' dir='ltr'><strong>porrigat</strong></span> <span class='ocrx_word' id='word_1_637' title='bbox 1903 5385 1986 5448; x_wconf 78' lang='lat' dir='ltr'><strong>at-</strong></span> 
     </span>
    </p>
   </div>
   <div class='ocr_carea' id='block_1_76' title="bbox 455 5443 1982 5520">
    <p class='ocr_par' dir='ltr' id='par_1_76' title="bbox 455 5443 1982 5520">
     <span class='ocr_line' id='line_1_79' title="bbox 455 5443 1982 5520; baseline -0.001 -22"><span class='ocrx_word' id='word_1_638' title='bbox 455 5459 558 5520; x_wconf 72' lang='lat' dir='ltr'><strong>que</strong></span> <span class='ocrx_word' id='word_1_639' title='bbox 587 5443 915 5520; x_wconf 48' lang='lat' dir='ltr'><strong>largiatuhi</strong></span> <span class='ocrx_word' id='word_1_640' title='bbox 942 5449 1015 5502; x_wconf 87' lang='lat' dir='ltr'><strong>ita</strong></span> <span class='ocrx_word' id='word_1_641' title='bbox 1045 5443 1261 5520; x_wconf 61' lang='lat' dir='ltr'><strong>quoque</strong></span> <span class='ocrx_word' id='word_1_642' title='bbox 1290 5453 1479 5520; x_wconf 59' lang='lat' dir='ltr'><strong>auctor</strong></span> <span class='ocrx_word' id='word_1_643' title='bbox 1507 5443 1724 5520; x_wconf 71' lang='lat' dir='ltr'><strong>Constit.</strong></span> <span class='ocrx_word' id='word_1_644' title='bbox 1759 5443 1982 5506; x_wconf 74' lang='lat' dir='ltr'><strong>apostol.</strong></span> 
     </span>
    </p>
   </div>
   <div class='ocr_carea' id='block_1_77' title="bbox 457 5511 1980 5579">
    <p class='ocr_par' dir='ltr' id='par_1_77' title="bbox 457 5511 1980 5579">
     <span class='ocr_line' id='line_1_80' title="bbox 457 5511 1980 5579; baseline -0.001 -16"><span class='ocrx_word' id='word_1_645' title='bbox 457 5511 551 5563; x_wconf 88' lang='lat' dir='ltr'><strong>lib.</strong></span> <span class='ocrx_word' id='word_1_646' title='bbox 576 5526 636 5574; x_wconf 84' lang='grc' dir='ltr'>ιι,</span> <span class='ocrx_word' id='word_1_647' title='bbox 665 5511 782 5579; x_wconf 69' lang='lat' dir='ltr'><strong>cap.</strong></span> <span class='ocrx_word' id='word_1_648' title='bbox 808 5513 908 5578; x_wconf 73' lang='lat'><strong>25;</strong></span> <span class='ocrx_word' id='word_1_649' title='bbox 939 5511 1154 5569; x_wconf 80' lang='lat' dir='ltr'><strong>sanctus</strong></span> <span class='ocrx_word' id='word_1_650' title='bbox 1179 5511 1409 5568; x_wconf 83' lang='lat' dir='ltr'><strong>Basilius</strong></span> <span class='ocrx_word' id='word_1_651' title='bbox 1435 5511 1709 5579; x_wconf 74' lang='lat' dir='ltr'><strong>Constitat.</strong></span> <span class='ocrx_word' id='word_1_652' title='bbox 1739 5520 1980 5579; x_wconf 52' lang='lat' dir='ltr'><strong>manus!”</strong></span> 
     </span>
    </p>
   </div>
   <div class='ocr_carea' id='block_1_78' title="bbox 439 5576 1981 5652">
    <p class='ocr_par' dir='ltr' id='par_1_78' title="bbox 439 5576 1981 5652">
     <span class='ocr_line' id='line_1_81' title="bbox 439 5576 1981 5652; baseline 0.002 -23"><span class='ocrx_word' id='word_1_653' title='bbox 439 5590 577 5652; x_wconf 27' lang='lat' dir='ltr'><strong>‘cap.</strong></span> <span class='ocrx_word' id='word_1_654' title='bbox 621 5577 692 5630; x_wconf 73' lang='lat'><strong>22</strong></span> <span class='ocrx_word' id='word_1_655' title='bbox 729 5576 748 5640; x_wconf 75' lang='grc' dir='ltr'>ξ</span> <span class='ocrx_word' id='word_1_656' title='bbox 788 5576 1196 5648; x_wconf 68' lang='lat' dir='ltr'><strong>Cht&#39;vsostomus</strong></span> <span class='ocrx_word' id='word_1_657' title='bbox 1243 5583 1291 5634; x_wconf 90' lang='lat' dir='ltr'><strong>in</strong></span> <span class='ocrx_word' id='word_1_658' title='bbox 1329 5579 1448 5633; x_wconf 81' lang='lat' dir='ltr'><strong>Vidi</strong></span> <span class='ocrx_word' id='word_1_659' title='bbox 1488 5578 1762 5632; x_wconf 83' lang='lat' dir='ltr'><strong>Dominum</strong></span> <span class='ocrx_word' id='word_1_660' title='bbox 1796 5576 1981 5633; x_wconf 86' lang='lat' dir='ltr'><strong>homil.</strong></span> 
     </span>
    </p>
   </div>
   <div class='ocr_carea' id='block_1_79' title="bbox 2058 4389 2398 4458">
    <p class='ocr_par' dir='ltr' id='par_1_79' title="bbox 2058 4389 2398 4458">
     <span class='ocr_line' id='line_1_82' title="bbox 2058 4389 2398 4458; baseline -0.009 -15"><span class='ocrx_word' id='word_1_661' title='bbox 2058 4391 2101 4421; x_wconf 79' lang='grc'><strong>⁶¹</strong></span> <span class='ocrx_word' id='word_1_662' title='bbox 2136 4389 2334 4458; x_wconf 88' lang='lat' dir='ltr'><strong>Ephes.</strong></span> <span class='ocrx_word' id='word_1_663' title='bbox 2363 4404 2398 4440; x_wconf 85' lang='grc' dir='ltr'>ι.</span> 
     </span>
    </p>
   </div>
   <div class='ocr_carea' id='block_1_80' title="bbox 2051 1846 3897 1926">
    <p class='ocr_par' dir='ltr' id='par_1_80' title="bbox 2051 1846 3897 1926">
     <span class='ocr_line' id='line_1_83' title="bbox 2051 1846 3897 1926; baseline -0.005 -18"><span class='ocrx_word' id='word_1_664' title='bbox 2051 1871 2171 1926; x_wconf 71' lang='lat' dir='ltr'><strong>qua:</strong></span> <span class='ocrx_word' id='word_1_665' title='bbox 2203 1856 2417 1909; x_wconf 89' lang='lat' dir='ltr'><strong>viderat</strong></span> <span class='ocrx_word' id='word_1_666' title='bbox 2443 1852 2639 1918; x_wconf 71' lang='lat' dir='ltr'><strong>Iacob,</strong></span> <span class='ocrx_word' id='word_1_667' title='bbox 2676 1852 3028 1921; x_wconf 88' lang='lat' dir='ltr'><strong>angelorum</strong></span> <span class='ocrx_word' id='word_1_668' title='bbox 3077 1850 3208 1902; x_wconf 84' lang='lat' dir='ltr'><strong>Dei</strong></span> <span class='ocrx_word' id='word_1_669' title='bbox 3254 1858 3522 1902; x_wconf 81' lang='lat' dir='ltr'><strong>castra</strong></span> <span class='ocrx_word' id='word_1_670' title='bbox 3575 1846 3897 1909; x_wconf 60' lang='lat' dir='ltr'><strong>caelestia,</strong></span> 
     </span>
    </p>
   </div>
   <div class='ocr_carea' id='block_1_81' title="bbox 2053 1935 3898 2011">
    <p class='ocr_par' dir='ltr' id='par_1_81' title="bbox 2053 1935 3898 2011">
     <span class='ocr_line' id='line_1_84' title="bbox 2053 1935 3898 2011; baseline -0.004 -14"><span class='ocrx_word' id='word_1_671' title='bbox 2053 1943 2119 1997; x_wconf 90' lang='lat' dir='ltr'><strong>de</strong></span> <span class='ocrx_word' id='word_1_672' title='bbox 2143 1943 2339 2011; x_wconf 87' lang='lat' dir='ltr'><strong>quibus</strong></span> <span class='ocrx_word' id='word_1_673' title='bbox 2362 1943 2628 2010; x_wconf 88' lang='lat' dir='ltr'><strong>scriptum</strong></span> <span class='ocrx_word' id='word_1_674' title='bbox 2653 1948 2739 1993; x_wconf 89' lang='lat' dir='ltr'><strong>est</strong></span> <span class='ocrx_word' id='word_1_675' title='bbox 2770 1941 2824 1993; x_wconf 91' lang='lat' dir='ltr'><strong>in</strong></span> <span class='ocrx_word' id='word_1_676' title='bbox 2859 1938 3095 1994; x_wconf 87' lang='lat' dir='ltr'><strong>Genesi</strong></span> <span class='ocrx_word' id='word_1_677' title='bbox 3121 1939 3186 1972; x_wconf 74' lang='grc'><strong>⁸⁸</strong></span> <span class='ocrx_word' id='word_1_678' title='bbox 3231 1957 3249 1992; x_wconf 91' lang='lat'><strong>:</strong></span> <span class='ocrx_word' id='word_1_679' title='bbox 3307 1955 3334 1988; x_wconf 74' lang='grc' dir='ltr'><strong>ι</strong></span> <span class='ocrx_word' id='word_1_680' title='bbox 3385 1935 3483 1990; x_wconf 85' lang='lat' dir='ltr'><strong>Et</strong></span> <span class='ocrx_word' id='word_1_681' title='bbox 3521 1937 3898 2005; x_wconf 85' lang='lat' dir='ltr'><strong>suspiciens</strong></span> 
     </span>
    </p>
   </div>
   <div class='ocr_carea' id='block_1_82' title="bbox 2052 2023 3900 2098">
    <p class='ocr_par' dir='ltr' id='par_1_82' title="bbox 2052 2023 3900 2098">
     <span class='ocr_line' id='line_1_85' title="bbox 2052 2023 3900 2098; baseline -0.002 -15"><span class='ocrx_word' id='word_1_682' title='bbox 2052 2030 2219 2085; x_wconf 80' lang='lat' dir='ltr'><strong>Jacob</strong></span> <span class='ocrx_word' id='word_1_683' title='bbox 2248 2029 2383 2084; x_wconf 86' lang='lat' dir='ltr'><strong>vidit</strong></span> <span class='ocrx_word' id='word_1_684' title='bbox 2417 2041 2599 2083; x_wconf 87' lang='lat' dir='ltr'><strong>castra</strong></span> <span class='ocrx_word' id='word_1_685' title='bbox 2636 2023 2731 2083; x_wconf 85' lang='lat' dir='ltr'><strong>Dei</strong></span> <span class='ocrx_word' id='word_1_686' title='bbox 2777 2029 2835 2082; x_wconf 93' lang='lat' dir='ltr'><strong>in</strong></span> <span class='ocrx_word' id='word_1_687' title='bbox 2873 2039 3213 2098; x_wconf 85' lang='lat' dir='ltr'><strong>apparatu</strong></span> <span class='ocrx_word' id='word_1_688' title='bbox 3241 2068 3264 2093; x_wconf 86' lang='lat'><strong>,</strong></span> <span class='ocrx_word' id='word_1_689' title='bbox 3325 2037 3405 2083; x_wconf 86' lang='lat' dir='ltr'><strong>et</strong></span> <span class='ocrx_word' id='word_1_690' title='bbox 3451 2034 3900 2083; x_wconf 85' lang='lat' dir='ltr'><strong>occurrerunt</strong></span> 
     </span>
    </p>
   </div>
   <div class='ocr_carea' id='block_1_83' title="bbox 2056 2118 3896 2186">
    <p class='ocr_par' dir='ltr' id='par_1_83' title="bbox 2056 2118 3896 2186">
     <span class='ocr_line' id='line_1_86' title="bbox 2056 2118 3896 2186; baseline 0.002 -15"><span class='ocrx_word' id='word_1_691' title='bbox 2056 2118 2131 2171; x_wconf 83' lang='lat' dir='ltr'><strong>illi</strong></span> <span class='ocrx_word' id='word_1_692' title='bbox 2159 2118 2336 2186; x_wconf 83' lang='lat' dir='ltr'><strong>angeli</strong></span> <span class='ocrx_word' id='word_1_693' title='bbox 2369 2119 2496 2181; x_wconf 88' lang='lat' dir='ltr'><strong>Dei,</strong></span> <span class='ocrx_word' id='word_1_694' title='bbox 2561 2131 2617 2171; x_wconf 90' lang='lat' dir='ltr'><strong>et</strong></span> <span class='ocrx_word' id='word_1_695' title='bbox 2645 2119 2789 2172; x_wconf 80' lang='lat' dir='ltr'><strong>dixit</strong></span> <span class='ocrx_word' id='word_1_696' title='bbox 2823 2119 3014 2172; x_wconf 79' lang='lat' dir='ltr'><strong>Jacob</strong></span> <span class='ocrx_word' id='word_1_697' title='bbox 3055 2134 3229 2172; x_wconf 88' lang='lat' dir='ltr'><strong>cum</strong></span> <span class='ocrx_word' id='word_1_698' title='bbox 3277 2118 3574 2173; x_wconf 78' lang='lat' dir='ltr'><strong>videret</strong></span> <span class='ocrx_word' id='word_1_699' title='bbox 3613 2121 3896 2182; x_wconf 75' lang='lat' dir='ltr'><strong>eos,CI-</strong></span> 
     </span>
    </p>
   </div>
   <div class='ocr_carea' id='block_1_84' title="bbox 2056 2206 3894 2276">
    <p class='ocr_par' dir='ltr' id='par_1_84' title="bbox 2056 2206 3894 2276">
     <span class='ocr_line' id='line_1_87' title="bbox 2056 2206 3894 2276; baseline -0.001 -16"><span class='ocrx_word' id='word_1_700' title='bbox 2056 2214 2166 2260; x_wconf 89' lang='lat' dir='ltr'><strong>stra</strong></span> <span class='ocrx_word' id='word_1_701' title='bbox 2187 2206 2283 2261; x_wconf 88' lang='lat' dir='ltr'><strong>Dei</strong></span> <span class='ocrx_word' id='word_1_702' title='bbox 2311 2215 2438 2260; x_wconf 89' lang='lat' dir='ltr'><strong>sunt</strong></span> <span class='ocrx_word' id='word_1_703' title='bbox 2466 2207 2603 2260; x_wconf 81' lang='lat' dir='ltr'><strong>haec.</strong></span> <span class='ocrx_word' id='word_1_704' title='bbox 2642 2225 2660 2258; x_wconf 73' lang='grc' dir='ltr'><strong>ι</strong></span> <span class='ocrx_word' id='word_1_705' title='bbox 2694 2207 2874 2260; x_wconf 76' lang='lat' dir='ltr'><strong>Extra</strong></span> <span class='ocrx_word' id='word_1_706' title='bbox 2907 2207 3012 2260; x_wconf 87' lang='lat' dir='ltr'><strong>illa</strong></span> <span class='ocrx_word' id='word_1_707' title='bbox 3056 2223 3246 2276; x_wconf 83' lang='lat' dir='ltr'><strong>ergo</strong></span> <span class='ocrx_word' id='word_1_708' title='bbox 3294 2217 3553 2262; x_wconf 82' lang='lat' dir='ltr'><strong>castra</strong></span> <span class='ocrx_word' id='word_1_709' title='bbox 3601 2207 3894 2262; x_wconf 65' lang='lat' dir='ltr'><strong>cmiestia</strong></span> 
     </span>
    </p>
   </div>
   <div class='ocr_carea' id='block_1_85' title="bbox 2055 2297 3893 2366">
    <p class='ocr_par' dir='ltr' id='par_1_85' title="bbox 2055 2297 3893 2366">
     <span class='ocr_line' id='line_1_88' title="bbox 2055 2297 3893 2366; baseline 0.002 -16"><span class='ocrx_word' id='word_1_710' title='bbox 2055 2304 2146 2351; x_wconf 89' lang='lat' dir='ltr'><strong>est</strong></span> <span class='ocrx_word' id='word_1_711' title='bbox 2175 2297 2373 2361; x_wconf 91' lang='lat' dir='ltr'><strong>omnis,</strong></span> <span class='ocrx_word' id='word_1_712' title='bbox 2404 2300 2460 2351; x_wconf 94' lang='lat' dir='ltr'><strong>in</strong></span> <span class='ocrx_word' id='word_1_713' title='bbox 2496 2313 2606 2366; x_wconf 90' lang='lat' dir='ltr'><strong>quo</strong></span> <span class='ocrx_word' id='word_1_714' title='bbox 2643 2298 2982 2351; x_wconf 86' lang='lat' dir='ltr'><strong>habitamus</strong></span> <span class='ocrx_word' id='word_1_715' title='bbox 3019 2314 3144 2352; x_wconf 74' lang='lat' dir='ltr'><strong>nos</strong></span> <span class='ocrx_word' id='word_1_716' title='bbox 3175 2339 3199 2363; x_wconf 86' lang='lat'><strong>,</strong></span> <span class='ocrx_word' id='word_1_717' title='bbox 3259 2301 3479 2354; x_wconf 82' lang='lat' dir='ltr'><strong>locus</strong></span> <span class='ocrx_word' id='word_1_718' title='bbox 3523 2299 3660 2354; x_wconf 86' lang='lat' dir='ltr'><strong>iste</strong></span> <span class='ocrx_word' id='word_1_719' title='bbox 3700 2309 3893 2354; x_wconf 75' lang='lat' dir='ltr'><strong>terre-</strong></span> 
     </span>
    </p>
   </div>
   <div class='ocr_carea' id='block_1_86' title="bbox 2059 2383 3892 2452">
    <p class='ocr_par' dir='ltr' id='par_1_86' title="bbox 2059 2383 3892 2452">
     <span class='ocr_line' id='line_1_89' title="bbox 2059 2383 3892 2452; baseline 0 -14"><span class='ocrx_word' id='word_1_720' title='bbox 2059 2400 2194 2448; x_wconf 89' lang='lat' dir='ltr'><strong>nus,</strong></span> <span class='ocrx_word' id='word_1_721' title='bbox 2233 2385 2286 2437; x_wconf 93' lang='lat' dir='ltr'><strong>in</strong></span> <span class='ocrx_word' id='word_1_722' title='bbox 2334 2397 2441 2450; x_wconf 92' lang='lat' dir='ltr'><strong>quo</strong></span> <span class='ocrx_word' id='word_1_723' title='bbox 2492 2383 2546 2435; x_wconf 92' lang='lat' dir='ltr'><strong>in</strong></span> <span class='ocrx_word' id='word_1_724' title='bbox 2583 2397 2758 2436; x_wconf 79' lang='lat' dir='ltr'><strong>carne</strong></span> <span class='ocrx_word' id='word_1_725' title='bbox 2801 2397 3020 2451; x_wconf 87' lang='lat' dir='ltr'><strong>passus</strong></span> <span class='ocrx_word' id='word_1_726' title='bbox 3085 2393 3203 2438; x_wconf 82' lang='lat' dir='ltr'><strong>est</strong></span> <span class='ocrx_word' id='word_1_727' title='bbox 3266 2385 3653 2440; x_wconf 85' lang='lat' dir='ltr'><strong>Christus.</strong></span> <span class='ocrx_word' id='word_1_728' title='bbox 3720 2385 3892 2452; x_wconf 82' lang='lat' dir='ltr'><strong>Quod</strong></span> 
     </span>
    </p>
   </div>
   <div class='ocr_carea' id='block_1_87' title="bbox 2057 2472 3895 2539">
    <p class='ocr_par' dir='ltr' id='par_1_87' title="bbox 2057 2472 3895 2539">
     <span class='ocr_line' id='line_1_90' title="bbox 2057 2472 3895 2539; baseline 0.001 -12"><span class='ocrx_word' id='word_1_729' title='bbox 2057 2488 2186 2531; x_wconf 81' lang='lat' dir='ltr'><strong>vero</strong></span> <span class='ocrx_word' id='word_1_730' title='bbox 2237 2473 2389 2535; x_wconf 90' lang='lat' dir='ltr'><strong>dicit,</strong></span> <span class='ocrx_word' id='word_1_731' title='bbox 2433 2472 2560 2539; x_wconf 90' lang='lat' dir='ltr'><strong>quia</strong></span> <span class='ocrx_word' id='word_1_732' title='bbox 2592 2487 2718 2525; x_wconf 92' lang='lat' dir='ltr'><strong>cum</strong></span> <span class='ocrx_word' id='word_1_733' title='bbox 2775 2483 3055 2526; x_wconf 82' lang='lat' dir='ltr'><strong>stercore</strong></span> <span class='ocrx_word' id='word_1_734' title='bbox 3115 2476 3492 2529; x_wconf 79' lang='lat' dir='ltr'><strong>exuritur</strong></span> <span class='ocrx_word' id='word_1_735' title='bbox 3548 2483 3618 2530; x_wconf 91' lang='lat' dir='ltr'><strong>et</strong></span> <span class='ocrx_word' id='word_1_736' title='bbox 3660 2476 3895 2530; x_wconf 80' lang='lat' dir='ltr'><strong>intera-</strong></span> 
     </span>
    </p>
   </div>
   <div class='ocr_carea' id='block_1_88' title="bbox 2061 2559 3893 2629">
    <p class='ocr_par' dir='ltr' id='par_1_88' title="bbox 2061 2559 3893 2629">
     <span class='ocr_line' id='line_1_91' title="bbox 2061 2559 3893 2629; baseline 0.002 -15"><span class='ocrx_word' id='word_1_737' title='bbox 2061 2561 2175 2614; x_wconf 89' lang='lat' dir='ltr'><strong>neis</strong></span> <span class='ocrx_word' id='word_1_738' title='bbox 2205 2597 2220 2622; x_wconf 94' lang='lat'><strong>,</strong></span> <span class='ocrx_word' id='word_1_739' title='bbox 2267 2560 2386 2613; x_wconf 91' lang='lat' dir='ltr'><strong>vide</strong></span> <span class='ocrx_word' id='word_1_740' title='bbox 2435 2574 2501 2612; x_wconf 93' lang='lat' dir='ltr'><strong>ne</strong></span> <span class='ocrx_word' id='word_1_741' title='bbox 2549 2559 2694 2614; x_wconf 92' lang='lat' dir='ltr'><strong>forte</strong></span> <span class='ocrx_word' id='word_1_742' title='bbox 2729 2563 2801 2614; x_wconf 83' lang='lat' dir='ltr'><strong>ad</strong></span> <span class='ocrx_word' id='word_1_743' title='bbox 2842 2564 3468 2629; x_wconf 82' lang='lat' dir='ltr'><strong>comparationem</strong></span> <span class='ocrx_word' id='word_1_744' title='bbox 3524 2567 3893 2620; x_wconf 60' lang='lat' dir='ltr'><strong>caelestium</strong></span> 
     </span>
    </p>
   </div>
   <div class='ocr_carea' id='block_1_89' title="bbox 2059 2651 3889 2720">
    <p class='ocr_par' dir='ltr' id='par_1_89' title="bbox 2059 2651 3889 2720">
     <span class='ocr_line' id='line_1_92' title="bbox 2059 2651 3889 2720; baseline 0.002 -14"><span class='ocrx_word' id='word_1_745' title='bbox 2059 2667 2349 2720; x_wconf 87' lang='lat' dir='ltr'><strong>corporum</strong></span> <span class='ocrx_word' id='word_1_746' title='bbox 2381 2665 2576 2718; x_wconf 91' lang='lat' dir='ltr'><strong>corpus</strong></span> <span class='ocrx_word' id='word_1_747' title='bbox 2604 2651 2756 2704; x_wconf 84' lang='lat' dir='ltr'><strong>istud</strong></span> <span class='ocrx_word' id='word_1_748' title='bbox 2794 2653 3084 2707; x_wconf 83' lang='lat' dir='ltr'><strong>humanae</strong></span> <span class='ocrx_word' id='word_1_749' title='bbox 3129 2666 3469 2720; x_wconf 79' lang='lat' dir='ltr'><strong>naturae.</strong></span> <span class='ocrx_word' id='word_1_750' title='bbox 3513 2667 3781 2712; x_wconf 82' lang='lat' dir='ltr'><strong>stercus</strong></span> <span class='ocrx_word' id='word_1_751' title='bbox 3818 2656 3889 2710; x_wconf 61' lang='lat' dir='ltr'><strong>ti-</strong></span> 
     </span>
    </p>
   </div>
   <div class='ocr_carea' id='block_1_90' title="bbox 2059 2738 3882 2809">
    <p class='ocr_par' dir='ltr' id='par_1_90' title="bbox 2059 2738 3882 2809">
     <span class='ocr_line' id='line_1_93' title="bbox 2059 2738 3882 2809; baseline 0.003 -19"><span class='ocrx_word' id='word_1_752' title='bbox 2059 2740 2320 2808; x_wconf 89' lang='lat' dir='ltr'><strong>guraliter</strong></span> <span class='ocrx_word' id='word_1_753' title='bbox 2363 2738 2688 2806; x_wconf 86' lang='lat' dir='ltr'><strong>appelletur.</strong></span> <span class='ocrx_word' id='word_1_754' title='bbox 2739 2738 2920 2794; x_wconf 85' lang='lat' dir='ltr'><strong>Terra</strong></span> <span class='ocrx_word' id='word_1_755' title='bbox 2981 2743 3172 2795; x_wconf 85' lang='lat' dir='ltr'><strong>enim</strong></span> <span class='ocrx_word' id='word_1_756' title='bbox 3259 2754 3384 2798; x_wconf 86' lang='lat' dir='ltr'><strong>est</strong></span> <span class='ocrx_word' id='word_1_757' title='bbox 3413 2785 3438 2809; x_wconf 86' lang='lat'><strong>,</strong></span> <span class='ocrx_word' id='word_1_758' title='bbox 3485 2755 3559 2800; x_wconf 88' lang='lat' dir='ltr'><strong>et</strong></span> <span class='ocrx_word' id='word_1_759' title='bbox 3601 2749 3684 2800; x_wconf 91' lang='lat' dir='ltr'><strong>de</strong></span> <span class='ocrx_word' id='word_1_760' title='bbox 3719 2758 3882 2799; x_wconf 82' lang='lat' dir='ltr'><strong>terra</strong></span> 
     </span>
    </p>
   </div>
   <div class='ocr_carea' id='block_1_91' title="bbox 2061 2825 3898 2905">
    <p class='ocr_par' dir='ltr' id='par_1_91' title="bbox 2061 2825 3898 2905">
     <span class='ocr_line' id='line_1_94' title="bbox 2061 2825 3898 2905; baseline 0.008 -26"><span class='ocrx_word' id='word_1_761' title='bbox 2061 2837 2353 2895; x_wconf 91' lang='lat' dir='ltr'><strong>sumptum.</strong></span> <span class='ocrx_word' id='word_1_762' title='bbox 2382 2825 2488 2880; x_wconf 87' lang='lat' dir='ltr'><strong>Sed</strong></span> <span class='ocrx_word' id='word_1_763' title='bbox 2520 2836 2576 2880; x_wconf 92' lang='lat' dir='ltr'><strong>et</strong></span> <span class='ocrx_word' id='word_1_764' title='bbox 2605 2831 2895 2896; x_wconf 88' lang='lat' dir='ltr'><strong>cophinus</strong></span> <span class='ocrx_word' id='word_1_765' title='bbox 2927 2830 3034 2884; x_wconf 88' lang='lat' dir='ltr'><strong>ille</strong></span> <span class='ocrx_word' id='word_1_766' title='bbox 3091 2836 3478 2891; x_wconf 85' lang='lat' dir='ltr'><strong>stercoris</strong></span> <span class='ocrx_word' id='word_1_767' title='bbox 3520 2837 3640 2905; x_wconf 87' lang='lat' dir='ltr'><strong>qui</strong></span> <span class='ocrx_word' id='word_1_768' title='bbox 3682 2837 3761 2892; x_wconf 81' lang='lat' dir='ltr'><strong>ad</strong></span> <span class='ocrx_word' id='word_1_769' title='bbox 3798 2851 3898 2892; x_wconf 74' lang='lat' dir='ltr'><strong>ra-</strong></span> 
     </span>
    </p>
   </div>
   <div class='ocr_carea' id='block_1_92' title="bbox 2061 2920 3893 2999">
    <p class='ocr_par' dir='ltr' id='par_1_92' title="bbox 2061 2920 3893 2999">
     <span class='ocr_line' id='line_1_95' title="bbox 2061 2920 3893 2999; baseline 0.004 -25"><span class='ocrx_word' id='word_1_770' title='bbox 2061 2922 2206 2974; x_wconf 87' lang='lat' dir='ltr'><strong>dices</strong></span> <span class='ocrx_word' id='word_1_771' title='bbox 2268 2920 2616 2975; x_wconf 80' lang='lat' dir='ltr'><strong>succidendae</strong></span> <span class='ocrx_word' id='word_1_772' title='bbox 2700 2921 2966 2976; x_wconf 74' lang='lat' dir='ltr'><strong>ﬁculnea:</strong></span> <span class='ocrx_word' id='word_1_773' title='bbox 3031 2926 3435 2994; x_wconf 83' lang='lat' dir='ltr'><strong>mittitur,</strong></span> <span class='ocrx_word' id='word_1_774' title='bbox 3504 2933 3673 2999; x_wconf 85' lang='lat' dir='ltr'><strong>quid</strong></span> <span class='ocrx_word' id='word_1_775' title='bbox 3726 2931 3893 2984; x_wconf 84' lang='lat' dir='ltr'><strong>aliud</strong></span> 
     </span>
    </p>
   </div>
   <div class='ocr_carea' id='block_1_93' title="bbox 2063 3011 3894 3089">
    <p class='ocr_par' dir='ltr' id='par_1_93' title="bbox 2063 3011 3894 3089">
     <span class='ocr_line' id='line_1_96' title="bbox 2063 3011 3894 3089; baseline 0.008 -28"><span class='ocrx_word' id='word_1_776' title='bbox 2063 3027 2224 3078; x_wconf 86' lang='lat' dir='ltr'><strong>quam</strong></span> <span class='ocrx_word' id='word_1_777' title='bbox 2277 3011 2591 3079; x_wconf 85' lang='lat' dir='ltr'><strong>mysterium</strong></span> <span class='ocrx_word' id='word_1_778' title='bbox 2634 3024 2915 3079; x_wconf 71' lang='lat' dir='ltr'><strong>suscepta:</strong></span> <span class='ocrx_word' id='word_1_779' title='bbox 2945 3013 3008 3066; x_wconf 91' lang='lat' dir='ltr'><strong>in</strong></span> <span class='ocrx_word' id='word_1_780' title='bbox 3056 3029 3396 3084; x_wconf 85' lang='lat' dir='ltr'><strong>corpore</strong></span> <span class='ocrx_word' id='word_1_781' title='bbox 3446 3022 3894 3089; x_wconf 84' lang='lat' dir='ltr'><strong>dispensatio-</strong></span> 
     </span>
    </p>
   </div>
   <div class='ocr_carea' id='block_1_94' title="bbox 2065 3099 3896 3167">
    <p class='ocr_par' dir='ltr' id='par_1_94' title="bbox 2065 3099 3896 3167">
     <span class='ocr_line' id='line_1_97' title="bbox 2065 3099 3896 3167; baseline 0.008 -14"><span class='ocrx_word' id='word_1_782' title='bbox 2065 3104 2148 3156; x_wconf 83' lang='lat' dir='ltr'><strong>nis</strong></span> <span class='ocrx_word' id='word_1_783' title='bbox 2194 3101 2472 3154; x_wconf 83' lang='lat' dir='ltr'><strong>ostendit?</strong></span> <span class='ocrx_word' id='word_1_784' title='bbox 2517 3099 2633 3154; x_wconf 84' lang='lat' dir='ltr'><strong>Nec</strong></span> <span class='ocrx_word' id='word_1_785' title='bbox 2687 3109 2877 3156; x_wconf 83' lang='lat' dir='ltr'><strong>tamen</strong></span> <span class='ocrx_word' id='word_1_786' title='bbox 2929 3103 2986 3154; x_wconf 84' lang='lat' dir='ltr'><strong>ei</strong></span> <span class='ocrx_word' id='word_1_787' title='bbox 3033 3105 3443 3163; x_wconf 80' lang='lat' dir='ltr'><strong>interanea</strong></span> <span class='ocrx_word' id='word_1_788' title='bbox 3501 3111 3751 3167; x_wconf 83' lang='lat' dir='ltr'><strong>deesse</strong></span> <span class='ocrx_word' id='word_1_789' title='bbox 3806 3115 3896 3166; x_wconf 63' lang='lat' dir='ltr'><strong>dio</strong></span> 
     </span>
    </p>
   </div>
   <div class='ocr_carea' id='block_1_95' title="bbox 2067 3185 3893 3264">
    <p class='ocr_par' dir='ltr' id='par_1_95' title="bbox 2067 3185 3893 3264">
     <span class='ocr_line' id='line_1_98' title="bbox 2067 3185 3893 3264; baseline 0.007 -24"><span class='ocrx_word' id='word_1_790' title='bbox 2067 3197 2282 3240; x_wconf 92' lang='lat' dir='ltr'><strong>cuntur.</strong></span> <span class='ocrx_word' id='word_1_791' title='bbox 2313 3185 2574 3253; x_wconf 89' lang='lat' dir='ltr'><strong>Quamvis</strong></span> <span class='ocrx_word' id='word_1_792' title='bbox 2601 3189 2750 3241; x_wconf 84' lang='lat' dir='ltr'><strong>enim</strong></span> <span class='ocrx_word' id='word_1_793' title='bbox 2779 3188 2952 3241; x_wconf 88' lang='lat' dir='ltr'><strong>vilem</strong></span> <span class='ocrx_word' id='word_1_794' title='bbox 2993 3194 3182 3245; x_wconf 84' lang='lat' dir='ltr'><strong>servi</strong></span> <span class='ocrx_word' id='word_1_795' title='bbox 3219 3200 3556 3264; x_wconf 76' lang='lat' dir='ltr'><strong>gesserit</strong></span> <span class='ocrx_word' id='word_1_796' title='bbox 3593 3199 3893 3263; x_wconf 80' lang='lat' dir='ltr'><strong>formam,</strong></span> 
     </span>
    </p>
   </div>
   <div class='ocr_carea' id='block_1_96' title="bbox 2065 3276 3898 3345">
    <p class='ocr_par' dir='ltr' id='par_1_96' title="bbox 2065 3276 3898 3345">
     <span class='ocr_line' id='line_1_99' title="bbox 2065 3276 3898 3345; baseline 0.011 -20"><span class='ocrx_word' id='word_1_797' title='bbox 2065 3276 2338 3345; x_wconf 89' lang='lat' dir='ltr'><strong>plenitudo</strong></span> <span class='ocrx_word' id='word_1_798' title='bbox 2385 3284 2568 3328; x_wconf 88' lang='lat' dir='ltr'><strong>tamen</strong></span> <span class='ocrx_word' id='word_1_799' title='bbox 2624 3277 2678 3329; x_wconf 90' lang='lat' dir='ltr'><strong>in</strong></span> <span class='ocrx_word' id='word_1_800' title='bbox 2726 3291 2794 3330; x_wconf 91' lang='lat' dir='ltr'><strong>eo</strong></span> <span class='ocrx_word' id='word_1_801' title='bbox 2847 3279 3234 3338; x_wconf 82' lang='lat' dir='ltr'><strong>divinitatis</strong></span> <span class='ocrx_word' id='word_1_802' title='bbox 3307 3288 3722 3345; x_wconf 79' lang='lat' dir='ltr'><strong>habitabat.</strong></span> <span class='ocrx_word' id='word_1_803' title='bbox 3763 3291 3898 3345; x_wconf 57' lang='lat' dir='ltr'><strong>Hmc</strong></span> 
     </span>
    </p>
   </div>
   <div class='ocr_carea' id='block_1_97' title="bbox 2066 3366 3898 3450">
    <p class='ocr_par' dir='ltr' id='par_1_97' title="bbox 2066 3366 3898 3450">
     <span class='ocr_line' id='line_1_100' title="bbox 2066 3366 3898 3450; baseline 0.009 -32"><span class='ocrx_word' id='word_1_804' title='bbox 2066 3366 2310 3434; x_wconf 87' lang='lat' dir='ltr'><strong>quamvis</strong></span> <span class='ocrx_word' id='word_1_805' title='bbox 2360 3366 2621 3419; x_wconf 88' lang='lat' dir='ltr'><strong>audacter</strong></span> <span class='ocrx_word' id='word_1_806' title='bbox 2670 3367 2935 3420; x_wconf 89' lang='lat' dir='ltr'><strong>discussa</strong></span> <span class='ocrx_word' id='word_1_807' title='bbox 2991 3371 3135 3426; x_wconf 83' lang='lat' dir='ltr'><strong>sint</strong></span> <span class='ocrx_word' id='word_1_808' title='bbox 3169 3413 3193 3436; x_wconf 83' lang='lat'><strong>,</strong></span> <span class='ocrx_word' id='word_1_809' title='bbox 3265 3386 3526 3432; x_wconf 78' lang='lat' dir='ltr'><strong>tamen</strong></span> <span class='ocrx_word' id='word_1_810' title='bbox 3571 3381 3730 3447; x_wconf 82' lang='lat' dir='ltr'><strong>quia</strong></span> <span class='ocrx_word' id='word_1_811' title='bbox 3770 3381 3898 3450; x_wconf 77' lang='lat'><strong>(53)</strong></span> 
     </span>
    </p>
   </div>
   <div class='ocr_carea' id='block_1_98' title="bbox 2068 3451 3900 3539">
    <p class='ocr_par' dir='ltr' id='par_1_98' title="bbox 2068 3451 3900 3539">
     <span class='ocr_line' id='line_1_101' title="bbox 2068 3451 3900 3539; baseline 0.012 -34"><span class='ocrx_word' id='word_1_812' title='bbox 2068 3451 2298 3506; x_wconf 88' lang='lat' dir='ltr'><strong>ﬁdelium</strong></span> <span class='ocrx_word' id='word_1_813' title='bbox 2329 3468 2675 3521; x_wconf 86' lang='lat' dir='ltr'><strong>quorumque</strong></span> <span class='ocrx_word' id='word_1_814' title='bbox 2711 3456 2921 3508; x_wconf 86' lang='lat' dir='ltr'><strong>nutriri</strong></span> <span class='ocrx_word' id='word_1_815' title='bbox 2963 3473 3262 3528; x_wconf 81' lang='lat' dir='ltr'><strong>semper</strong></span> <span class='ocrx_word' id='word_1_816' title='bbox 3337 3469 3436 3522; x_wconf 85' lang='lat' dir='ltr'><strong>ad</strong></span> <span class='ocrx_word' id='word_1_817' title='bbox 3498 3471 3762 3539; x_wconf 79' lang='lat' dir='ltr'><strong>majora</strong></span> <span class='ocrx_word' id='word_1_818' title='bbox 3798 3473 3900 3528; x_wconf 77' lang='lat' dir='ltr'><strong>de-</strong></span> 
     </span>
    </p>
   </div>
   <div class='ocr_carea' id='block_1_99' title="bbox 2065 3541 3900 3635">
    <p class='ocr_par' dir='ltr' id='par_1_99' title="bbox 2065 3541 3900 3635">
     <span class='ocr_line' id='line_1_102' title="bbox 2065 3541 3900 3635; baseline 0.007 -41"><span class='ocrx_word' id='word_1_819' title='bbox 2065 3541 2157 3635; x_wconf 78' lang='lat' dir='ltr'><strong>bet</strong></span> <span class='ocrx_word' id='word_1_820' title='bbox 2186 3543 2397 3635; x_wconf 82' lang='lat' dir='ltr'><strong>auditus</strong></span> <span class='ocrx_word' id='word_1_821' title='bbox 2423 3582 2438 3605; x_wconf 89' lang='lat'><strong>,</strong></span> <span class='ocrx_word' id='word_1_822' title='bbox 2466 3544 2660 3635; x_wconf 84' lang='lat' dir='ltr'><strong>eadem</strong></span> <span class='ocrx_word' id='word_1_823' title='bbox 2693 3559 2923 3613; x_wconf 87' lang='lat' dir='ltr'><strong>quoque</strong></span> <span class='ocrx_word' id='word_1_824' title='bbox 2959 3549 3166 3604; x_wconf 84' lang='lat' dir='ltr'><strong>etiam</strong></span> <span class='ocrx_word' id='word_1_825' title='bbox 3241 3557 3344 3612; x_wconf 81' lang='lat' dir='ltr'><strong>de</strong></span> <span class='ocrx_word' id='word_1_826' title='bbox 3386 3559 3785 3635; x_wconf 58' lang='lat' dir='ltr'><strong>Synagogg</strong></span> <span class='ocrx_word' id='word_1_827' title='bbox 3812 3565 3900 3621; x_wconf 69' lang='lat' dir='ltr'><strong>ﬁ-</strong></span> 
     </span>
    </p>
   </div>
   <div class='ocr_carea' id='block_1_100' title="bbox 2069 3631 2705 3695">
    <p class='ocr_par' dir='ltr' id='par_1_100' title="bbox 2069 3631 2705 3695">
     <span class='ocr_line' id='line_1_103' title="bbox 2069 3631 2705 3695; baseline 0.002 -12"><span class='ocrx_word' id='word_1_828' title='bbox 2069 3631 2178 3684; x_wconf 91' lang='lat' dir='ltr'><strong>tulo</strong></span> <span class='ocrx_word' id='word_1_829' title='bbox 2209 3632 2519 3695; x_wconf 87' lang='lat' dir='ltr'><strong>accipienda</strong></span> <span class='ocrx_word' id='word_1_830' title='bbox 2556 3642 2705 3686; x_wconf 90' lang='lat' dir='ltr'><strong>sunt.</strong></span> 
     </span>
    </p>
   </div>
   <div class='ocr_carea' id='block_1_101' title="bbox 2136 3719 3906 3800">
    <p class='ocr_par' dir='ltr' id='par_1_101' title="bbox 2136 3719 3906 3800">
     <span class='ocr_line' id='line_1_104' title="bbox 2136 3719 3906 3800; baseline 0.014 -28"><span class='ocrx_word' id='word_1_831' title='bbox 2136 3721 2188 3772; x_wconf 74' lang='grc'><strong>4.</strong></span> <span class='ocrx_word' id='word_1_832' title='bbox 2223 3719 2280 3773; x_wconf 83' lang='grc' dir='ltr'><strong>1η</strong></span> <span class='ocrx_word' id='word_1_833' title='bbox 2314 3722 2502 3776; x_wconf 85' lang='lat' dir='ltr'><strong>morali</strong></span> <span class='ocrx_word' id='word_1_834' title='bbox 2537 3731 2719 3774; x_wconf 88' lang='lat' dir='ltr'><strong>autem</strong></span> <span class='ocrx_word' id='word_1_835' title='bbox 2753 3724 2883 3776; x_wconf 91' lang='lat' dir='ltr'><strong>loco</strong></span> <span class='ocrx_word' id='word_1_836' title='bbox 2921 3735 3142 3792; x_wconf 74' lang='lat' dir='ltr'><strong>potest</strong></span> <span class='ocrx_word' id='word_1_837' title='bbox 3183 3739 3547 3799; x_wconf 78' lang='lat' dir='ltr'><strong>pontifex</strong></span> <span class='ocrx_word' id='word_1_838' title='bbox 3595 3743 3729 3798; x_wconf 81' lang='lat' dir='ltr'><strong>iste</strong></span> <span class='ocrx_word' id='word_1_839' title='bbox 3766 3759 3906 3800; x_wconf 81' lang='lat' dir='ltr'><strong>sen-</strong></span> 
     </span>
    </p>
   </div>
   <div class='ocr_carea' id='block_1_102' title="bbox 2069 3809 3910 3904">
    <p class='ocr_par' dir='ltr' id='par_1_102' title="bbox 2069 3809 3910 3904">
     <span class='ocr_line' id='line_1_105' title="bbox 2069 3809 3910 3904; baseline 0.012 -38"><span class='ocrx_word' id='word_1_840' title='bbox 2069 3827 2160 3866; x_wconf 85' lang='lat' dir='ltr'><strong>sus</strong></span> <span class='ocrx_word' id='word_1_841' title='bbox 2205 3809 2421 3879; x_wconf 88' lang='lat' dir='ltr'><strong>pietatis</strong></span> <span class='ocrx_word' id='word_1_842' title='bbox 2469 3819 2525 3862; x_wconf 90' lang='lat' dir='ltr'><strong>et</strong></span> <span class='ocrx_word' id='word_1_843' title='bbox 2560 3809 2853 3876; x_wconf 79' lang='lat' dir='ltr'><strong>religionis</strong></span> <span class='ocrx_word' id='word_1_844' title='bbox 2889 3812 3091 3868; x_wconf 85' lang='lat' dir='ltr'><strong>videri</strong></span> <span class='ocrx_word' id='word_1_845' title='bbox 3129 3858 3150 3882; x_wconf 89' lang='lat'><strong>,</strong></span> <span class='ocrx_word' id='word_1_846' title='bbox 3219 3827 3369 3890; x_wconf 85' lang='lat' dir='ltr'><strong>qui</strong></span> <span class='ocrx_word' id='word_1_847' title='bbox 3434 3830 3512 3883; x_wconf 86' lang='lat' dir='ltr'><strong>in</strong></span> <span class='ocrx_word' id='word_1_848' title='bbox 3555 3835 3764 3890; x_wconf 82' lang='lat' dir='ltr'><strong>nobis</strong></span> <span class='ocrx_word' id='word_1_849' title='bbox 3801 3850 3910 3904; x_wconf 85' lang='lat' dir='ltr'><strong>per</strong></span> 
     </span>
    </p>
   </div>
   <div class='ocr_carea' id='block_1_103' title="bbox 2069 3897 3912 3988">
    <p class='ocr_par' dir='ltr' id='par_1_103' title="bbox 2069 3897 3912 3988">
     <span class='ocr_line' id='line_1_106' title="bbox 2069 3897 3912 3988; baseline 0.015 -34"><span class='ocrx_word' id='word_1_850' title='bbox 2069 3901 2340 3955; x_wconf 91' lang='lat' dir='ltr'><strong>orationes</strong></span> <span class='ocrx_word' id='word_1_851' title='bbox 2367 3905 2421 3950; x_wconf 87' lang='lat' dir='ltr'><strong>et</strong></span> <span class='ocrx_word' id='word_1_852' title='bbox 2446 3897 2868 3951; x_wconf 88' lang='lat' dir='ltr'><strong>obsecrationes</strong></span> <span class='ocrx_word' id='word_1_853' title='bbox 2898 3915 3058 3966; x_wconf 86' lang='lat' dir='ltr'><strong>quas</strong></span> <span class='ocrx_word' id='word_1_854' title='bbox 3086 3905 3246 3962; x_wconf 83' lang='lat' dir='ltr'><strong>Deo</strong></span> <span class='ocrx_word' id='word_1_855' title='bbox 3292 3914 3712 3988; x_wconf 80' lang='lat' dir='ltr'><strong>fundimus,</strong></span> <span class='ocrx_word' id='word_1_856' title='bbox 3739 3897 3912 3979; x_wconf 72' lang='lat' dir='ltr'><strong>velut</strong></span> 
     </span>
    </p>
   </div>
   <div class='ocr_carea' id='block_1_104' title="bbox 2071 3988 3915 4081">
    <p class='ocr_par' dir='ltr' id='par_1_104' title="bbox 2071 3988 3915 4081">
     <span class='ocr_line' id='line_1_107' title="bbox 2071 3988 3915 4081; baseline 0.02 -44"><span class='ocrx_word' id='word_1_857' title='bbox 2071 3989 2300 4081; x_wconf 81' lang='lat' dir='ltr'><strong>quodam</strong></span> <span class='ocrx_word' id='word_1_858' title='bbox 2339 3988 2652 4041; x_wconf 89' lang='lat' dir='ltr'><strong>sacerdotio</strong></span> <span class='ocrx_word' id='word_1_859' title='bbox 2684 3988 2992 4081; x_wconf 65' lang='lat' dir='ltr'><strong>fungitur.</strong></span> <span class='ocrx_word' id='word_1_860' title='bbox 3034 3992 3165 4049; x_wconf 82' lang='lat' dir='ltr'><strong>llic</strong></span> <span class='ocrx_word' id='word_1_861' title='bbox 3215 4003 3286 4055; x_wconf 85' lang='lat' dir='ltr'><strong>si</strong></span> <span class='ocrx_word' id='word_1_862' title='bbox 3337 4006 3414 4061; x_wconf 89' lang='lat' dir='ltr'><strong>in</strong></span> <span class='ocrx_word' id='word_1_863' title='bbox 3469 4011 3716 4081; x_wconf 83' lang='lat' dir='ltr'><strong>aliquo</strong></span> <span class='ocrx_word' id='word_1_864' title='bbox 3759 4016 3915 4072; x_wconf 81' lang='lat' dir='ltr'><strong>deli-</strong></span> 
     </span>
    </p>
   </div>
   <div class='ocr_carea' id='block_1_105' title="bbox 2071 4077 3909 4160">
    <p class='ocr_par' dir='ltr' id='par_1_105' title="bbox 2071 4077 3909 4160">
     <span class='ocr_line' id='line_1_108' title="bbox 2071 4077 3909 4160; baseline 0.017 -30"><span class='ocrx_word' id='word_1_865' title='bbox 2071 4077 2272 4147; x_wconf 90' lang='lat' dir='ltr'><strong>querit,</strong></span> <span class='ocrx_word' id='word_1_866' title='bbox 2305 4090 2522 4128; x_wconf 88' lang='lat' dir='ltr'><strong>omnem</strong></span> <span class='ocrx_word' id='word_1_867' title='bbox 2549 4078 2818 4130; x_wconf 90' lang='lat' dir='ltr'><strong>continuo</strong></span> <span class='ocrx_word' id='word_1_868' title='bbox 2851 4082 2952 4147; x_wconf 92' lang='lat' dir='ltr'><strong>qui</strong></span> <span class='ocrx_word' id='word_1_869' title='bbox 2990 4084 3173 4140; x_wconf 86' lang='lat' dir='ltr'><strong>intra</strong></span> <span class='ocrx_word' id='word_1_870' title='bbox 3225 4108 3384 4152; x_wconf 86' lang='lat' dir='ltr'><strong>nos</strong></span> <span class='ocrx_word' id='word_1_871' title='bbox 3433 4111 3551 4156; x_wconf 87' lang='lat' dir='ltr'><strong>est</strong></span> <span class='ocrx_word' id='word_1_872' title='bbox 3587 4077 3909 4160; x_wconf 66' lang='lat' dir='ltr'><strong>bonorum</strong></span> 
     </span>
    </p>
   </div>
   <div class='ocr_carea' id='block_1_106' title="bbox 2071 4168 3910 4254">
    <p class='ocr_par' dir='ltr' id='par_1_106' title="bbox 2071 4168 3910 4254">
     <span class='ocr_line' id='line_1_109' title="bbox 2071 4168 3910 4254; baseline 0.019 -34"><span class='ocrx_word' id='word_1_873' title='bbox 2071 4179 2286 4222; x_wconf 87' lang='lat' dir='ltr'><strong>actuum</strong></span> <span class='ocrx_word' id='word_1_874' title='bbox 2331 4181 2556 4232; x_wconf 89' lang='lat' dir='ltr'><strong>peccare</strong></span> <span class='ocrx_word' id='word_1_875' title='bbox 2597 4168 2863 4234; x_wconf 89' lang='lat' dir='ltr'><strong>populum</strong></span> <span class='ocrx_word' id='word_1_876' title='bbox 2916 4171 3096 4229; x_wconf 80' lang='lat' dir='ltr'><strong>facit.</strong></span> <span class='ocrx_word' id='word_1_877' title='bbox 3157 4179 3449 4254; x_wconf 87' lang='lat' dir='ltr'><strong>Neque</strong></span> <span class='ocrx_word' id='word_1_878' title='bbox 3517 4195 3713 4250; x_wconf 82' lang='lat' dir='ltr'><strong>enim</strong></span> <span class='ocrx_word' id='word_1_879' title='bbox 3755 4200 3910 4252; x_wconf 82' lang='lat' dir='ltr'><strong>recti</strong></span> 
     </span>
    </p>
   </div>
   <div class='ocr_carea' id='block_1_107' title="bbox 2071 4254 3916 4342">
    <p class='ocr_par' dir='ltr' id='par_1_107' title="bbox 2071 4254 3916 4342">
     <span class='ocr_line' id='line_1_110' title="bbox 2071 4254 3916 4342; baseline 0.013 -34"><span class='ocrx_word' id='word_1_880' title='bbox 2071 4257 2250 4323; x_wconf 84' lang='lat' dir='ltr'><strong>operis</strong></span> <span class='ocrx_word' id='word_1_881' title='bbox 2276 4254 2478 4321; x_wconf 88' lang='lat' dir='ltr'><strong>aliquid</strong></span> <span class='ocrx_word' id='word_1_882' title='bbox 2505 4255 2766 4322; x_wconf 76' lang='lat' dir='ltr'><strong>gerimus,</strong></span> <span class='ocrx_word' id='word_1_883' title='bbox 2803 4273 2938 4312; x_wconf 89' lang='lat' dir='ltr'><strong>cum</strong></span> <span class='ocrx_word' id='word_1_884' title='bbox 2972 4260 3036 4314; x_wconf 90' lang='lat' dir='ltr'><strong>in</strong></span> <span class='ocrx_word' id='word_1_885' title='bbox 3069 4280 3415 4332; x_wconf 80' lang='lat' dir='ltr'><strong>pravum</strong></span> <span class='ocrx_word' id='word_1_886' title='bbox 3454 4283 3916 4342; x_wconf 52' lang='lat' dir='ltr'><strong>declinaverit</strong></span> 
     </span>
    </p>
   </div>
   <div class='ocr_carea' id='block_1_108' title="bbox 2483 4389 3199 4464">
    <p class='ocr_par' dir='ltr' id='par_1_108' title="bbox 2483 4389 3199 4464">
     <span class='ocr_line' id='line_1_111' title="bbox 2483 4389 3199 4464; baseline 0.011 -20"><span class='ocrx_word' id='word_1_887' title='bbox 2483 4390 2528 4421; x_wconf 81' lang='grc'><strong>⁶²</strong></span> <span class='ocrx_word' id='word_1_888' title='bbox 2557 4389 2758 4446; x_wconf 84' lang='lat' dir='ltr'><strong>Genes.</strong></span> <span class='ocrx_word' id='word_1_889' title='bbox 2785 4409 2975 4462; x_wconf 67' lang='grc' dir='ltr'><strong>χχχιι,</strong></span> <span class='ocrx_word' id='word_1_890' title='bbox 3008 4399 3071 4464; x_wconf 76' lang='grc'><strong>1,</strong></span> <span class='ocrx_word' id='word_1_891' title='bbox 3120 4403 3199 4460; x_wconf 74' lang='grc'><strong>2,</strong></span> 
     </span>
    </p>
   </div>
   <div class='ocr_carea' id='block_1_109' title="bbox 2081 4570 3064 4634">
    <p class='ocr_par' dir='ltr' id='par_1_109' title="bbox 2081 4570 3064 4634">
     <span class='ocr_line' id='line_1_112' title="bbox 2081 4570 3064 4634; baseline 0.008 -10"><span class='ocrx_word' id='word_1_892' title='bbox 2081 4581 2136 4624; x_wconf 89' lang='lat' dir='ltr'><strong>et</strong></span> <span class='ocrx_word' id='word_1_893' title='bbox 2167 4571 2253 4622; x_wconf 82' lang='lat' dir='ltr'><strong>alii</strong></span> <span class='ocrx_word' id='word_1_894' title='bbox 2284 4570 2505 4634; x_wconf 77' lang='lat' dir='ltr'><strong>pasSim.</strong></span> <span class='ocrx_word' id='word_1_895' title='bbox 2533 4570 2937 4629; x_wconf 85' lang='lat' dir='ltr'><strong>Verumtamen</strong></span> <span class='ocrx_word' id='word_1_896' title='bbox 2972 4579 3064 4631; x_wconf 84' lang='lat' dir='ltr'><strong>Au</strong></span> 
     </span>
    </p>
   </div>
   <div class='ocr_carea' id='block_1_110' title="bbox 2078 5043 2262 5096">
    <p class='ocr_par' dir='ltr' id='par_1_110' title="bbox 2078 5043 2262 5096">
     <span class='ocr_line' id='line_1_113' title="bbox 2078 5043 2262 5096; baseline 0.005 0"><span class='ocrx_word' id='word_1_897' title='bbox 2078 5043 2262 5096; x_wconf 90' lang='lat' dir='ltr'><strong>sionis.</strong></span> 
     </span>
    </p>
   </div>
   <div class='ocr_carea' id='block_1_111' title="bbox 2149 5109 3250 5189">
    <p class='ocr_par' dir='ltr' id='par_1_111' title="bbox 2149 5109 3250 5189">
     <span class='ocr_line' id='line_1_114' title="bbox 2149 5109 3250 5189; baseline 0.025 -28"><span class='ocrx_word' id='word_1_898' title='bbox 2149 5109 2487 5189; x_wconf 48' lang='lat' dir='ltr'><strong>(illCodex</strong></span> <span class='ocrx_word' id='word_1_899' title='bbox 2535 5113 2827 5186; x_wconf 84' lang='lat' dir='ltr'><strong>Sangerm.</strong></span> <span class='ocrx_word' id='word_1_900' title='bbox 2857 5158 2874 5184; x_wconf 95' lang='lat'><strong>,</strong></span> <span class='ocrx_word' id='word_1_901' title='bbox 2914 5140 2934 5173; x_wconf 75' lang='grc' dir='ltr'><strong>ι</strong></span> <span class='ocrx_word' id='word_1_902' title='bbox 2975 5124 3250 5189; x_wconf 70' lang='lat' dir='ltr'><strong>offerre.</strong></span> 
     </span>
    </p>
   </div>
   <div class='ocr_carea' id='block_1_112' title="bbox 2081 5177 2373 5232">
    <p class='ocr_par' dir='ltr' id='par_1_112' title="bbox 2081 5177 2373 5232">
     <span class='ocr_line' id='line_1_115' title="bbox 2081 5177 2373 5232; baseline 0.007 -4"><span class='ocrx_word' id='word_1_903' title='bbox 2081 5195 2100 5228; x_wconf 83' lang='grc'><strong><em>‹</em></strong></span> <span class='ocrx_word' id='word_1_904' title='bbox 2134 5177 2310 5232; x_wconf 69' lang='lat' dir='ltr'><strong>offert.</strong></span> <span class='ocrx_word' id='word_1_905' title='bbox 2354 5198 2373 5230; x_wconf 70' lang='grc' dir='ltr'><strong>ι</strong></span> 
     </span>
    </p>
   </div>
   <div class='ocr_carea' id='block_1_113' title="bbox 2147 5246 2745 5316">
    <p class='ocr_par' dir='ltr' id='par_1_113' title="bbox 2147 5246 2745 5316">
     <span class='ocr_line' id='line_1_116' title="bbox 2147 5246 2745 5316; baseline 0.017 -15"><span class='ocrx_word' id='word_1_906' title='bbox 2147 5246 2260 5316; x_wconf 75' lang='grc'>(52)</span> <span class='ocrx_word' id='word_1_907' title='bbox 2289 5247 2394 5313; x_wconf 85' lang='lat' dir='ltr'><strong>Qui</strong></span> <span class='ocrx_word' id='word_1_908' title='bbox 2418 5251 2474 5305; x_wconf 84' lang='lat' dir='ltr'><strong>in</strong></span> <span class='ocrx_word' id='word_1_909' title='bbox 2503 5255 2648 5310; x_wconf 72' lang='lat' dir='ltr'><strong>caelis</strong></span> <span class='ocrx_word' id='word_1_910' title='bbox 2677 5273 2745 5316; x_wconf 85' lang='lat' dir='ltr'><strong>qu</strong></span> 
     </span>
    </p>
   </div>
   <div class='ocr_carea' id='block_1_114' title="bbox 2076 5322 2654 5382">
    <p class='ocr_par' dir='ltr' id='par_1_114' title="bbox 2076 5322 2654 5382">
     <span class='ocr_line' id='line_1_117' title="bbox 2076 5322 2654 5382; baseline 0.003 -2"><span class='ocrx_word' id='word_1_911' title='bbox 2076 5330 2288 5368; x_wconf 73' lang='grc' dir='ltr'><strong>πιαηετε</strong></span> <span class='ocrx_word' id='word_1_912' title='bbox 2310 5355 2327 5380; x_wconf 70' lang='grc' dir='ltr'><strong>ν</strong></span> <span class='ocrx_word' id='word_1_913' title='bbox 2355 5328 2465 5376; x_wconf 88' lang='lat' dir='ltr'><strong>etc.</strong></span> <span class='ocrx_word' id='word_1_914' title='bbox 2511 5322 2654 5382; x_wconf 74' lang='lat' dir='ltr'><strong>Vide</strong></span> 
     </span>
    </p>
   </div>
   <div class='ocr_carea' id='block_1_115' title="bbox 2077 5385 2661 5452">
    <p class='ocr_par' dir='ltr' id='par_1_115' title="bbox 2077 5385 2661 5452">
     <span class='ocr_line' id='line_1_118' title="bbox 2077 5385 2661 5452; baseline 0.039 -22"><span class='ocrx_word' id='word_1_915' title='bbox 2077 5390 2265 5452; x_wconf 56' lang='lat' dir='ltr'><strong>qutgst.</strong></span> <span class='ocrx_word' id='word_1_916' title='bbox 2293 5385 2349 5446; x_wconf 83' lang='lat'><strong>‘5,</strong></span> <span class='ocrx_word' id='word_1_917' title='bbox 2385 5405 2537 5449; x_wconf 89' lang='lat' dir='ltr'><strong>num.</strong></span> <span class='ocrx_word' id='word_1_918' title='bbox 2565 5395 2661 5452; x_wconf 60' lang='grc' dir='ltr'><strong>ει.</strong></span> 
     </span>
    </p>
   </div>
   <div class='ocr_carea' id='block_1_116' title="bbox 2148 5449 3162 5538">
    <p class='ocr_par' dir='ltr' id='par_1_116' title="bbox 2148 5449 3162 5538">
     <span class='ocr_line' id='line_1_119' title="bbox 2148 5449 3162 5538; baseline 0.023 -33"><span class='ocrx_word' id='word_1_919' title='bbox 2148 5449 2568 5538; x_wconf 41' lang='grc' dir='ltr'><strong>ςῇξξρθτιὶευιει</strong></span> <span class='ocrx_word' id='word_1_920' title='bbox 2607 5449 2808 5538; x_wconf 37' lang='lat' dir='ltr'><strong>(quia.</strong></span> <span class='ocrx_word' id='word_1_921' title='bbox 2844 5488 2862 5520; x_wconf 70' lang='grc' dir='ltr'><strong>ι</strong></span> <span class='ocrx_word' id='word_1_922' title='bbox 2897 5468 3062 5526; x_wconf 83' lang='lat' dir='ltr'><strong>deest</strong></span> <span class='ocrx_word' id='word_1_923' title='bbox 3101 5473 3162 5528; x_wconf 92' lang='lat' dir='ltr'><strong>in</strong></span> 
     </span>
    </p>
   </div>
   <div class='ocr_carea' id='block_1_117' title="bbox 2080 5527 3198 5608">
    <p class='ocr_par' dir='ltr' id='par_1_117' title="bbox 2080 5527 3198 5608">
     <span class='ocr_line' id='line_1_120' title="bbox 2080 5527 3198 5608; baseline 0.028 -38"><span class='ocrx_word' id='word_1_924' title='bbox 2080 5527 2389 5580; x_wconf 82' lang='lat' dir='ltr'><strong>restituitur</strong></span> <span class='ocrx_word' id='word_1_925' title='bbox 2422 5544 2452 5585; x_wconf 84' lang='lat' dir='ltr'><strong>e</strong></span> <span class='ocrx_word' id='word_1_926' title='bbox 2488 5527 3198 5608; x_wconf 46' lang='lat' dir='ltr'><strong>codice-Sangermanensi</strong></span> 
     </span>
    </p>
   </div>
   <div class='ocr_carea' id='block_1_118' title="bbox 3306 5147 3913 5227">
    <p class='ocr_par' dir='ltr' id='par_1_118' title="bbox 3306 5147 3913 5227">
     <span class='ocr_line' id='line_1_121' title="bbox 3306 5147 3913 5227; baseline 0.02 -24"><span class='ocrx_word' id='word_1_927' title='bbox 3306 5160 3337 5194; x_wconf 77' lang='grc' dir='ltr'><strong>ι</strong></span> <span class='ocrx_word' id='word_1_928' title='bbox 3425 5147 3654 5212; x_wconf 85' lang='lat' dir='ltr'><strong>Libb.</strong></span> <span class='ocrx_word' id='word_1_929' title='bbox 3697 5160 3913 5227; x_wconf 89' lang='lat' dir='ltr'><strong>editi,</strong></span> 
     </span>
    </p>
   </div>
   <div class='ocr_carea' id='block_1_119' title="bbox 2741 5257 3909 5381">
    <p class='ocr_par' dir='ltr' id='par_1_119' title="bbox 2741 5257 3909 5381">
     <span class='ocr_line' id='line_1_122' title="bbox 2741 5257 3909 5381; baseline 0 0"><span class='ocrx_word' id='word_1_930' title='bbox 2741 5257 3604 5381; x_wconf 55' lang='grc' dir='ltr'><strong>ξῖῖπιιὲῗτᾷζίεεξξεεςε</strong></span> <span class='ocrx_word' id='word_1_931' title='bbox 3643 5298 3765 5381; x_wconf 70' lang='grc' dir='ltr'><strong>εεει</strong></span> <span class='ocrx_word' id='word_1_932' title='bbox 3793 5313 3909 5364; x_wconf 65' lang='lat' dir='ltr'><strong>pro</strong></span> 
     </span>
    </p>
   </div>
   <div class='ocr_carea' id='block_1_120' title="bbox 2777 5332 3907 5435">
    <p class='ocr_par' dir='ltr' id='par_1_120' title="bbox 2777 5332 3907 5435">
     <span class='ocr_line' id='line_1_123' title="bbox 2777 5332 3907 5435; baseline 0.039 -53"><span class='ocrx_word' id='word_1_933' title='bbox 2777 5332 2955 5384; x_wconf 87' lang='lat' dir='ltr'><strong>etium</strong></span> <span class='ocrx_word' id='word_1_934' title='bbox 2987 5332 3604 5414; x_wconf 26' lang='grc' dir='ltr'><strong>Ονὶθθηέανᾶἇῖιῗιὲ</strong></span> <span class='ocrx_word' id='word_1_935' title='bbox 3643 5332 3907 5435; x_wconf 49' lang='lat'><strong>333-:</strong></span> 
     </span>
    </p>
   </div>
   <div class='ocr_carea' id='block_1_121' title="bbox 3201 5493 3903 5572">
    <p class='ocr_par' dir='ltr' id='par_1_121' title="bbox 3201 5493 3903 5572">
     <span class='ocr_line' id='line_1_124' title="bbox 3201 5493 3903 5572; baseline 0.017 -24"><span class='ocrx_word' id='word_1_936' title='bbox 3201 5493 3443 5548; x_wconf 67' lang='lat' dir='ltr'><strong>a&quot;lea</strong></span> <span class='ocrx_word' id='word_1_937' title='bbox 3488 5499 3747 5572; x_wconf 83' lang='lat' dir='ltr'><strong>editis,</strong></span> <span class='ocrx_word' id='word_1_938' title='bbox 3785 5505 3903 5562; x_wconf 69' lang='lat' dir='ltr'><strong>sed</strong></span> 
     </span>
    </p>
   </div>
  </div>
