3948 6228
296 188 384 253 ΕΙ
1502 212 1566 269 ΙΝ
1600 215 1855 273 LEVITIC

1999 218 2277 275 HOMILIA
2306 217 2366 272 tt.
3452 228 3558 287 ιε,

295 316 458 391 praes
488 302 1104 410 εξξηξιίξθτρτοξηιῖξεθς
1134 319 1400 410 Θῑᾘίᾶοο
1446 342 1551 382 non
1585 330 1898 385 elocutionis
1924 336 1972 395 Α
2001 334 2306 388 mandatum
2364 312 2678 406 quomOd‘f
2738 321 2819 410 ἴοι
2862 338 3117 393 taurorum
3165 341 3247 394 vel
3294 355 3547 410 agnorum

299 409 471 461 error.
512 394 611 449 sed
657 395 1031 496 ξωῐιιηάὶοτὶε
1078 399 1499 482 intelligentia:
1553 394 1939 485 requirendus
1996 421 2171 475 hostia
2202 394 2421 475 deberet
2451 394 2714 496 οσενΐῖοί
2738 405 2844 469 Sed
2891 426 2977 490 qui
3026 427 3191 495 legem
3237 394 3545 496 spiritaliter

313 498 376 545 εει
410 499 629 542 εθιὶδιιδο
670 484 734 541 ιη
770 499 1029 558 quantum
1077 506 1234 564 ergo
1284 504 1454 558 nobis
1490 484 1770 560 occurrere
1802 521 1897 573 po—
1998 507 2267 575 intelligit,
2307 501 2647 573 spiritaliter
2697 490 2810 552 haec
2852 484 3037 573 quaerit
3078 484 3283 567 offerre:
3318 513 3375 567 Si
3407 529 3537 568 vero

323 591 423 644 test,
456 578 578 632 haec
609 575 748 631 mihi
786 581 1006 636 videtur
1034 583 1374 649 absolutio.
1415 592 1658 647 Mandata
1691 594 1896 649 Domini
1995 596 2115 662 quis
2141 595 2255 663 (52)
2281 594 2586 647 secundum
2639 593 2875 648 slNBctem
2918 598 3142 650 mandati
3177 601 3405 655 carnalis
3435 602 3531 655 ob—

316 669 553 741 quxdam
583 666 708 721 data
734 677 869 723 sunt
896 678 954 723 ut
981 669 1117 723 ﬁant
1148 711 1168 737 ,
1218 680 1478 745 quzedam
1516 690 1573 733 ut
1610 696 1711 734 non
1746 682 1892 737 ﬁant.
1996 683 2199 749 tulen’t,
2254 683 2367 737 haec
2410 689 2493 737 est
2540 672 2725 733 anima
2754 692 2859 732 una
2886 696 2948 734 ex
2986 685 3175 751 populo
3209 695 3380 751 terrm,
3414 703 3527 755 qua:

312 760 404 816 Sed
442 774 523 815 ea
548 772 665 828 quas
688 759 809 812 ﬁeri
840 760 1059 825 debent,
1095 768 1428 823 necessitas
1452 771 1687 838 poposcit
1718 771 1897 824 huma—
1994 771 2235 841 peccavit
2261 771 2446 825 nolens
2478 761 2729 820 faciendo
2759 779 2924 819 unum
2952 770 3014 820 ab
3038 772 3282 824 omnibus
3310 776 3525 825 manda-

306 865 387 914 na,
427 860 506 903 ut
536 850 738 902 inserta
766 846 879 903 illis
907 847 1318 917 proferrentur,
1350 871 1472 923 qua:
1517 858 1631 911 ﬁeri
1665 873 1771 911 non
1801 859 1895 912 de-
1997 860 2065 912 tis
2112 859 2320 911 Domini
2370 855 2511 924 quod
2552 867 2658 907 non
2693 850 2803 915 ﬁet,
2847 863 2901 908 et
2931 856 3169 922 deliquit,
3203 865 3255 909 et
3281 857 3399 910 ideo
3429 861 3526 912 ad-

301 946 538 996 itet-ent.
563 939 726 995 Verbi
757 939 957 1005 gratia,
984 948 1045 993 ut
1076 939 1146 993 de
1178 941 1272 997 bis
1302 944 1431 1012 ipsis
1458 960 1575 1015 qua:
1623 961 1761 1001 nunc
1800 948 1898 1002 ha-
1988 946 2156 1014 jungit
2178 947 2231 998 in
2257 942 2706 1014 subsequentibus
2721 941 2766 973 ⁸ο
2795 960 2809 995 :
2845 961 2863 993 ι
2894 942 2960 996 Et
2986 958 3103 996 cum
3127 950 3304 996 notum
3329 945 3524 1000 factum

300 1032 518 1085 bemus
545 1032 600 1084 in
628 1029 873 1084 manibus
902 1029 1191 1085 sacriﬁciis
1220 1035 1560 1102 proferamus
1575 1037 1892 1105 exemplum,
1994 1036 2154 1088 fuerit
2184 1035 2258 1088 illi
2299 1042 2576 1102 peccatum
2615 1031 2754 1099 quod
2784 1033 3044 1099 peccavit,
3078 1033 3305 1087 adducet
3335 1049 3527 1086 munus

296 1132 491 1185 agnus
527 1118 806 1171 immolari
832 1118 1050 1186 iubetur
1071 1116 1125 1169 in
1142 1117 1357 1174 Pascha
1383 1121 1452 1185 ⁷⁸,
1476 1137 1577 1174 non
1605 1124 1744 1189 quod
1770 1137 1895 1177 vere
1992 1141 2143 1179 suum
2172 1133 2297 1179 ante
2324 1123 2604 1180 Dominum
2633 1121 2768 1193 (55).
2800 1140 2819 1172 ι
2851 1122 3014 1176 Debet
3056 1122 3196 1175 enim
3228 1137 3419 1175 munus
3441 1124 3525 1174 of-

296 1216 427 1276 agm
498 1208 751 1261 hostiam
782 1222 878 1276 per
917 1206 1160 1276 singulos
1200 1224 1369 1263 annos
1402 1211 1702 1277 requireret
1732 1211 1889 1277 Deus,
1992 1215 2135 1267 ferre
2182 1214 2394 1276 anima,
2455 1226 2573 1265 cum
2629 1211 2676 1265 ei
2725 1210 3051 1274 innotuerit,
3080 1211 3203 1277 quia
3235 1210 3375 1264 Deus
3419 1226 3524 1264 nou

296 1296 389 1350 sed
450 1299 625 1363 quod
685 1298 991 1364 designaret
1039 1296 1152 1367 (51)
1208 1298 1476 1352 immolari
1524 1300 1716 1353 debere
1746 1300 1891 1353 illum
1991 1302 2182 1369 quaerit
2206 1299 2419 1354 carnale
2450 1299 2776 1354 sacrificium
2815 1320 2826 1353 :
2858 1298 2979 1366 quia
3016 1315 3035 1348 ι
3071 1298 3387 1353 sacriﬁcium
3416 1299 3524 1353 Deo

293 1398 549 1452 agnum,
607 1384 706 1454 qui
741 1385 878 1438 tollit
909 1394 1197 1451 peccatum
1230 1387 1434 1440 mundi.
1473 1386 1582 1441 Hoc
1617 1402 1747 1455 ergo
1777 1390 1891 1445 ﬁeri
1989 1397 2070 1443 est
2113 1388 2332 1456 spiritus
2379 1387 2769 1440 contribulatus
2798 1386 2862 1441 εξ.
2900 1404 2917 1435 ι
2975 1384 3168 1438 Notum
3215 1386 3274 1437 ﬁt
3313 1400 3440 1454 ergo
3471 1386 3522 1439 ei

291 1473 486 1526 voluit
520 1512 539 1535 ,
594 1475 734 1527 illud
765 1474 956 1527 noluit.
990 1473 1083 1527 Sic
1109 1473 1254 1526 enim
1295 1490 1393 1542 per
1423 1476 1611 1529 Isaiam
1646 1478 1774 1531 dicit
1800 1478 1843 1509 τ’
1873 1492 1888 1530 :
1989 1485 2261 1545 peccatum
2285 1489 2598 1540 suum,cum
2623 1474 2869 1528 didicerit
2893 1489 2921 1527 a
2951 1473 3170 1526 Domino
3213 1474 3423 1527 dicente
3440 1474 3518 1527 ⁸²ι

294 1577 307 1609 t
338 1560 492 1625 Quo
549 1561 695 1614 mihi
759 1561 1157 1614 multitudinem
1237 1562 1618 1616 sacriﬁciorum
1686 1574 1892 1619 vestro—
1995 1582 2014 1614 ι
2048 1563 2465 1619 Misericordiam
2499 1564 2641 1617 malo
2683 1577 2843 1629 quam
2877 1562 3231 1624 sacriﬁcium;
3266 1580 3283 1611 ι
3318 1569 3371 1615 et
3400 1578 3519 1615 cum

289 1663 444 1709 mm,
489 1645 639 1701 dicit
673 1647 971 1701 Dominus?
1005 1647 1203 1703 Plenus
1234 1664 1350 1704 sum
1387 1649 1707 1703 holocaustis
1751 1652 1888 1704 arie-
1920 1631 1962 1685 Β
1990 1653 2263 1723 agnoverit
2298 1651 2577 1705 immolare
2609 1651 2927 1705 sacriﬁcium
2958 1650 3131 1703 laudis
3164 1650 3213 1701 in
3259 1649 3516 1709 Ecclesia,

289 1746 442 1799 tum,
483 1746 541 1789 et
597 1736 815 1804 adipem
860 1752 1149 1805 agnorum,
1183 1747 1238 1792 et
1265 1740 1574 1807 sanguinem
1616 1739 1911 1792 hircorum'
1989 1751 2041 1794 et
2072 1742 2291 1795 reddere
2318 1740 2593 1794 Altissimo
2621 1749 2743 1792 vota
2771 1754 2888 1802 sua,
2918 1753 3011 1805 per
3044 1736 3315 1790 Christum
3343 1738 3519 1790 Domi-

286 1834 336 1875 ει
374 1832 694 1877 taurorum
723 1824 866 1878 nolo.
893 1846 913 1876 ι
948 1825 1161 1878 Audisti
1192 1828 1457 1893 quomodo
1487 1841 1590 1878 non
1620 1826 1730 1877 vult
1756 1826 1882 1877 hos-
1988 1844 2113 1882 num
2154 1837 2417 1891 nostrum,
2452 1828 2538 1881 cui
2566 1827 2685 1881 laus
2715 1834 2767 1881 et
2799 1826 2967 1895 gloria
2995 1827 3047 1877 in
3079 1824 3268 1878 saecula
3298 1827 3519 1879 sarculo-

286 1910 432 1963 tiam
476 1910 750 1973 arietum,
803 1925 903 1965 ncc
941 1910 1128 1979 adipes
1180 1912 1471 1979 agnorum?
1525 1912 1675 1966 dedit
1707 1920 1881 1965 tamen
1987 1932 2124 1970 rum.
2158 1918 2348 1971 Amen.

289 2118 441 2197 Ἐκ.
478 2119 610 2197 τῷν
660 2121 1001 2197 ᾯριτένους
1030 2122 1127 2197 εὶς.
1156 2121 1226 2197 τὸ.
1244 2124 1572 2197 ,Λευζτικόρπ
1617 2153 1683 2164 --

1987 2127 2067 2181 Ea:
2113 2127 2348 2197 Origeuis
2400 2126 2799 2197 Commentariis
2846 2126 2898 2176 in
2946 2123 3406 2197 [αξηαρνις-Ε
3434 2140 3513 2179 κο

349 2188 487 2253 τῆς
513 2190 612 2251 εἱς
638 2188 704 2240 τὸ
736 2189 1050 2241 Λευῖτικὸν
1096 2190 1327 2257 ὁμιλίας
1363 2189 1658 2257 δευτέρας,
1705 2194 1881 2257 εὐθὺς

341 2255 527 2322 μετὰ
553 2255 674 2320 τὴν
705 2256 920 2323 ἀρχήν.

2017 2196 2183 2247 eundo
2208 2188 2264 2245 in
2293 2192 2575 2246 Leviticum
2621 2193 2834 2245 humilia
2855 2230 2870 2255 ,
2915 2193 3089 2244 statim
3123 2208 3155 2244 α
3196 2194 3474 2261 principto.

346 2343 468 2411 Μὴ
495 2344 797 2411 νοήσαντες
839 2343 949 2412 (54)
999 2344 1055 2395 δὲ
1089 2343 1348 2414 διαφορὰν
1392 2344 1717 2413 ’ἰουδαΐσμοῦ
1749 2347 1878 2417 όρα-

2046 2344 2305 2399 Judaismi
2331 2344 2420 2411 qui
2448 2342 2617 2397 oculis
2660 2343 2906 2407 videtur,
2954 2351 3005 2396 et
3050 2342 3164 2409 ejus
3193 2342 3280 2409 qui
3333 2350 3511 2395 mente

268 2432 379 2485 τοῦ
445 2434 553 2484 καὶ
608 2430 946 2499 Ἰουδαῖσμοῦ
989 2433 1198 2502 νοητοῦ,
1234 2431 1501 2485 τουτέστιν
1552 2434 1827 2503 Ἰουδαῖσμε

1978 2432 2287 2502 percipitur,
2319 2432 2423 2484 hoc
2456 2439 2538 2485 est
2565 2430 2827 2483 Judaismi
2877 2429 3147 2483 manifesti
3175 2437 3228 2483 et
3254 2427 3512 2482 Judaismi

267 2520 547 2591 φανεροῦ
592 2522 688 2571 καὶ
729 2519 1067 2588 Ἰουδαϊσμοῦ
1092 2519 1183 2571 τοῦ
1211 2522 1268 2571 ὲν
1300 2510 1540 2588 κρυπτῷ,
1571 2522 1617 2571 oi
1644 2521 1748 2573 ἀπὸ
1773 2520 1826 2572 τι]

1981 2522 2172 2577 occulti
2219 2521 2505 2575 discrimen
2548 2535 2665 2573 cum
2712 2535 2814 2572 non
2861 2519 3217 2588 intelligerent
3261 2518 3408 2587 impii
3451 2525 3508 2570 et

261 2610 640 2663 ἁθεωτᾶτων
674 2608 786 2678 (55)
823 2609 920 2660 xa‘t
959 2607 1330 2660 ἀσεϐεστάτων
1358 2608 1614 2676 αἱρέσεων
1633 2647 1647 2670 ,
1679 2607 1820 2659 εὐθέι

1980 2609 2122 2661 omni
2149 2607 2518 2661 exsecratione
2545 2606 2687 2672 digni
2711 2606 2965 2668 haeretici,
2993 2605 3169 2658 statim
3188 2618 3218 2657 a
3237 2602 3510 2660 Judaismo

256 2699 605 2769 διέστησαν
647 2698 752 2749 ἀπὸ
795 2694 891 2748 τοῦ
937 2694 1289 2763 ’ἰουδαῖσμοῦ,
1320 2696 1414 2747 καὶ
1463 2694 1556 2746 τοῦ
1603 2694 1734 2746 Θεοῦ
1781 2712 1815 2755 τε

1980 2702 2034 2746 et
2067 2693 2253 2745 harum
2285 2690 2683 2758 Scripturarum
2715 2699 2978 2760 totiusque
2998 2690 3129 2758 legis
3161 2700 3379 2745 auctore
3397 2690 3509 2746 Deo

254 2786 481 2848 δόντος
515 2786 727 2847 ταύτας
780 2785 882 2846 τὰς
910 2783 1147 2853 Γραφὰς,
1183 2784 1273 2835 καὶ
1313 2782 1429 2834 ὅλον
1461 2783 1551 2836 τὸν
1573 2784 1752 2851 νόμον,
1785 2800 1813 2834 κ

1981 2778 2304 2843 defecerunt,
2330 2787 2385 2833 et
2414 2779 2576 2831 alium
2603 2780 2765 2832 Deum
2805 2780 2872 2832 ab
2899 2793 2963 2833 eo
2985 2781 3073 2846 qui
3098 2779 3264 2848 legem
3296 2786 3349 2832 et
3382 2793 3507 2845 pro-

254 2876 620 2929 ἀνέπλασαν
648 2875 839 2943 ἕτερον
860 2874 995 2925 Θεὸν
1025 2871 1174 2940 παρὰ
1196 2871 1285 2922 τὸν
1311 2870 1576 2924 δεδωκότα
1602 2872 1689 2923 τὸν
1716 2872 1813 2940 νόμ

1979 2870 2166 2936 phetas
2198 2870 2440 2931 dederat,
2492 2870 2690 2936 quique
2736 2868 2926 2922 caelum
2961 2878 3015 2922 et
3054 2877 3247 2923 terram
3283 2868 3502 2933 fecerat,

253 2966 372 3017 καὶ
405 2965 552 3025 τοὺς
577 2964 887 3032 προφήτας,
915 2959 1067 3029 παρὰ
1090 2959 1179 3010 τὸν
1203 2960 1497 3028 ποιήσαντα
1527 2959 1747 3027 οὐρανὸν
1781 2976 1812 3011 κ

1973 2956 2360 3010 conﬁnxerunt.
2383 2956 2532 3021 Quod
2554 2966 2700 3010 certe
2730 2956 3112 3009 alienissimum
3131 2965 3227 3011 est.
3253 2957 3348 3021 Qui
3366 2961 3504 3010 enim

250 3049 416 3121 γῆν.
457 3051 538 3103 Τὸ
576 3050 635 3101 δὲ
670 3050 773 3116 οὐχ
805 3047 978 3108 οὕτως
1019 3046 1152 3114 ἔχει,
1193 3045 1305 3098 ἀλλ’
1330 3044 1620 3107 ὁδεδωκὼς
1660 3046 1747 3097 τὸν
1782 3062 1809 3103 ν

1972 3044 2114 3097 dedit
2159 3044 2325 3112 legem
2354 3045 2512 3108 Deus,
2544 3044 2688 3097 dedit
2736 3052 2791 3097 et
2824 3044 3204 3112 Evangellum;
3244 3045 3333 3112 qui
3381 3044 3507 3099 fecit

254 3159 411 3210 μον,
455 3140 666 3192 δέδωκε
697 3138 794 3189 καὶ⁵
818 3137 879 3188 τὸ
912 3134 1272 3202 Εὑαγγέλιον·
1303 3136 1332 3186 ό
1371 3136 1598 3203 ποιήσας
1644 3133 1712 3184 τὰ
1754 3134 1813 3202 βλ

1971 3144 2033 3183 ea
2066 3144 2182 3196 qua:
2225 3130 2492 3194 videntur,
2526 3130 2671 3183 dedit
2702 3138 2755 3184 et
2778 3144 2841 3183 ea
2875 3146 2992 3198 quae
3040 3131 3209 3185 oculis
3243 3146 3345 3185 non
3386 3147 3505 3186 cer-

249 3230 535 3297 πὸμενα,
576 3227 783 3279 δέδωκε
815 3226 909 3276 καὶ
939 3224 1006 3275 τὰ
1038 3224 1110 3292 μὴ
1142 3223 1462 3291 βλεπόμενα.
1498 3221 1651 3273 Οὕτω
1678 3222 1733 3273 δὲ
1761 3221 1808 3290 ἔ)

1970 3225 2204 3281 nuntur;
2249 3224 2303 3270 et
2353 3216 2727 3284 cognationem
2763 3218 2960 3271 habent
3010 3219 3148 3273 inter
3174 3234 3233 3273 se
3276 3234 3394 3287 quae
3424 3219 3500 3273 vi-

262 3317 647 3383 συγγένειαν,
688 3312 834 3364 ὥστε
867 3312 937 3363 τὰ
970 3311 1174 3379 ἀόρατα
1202 3309 1294 3362 τοῦ
1334 3307 1465 3359 Θεοῦ
1505 3309 1611 3359 ἀπὸ
1647 3308 1821 3360 κτίσειι

1969 3302 2179 3365 dentur,
2217 3311 2272 3355 et
2297 3317 2415 3370 quae
2454 3317 2557 3355 non
2591 3304 2865 3359 videntur.
2902 3303 3028 3357 Eam
3078 3318 3255 3359 autem
3304 3322 3503 3375 cogna-

284 3380 502 3472 κόσμου
532 3405 650 3463 τοῖς
677 3402 951 3469 ποιήμασι
988 3397 1249 3466 νοούμενα
1291 3395 1636 3466 καθορᾶσθαι.
1673 3396 1843 3462 Συγγέ

1969 3385 2163 3440 tionem
2190 3386 2408 3451 habent,
2443 3396 2499 3440 ut
2529 3380 2817 3444 invisibilia
2856 3390 2947 3442 Dei
2990 3406 3019 3444 a
3049 3402 3293 3446 creatura
3319 3395 3500 3449 mundi

290 3509 444 3544 νειαν
504 3492 621 3559 ἔχει
669 3489 769 3541 καὶ⁵
819 3487 887 3538 τὰ
932 3485 1234 3554 βλεπόμενα
1278 3483 1369 3536 τοῦ
1427 3484 1590 3552 νόμου
1636 3484 1728 3535 καὶ
1764 3483 1849 3535 τῶι

1965 3488 2061 3541 per
2084 3488 2144 3527 ea
2175 3489 2293 3541 quae
2324 3475 2466 3529 facta
2492 3485 2635 3542 sunt,
2668 3477 2940 3531 intellecta
2973 3479 3127 3549 193
3157 3482 3498 3549 conspician-

291 3581 599 3651 προφητῶν
636 3580 778 3649 πρὸς
821 3576 891 3629 τὰ
936 3575 1012 3646 μὴ
1055 3575 1378 3643 βλεπόμενα,
1421 3572 1552 3625 ἀλλὰ
1606 3572 1850 3641 νοούμενα

1969 3572 2071 3618 tur.
2103 3561 2483 3629 Cognationem
2538 3567 2735 3621 habent
2772 3582 2888 3635 quae
2936 3570 3180 3622 videntur
3217 3571 3267 3623 in
3298 3572 3413 3642 lege
3443 3583 3497 3627 et

287 3671 382 3723 τοῦ
420 3670 592 3737 νόμου
614 3667 730 3720 καὶ
759 3666 872 3717 τῶν
903 3662 1212 3733 προφητῶν.
1254 3662 1404 3714 Ἐπεὶ
1427 3657 1517 3714 οὖν
1548 3662 1846 3730 συνέστηκε

1965 3653 2252 3721 prophetis,
2299 3668 2420 3707 cum
2455 3655 2517 3707 iis
2544 3669 2662 3721 quae
2701 3672 2804 3710 non
2841 3658 3084 3710 videntur
3106 3698 3121 3722 ,
3167 3661 3267 3714 sed
3302 3661 3497 3715 intelli-

286 3761 322 3828 ἡ
360 3758 558 3829 Γραφὴ
591 3758 687 3810 καὶ
729 3756 871 3824 αὑτὴ
919 3753 1079 3805 οἱονεὶ
1111 3754 1174 3805 ἐκ
1205 3750 1449 3819 σώματος
1489 3750 1586 3819 μὲν
1623 3749 1713 3801 τοῦ
1749 3750 1845 3818 βλε⁴

1964 3753 2157 3812 guutur
2206 3745 2259 3796 iu
2307 3743 2423 3811 lege
2466 3755 2520 3799 et
2564 3746 2855 3813 prophetis.
2908 3747 3040 3801 Cum
3083 3750 3242 3815 igitur
3288 3760 3496 3807 constet

287 3828 555 3913 πομένου,
585 3843 773 3911 ψυχῆς
791 3842 849 3893 δὲ
867 3842 965 3909 τῆς
997 3842 1054 3891 ὲν
1091 3837 1239 3907 αὐτῷ
1261 3836 1547 3905 νοουμένης
1584 3838 1677 3889 καὶ
1704 3853 1846 3889 κατα·

1964 3828 2236 3896 Scriptura
2283 3844 2491 3896 quoque
2526 3830 2637 3898 ipsa
2681 3830 2825 3883 velut
2871 3845 2935 3884 ex
2970 3847 3193 3900 corpore
3214 3838 3352 3903 quod
3378 3852 3494 3892 cer-

285 3931 716 4001 λαμὸανομένης
736 3969 753 3991 ,
785 3929 882 3980 καὶ
916 3926 1221 3995 πνεύματος
1259 3924 1353 3976 τοῦ
1382 3924 1519 3976 κατὰ
1555 3925 1623 3976 τὰ
1661 3923 1844 3977 ὑποδει

1964 3919 2125 3983 nitur,
2158 3927 2212 3972 et
2243 3932 2308 3972 ex
2332 3919 2531 3983 anima,
2560 3934 2676 3986 qua:
2706 3920 2758 3972 in
2791 3920 2905 3987 ipso
2934 3920 3247 3991 intelligitur
3285 3935 3337 3979 et
3362 3941 3494 3980 con-

284 4035 494 4088 γματα,
521 4019 619 4069 καὶ
644 4016 806 4069 σκιὰν
833 4014 942 4065 τῶν
969 4013 1305 4084 ἐπουρανίων
1325 4027 1339 4041 ·
1363 4011 1511 4081 φέρε,
1544 4010 1843 4063 ὲπικαλεσά·

1961 4008 2175 4075 cipitur,
2224 4018 2278 4061 et
2309 4022 2372 4060 ex
2402 4008 2593 4075 spiritu
2633 4010 2927 4062 secundum
2954 4011 3276 4080 exemplaria
3299 4023 3352 4068 et
3378 4031 3492 4069 um-

288 4126 439 4176 μενοι
470 4109 567 4160 τὸν
604 4106 912 4173 ποιήσαντα
942 4105 1010 4171 τῇ
1040 4102 1228 4171 Γραφῇ
1271 4100 1428 4168 σῶμα
1468 4100 1558 4151 καὶ
1578 4100 1751 4168 ψυχὴν
1771 4100 1847 4151 καῖ

1961 4095 2109 4149 bram
2147 4097 2462 4159 caelestium,
2492 4112 2607 4166 age,
2653 4113 2717 4152 eo
2767 4098 3013 4152 invocato
3062 4102 3150 4169 qui
3203 4102 3490 4173 Scriptura:

287 4198 530 4266 πνεῦμα,
568 4194 736 4263 σῶμα
771 4192 871 4261 μὲν
908 4195 1023 4252 τοῖς
1066 4192 1173 4259 πρὸ
1203 4189 1377 4259 ἡμῶν,
1415 4189 1587 4258 ψυχὴν
1620 4189 1676 4242 δὲ
1704 4183 1846 4258 ἡμῖν¹

1959 4201 2168 4255 corpus,
2200 4188 2433 4239 animant
2459 4195 2513 4240 et
2532 4188 2773 4253 spiritum
2802 4188 2945 4252 fecit,
2976 4204 3170 4259 corpus
3196 4193 3259 4247 iis
3281 4196 3369 4264 qui
3394 4211 3491 4251 nos

284 4284 502 4352 πνεῦμα
527 4282 587 4333 δὲ
616 4282 732 4342 τοῖς
755 4280 816 4330 ὲν
842 4276 922 4346 τῷ
956 4277 1199 4343 μέλλοντι
1230 4276 1384 4329 αἰῶνι
1408 4276 1843 4345 κληρονομήσουσι

1957 4281 2360 4341 praecesserunt,
2405 4272 2634 4325 animam
2684 4274 2858 4338 nobis,
2901 4278 3142 4342 spiritum
3184 4280 3248 4333 iis
3293 4282 3380 4349 qui
3432 4282 3486 4337 in

283 4366 423 4437 ζωὴν
456 4366 685 4420 αἰώνιον
706 4402 721 4425 ,
772 4363 869 4414 καὶ
923 4362 1206 4430 μέλλουσιν
1237 4363 1390 4430 ἥκειν
1426 4364 1515 4414 ἐπὶ
1537 4363 1603 4414 τὰ
1629 4364 1842 4433 ἐπουρά-

1955 4360 2134 4414 futuro
2159 4360 2350 4413 seculo
2388 4361 2551 4411 vitam
2598 4369 2853 4413 aeternam
2912 4364 3290 4431 possidebunt,
3325 4377 3380 4422 et
3424 4373 3489 4426 ad

278 4471 393 4517 νια,
439 4456 540 4508 καὶ
590 4450 830 4520 ἀληθινὰ
873 4450 969 4501 τοῦ
1010 4450 1212 4517 νόμου,
1274 4451 1645 4520 ὲρευνήσωμεν
1687 4451 1744 4501 οὐ
1796 4451 1837 4502 τε

1952 4448 2190 4503 οωιοειὶο
2221 4486 2236 4510 ,
2280 4446 2661 4513 veritatemque
2730 4447 2859 4514 legis
2902 4451 3110 4501 venturi
3161 4461 3317 4517 sunt;
3372 4457 3489 4508 ani-

278 4543 533 4611 γράμμα,
582 4539 728 4593 ἀλλὰ
762 4539 865 4608 τὴν
908 4536 1087 4605 ψυχὴν
1136 4537 1231 4588 ἐπὶ
1261 4537 1353 4589 τοῦ
1400 4538 1676 4606 παρόντος.
1704 4540 1765 4590 El
1794 4540 1837 4591 δὲ

1955 4551 2116 4602 mam,
2170 4550 2273 4611 non
2305 4536 2534 4589 litteram
2582 4536 2635 4588 in
2683 4540 2934 4604 prmscnti
2986 4540 3412 4612 investigemus:
3451 4549 3494 4600 si

275 4625 370 4683 οἷοὶ
389 4632 451 4683 τέ
475 4632 676 4699 ἐσμεν,
709 4622 1112 4694 ἀναϐησόμεθα
1140 4623 1251 4692 (56)
1280 4625 1371 4675 καὶ
1403 4625 1494 4676 ἐπὶ
1519 4627 1578 4677 τὸ
1617 4627 1834 4696 πνεῦμα

1952 4641 2077 4680 vero
2128 4635 2328 4679 tantum
2373 4624 2581 4678 elﬁcere
2636 4642 2958 4694 possumus,
3017 4631 3169 4699 juxta
3220 4634 3486 4689 rationen.

275 4720 408 4772 κατὰ
448 4719 548 4771 τὸν
595 4716 761 4781 λόγον
810 4712 906 4763 τὸν
949 4710 1082 4779 περὶ
1124 4708 1233 4761 τῶν
1280 4709 1390 4779 (57)
1420 4711 1834 4777 ἀναγνωσθεισῶη

1951 4714 2332 4770 sacriﬁciorum
2356 4750 2372 4777 ,
2405 4726 2522 4779 qua:
2553 4715 2707 4769 modo
2740 4717 2877 4773 lecta
2928 4728 3073 4785 sunt,
3121 4720 3186 4775 ad
3232 4722 3487 4792 spiritum

272 4806 491 4862 θυσιῶν.

1954 4802 2320 4858 ascendamus.

327 4921 373 4953 ’⁸
397 4918 579 4974 Exod.
608 4930 716 4969 xu.
796 4913 849 4944 "
879 4911 992 4964 lsa.
1024 4925 1069 4973 t,
1089 4911 1177 4963 ll.
1246 4908 1297 4941 '°
1323 4910 1485 4967 Levit.
1511 4928 1581 4976 tv,
1606 4914 1693 4967 28.
1768 4917 1812 4948 "
1844 4917 1986 4972 Psai.
2020 4933 2072 4982 ι,
2102 4916 2188 4969 l9.
2262 4915 2306 4946 ⁸⁸
2327 4914 2464 4970 Osee
2484 4931 2557 4980 vr,
2585 4917 2631 4974 6.

326 5029 442 5097 (51)
493 5026 690 5099 οοσιρχ
733 5022 1082 5099 _S__angerm._,
1121 5036 1141 5068 ο
1169 5020 1629 5099 designa_ret,_t__et
1681 5028 1837 5099 paulo

733 5022 1082 5099 §?“83"“-2
1121 5036 1141 5068 '
1169 5020 1629 5099 ⁶θ⁸ί8“9.τθίν.’..ςι
1681 5028 1837 5099 mlo
1941 5029 2273 5099 vanissime

254 5087 372 5162 pes}
396 5087 432 5156 ..
458 5113 495 5166 -‘
524 5095 622 5161 qui
668 5090 824 5144 ton“
1207 5087 1450 5166 mundi.)
1484 5089 1657 5166 ΙιίιώτΔ
1682 5087 1811 5149 ὲιΙίιί

2003 5087 2120 5166 ’(55)
2160 5087 2362 5149 ω’ἀπὸ
2401 5094 2519 5166 τῶνζ
2554 5096 2907 5162 ἀθεωτάτων,
2957 5108 3059 5152 etc.
3106 5100 3465 5163 Marcionitas,

257 5152 673 5228 isigninca'ret.
713 5192 785 5232 ._.
820 5192 836 5205 ο
865 5152 972 5220 Qui
1013 5152 1223 5230 ιοιιθηῖι
1250 5164 1460 5232 Pet??th
1482 5160 1679 5232 mundi.
1708 5179 1729 5212 ›
1819 5152 1832 5159 ’
1943 5152 2231 5232 eorumque
2254 5166 2482 5216 asseclas
2508 5163 2738 5218 lacessit.
2767 5152 3019 5219 Huu'rtus.

303 5222 421 5313 (59.)
452 5232 606 5307 idem
635 5224 1014 5304 c.0de.x_ms..
1057 5235 1078 5267 ι
1107 5222 1245 5282 quis,
1260 5236 1285 5295 ⁸ι
1310 5229 1357 5271 et
1382 5222 1511 5274 infra
1530 5264 1544 5285 ,
1578 5242 1596 5274 ι
1626 5227 1735 5306 Ιιφο
1756 5237 1841 5282 est

303 5317 431 5350 tma.
459 5318 482 5350 ι
514 5295 682 5348 Ltbrt
711 5290 894 5346 edttt,
934 5303 954 5333 ι
980 5299 1128 5347 (tum.
1152 5301 1171 5332 ι
1192 5293 1241 5335 el
1260 5284 1405 5350 mire,
1433 5307 1451 5337 ι
1472 5292 1578 5342 hmc
1599 5309 1833 5347 annua.»

1948 5231 2119 5350 ﬂagiti)
2146 5222 2611 5298 ’Ἀναϐησόμεθα.
2657 5232 2875 5286 Huetius
2921 5233 3150 5286 malebat
3188 5232 3467 5298 ὰναόησώ-

228 5284 431 5354 suit—tta.
459 5318 482 5350 ι
514 5292 682 5348 Libri
707 5287 894 5368 fidi”.
918 5303 964 5368 ,ξ
1433 5284 1578 5368 flii.th
1599 5296 1833 5368 apium.»
1946 5284 2100 5368 μεθα.

425 5345 585 5438 mea-
864 5345 888 5401 ε
918 5345 1596 5438 tegeaee-.929»:«me
1615 5345 1832 5438 nam;
1946 5345 1984 5368 τ

1946 5345 2122 5438 Ἵέἠ)
2155 5367 2261 5438 τὸν
2286 5368 2415 5435 περὶ
2438 5367 2575 5438 τῶν,
2603 5376 2706 5422 etc.
2737 5365 2826 5420 Sic
2858 5362 3058 5415 Pliiloc.
3098 5379 3201 5417 rus.
3233 5364 3288 5415 In
3319 5362 3473 5417 libris

277 5415 400 5509 (ἐξ)
425 5415 866 5495 ῇὸήσαντες.
927 5415 1105 5467 ﬂuet.
1138 5415 1292 5469 editio
1318 5418 1365 5469 in
1404 5424 1626 5491 margine
1668 5431 1836 5485 hath

1063 5424 1105 5466 t.
1138 5415 1292 5469 editio
1318 5418 1365 5469 in
1404 5424 1626 5491 margine
1668 5431 1841 5485 habet
1949 5415 2622 5500 εηἷξιῖθθῖιὶεηᾶἒέεὶζτόνξ
