3948 6286
429 170 531 224 3⁵23

1001 284 1274 341 [IOMILIA
1298 285 1380 339 ill.

429 410 503 466 De
530 427 589 464 eo
613 412 749 479 quod
771 410 1017 477 scriptum
1036 423 1108 466 est
1129 413 1174 445 ⁸³
1206 429 1219 464 :
1255 431 1274 462 ‹
1305 412 1363 466 Si
1387 423 1554 466 autem
1578 414 1750 466 anima
1777 429 1957 480 pecca-

499 480 646 541 verit,
680 490 727 533 et
754 482 974 535 audierit
1011 496 1178 533 vocem
1202 481 1512 547 juramenti,
1541 490 1590 532 et
1621 483 1702 533 hic
1728 481 1868 533 testis
1891 484 1959 532 sit

497 557 586 600 aut
609 549 815 608 viderit,
842 559 931 602 aut
961 549 1194 600 conscius
1223 548 1402 613 fuerit,
1431 550 1473 598 εἰ
1499 563 1599 600 ηοη
1627 549 1956 609 indicaverit,

497 626 544 669 et
569 617 681 682 ipsa
709 618 924 682 accipiet
963 625 1227 681 peccatum
1259 616 1394 681 ejus.
1425 614 1494 666 Et
1521 618 1694 668 anima
1718 632 1959 682 quiscun-

495 699 590 752 que
614 685 835 748 tetigerit
871 699 1068 735 omnem
1100 697 1206 733 rem
1242 683 1582 747 immundam,
1609 695 1698 736 aut
1727 685 1960 736 mortici-

496 766 638 808 nunt.
670 760 756 802 aut
780 767 809 801 a
831 752 941 816 [era
965 758 1191 814 captum,
1223 767 1240 799 ι
1273 760 1382 803 etc.

499 902 552 954 ‘1.
590 901 662 954 De
707 902 983 955 sacriﬁciis
1023 916 1142 969 quae
1180 902 1476 955 offeruntur
1519 904 1584 956 ab
1634 903 1716 956 his
1745 905 1832 971 qui
1869 919 1963 971 per

428 991 807 1059 ignorantiam,
858 991 941 1044 vel
978 993 1064 1056 qui
1107 1005 1208 1043 non
1273 991 1546 1044 voluntate
1603 994 1960 1058 peccaverint,

426 1093 606 1133 sermo
637 1088 737 1131 est.
764 1079 911 1131 Unde
936 1089 983 1131 et
1012 1072 1066 1130 inv
1094 1078 1478 1146 superioribus,
1510 1094 1630 1132 cum
1660 1082 1724 1133 de
1748 1082 1963 1148 pontiﬁ-

425 1167 505 1218 cis
547 1165 826 1218 sacriﬁciis
873 1164 981 1233 (58)
1024 1167 1340 1227 diceremus,
1403 1167 1801 1220 observavimus
1858 1183 1960 1220 non

424 1267 542 1307 esse
561 1254 817 1319 scriptum
853 1253 918 1305 de
949 1269 1032 1316 eo,
1071 1254 1197 1319 quia
1240 1253 1584 1320 ignoraverit.
1629 1255 1730 1308 Sed
1769 1255 1813 1307 si
1843 1255 1962 1323 quis

424 1343 563 1396 bene
586 1342 826 1395 meminit
851 1355 1032 1392 eorum
1079 1355 1196 1408 quae
1234 1341 1375 1392 dicta
1405 1351 1547 1403 sunt,
1581 1350 1757 1408 potest
1810 1345 1961 1396 nobis

429 1434 625 1495 dicere,
659 1433 781 1500 quia
807 1432 1124 1484 sacriﬁcium
1159 1432 1296 1498 quod
1323 1431 1621 1497 pontiﬁcem
1647 1447 1743 1499 pro
1777 1436 1964 1498 pecca-

429 1528 485 1575 to
512 1520 742 1572 diximus
770 1519 1045 1583 obtulisse,
1081 1518 1299 1586 ﬁguram
1339 1519 1535 1572 Christi
1572 1529 1750 1571 tenere
1777 1523 1961 1587 posui-

1855 164 2167 220 ORIGENIS
2853 237 2858 240 _

1985 289 2032 342 Α
2061 283 2110 335 in
2155 293 2319 334 carne
2350 279 2571 346 posi.us,
2620 286 2674 330 et
2720 277 2918 332 teneri
2966 275 3193 345 potuit,
3243 281 3304 326 et
3340 270 3551 325 occidi.
3604 271 3729 325 Nam

3631 157 3729 213 £24

2057 384 2338 438 ponamus,
2376 367 2526 421 verbi
2566 367 2770 433 gratia,
2818 367 2871 421 si
2910 365 3220 419 Dominus
3267 356 3598 426 maiestatis
3631 375 3730 413 non

2058 460 2290 512 venisset
2329 459 2382 511 in
2429 469 2616 520 carne,
2657 470 2768 509 non
2818 456 3134 523 arguisset
3191 448 3460 510 Judaeos.
3511 464 3618 501 nor.
3657 451 3733 503 eis

2059 547 2248 600 fuisset
2275 545 2453 614 gravis
2470 547 2632 598 etiam
2650 545 2716 597 ad
2748 543 3110 602 vivendum,
3149 554 3273 592 non
3312 539 3520 605 utique
3559 539 3729 592 teneri

2058 634 2342 702 potuisset,
2397 644 2576 699 neque
2609 631 2678 684 ad
2719 642 2970 683 mortem
3015 627 3226 689 tradi;
3262 641 3568 693 nunquam
3622 627 3735 680 sine

2059 724 2219 776 dubio
2261 723 2498 775 venisset
2539 720 2768 788 sanguis
2820 719 2952 785 ejus
2987 731 3187 786 super
3236 716 3428 782 ipsos,
3473 724 3530 767 et
3571 729 3736 782 super

2061 811 2197 865 ﬁlios
2227 826 2432 864 eorum.
2477 809 2586 862 Sed
2621 808 2754 875 quia
2783 808 2947 861 venit
2990 808 3053 860 in
3088 821 3314 868 carne,
3347 813 3406 857 et
3442 819 3545 872 pro
3584 807 3736 858 nobis

2061 911 2337 970 peccatum
2368 901 2548 956 factus
2569 911 2676 965 est,
2711 909 2769 955 et
2794 899 2919 951 haec
2946 898 3073 966 pati
3104 895 3341 964 potuit,
3380 894 3602 945 idcirco
3630 893 3739 961 ipse

2061 991 2256 1043 dicitur
2301 1004 2524 1057 peccare
2558 987 2830 1058 populum
2877 985 3128 1049 fecisse,
3188 983 3301 1052 qui
3352 979 3495 1034 fecit
3533 996 3656 1034 eum
3687 982 3735 1035 iu

2061 1093 2118 1132 se
2154 1094 2311 1146 posse
2344 1093 2607 1146 peccare.

2128 1168 2183 1220 οὶ.
2217 1167 2322 1220 Sed
2352 1167 2640 1220 videamus
2667 1166 2782 1234 jam
2812 1163 2937 1232 (65)
2978 1162 3135 1231 quid
3175 1162 3306 1231 agit
3339 1169 3402 1214 et
3435 1160 3545 1214 ista
3591 1160 3744 1232 195

2062 1255 2257 1320 anima,
2291 1269 2412 1323 qua:
2458 1255 2616 1307 audit
2650 1269 2846 1308 vocem
2892 1252 3272 1321 juramenti,
3308 1261 3372 1305 et
3417 1251 3586 1305 testis
3642 1262 3742 1316 est,

2062 1344 2296 1411 veLquae
2343 1343 2478 1396 vidit
2513 1343 2724 1411 aliquid
2781 1352 2837 1396 et
2881 1342 3142 1396 conscia
3186 1349 3311 1404 est,
3366 1349 3425 1394 et
3460 1357 3571 1394 non
3610 1342 3743 1395 indi-

2061 1439 2177 1495 cat;
2213 1445 2280 1483 ex
2319 1444 2429 1498 quo
2461 1429 2676 1497 accepit
2715 1431 2890 1482 etiam
2933 1430 3069 1495 ipsa
3121 1437 3453 1497 peccatum
3486 1428 3608 1494 ejus
3635 1429 3746 1482 sine

2063 1513 2247 1577 dubio,
2289 1515 2377 1582 qui
2409 1515 2598 1584 inique
2624 1525 2722 1569 aut
2749 1517 2868 1585 egit
2895 1515 3167 1584 aliquid,
3205 1524 3317 1568 aut
3349 1514 3596 1582 iuravit.
3637 1516 3745 1572 Hoc

428 1621 567 1669 mus,
615 1616 668 1659 et
697 1606 1022 1658 conveniens
1054 1619 1156 1657 non
1187 1604 1452 1657 videbitur
1483 1613 1540 1656 ut
1582 1605 1829 1659 Christus
1871 1608 1961 1672 qui
1992 1603 2034 1656 Β
2062 1609 2219 1662 etiam
2259 1612 2556 1663 secundum
2606 1609 2902 1664 historiam
2954 1623 3076 1662 nos
3120 1608 3426 1674 aedificat,
3454 1618 3514 1662 et
3570 1609 3742 1674 docet,

427 1707 701 1765 peccatum
730 1697 920 1760 nescit,
961 1711 1055 1762 pro
1081 1703 1300 1761 peccato
1322 1694 1436 1763 (39)
1469 1695 1676 1747 dicatur
1712 1695 1963 1749 obtulisse

429 1787 769 1849 sacriﬁcium,
794 1784 913 1836 licet
941 1798 1032 1850 per
1056 1782 1370 1850 mysterium
1399 1797 1482 1835 res
1511 1791 1717 1850 agatur,
1745 1792 1799 1834 et
1826 1783 1962 1836 idem

431 1876 544 1942 ipse
574 1874 830 1941 pontifex,
865 1874 1000 1926 idem
1024 1885 1254 1941 ponatur
1283 1882 1336 1925 et
1368 1873 1560 1925 hostia.
1609 1871 1744 1924 Vide
1767 1885 1890 1939 ergo
1919 1873 1962 1925 si

428 1975 482 2017 et
515 1970 578 2016 ad
611 1965 712 2016 hoc
733 1978 1013 2030 possumus
1041 1963 1138 2015 hoc
1165 1963 1318 2016 modo
1341 1975 1644 2020 occurrere,
1669 1960 1792 2026 quia
1817 1958 1966 2013 Chri-

430 2059 541 2104 sms
565 2061 840 2118 peccatum
889 2051 1099 2116 quidem
1142 2065 1243 2101 non
1292 2049 1438 2110 fecit,
1484 2055 1754 2112 peccatum
1789 2053 1964 2096 tamen

429 2153 524 2206 pro
559 2139 711 2191 nobis
749 2139 916 2192 factus
938 2149 1057 2193 est:
1088 2141 1210 2191 dum
1243 2139 1473 2205 quierat
1503 2137 1553 2186 in
1579 2134 1745 2187 forma
1772 2133 1884 2196 Dei,
1916 2134 1964 2185 in

431 2225 600 2280 forma
620 2229 756 2280 servi
787 2242 903 2280 esse
927 2229 1172 2295 dignatur
1200 2244 1212 2278 :
1249 2229 1372 2279 dum
1396 2227 1487 2293 qui
1521 2223 1840 2276 immortalis
1862 2233 1963 2286 est,

430 2317 674 2382 moritur,
712 2327 766 2371 et
795 2317 1131 2384 impassibilis
1168 2318 1391 2384 patitur,
1421 2324 1476 2367 et
1517 2313 1797 2367 invisibilis
1825 2313 1966 2366 vide:

430 2417 538 2469 tur,
571 2416 624 2460 et
651 2409 774 2474 quia
800 2408 948 2460 nobis
984 2405 1296 2459 hominibus
1328 2405 1407 2457 vel
1445 2422 1609 2468 mors,
1652 2407 1735 2460 vel
1763 2407 1965 2474 reliqua

427 2495 603 2548 omnis
634 2493 891 2562 fragilitas
921 2494 972 2546 in
998 2509 1164 2548 carne
1207 2509 1272 2548 ex
1311 2495 1514 2562 peccati
1542 2495 1847 2549 conditione
1879 2510 1968 2547 su-

433 2583 683 2647 perducta
711 2590 791 2633 est
823 2598 836 2633 :
872 2580 981 2648 ipse
1025 2581 1184 2632 etiam
1215 2583 1307 2647 qui
1345 2581 1396 2633 in
1434 2581 1838 2634 similitudinem
1871 2582 1968 2633 ho-

433 2671 634 2722 minum
691 2670 857 2723 factus
903 2680 1003 2731 est,
1054 2678 1107 2723 et
1161 2671 1340 2722 habitu
1399 2679 1639 2735 repertus
1671 2679 1727 2721 ut
1777 2671 1960 2736 homo,

430 2759 548 2812 sine
590 2759 749 2814 dubio
796 2773 891 2827 pro
935 2767 1153 2826 peccato
1184 2760 1324 2827 quod
1355 2773 1418 2811 ex
1449 2759 1601 2812 nobis
1631 2770 1964 2826 susceperat,

431 2849 552 2918 quia
577 2858 788 2916 peccata
811 2857 990 2901 nostra
1018 2848 1266 2915 portavit,
1295 2846 1518 2898 vitulum
1543 2847 1962 2910 immaculatum,

432 2939 534 2991 hoc
579 2945 661 2990 est
700 2951 915 2989 carnem
974 2937 1448 2990 incontaminatam
1493 2935 1685 2988 obtulit
1733 2935 1963 2989 hostiam

429 3025 558 3082 Deo.
594 3027 698 3080 Sed
731 3028 859 3094 quid
892 3025 1146 3080 faciemus
1173 3026 1237 3077 de
1257 3040 1342 3088 eo,
1369 3025 1510 3094 quod
1536 3025 1588 3076 in
1621 3025 1968 3090 sequentibus

427 3113 694 3183 iungitur?
737 3113 834 3167 Ubi
866 3114 1004 3167 enim
1034 3112 1163 3165 dicit
1196 3113 1241 3144 ”
1273 3128 1288 3164 :
1326 3132 1344 3164 ι
1400 3112 1456 3166 Si
1486 3113 1697 3180 quidem
1731 3112 1967 3180 pontifex

429 3205 519 3274 qui
550 3214 739 3257 unctus
766 3215 868 3266 est,
906 3202 1228 3271 peccaverit,
1265 3221 1283 3253 ι
1322 3203 1394 3256 ibi
1434 3203 1688 3256 additur:
1724 3220 1742 3252 ι
1779 3203 1846 3257 Ut
1875 3219 1970 3270 po-

431 3292 611 3360 pulum
662 3291 860 3345 faceret
896 3305 1136 3359 peccare,
1182 3289 1369 3345 oﬂ'eret
1397 3305 1494 3359 pro
1525 3301 1745 3358 peccato
1783 3304 1900 3342 suo.
1943 3309 1962 3342 ι

431 3382 705 3447 Quomodo
733 3397 858 3450 ergo
889 3381 1169 3435 conveniet
1201 3390 1258 3434 ut
1288 3382 1412 3447 quia
1443 3396 1536 3450 per
1562 3397 1777 3436 carnem
1797 3397 1966 3447 suam,

431 3485 590 3536 quam
621 3471 851 3538 suscepit
879 3485 943 3522 ex
966 3468 1116 3523 nobis
1137 3466 1315 3530 Jesus,
1344 3469 1457 3536 ipse
1479 3481 1757 3537 peccatum
1795 3473 1970 3528 factus

431 3567 534 3622 cst,
563 3573 785 3626 peccare
813 3558 1000 3612 fecerit
1028 3556 1316 3624 populum?
1338 3557 1592 3612 Ausculta
1648 3569 1701 3613 et
1731 3562 1795 3614 de
1845 3562 1966 3627 hoc,

431 3646 486 3698 si
537 3646 673 3702 forte
731 3662 850 3700 cum
891 3647 1063 3714 aliqua
1108 3645 1490 3712 consequentia
1535 3645 1645 3716 (60)
1685 3661 1969 3714 possumus

433 3737 770 3806 respondere.
805 3737 988 3790 Passio
1032 3736 1228 3790 Christi
1277 3734 1625 3789 credentibus
1651 3737 1866 3804 quidem
1891 3739 1972 3792 vi-

435 3840 562 3892 tam,
592 3839 816 3882 mortem
842 3841 971 3880 vero
1006 3840 1109 3879 non
1146 3825 1487 3879 credentibus
1510 3825 1738 3882 confert.
1771 3828 1972 3892 Quam-

434 3919 514 3971 vis
537 3917 676 3971 enim
693 3917 834 3968 salus
855 3916 1095 3984 gentibus
1121 3917 1188 3968 sit
1209 3931 1301 3983 per
1331 3931 1544 3969 crucem
1567 3917 1684 3984 ejus
1705 3926 1756 3971 et
1775 3918 1974 3984 justiﬁ-

436 4008 608 4072 ratio,
657 4007 856 4061 Iudaeis
907 4015 1081 4058 tamen
1131 4006 1381 4060 interitus
1423 4015 1505 4059 est
1548 4015 1601 4059 et
1646 4008 1970 4061 condemna-

437 4097 530 4149 tio.
567 4095 655 4148 Sic
681 4095 820 4147 enim
845 4102 897 4146 et
923 4092 1178 4158 scriptum
1220 4101 1300 4145 est
1329 4093 1380 4145 in
1426 4093 1714 4161 Evangelio
1748 4094 1857 4165 (6|)
1877 4095 1922 4126 ⁸⁸
1953 4111 1967 4146 :

2064 1712 2130 1750 ne
2163 1713 2398 1766 unquam
2429 1699 2484 1751 in
2519 1699 2762 1766 peccatis
2784 1697 3039 1751 alterius
3063 1697 3426 1764 polluamus
3464 1699 3746 1753 conscien-

2065 1785 2161 1839 tias
2189 1795 2425 1852 nostras,
2453 1801 2520 1840 ne
2548 1799 2889 1840 consensum
2925 1785 3096 1840 male
3125 1787 3466 1854 agentibus
3508 1785 3748 1852 praebea-

2063 1890 2200 1928 mus.
2244 1875 2579 1929 Censensum
2619 1886 2809 1929 autem
2869 1876 3040 1939 dico,
3104 1891 3240 1930 non
3305 1875 3503 1930 solum
3547 1875 3750 1943 pariter

2064 1964 2292 2029 agendo,
2324 1964 2420 2016 sed
2448 1962 2610 2016 etiam
2642 1979 2769 2031 quae
2794 1963 3005 2016 illicite
3035 1972 3221 2032 gesta
3243 1973 3416 2028 sunt,
3453 1965 3746 2018 reticendo.

2069 2050 2159 2103 Vis
2194 2061 2370 2102 autem
2398 2050 2542 2103 scire
2575 2053 2706 2118 quia
2736 2053 3141 2104 consentiant
3191 2053 3332 2106 11330
3357 2052 3540 2107 etiam
3589 2066 3748 2106 evan-

2064 2139 2246 2208 gelicis
2287 2139 2614 2206 praeceptis?
2645 2140 2767 2207 Ipse
2802 2139 3112 2194 Dominus
3165 2142 3326 2195 dicit
3363 2142 3416 2174 ⁸⁸
3454 2161 3471 2196 :
3524 2160 3544 2192 ι
3586 2143 3642 2196 Si
3678 2144 3748 2195 vi-

2066 2226 2206 2278 deris
2228 2224 2449 2277 fratrem
2491 2234 2642 2278 tuum
2677 2240 2949 2292 peccare,
2986 2241 3198 2295 argue
3239 2242 3384 2281 eum
3434 2229 3586 2282 inter
3615 2239 3663 2282 te
3699 2235 3749 2282 et.

2067 2316 2235 2381 ipsum
2279 2317 2474 2369 solum.
2530 2313 2588 2368 Si
2645 2323 2698 2367 te
2746 2315 3034 2377 audierit,
3082 2317 3372 2370 lucratus
3412 2333 3480 2372 es
3534 2317 3747 2371 fratrem

2069 2413 2236 2456 tuum.
2266 2403 2419 2468 Quod
2447 2404 2493 2456 si
2525 2411 2580 2456 te
2621 2417 2729 2457 non
2782 2405 3084 2470 audierit,
3122 2407 3359 2460 adhibe
3396 2417 3588 2461 tecum
3627 2407 3751 2460 alios

2067 2489 2217 2551 duos,
2246 2489 2328 2542 vel
2353 2497 2483 2542 tres.
2510 2487 2665 2553 Quod
2688 2490 2733 2542 si
2763 2504 2872 2543 nec
2898 2490 3072 2559 ipsos
3119 2495 3424 2559 audierit,
3457 2495 3552 2550 dic
3577 2495 3753 2548 Eccle-

2066 2579 2179 2630 siae.
2214 2579 2269 2631 Si
2318 2592 2446 2632 vero
2475 2593 2574 2633 nec
2600 2579 2916 2632 Ecclesiam
2979 2583 3296 2649 audierit,
3330 2586 3415 2639 sit
3468 2584 3569 2638 tibi
3620 2584 3752 2638 sicut

2065 2670 2308 2722 ethnicus
2343 2678 2398 2721 et
2435 2669 2790 2736 publicanus.
2843 2687 2864 2719 ι
2904 2670 3030 2725 Sed
3083 2676 3525 2744 evangelicum
3559 2693 3752 2746 praece-

2069 2769 2215 2820 ptum
2247 2758 2299 2809 in
2351 2772 2416 2811 eo
2446 2757 2744 2824 perfectius
2799 2760 3010 2816 datum
3068 2776 3204 2831 est,
3260 2770 3425 2834 quod
3484 2769 3753 2822 indicandi

2069 2847 2269 2913 peccati
2302 2845 2413 2916 (64)
2440 2848 2656 2901 modum
2691 2848 3217 2925 disciplinamque
3259 2858 3608 2913 constituit.
3645 2858 3753 2912 Non

2072 2933 2179 2984 vult
2203 2937 2346 2986 enim
2379 2944 2452 2997 te,
2487 2935 2533 2986 si
2572 2933 2718 2988 forte
2760 2951 3086 3006 peccatum
3149 2946 3396 3000 videris
3437 2947 3632 3000 fratris
3663 2947 3752 3008 tui,

2067 3024 2318 3078 continuo
2356 3023 2573 3080 evolare
2613 3027 2683 3080 ad
2718 3029 3054 3101 publicum,
3094 3045 3166 3090 et
3217 3038 3604 3104 proclamare
3638 3056 3756 3108 pas-

2069 3113 2189 3179 sim,
2221 3129 2282 3167 ac
2305 3114 2584 3182 divulgare
2602 3118 2785 3172 aliena
2819 3135 3076 3188 peccata
3123 3143 3142 3179 :
3184 3132 3357 3197 quod
3391 3141 3553 3185 esset
3580 3132 3755 3200 utique

2069 3213 2172 3288 non
2217 3201 2562 3288 corrigentis,
2595 3209 2693 3258 sed
2733 3207 2930 3274 potius
2991 3211 3415 3272 infamantis.
3457 3219 3648 3288 Solus,
3680 3222 3758 3275 in-

2067 3287 2202 3354 quit,
2229 3287 2369 3340 inter
2397 3297 2449 3342 te
2475 3299 2528 3342 et
2547 3292 2727 3359 ipsum
2757 3294 2945 3349 solum
2991 3305 3262 3372 corripe
3297 3321 3469 3364 eum.
3498 3310 3602 3364 Ubi
3626 3287 3757 3362 enim

2069 3376 2273 3469 servari
2325 3376 2428 3430 sibi
2479 3381 2806 3469 mysterium
2868 3387 3110 3445 viderit
3155 3394 3282 3459 ille
3330 3399 3440 3467 qui
3497 3414 3760 3469 peccave-

2071 3463 2138 3515 rit
2172 3463 2316 3554 (65),?
2336 3467 2575 3521 servabit
2602 3478 2660 3522 et
2693 3469 2815 3536 ipse
2847 3463 3681 3554 emendationis‘pud—orem.
3708 3488 3762 3542 Si

2069 3553 2483 3650 vero-didamari
2517 3571 2576 3610 se
2605 3559 2816 3624 videat,
2852 3563 3025 3620 illico
3063 3571 3156 3625 ad
3202 3553 3559 3647 denegandi
3594 3580 3764 3650 impu-

2071 3642 2304 3696 dentiam
2331 3655 2719 3712 convertetur;
2754 3660 2812 3704 et
2836 3668 2957 3707 non
2989 3658 3217 3717 solum
3265 3642 3409 3722 non—
3433 3642 3765 3724 emenda-ve.

2070 3732 2144 3833 ris
2179 3744 2478 3833 peccatum,
2529 3739 2629 3791 sed
2677 3749 2732 3792 et
2762 3740 3222 3810 duplicaveris.
3277 3756 3465 3814 Disce
3522 3777 3660 3833 ergo
3706 3777 3770 3818 ex

2072 3819 2370 3889 Evangeliis
2399 3824 2670 3878 ordinem.
2698 3826 2922 3898 Primo,
2961 3835 3213 3909 inquit,
3255 3848 3432 3904 solus
3468 3819 3623 3905 inte;
3647 3863 3699 3906 te
3722 3861 3772 3904 et

2073 3909 2262 4004 ipsum.
2295 3910 2548 4004 Secundo
2580 3915 2785 3970 adhibe
2833 3927 3043 3978 tecum
3078 3931 3254 3990 alios
3294 3939 3482 4004 duos,
3516 3943 3602 3996 vel
3633 3952 3768 3996 tres.

2071 3998 2250 4065 Quare
2278 3999 2414 4053 duos
2436 4001 2521 4054 vel
2558 4005 2708 4058 tres?
2737 4025 2757 4057 ε
2796 4009 2855 4062 ln
2889 4026 3004 4068 ore
3052 4022 3273 4089 enim,
3313 4027 3328 4080 i

2074 4102 2210 4188 rum,
2232 4087 2505 4189 veltrium
2535 4093 2758 4148 testium
2785 4099 2966 4160 stabit
2998 4120 3207 4167 omne
3245 4087 3537 4178 verbum.
3578 4087 3773 4189 {Quo-

443 4198 467 4232 ι
499 4181 638 4234 Ecce
675 4181 762 4232 hic
789 4189 941 4231 natus
967 4187 1049 4230 est
1085 4178 1148 4230 ad
1187 4179 1394 4231 ruinam
1437 4189 1490 4232 et
1526 4183 1968 4236 resurrectionem
1998 4209 2046 4264 υ
2075 4177 2214 4228 Iliam
2245 4177 2458 4243 qnidem
2498 4181 2659 4236 tertio
2707 4193 3173 4257 correptionem
3241 4211 3508 4266 mandat
3567 4177 3776 4268 ad.Ec-

438 4269 740 4322 multorum.
779 4287 798 4319 ι
819 4267 895 4319 Et
918 4268 1017 4320 hoc
1044 4267 1199 4321 modo
1232 4282 1326 4335 per
1357 4280 1634 4337 peccatum
1661 4284 1837 4338 suum,
1870 4273 1971 4326 hoc

424 4364 520 4408 est
561 4368 655 4422 per
701 4369 916 4407 carnem
969 4357 1019 4407 in
1053 4372 1270 4410 crucem
1321 4367 1514 4420 actam,
1563 4358 1615 4410 in
1648 4373 1748 4426 qua
1791 4371 1969 4414 nostra

439 4449 654 4513 peccata
681 4452 1007 4509 susceperat,
1042 4458 1136 4498 nos
1173 4445 1386 4512 quidem
1422 4445 1698 4502 credentes
1728 4448 1972 4503 liberavit

440 4545 468 4584 a
517 4537 765 4596 peccato;
821 4528 1068 4594 populum
1107 4546 1234 4586 vero
1267 4549 1374 4587 non
1401 4533 1702 4586 credentem
1746 4549 1973 4601 peccare

439 4615 584 4677 fecit,
610 4615 801 4682 quibus
828 4617 892 4667 ad
929 4615 1315 4673 incredulitatis
1343 4621 1563 4684 malum,
1599 4621 1763 4673 etiam
1794 4624 1968 4675 sacri-

437 4703 559 4771 legii
595 4701 703 4771 (62)
732 4703 954 4756 accessit
995 4704 1258 4773 impietas.
1283 4708 1352 4760 Et
1382 4709 1483 4761 hoc
1518 4707 1672 4760 modo
1729 4709 1969 4774 pontifex

437 4792 538 4847 iste
563 4807 657 4859 per
672 4806 823 4845 suum
853 4801 1124 4861 peccatum
1153 4812 1380 4866 peccare
1403 4795 1651 4865 populum
1685 4794 1827 4860 fecit,
1849 4797 1972 4850 dum

2077 4267 2292 4319 clesiam
2321 4266 2696 4337 deferendam,
2751 4283 3015 4337 secundo
3073 4293 3221 4347 vult
3279 4301 3466 4364 duos,
3519 4306 3609 4359 vel
3671 4266 3775 4359 tres

2078 4366 2259 4465 testesl
2283 4356 2527 4411 adhiberi
2555 4377 2571 4426 ;
2608 4363 2813 4465 quibus
2869 4383 3315 4444 praesentibus
3353 4356 3689 4465 correptus,

2079 4802 2319 4856 videatur
2344 4804 2387 4856 si
2417 4805 2624 4862 crimen
2647 4810 2867 4870 deferat
2893 4821 2962 4874 ad
3003 4802 3783 4908 Ecclesiam,ﬂet-deﬁ‘ciat

505 4899 824 4996 Alte-vit.“
855 4904 961 4996 let
988 4920 1138 4975 seqq.
1210 4908 1255 4939 ⁸⁵
1278 4907 1446 4962 Levit.
1475 4920 1548 4967 tv,
1574 4904 1638 4996 δί
1684 4903 1744 4996 (εξ
1774 4903 1970 4972 Luc.n,
1997 4911 2085 4966 34.
2160 4913 2206 4944 ⁸⁸
2240 4914 2430 4971 Matth.
2456 4933 2615 4986 xvm,
2649 4926 2739 4993 l5,
2780 4929 2871 4984 16.
2947 4935 2996 4967 ετ
3025 4937 3183 4996 ibid,

507 4987 823 5070 (ἔβλαψα
852 4992 1152 5064 Sangerm.,
1183 5015 1202 5048 ‹
1232 4996 1532 5052 sacriﬁciis.
1571 5013 1590 5047 ι
1617 4994 1772 5050 Libb.
1811 4999 1963 5063 editi,

444 5076 464 5108 ‹
484 5058 764 5111 sacriﬁcio.
794 5078 812 5109 ι

507 5125 616 5194 (59)
656 5127 804 5203 Libb.
835 5139 986 5184 antea
1015 5133 1163 5194 editi,
1205 5151 1222 5183 ι
1252 5147 1376 5187 vero
1409 5131 1628 5203 Christo
1655 5131 1742 5198 qui
1779 5146 1966 5197 pecca-

439 5204 550 5274 tum
585 5199 775 5274 nescit,
803 5207 858 5274 ut
894 5214 986 5266 pro
1016 5209 1256 5267 peccato,
1301 5219 1319 5251 ι
1346 5201 1440 5254 sed
1466 5213 1565 5254 ms.
1597 5199 1878 5266 Sangerm.
1910 5210 1967 5252 ut

438 5269 491 5313 in
524 5269 705 5312 nostro
735 5270 902 5316 textu.

506 5327 814 5400 (βω-[Λὶψ.
864 5334 1020 5400 editi,
1076 5350 1093 5381 ι
1131 5347 1248 5385 cum
1306 5335 1481 5400 aliqua
1529 5334 1902 5386 consonantia.
1943 5353 1962 5386 ι

438 5393 611 5466 Codd."
633 5394 904 5466 B_eccensis
929 5408 983 5451 et
1013 5401 1285 5466 Sangerm.
1321 5413 1376 5454 ut
1397 5393 1464 5452 'in
1489 5413 1666 5453 nostro
1696 5409 1863 5453 textu.

511 5458 620 5526 (61)
648 5461 821 5513 Codex
851 5458 1345 5533 Sangermauensis,
1379 5487 1394 5519 ι
1431 5469 1480 5520 in
1515 5468 1834 5535 Evangeliis.
1873 5485 1892 5518 ι

2069 5071 2407 5158 Liblt;"ei‘l’i_ti.,
2447 5097 2465 5130 ι
2504 5071 2846 5158 εοιδιλίιθξῖἷῗι

2139 5005 2840 5119 ξὶεξὲ)⁴ξξξὲἀοίοέξνίξξῃὲξξίξ
2855 5037 2910 5082 et
2943 5027 3315 5108 Sangerm.,
3352 5062 3378 5094 ι
3413 5049 3778 5119 sacrilegii.»

2141 5142 2888 5244 (ςέξιὶῐὶιιιξῗηιειξρᾉαῃῗ,βίος
2911 5167 3133 5244 (litatur
3161 5172 3279 5230 hic
3319 5180 3509 5241 locus
3529 5189 3610 5244 ab
3645 5187 3787 5244 Iona

2073 5209 2491 5346 ΑἹὲῗςἛόἷίἓέ
2517 5223 3195 5346 $232.31?_‘“.“.::.f.‘?.P.2
3233 5247 3266 5298 ¹
3279 5249 3349 5346 ἓ·

2080 5361 2098 5393 ί
2136 5285 2508 5411 étéaatauogex,
2545 5291 2876 5371 Sangerm.,
2918 5325 2938 5359 ι
2977 5285 3225 5380 ρέεειῖιὶ.
3279 5285 3570 5392 ἴίῌὺι).
3613 5325 3795 5398 editi,

2146 5411 2256 5480 (65)
2284 5415 2436 5478 Idem
2465 5443 2599 5500 ms.,
2634 5451 2653 5486 ι
2691 5449 2914 5506 peccat.
2949 5464 2970 5500 ι
