3948 6206
276 253 386 309 ιεις

273 366 530 422 testibus.
556 360 633 419 Ne
653 376 775 431 ergo
794 361 900 418 hoc
932 371 1218 445 accidat,

270 465 459 513 testes
486 458 536 510 in
553 455 770 510 secunda
805 464 1203 525 conventione
1243 475 1417 543 jussit
1455 483 1718 537 adhiberi.
1743 487 1873 539 Cum

266 562 418 617 ergo
454 546 712 618 Evangelii
739 545 846 618 (66)
867 548 983 604 tale
1013 556 1367 619 m‘andatum
1391 569 1477 633 sit,
1504 580 1555 623 et
1580 572 1659 625 lex
1688 576 1874 641 pracci-

267 641 391 708 piat
425 644 556 711 quia
588 642 628 695 si
657 641 894 706 tacuerit,
913 644 1170 716 accipiet
1208 668 1495 722 peccatum
1527 660 1672 727 ejus:
1703 666 1874 719 δείρῃ-

265 729 406 784 dum
441 743 555 800 est,
606 733 742 802 quod
765 732 809 786 si
842 735 966 802 quis
988 749 1059 791 ea
1091 754 1229 809 quae
1264 748 1411 802 videt
1450 752 1499 804 in
1531 753 1722 809 delicto
1751 773 1872 825 pro-

268 821 415 874 ximi
462 824 579 887 sui,
614 824 691 878 vel
719 841 818 880 non
852 827 1065 883 indicat
1100 839 1408 891 secundum
1454 844 1687 910 regulam
1717 821 1871 914 supe-

268 911 395 965 rius
440 914 666 978 datam,
706 916 788 969 vel
827 917 882 970 in
921 921 1314 978 testimonium
1346 941 1587 995 vocatus,
1624 949 1726 986 non
1755 911 1870 1002 qum

267 1013 407 1050 vera
474 1012 618 1053 sunt
669 1002 880 1067 dixerit,
929 1016 1226 1071 peccatum
1288 1015 1427 1079 quod
1478 1017 1740 1069 commisit
1782 1018 1868 1071 ille

274 1108 445 1158 quem
472 1095 650 1159 celat,
682 1097 794 1165 ipse
822 1100 1102 1167 suscipiet,
1128 1110 1185 1155 et
1216 1117 1373 1169 pmna
1400 1106 1668 1158 commissi
1694 1108 1865 1159 revul-

270 1192 440 1235 vetur
484 1187 561 1237 ad
592 1191 887 1241 conscium.
923 1189 1277 1245 Suﬂicienter
1309 1207 1436 1261 ergo
1457 1195 1507 1245 in
1546 1194 1644 1248 hoc
1671 1197 1863 1262 capite,

270 1272 392 1339 ipse
453 1291 568 1328 nos
632 1276 919 1331 aediﬁcavit
968 1288 1155 1334 textus
1203 1282 1458 1335 historiae.
1511 1284 1643 1338 Puto
1689 1293 1863 1338 tamen

272 1362 421 1426 quod
454 1372 517 1415 et
558 1364 653 1415 illa
690 1365 889 1429 anima,
926 1382 1048 1435 qua:
1078 1369 1209 1437 legit
1235 1371 1490 1436 scriptum
1522 1372 1571 1423 in
1606 1371 1721 1441 lege
1749 1375 1859 1436 Dei,

272 1449 402 1514 quia
457 1468 478 1499 ι
514 1450 739 1518 jnravit
768 1450 1049 1519 Dominus,
1085 1470 1187 1509 nec
1229 1471 1351 1509 eum
1382 1460 1678 1523 paenitebit,
1726 1474 1778 1514 tu
1805 1476 1861 1516 es

275 1539 552 1592 sacerdos
578 1538 639 1592 in
665 1548 930 1594 attat-num
961 1546 1262 1598 secundum
1303 1549 1543 1601 ordinem
1581 1549 1857 1604 Melchise-

277 1626 410 1676 dech
435 1626 514 1690 ⁸³,
553 1644 578 1677 ι
613 1628 768 1681 audit
796 1643 980 1683 vocem
1001 1629 1315 1697 juramenti,
1347 1643 1402 1687 ut
1438 1635 1639 1689 faciunt
1660 1637 1858 1693 Scribae

1483 281 1550 334 IN
1587 281 1950 337 LEVITICUM
1987 281 2260 340 HOMILIA
2301 289 2386 343 Ill.

1257 386 1473 446 idcirco
1497 396 1628 448 duos
1648 397 1726 449 vel
1767 408 1875 450 tres
1904 400 1947 453 Α
1978 412 2129 463 passa
2157 410 2257 465 est,
2281 411 2334 454 et
2359 406 2598 472 erogavit
2626 393 2834 463 omnem
2868 415 3217 474 substantiam
3264 438 3414 477 suam
3454 427 3505 479 in

3405 310 3510 364 436

1978 487 2232 552 medicos,
2264 504 2361 543 nec
2390 492 2589 559 aliquid
2628 497 2887 560 prolicere
2922 508 3109 569 potuit,
3147 525 3239 577 per
3268 512 3508 567 immun-

1975 574 2157 627 ditiam
2202 580 2403 643 peccati
2435 581 2485 633 in
2518 582 2615 635 hoc
2643 584 2885 641 devoluta
2926 604 3027 645 est.
3057 574 3328 665 Tetigerat
3358 604 3501 657 enim

1973 673 2269 728 peccatum,
2309 677 2362 719 et
2411 668 2614 723 idcirco
2655 670 2918 741 ﬂagellum
2970 684 3147 736 carnis
3201 702 3499 756 acceperat.

1973 749 2075 839 Sed
2104 760 2384 824 postquam
2415 758 2517 813 ﬁde
2544 762 2693 829 plena
2717 765 3160 833 tetigitﬂmbriam
3185 749 3503 839 Jesu,-stetit

1970 837 2142 892 ﬂuxus
2171 844 2444 908 sanguinis
2484 847 2617 913 ejus,
2659 859 2713 902 et
2744 862 2961 919 repente
2996 855 3134 909 facta
3162 870 3242 913 est
3286 837 3497 933 munda,

1970 942 2086 993 quae
2101 940 2223 983 ante
2240 947 2333 999 per
2351 941 2551 988 tantum
2569 946 2772 1005 tempus
2786 942 2914 993 vixit
2931 945 3217 999 immunda.
3243 949 3304 1001 Et
3320 967 3502 1019 quem-

1969 1017 2249 1071 admodum
2286 1038 2403 1074 cum
2433 1025 2690 1093 tetigisset
2734 1028 3011 1083 Dominum
3054 1043 3106 1086 et
3143 1017 3498 1107 Salvatorcm,

1971 1105 2124 1173 195
2157 1107 2291 1159 dixit
2322 1110 2432 1175 ipse
2460 1111 2504 1141 ”
2535 1129 2549 1165 :
2587 1130 2605 1162 ι
2642 1112 2771 1177 Quis
2816 1111 2900 1169 me
2947 1121 3113 1188 tetigit
3150 1123 3172 1174 ?
3204 1124 3311 1193 Ego
3356 1105 3497 1183 enim

1966 1195 2108 1247 sensi
2162 1196 2410 1250 virtutem
2456 1200 2633 1253 exisse
2675 1203 2740 1255 de
2791 1219 2874 1257 me
2905 1222 2918 1270 ;
2955 1224 2973 1256 ι
3014 1209 3150 1262 illam
3180 1212 3293 1266 sine
3338 1217 3499 1272 dubio

1966 1281 2238 1348 virtutem,
2268 1300 2386 1352 quae
2419 1288 2691 1342 mulierem
2724 1304 3024 1358 sanaverat,
3056 1307 3108 1350 et
3149 1299 3347 1356 fecerat
3379 1322 3495 1361 eam

1965 1370 2237 1435 mundam,
2265 1373 2342 1426 sic
2382 1374 2774 1444 iutelligemlum
2808 1390 2906 1446 est,
2937 1385 3057 1449 quia
3089 1388 3131 1438 si
3166 1389 3285 1454 quis
3324 1396 3496 1447 conti-

1961 1462 2098 1528 gerit
2135 1459 2244 1529 (68)
2292 1474 2588 1529 peccatum,
2631 1478 2785 1520 exeat
2813 1484 2878 1521 ex
2922 1472 3036 1538 ipso
3077 1487 3290 1542 peccato
3327 1484 3496 1539 virtus

1959 1551 2196 1614 quaedam
2234 1552 2482 1621 maligna,
2520 1570 2635 1622 quae
2664 1575 2783 1611 eum
2825 1561 2912 1628 qui
2953 1577 3011 1617 se
3062 1567 3284 1634 contigit
3332 1568 3495 1626 faciat

1960 1639 2303 1705 immundum,
2339 1652 2393 1695 et
2431 1644 2529 1696 hoc
2565 1656 2647 1700 est
2676 1663 2796 1703 vere
2825 1652 3109 1721 contigisse
3142 1657 3490 1716 immundmn.

2290 1697 2302 1705 ,
2687 1697 2794 1703 ν---
2829 1697 3109 1721 -_-.--,,.-....

275 1722 324 1765 ct
361 1714 640 1768 Pharisaei
668 1731 884 1784 semper
909 1720 1022 1771 haec
1058 1720 1518 1790 meditantesbsed
1559 1733 1749 1788 tacent,
1804 1741 1859 1782 et
1888 1697 1928 1750 Β
1958 1726 2129 1780 Simili
2170 1730 2371 1783 ratione
2408 1732 2567 1785 etiam
2605 1736 2669 1788 de
2711 1740 2993 1795 morticino
3023 1744 3270 1811 hominis,
3310 1752 3391 1803 vel
3426 1753 3492 1807 de

228 1801 233 1805 ’
279 1806 576 1858 enuntiare
605 1806 676 1858 ad
719 1807 977 1873 populum
1024 1810 1232 1871 nolunt.
1266 1828 1333 1867 ne
1360 1814 1560 1867 Christi
1595 1825 1857 1870 testentur

278 1892 602 1948 adventum.
630 1894 923 1961 Propterea
954 1912 1086 1964 ergo
1117 1899 1216 1966 ipsi
1259 1902 1523 1970 accipient
1558 1914 1853 1971 peccatum,

267 1980 325 2031 in
346 1998 465 2051 quo
490 2000 606 2038 non
645 1989 999 2046 enuntiantes
1023 1994 1092 2045 ad
1123 1994 1371 2061 populum
1404 2009 1520 2063 qua
1556 2009 1679 2049 vera
1709 2006 1850 2057 sunt,

235 2082 510 2135 peccare
543 2073 761 2128 faciunt
795 2077 910 2146 (67)
946 2080 1136 2139 Israel.
1203 2070 1206 2074 λ

319 2160 386 2214 5.
425 2162 572 2216 Post
621 2164 737 2217 lucc
764 2165 873 2219 alia
919 2167 1004 2221 lex
1039 2169 1422 2238 promulgatur.
1455 2190 1472 2223 ι
1508 2173 1718 2238 Anima,
1779 2175 1851 2227 iu-

213 2250 469 2327 q’lil”,
500 2268 849 2323 quaecunque
871 2258 1110 2326 tetigerit
1130 2273 1339 2312 omnem
1367 2275 1475 2314 rem
1502 2261 1851 2327 immundam,

212 2349 354 2403 λιιι
398 2343 772 2395 murticinum
822 2345 1650 2417 jumentorum‘immundorum,
1690 2359 1743 2403 et
1784 2352 1854 2402 la-

241 2430 442 2486 xuerit
474 2443 638 2492 eum,
695 2441 752 2484 et
799 2434 1120 2505 inquinatus
1163 2447 1262 2500 est,
1298 2449 1390 2492 aut
1429 2439 1474 2493 si
1516 2440 1749 2506 tetigerit
1786 2440 1850 2492 ab

269 2516 624 2572 inmunditia
660 2521 929 2584 hominis,
964 2526 1035 2577 ab
1063 2526 1207 2577 omni
1249 2528 1604 2589 immunditia,
1647 2543 1712 2580 ex
1746 2544 1847 2596 qua

283 2605 625 2675 inquinetur,
664 2628 685 2661 ι
717 2621 827 2666 etc.
873 2612 1002 2666 limo
1030 2614 1246 2679 quidem
1276 2617 1413 2683 apud
1448 2615 1660 2670 Judazos
1694 2618 1848 2672 inde-

280 2705 463 2749 center
484 2699 630 2753 satis
666 2708 719 2753 ct
753 2701 1030 2755 inutiliter
1056 2703 1425 2759 observantur.
1464 2704 1665 2774 thuid
1700 2707 1845 2760 enim

282 2782 592 2842 immundus
638 2790 911 2843 habeatur
960 2791 1054 2859 qui
1099 2794 1415 2861 contigerit,
1470 2796 1614 2848 verbi
1661 2809 1844 2859 causa,

283 2875 467 2930 animal
527 2887 836 2943 mortuum,
888 2891 984 2935 aut
1038 2897 1236 2950 corpus
1291 2885 1522 2939 hominis
1570 2885 1848 2940 defuncti?

282 2962 408 3027 Quid
446 2967 496 3018 si
536 2968 824 3034 propheta:
872 2984 1069 3038 corpus
1121 2971 1228 3025 sit?
1255 2973 1382 3038 quid
1411 2974 1455 3025 si
1504 2964 1839 3040 patriarchae,
1871 2997 1911 3051 ο

284 3053 361 3104 vei
386 3055 549 3109 etiam
604 3056 779 3124 ipsius
827 3058 1061 3112 Abrahae
1103 3060 1343 3129 corpus?
1389 3063 1516 3129 quid
1553 3063 1598 3116 si
1633 3073 1685 3118 et
1721 3078 1840 3118 ossa

284 3140 541 3200 Samuelis
566 3148 894 3216 contigerit,
925 3149 1230 3205 immundus
1261 3152 1400 3205 erit?
1423 3153 1558 3218 Quid
1582 3154 1623 3206 si
1667 3155 1839 3211 Elismi

285 3244 393 3285 ossa
417 3237 715 3304 contingat
745 3252 868 3304 qtae
894 3247 949 3291 et
979 3247 1244 3292 mortuum
1274 3240 1572 3294 suscitant?
1608 3242 1840 3296 Immun-

283 3319 376 3375 dus
397 3326 501 3378 erit
562 3325 659 3380 ille
714 3325 808 3392 qui
862 3326 1147 3393 cantingit,
1178 3336 1233 3379 et
1267 3328 1594 3382 immundum
1640 3329 1842 3384 faciunt

283 3421 390 3462 ossa
410 3401 701 3480 praphe'tze
727 3414 895 3467 etiam
935 3413 1082 3466 illum
1134 3415 1330 3481 ipsum,
1362 3429 1519 3483 quem
1559 3431 1589 3468 a
1616 3418 1839 3472 mortuis

284 3502 569 3555 suscitant?
599 3502 742 3557 Vide
769 3517 934 3569 quam
968 3503 1348 3557 inconveniens
1387 3505 1458 3558 sit
1488 3504 1708 3560 Judaica
1759 3508 1837 3559 in-

288 3585 580 3657 lelligeutia.
645 3591 761 3644 Sed
809 3605 907 3644 nos
957 3590 1235 3644 videamus
1261 3593 1433 3658 primo
1475 3595 1600 3661 quid
1633 3597 1701 3647 sit
1731 3604 1837 3647 tau-

283 3687 475 3743 gere,et
494 3680 630 3749 quis
649 3681 725 3734 sit
754 3689 933 3733 tactus
954 3681 1041 3747 qui
1063 3679 1223 3733 faciat
1241 3681 1592 3735 immundum.
1609 3684 1835 3750 Aposto-

285 3763 359 3816 ius
376 3769 495 3825 dicit
525 3771 575 3802 ”
607 3788 626 3822 :
653 3788 674 3820 ι
712 3771 923 3823 Bonum
956 3780 1040 3822 est
1064 3770 1265 3823 homini
1286 3771 1563 3824 mulierem
1589 3788 1689 3826 non
1717 3782 1834 3825 tan-

285 3867 402 3918 gere.
435 3879 458 3913 ι
516 3859 622 3915 Hie
673 3868 856 3913 tactus
902 3859 1207 3912 immundus
1251 3868 1361 3924 est;
1412 3861 1513 3913 hoc
1560 3872 1640 3915 εει
1693 3865 1831 3916 enim

283 3941 406 4013 illud,
459 3951 615 4018 quod
670 3949 939 4003 Dominus
994 3950 1045 4002 in
1095 3948 1382 4017 Evangelia
1424 3951 1560 4002 dixit
1590 3952 1633 3982 ⁹¹
1668 3966 1682 4003 :
1722 3969 1744 4001 ι
1776 3953 1831 4004 Si

282 4034 383 4096 quis
406 4040 613 4094 viderit
644 4038 935 4092 mulierem
953 4038 1017 4089 ad
1045 4038 1548 4101 concupiscendum,
1569 4038 1677 4106 jam
1709 4053 1833 4091 mu:-

280 4117 442 4180 chatus
493 4139 587 4182 est
632 4141 762 4179 eam
813 4126 866 4178 in
899 4126 1063 4178 corde
1116 4142 1233 4179 suo.
1272 4144 1290 4175 ι
1332 4125 1526 4194 Tetigit
1553 4129 1693 4180 enim
1739 4144 1831 4182 cor

281 4206 376 4272 eius
393 4216 870 4286 concupiscentiae
914 4216 1118 4277 vitium,
1161 4224 1216 4268 et
1266 4215 1535 4267 immunda
1581 4215 1719 4269 facta
1748 4227 1829 4270 est

282 4300 426 4359 anima
457 4309 605 4377 ejus.
641 4306 703 4359 Si
739 4308 866 4372 quis
896 4319 1025 4372 ergo
1063 4306 1164 4358 hoc
1209 4304 1366 4358 modo
1401 4305 1566 4371 tangit
1597 4305 1822 4373 aliquam
1858 4295 1899 4347 Ι)

284 4399 461 4457 rem,id
483 4408 573 4451 est
603 4396 695 4451 vel
715 4412 816 4464 per
834 4395 1075 4448 mulieris
1101 4394 1610 4461 concupiscentiam,
1632 4395 1711 4446 vel
1736 4410 1829 4463 per

283 4489 496 4543 Pecuniae
528 4488 916 4555 cupiditatem,
944 4485 1026 4544 vel
1055 4486 1160 4538 alio
1193 4485 1430 4552 quolibet
1453 4484 1654 4553 peccati
1689 4485 1826 4538 desi-

292 4569 429 4637 derio,
461 4576 813 4630 immundum
843 4574 1035 4642 tetigit,
1062 4583 1117 4627 et
1141 4573 1452 4639 inquinatus
1479 4582 1581 4626 est.
1605 4571 1830 4640 Oportet

285 4672 397 4729 etxo
419 4674 472 4719 te
498 4667 542 4718 si
577 4665 711 4732 quid
760 4664 865 4717 tale
895 4663 1205 4732 contigeris,
1238 4663 1379 4716 scire
1407 4662 1673 4730 quomodo
1702 4660 1832 4715 olle-

260 4758 371 4806 ωε
387 4755 728 4817 sacrificium,
779 4752 1073 4806 secundum
1111 4767 1174 4805 ea
1217 4766 1335 4820 quae
1377 4753 1430 4804 in
1461 4752 1826 4819 superioribus

247 4843 709 4906 “emoravimus,
765 4850 826 4894 ut
878 4843 1105 4894 mundus
1153 4840 1289 4894 allici
1337 4840 1530 4907 possis.
1588 4838 1680 4893 Vis
1728 4840 1819 4894 tibi

285 4930 559 4982 timendam
591 4945 705 4998 quae
732 4939 814 4984 est
870 4931 1048 4983 anima
1105 4944 1225 4997 qua:
1264 4930 1434 4997 tetigit
1466 4928 1818 4991 immundum,

320 5026 379 5068 et
396 5019 631 5074 immunda
663 5021 800 5075 facta
847 5030 950 5082 est,
989 5030 1044 5074 et
1068 5034 1280 5074 rursum
1325 5019 1497 5087 tetigit
1541 5017 1817 5080 mundum,

322 5112 378 5156 et
397 5103 509 5159 facta
534 5119 612 5162 est
653 5110 892 5163 munda?
919 5108 1009 5162 llla
1041 5124 1161 5177 quas
1200 5107 1512 5176 proﬂuvium
1544 5105 1820 5172 sanguinis

388 5195 773 5262 "Psal.c1x,4.
846 5202 891 5232 ⁸⁸
944 5200 1111 5253 Levit.
1144 5216 1196 5261 v,
1241 5201 1294 5264 2,
1332 5200 1386 5252 5.
1459 5198 1555 5249 ⁹⁰Ι
1600 5198 1723 5250 Cor.
1774 5213 1867 5264 vn,

312 5259 373 5324 9.
400 5267 453 5319 l0
488 5276 536 5319 et
576 5259 692 5336 seq.
759 5272 807 5303 “
841 5269 860 5320 l
894 5266 1033 5321 Tim.
1075 5284 1128 5333 v,
1168 5259 1222 5319 6.
1282 5259 1335 5299 ἠ
1360 5268 1499 5322 Psal.
1552 5280 1720 5325 xxxv,
1756 5266 1808 5319 7.

379 5360 472 5427 (66)
522 5359 646 5413 Cum
692 5376 814 5428 ergo
874 5357 1162 5428 Evangelii,
1192 5368 1294 5411 etc.
1332 5358 1520 5428 Exstat
1556 5356 1642 5409 hic
1676 5356 1820 5428 locus

284 5425 430 5501 apud
449 5429 629 5501 lunam
659 5425 951 5501 Aurelian.
980 5425 1071 5478 lib.
1088 5442 1116 5501 _t_
1128 5427 1214 5501 _l_)e
1236 5428 1399 5501 iusti}.
1422 5427 1577 5501 (uie...
1590 5439 1705 5489 cap.
1730 5425 1819 5479 18.

495 5499 657 5568 idem,
693 5514 712 5544 ι
752 5495 1001 5557 faciunt;
1037 5514 1057 5568 ι
1087 5494 1217 5568 Ιίιῴ.
1249 5493 1443 5568 cditi,_t
1481 5493 1689 5568 lacinia.
1722 5511 1742 5543 ι

368 5499 445 5566 (67
495 5499 657 5557 Idem,
693 5514 712 5544 ι
752 5499 1001 5557 faciunt;
1037 5514 1057 5571 ι
1087 5499 1217 5569 libb.
1249 5499 1393 5569 editi,
1425 5510 1443 5542 ι
1481 5499 1689 5569 lactant.
1722 5511 1742 5543 ι

365 5499 466 5635 (683
504 5564 644 5618 Idem
684 5576 816 5621 ms.,
861 5577 882 5607 ι
924 5569 1219 5623 contigerit.
1248 5578 1267 5609 ν
1300 5559 1445 5613 Lthb.
1472 5558 1614 5624 editi,
1647 5576 1663 5609 ι
1693 5573 1825 5615 con-

593 5657 873 5712 Pn'non.
907 5649 1029 5707 Gn.
1068 5647 1208 5705 ΧΠ.

1914 5199 1947 5235 0

1884 5268 1928 5300 9“
1953 5266 2017 5319 ιγ
2071 5267 2199 5334 Reg.
2230 5267 2359 5331 1,10.

1957 1818 2240 1873 morticino
2263 1823 2471 1888 pecoris
2499 1825 2678 1877 mundi
2710 1838 2799 1881 aut
2818 1829 3069 1885 immundi
3086 1834 3363 1892 dicendum
3383 1850 3491 1897 εει..

1959 1903 2294 1960 Morticiuum
2316 1924 2543 1978 namque
2571 1912 2801 1969 hominis
2826 1920 3083 1989 contingit
3108 1922 3152 1977 is
3174 1928 3261 1992 qui
3294 1927 3344 1980 in
3368 1944 3491 1996 pec-

1954 1995 2088 2047 catis
2107 1996 2218 2050 suis
2238 2011 2505 2053 mortuum
2534 2005 2833 2071 quempiam
2869 2010 2950 2061 vel
2976 2012 3242 2078 sequitur,
3260 2016 3340 2068 vel
3371 2018 3490 2072 imi-

1954 2091 2113 2135 tatur.
2147 2084 2251 2139 Sed
2283 2090 2406 2154 quia
2445 2090 2771 2160 singulorum
2812 2095 2920 2163 (69)
2959 2100 3273 2158 diﬂ‘erentize
3310 2109 3487 2175 requi-

1952 2173 2127 2225 renda:
2156 2187 2302 2242 sunt,
2331 2179 2538 2246 singula
2566 2197 2956 2240 recenseamus.
2989 2189 3228 2247 l‘lominis
3259 2173 3487 2252 mortici-

1951 2276 2098 2326 num,
2126 2257 2271 2318 ’sicnt
2303 2282 2459 2333 supra
2509 2270 2758 2337 diximus,
2801 2275 2925 2328 illud
2956 2292 3240 2344 possumus
3285 2286 3483 2352 dicere,

1952 2353 2090 2418 quod
2125 2354 2410 2420 Apostolus
2433 2360 2497 2411 ad
2528 2360 2833 2417 Corinthios
2867 2366 2994 2419 dicit
3033 2383 3048 2418 :
3094 2387 3111 2419 ι
3140 2369 3360 2440 Scripsi,
3398 2378 3483 2430 in-

1947 2442 2154 2507 quit”,
2198 2443 2346 2499 vobis
2390 2448 2441 2499 in
2484 2449 2736 2516 epistola,
2778 2463 2831 2505 ut
2888 2469 2990 2508 non
3035 2462 3481 2518 commisceamini

1950 2528 2275 2597 loruicariis;
2307 2549 2407 2586 non
2441 2537 2622 2604 utique
2652 2538 2955 2596 foruicariis
2980 2545 3133 2613 hujus
3160 2553 3357 2615 mutuli,
3389 2568 3482 2607 an.

1948 2617 2150 2679 avaris,
2179 2629 2269 2670 aut
2303 2623 2601 2687 rapacibus,
2640 2636 2730 2678 aut
2757 2628 2911 2685 idolis
2940 2635 3311 2701 servientibus,
3347 2640 3480 2696 alio-

1947 2700 2073 2767 quin
2106 2701 2409 2758 debueratis
2441 2707 2503 2760 de
2534 2708 2633 2762 hoc
2665 2714 2858 2768 mundo
2889 2719 3083 2774 exisse.
3112 2720 3259 2777 Nunc
3300 2700 3478 2781 autem

1947 2790 2132 2857 scripsi
2159 2792 2329 2857 vobis,
2354 2803 2410 2846 ut
2449 2809 2553 2848 non
2583 2804 3057 2872 commisceamini,
3085 2811 3129 2864 si
3159 2813 3279 2879 quis
3313 2814 3480 2871 frater

1948 2880 2253 2933 nominatur
2298 2882 2608 2949 fornicator,
2654 2899 2746 2944 aut
2786 2892 3107 2965 immundus,
3147 2913 3237 2955 aut
3263 2918 3474 2972 avarus,

1948 2977 2038 3018 aut
2062 2967 2215 3022 idolis
2236 2973 2495 3037 serviens,
2528 2985 2618 3029 aut
2647 2980 2956 3049 maledicus,
2980 2995 3069 3040 alit
3098 2991 3362 3059 ebriosus,
3387 3004 3480 3052 aut

1949 3070 2130 3122 rapax,
2173 3072 2293 3111 cum
2327 3061 2627 3127 hujusmodi
2662 3082 2760 3122 nec
2807 3072 2985 3126 cibum
3022 3091 3250 3133 sumere.
3276 3098 3294 3130 ι
3346 3082 3475 3137 Illud

1941 3154 2169 3215 estergo
2205 3148 2433 3202 hominis
2463 3155 2802 3210 murticinum
2848 3165 3174 3231 contingere,
3216 3171 3306 3237 qui
3336 3172 3383 3225 ei
3416 3187 3475 3226 se

1941 3234 2141 3287 socium
2171 3236 2355 3290 saltem
2392 3240 2441 3292 in
2469 3242 2589 3295 cibo
2612 3247 3024 3318 prmbuerit,qui
3058 3253 3109 3306 in
3136 3234 3350 3312 Christo
3381 3261 3474 3314 ho-

1940 3336 2025 3374 mo
2046 3322 2281 3390 eﬂ‘cctus,
2316 3343 2521 3382 rursum
2554 3331 2605 3383 in
2632 3337 2864 3400 peccatis
2881 3349 2962 3391 est
2993 3356 3246 3397 mortuus.
3266 3347 3393 3400 Nam
3417 3358 3472 3404 et

1938 3411 2025 3463 illa
2062 3414 2236 3478 vidua,
2262 3416 2326 3470 de
2351 3430 2451 3483 qua
2487 3419 2614 3473 dicit
2643 3424 2926 3490 Apostolus
2943 3430 3015 3491 “,
3046 3448 3063 3478 ι
3105 3445 3222 3498 qua:
3258 3436 3308 3487 iu
3341 3436 3472 3489 deli-

1936 3500 2035 3553 ciis
2074 3503 2254 3557 vivens
2288 3519 2490 3563 mortua
2533 3520 2634 3577 est,
2674 3531 2716 3571 ι,
2739 3516 3074 3569 murticinum
3104 3520 3331 3576 hominis
3364 3525 3467 3579 dici

1937 3597 2129 3653 potest.
2163 3590 2265 3644 Sed
2297 3603 2349 3646 et
2393 3597 2640 3651 animalia
2679 3601 2950 3654 morticina
2984 3604 3323 3662 nihilominus
3351 3626 3467 3679 qua:

1935 3685 2059 3726 sunt
2103 3677 2153 3728 in
2191 3679 2446 3746 Ecclesia,
2491 3687 2803 3752 requirenda
2838 3697 2980 3742 sunt.
3014 3692 3068 3744 Si
3118 3677 3466 3763 simpliciores

1935 3763 2129 3830 quique
2147 3767 2211 3819 ad
2238 3769 2334 3819 hoc
2352 3773 2489 3836 quod
2512 3774 2641 3825 nihil
2667 3778 2958 3841 prudentizc
2977 3792 3215 3848 egerunt,
3231 3787 3388 3838 etiam
3413 3790 3463 3842 in

1934 3864 2267 3920 peccatorum
2299 3861 2540 3914 sordibus
2574 3863 2893 3932 volutentur,
2922 3868 3015 3921 hos
3055 3870 3098 3921 si
3130 3873 3247 3937 quis
3276 3888 3464 3942 sequa-

1936 3952 2038 4007 tur,
2064 3945 2144 3997 vel
2171 3955 2351 4015 tangat
2375 3961 2436 4002 eo
2462 3960 2601 4003 tactu
2628 3967 2730 4020 quo
2751 3969 2907 4022 supra
2933 3960 3290 4024 exposuimus,
3321 3976 3465 4015 mor-

1935 4036 2151 4089 ticinum
2189 4040 2492 4093 animalium
2521 4041 2630 4112 (70)
2667 4044 2855 4113 tetigit.
2890 4038 3037 4109 Quod
3069 4057 3244 4100 autem
3284 4049 3466 4106 Eccle-

1930 4127 2005 4178 sia
2037 4127 2225 4181 haheat
2254 4139 2305 4183 et
2338 4132 2605 4197 animalia,
2639 4136 2758 4187 audi
2790 4137 3052 4204 quomodo
3079 4140 3207 4192 dicit
3234 4140 3287 4192 in
3319 4140 3465 4195 Psal-

1932 4216 2106 4269 mis”:
2130 4234 2149 4267 ι
2171 4216 2419 4273 Homines
2442 4234 2493 4273 et
2511 4222 2748 4289 jumenta
2772 4226 2945 4279 salvos
2972 4224 3158 4293 facies,
3185 4229 3458 4285 Domine.»

1931 4304 1990 4355 Ili
2029 4318 2154 4373 ergo
2186 4311 2273 4374 qui
2321 4309 2465 4362 verbi
2511 4311 2597 4362 Dei
2636 4321 2684 4364 et
2718 4313 3050 4366 rationabilis
3086 4315 3314 4369 instituti
3349 4328 3464 4372 stu-

1926 4393 2070 4444 dium
2102 4405 2313 4461 gerunt,
2338 4397 2583 4451 homines
2612 4400 2955 4467 appellantur.
2984 4400 3081 4466 Qui
3111 4417 3237 4456 vero
3265 4407 3461 4473 absqw:

1927 4480 2221 4546 hujusmodi
2254 4483 2442 4537 studiis
2481 4487 2663 4540 vivunt
2693 4497 2745 4542 et
2789 4491 3029 4543 scientia:
3060 4494 3313 4546 exercitia
3353 4508 3463 4548 non

1927 4573 2221 4640 requirunt,
2254 4573 2432 4630 ﬂdeles
2462 4587 2634 4631 tamen
2660 4589 2801 4642 sunt,
2830 4580 3074 4633 animalia
3106 4581 3339 4649 quidem,
3365 4584 3460 4637 sed

1929 4661 2121 4713 munda
2157 4660 2419 4716 dicuntur.
2472 4665 2620 4720 Sicut
2663 4668 2804 4721 enim
2851 4678 2975 4722 sunt
3023 4671 3238 4737 quidam
3287 4671 3461 4723 homi-

1928 4764 2021 4803 nes
2070 4750 2201 4814 Dei,
2258 4753 2327 4805 ita
2380 4764 2505 4808 Sttnl.
2563 4757 2776 4824 quidam
2832 4766 2885 4811 et
2943 4772 3070 4812 oves
3136 4760 3247 4813 Dei.
3312 4760 3459 4814 Scri-

1928 4850 2072 4904 ptum
2120 4848 2201 4893 est
2250 4842 2390 4896 enim
2441 4846 2563 4910 quia
2626 4845 2832 4915 Moyses
2874 4861 2975 4899 non
3024 4856 3140 4900 erat
3178 4848 3292 4902 ovis
3341 4849 3454 4912 Dei,

1923 4929 2014 4981 sed
2068 4929 2222 4983 homo
2278 4931 2387 4984 Dei.
2435 4933 2498 4984 Et
2549 4933 2689 4986 Elias
2742 4950 2845 4988 non
2901 4944 3017 4989 erat
3048 4936 3164 4989 ovis
3199 4937 3310 4999 Dei,
3364 4936 3457 4989 sed

1932 5015 2089 5069 homo
2124 5016 2239 5072 Dei.
2271 5016 2359 5071 Sic
2390 5020 2530 5070 enim
2577 5018 2690 5087 ipse
2733 5019 2861 5072 dicit
2884 5020 2930 5050 ’⁸
2962 5036 2973 5069 :
3010 5036 3027 5068 ι
3062 5018 3116 5070 Si
3164 5020 3320 5071 homo
3364 5015 3455 5069 Dei

1928 5120 2044 5158 sum
2071 5120 2189 5174 ego,
2233 5106 2519 5161 descendat
2558 5109 2693 5177 ignis
2722 5108 2788 5162 de
2824 5107 2958 5160 cwlo
2986 5117 3038 5159 et
3079 5115 3353 5159 consumat
3381 5114 3452 5165 te,

2040 5198 2083 5229 ἰ
2114 5198 2299 5251 Matth.
2338 5214 2389 5262 v,
2418 5199 2504 5253 28.
2588 5201 2631 5232 θ’
2669 5200 2800 5255 Luc.
2831 5197 3059 5259 “11,46.
3134 5199 3178 5229 ⁸³
3205 5196 3220 5246 Ι
3246 5195 3365 5247 Cor.
3399 5208 3456 5254 ν,

1934 5367 2280 5494 "8(lliil)’ldcm
2313 5443 2433 5491 ms.,
2467 5448 2485 5479 ‹
2523 5429 2612 5482 sed
2640 5429 2680 5481 si
2709 5423 3054 5495 singulorum,
3091 5434 3110 5465 ι
3141 5425 3245 5495 etc.

1996 5474 2105 5564 (ibi
2142 5474 2285 5549 idem
2312 5474 2435 5559 nisi:
2471 5474 2489 5545 ἒ
2523 5474 2848 5548 Ξιῖιῖιιῖξιῐξίἷιῗι.
2880 5474 3083 5547 ιιιῖιυιὶο
3112 5483 3262 5545 editi,
3296 5495 3315 5529 ί
3340 5474 3459 5532 ait"

1931 5565 2053 5616 mal.
2088 5581 2106 5613 ι
3113 5634 3167 5689 Η

3153 5654 3187 5691 ξι
