3948 6254
293 288 410 343 429

1486 301 1552 354 ΙΝ
1586 300 1950 356 LEVITICUM
1990 301 2267 360 HOMILIA
2303 259 2390 360 Ill’.

3420 317 3524 369 450

245 383 264 407 ³
292 403 544 466 miseriS.
567 408 616 453 cl
665 411 874 453 servare
923 414 1045 456 “0n
1113 411 1398 482 qniveris,
1433 418 1552 470 audi
1605 419 1726 484 quid
1758 417 1885 487 legis
1913 420 1958 475 A
1984 417 2125 483 dem,
2146 419 2196 473 id
2225 429 2308 474 est
2326 418 2620 473 divinitatis
2658 411 2774 480 ejus
2795 424 2999 476 secreta
3047 424 3272 490 velabat;
3298 404 3514 482 renibus

284 490 450 546 ordo
503 491 802 560 prtecipiat:
833 509 850 540 ι
901 491 964 546 Si
1019 505 1390 568 peccaverit,
1440 507 1611 574 inquit
1641 509 1682 569 ⁸,
1724 523 1883 560 unum

285 583 520 653 aliquid
551 586 612 639 de
640 583 791 647 .istis,
825 590 1165 652 pronuntiet
1198 608 1480 661 peccaturo
1528 600 1666 664 quod
1699 613 1886 666 perca-

283 676 369 726 \‘il
405 675 557 746 (79).
583 695 600 727 ι
623 675 708 727 Est
727 674 937 743 aliquod
969 675 1026 728 in
1047 678 1161 735 hoc
1184 685 1432 739 mirabile
1447 697 1730 749 secretum,
1748 688 1885 754 quod

273 765 456 834 jubet
521 765 867 834 pronuntiare
905 778 1226 834 peccatum.
1261 773 1470 828 Etenim
1519 777 1659 829 omni
1692 792 1886 846 genere

279 856 719 922 pronuntianda
746 866 889 920 sunt,
919 866 977 910 et
1002 859 1060 912 in
1092 861 1370 928 publicum
1401 866 1716 931 proferenda
1749 883 1884 921 cun-

276 952 375 994 cta
421 958 563 1006 qua:
592 945 826 1012 gerimus
859 945 995 1016 (80).
1026 946 1085 1000 Si
1130 952 1259 1016 quid
1293 953 1346 1005 in
1394 955 1602 1008 occulto
1629 957 1880 1024 gerimus,

274 1031 322 1084 si
371 1034 528 1098 quid
563 1035 614 1085 in
649 1049 897 1088 sermone
922 1037 1065 1102 solo,
1112 1040 1198 1091 vel
1241 1042 1402 1094 etiam
1434 1043 1572 1096 intra
1605 1046 1885 1114 cogitatio-

273 1137 426 1175 num
463 1135 698 1178 secreta
744 1128 1138 1193 commisimus,
1179 1142 1370 1186 cuncta
1402 1150 1622 1189 necesse
1670 1147 1751 1189 est
1784 1153 1881 1204 pu-

274 1210 529 1275 blicari,
568 1221 765 1266 cuncta
797 1215 1027 1280 proferri
1057 1235 1069 1268 :
1095 1218 1324 1284 proferri
1359 1229 1534 1272 autem
1573 1221 1639 1272 ab
1671 1221 1758 1273 illo
1791 1221 1882 1288 qui

270 1307 330 1349 et
367 1311 701 1354 accusator
753 1305 960 1370 peccati
1013 1317 1095 1359 est
1146 1316 1202 1358 et
1263 1307 1523 1360 incentor.
1575 1308 1692 1376 Ipse
1739 1308 1882 1360 enim

274 1405 442 1442 nunc
485 1405 599 1444 nos
655 1399 712 1444 ut
766 1406 1054 1459 peccemus
1104 1395 1347 1463 instigat,
1391 1395 1504 1456 ipse
1547 1398 1706 1449 etiam
1761 1413 1880 1451 eum

273 1481 730 1545 peccaverimus
765 1491 1006 1534 accusat.
1038 1481 1093 1534 Si
1129 1497 1256 1550 ergo
1281 1486 1332 1536 in
1362 1485 1463 1536 vita
1497 1488 1882 1552 prmveniamus

271 1580 444 1630 eum,
491 1575 555 1620 et
605 1569 706 1634 ipsi
744 1570 914 1623 nostri
967 1579 1316 1626 accusatores
1361 1575 1550 1637 simus,
1588 1576 1878 1642 nequitiam

273 1657 504 1709 diaboli
552 1657 767 1710 inimici
799 1657 972 1710 nostri
1021 1666 1075 1712 et
1103 1661 1433 1713 accusatoris
1458 1661 1756 1730 effugimus.
1791 1662 1878 1718 Sic

271 1749 439 1798 enim
468 1754 528 1799 et
553 1747 685 1799 alibi
718 1747 985 1815 propheta
1022 1748 1154 1800 dicit
1182 1765 1196 1801 :
1226 1767 1244 1798 ι
1289 1750 1379 1802 Die
1409 1761 1484 1813 tu,
1514 1751 1683 1818 inquit
1709 1753 1751 1816 ⁹,
1778 1753 1879 1806 ini-
1909 1733 1951 1786 Β

271 1835 548 1900 quitatcs
602 1845 726 1888 tuas
771 1836 961 1904 prior,
997 1845 1054 1888 ut
1105 1835 1447 1900 justiﬁceris.
1474 1859 1493 1890 ι
1532 1839 1712 1894 Nonne
1766 1844 1878 1896 evi-

272 1924 492 1976 denter
551 1925 884 1992 mysterium
917 1927 982 1977 de
1013 1939 1120 1991 quo
1158 1934 1448 1978 tractamus
1470 1929 1727 1992 ostendit,
1755 1944 1874 1982 cum

271 2013 432 2065 dicit
457 2031 473 2064 :
521 2013 620 2065 Dic
677 2023 732 2065 tu
787 2012 983 2080 prior?
1012 2022 1068 2064 ut
1101 2014 1345 2065 ostendat
1383 2014 1473 2066 tibi
1522 2017 1642 2083 quia
1679 2033 1877 2083 praeve-

271 2101 416 2152 nire
456 2100 618 2152 illum
664 2101 892 2164 debeas,
924 2101 1014 2168 qui
1049 2107 1266 2166 paratus
1293 2111 1374 2153 est
1401 2103 1467 2154 ad
1495 2107 1873 2159 accusandum.

271 2191 353 2244 Tu
402 2205 576 2258 ergo,
609 2191 816 2257 inquit,
866 2192 955 2243 dic
1001 2192 1167 2258 prior,
1205 2203 1272 2241 ne
1328 2199 1380 2242 te
1416 2191 1503 2244 ille
1535 2197 1871 2259 praeveniat:

266 2285 419 2350 quia
458 2285 505 2336 si
532 2284 694 2350 prior
729 2286 959 2348 dixeris,
983 2295 1037 2339 et
1070 2289 1390 2341 sacriﬁcium
1419 2289 1747 2354 poenitentia:
1781 2290 1876 2343 ob-

269 2371 508 2437 tuleris,
541 2373 850 2426 secundum
882 2389 947 2427 ea
980 2389 1098 2441 qua:
1130 2376 1182 2427 in
1226 2377 1592 2442 superioribus
1639 2377 1873 2432 diximus

268 2458 606 2522 olfcreuda,
641 2472 696 2514 et
733 2462 1029 2516 tradideris
1079 2478 1295 2517 carnem
1322 2475 1461 2517 tuam
1496 2467 1547 2518 in
1579 2467 1870 2528 interitum,

267 2561 330 2602 ut
367 2551 622 2618 spiritus
653 2551 844 2606 salvus
874 2553 968 2604 ﬁat
994 2553 1046 2604 in
1074 2553 1160 2605 die
1187 2553 1413 2617 Domini,
1439 2556 1648 2608 dicetur
1675 2565 1727 2608 et
1757 2557 1872 2620 tibi,

267 2641 417 2708 quia
460 2641 762 2709 percepisti
810 2650 866 2694 et
896 2654 978 2708 ‘tu
1012 2645 1064 2694 in
1105 2643 1209 2695 vita
1243 2653 1332 2697 tua
1382 2645 1541 2708 mala,
1574 2661 1714 2700 nunc
1744 2661 1872 2700 vero

267 2732 363 2784 hic
413 2731 735 2797 requiesce.
773 2729 882 2784 Sed
915 2742 970 2785 et
999 2732 1166 2784 David
1200 2736 1384 2788 eodem
1418 2738 1606 2805 spiritu
1640 2737 1873 2807 loquitur

265 2823 323 2874 in
361 2821 645 2884 Psalmis,
679 2831 737 2874 et
761 2822 893 2875 dicit
923 2822 968 2851 ¹⁰
996 2837 1010 2872 :
1051 2839 1070 2872 ι
1100 2823 1436 2891 iniquitatem
1473 2841 1640 2879 meam
1691 2838 1870 2880 notam

267 2912 415 2976 feci,
470 2919 531 2964 et
560 2921 854 2978 peccatum
907 2926 1085 2965 meum
1120 2928 1224 2966 non
1256 2918 1525 2982 cooperui.
1576 2917 1714 2980 Dixi,
1743 2921 1869 2974 Pro-

1982 515 2183 571 autem,
2204 508 2305 561 hoc
2324 516 2404 562 est
2420 504 2686 574 corporali
2718 507 2970 573 materiae,
2987 526 3102 578 quae
3114 526 3176 566 ex
3196 515 3344 570 nobis
3365 526 3512 571 caste

1982 605 2190 664 sumpta
2223 596 2414 661 fuerat,
2439 595 2782 659 cohaerebat;
2808 604 2861 649 et
2890 602 3061 655 media
3110 604 3252 658 inter
3292 621 3511 662 carnem

1984 685 2253 754 Deumque
2283 686 2472 755 posita,
2513 686 2867 741 deiﬁcandam
2909 688 3038 758 (82),
3072 694 3512 750 sanetiﬁcandam

1987 774 2139 842 197
2167 776 2332 829 sacris
2364 775 2640 839 altaribus,
2661 783 2714 828 et
2741 774 2934 830 divinis
2983 778 3191 846 ignibus
3239 781 3512 837 illustran-

1981 862 2104 916 dam
2136 870 2190 914 et
2237 863 2652 916 conservandam
2685 876 2866 916 secum
2923 865 2988 917 ad
3035 866 3221 929 caelos,
3266 878 3510 924 naturam

1981 951 2159 1003 carnis
2194 951 2437 1018 imponit.
2487 950 2787 1004 Renunculi
2839 960 3018 1006 autem
3055 954 3264 1021 ignibus
3309 958 3511 1022 traditi,

1981 1037 2102 1104 quis
2123 1038 2323 1092 dubitet
2347 1038 2486 1104 quod
2534 1038 2708 1093 nullos
2738 1041 2790 1093 in
2813 1039 3025 1095 Christo
3074 1042 3241 1097 fuisse
3276 1045 3514 1101 indicent

1983 1122 2289 1188 genitalium
2317 1125 2544 1191 partium
2570 1127 2781 1178 motus?
2805 1127 2954 1191 Quod
3002 1142 3127 1181 vero
3161 1129 3224 1182 de
3261 1133 3514 1200 sanguine

1982 1211 2169 1264 hostia:
2195 1213 2390 1278 septies
2416 1222 2538 1267 ante
2575 1213 2855 1267 Dominum
2886 1216 3138 1270 sacerdos
3203 1233 3513 1288 respergere

1983 1309 2328 1361 memoratur,
2361 1301 2641 1355 evidenter
2678 1304 2854 1357 sancti
2911 1304 3146 1372 Spiritus
3176 1307 3342 1361 virtus
3392 1325 3511 1377 sep-

1984 1387 2247 1455 templicis
2296 1390 2480 1457 gratia:
2540 1390 2651 1459 (83)
2704 1393 2804 1445 sub
2869 1395 3126 1463 mysterio
3179 1396 3507 1463 designatur.

1982 1479 2215 1543 Quatuor
2239 1494 2440 1534 cornua
2495 1482 2699 1546 altaris,
2756 1499 2872 1551 (μιεὲ
2923 1486 3178 1551 sanguine
3231 1487 3508 1552 liniuntur,

1979 1568 2173 1622 Christi
2207 1571 2508 1636 passionem
2543 1571 2730 1624 referri
2761 1583 2990 1640 quatuor
3021 1575 3322 1645 Evangeliis
3369 1580 3512 1632 indi-

1979 1667 2121 1718 cant,
2153 1658 2240 1724 qui
2279 1672 2447 1726 penna
2471 1659 2672 1725 jecoris
2696 1661 2934 1716 oll‘ertur.
2965 1663 3018 1716 In
3072 1664 3252 1732 jecore
3289 1667 3369 1721 ira
3421 1669 3510 1735 ju-

1979 1746 2208 1814 gulatur.
2245 1747 2299 1800 In
2325 1764 2499 1816 penna
2531 1749 2687 1804 velox
2732 1759 2784 1804 et
2809 1754 3017 1807 concita
3043 1755 3126 1808 vis
3175 1755 3372 1811 furoris
3423 1773 3512 1814 os-

1980 1837 2240 1889 tenditur.
2272 1839 2524 1906 Reliquus
2559 1850 2735 1894 autem
2765 1845 3003 1909 sanguis,
3035 1845 3126 1913 qui
3159 1847 3222 1898 ad
3251 1847 3414 1900 basim
3438 1848 3511 1900 al-

1981 1925 2108 1978 taris
2129 1925 2436 1990 eﬁ‘unditur,
2469 1937 2594 1994 puto
2621 1933 2758 1997 quod
2785 1931 2927 1984 illius
2949 1933 3132 2000 gratia:
3162 1933 3386 1989 formam
3414 1938 3511 1991 dc-

1977 2013 2168 2079 signet,
2203 2031 2305 2083 qua
2355 2018 2406 2070 in
2437 2019 2735 2073 novissimis
2757 2021 2941 2076 diebus
2969 2034 3307 2093 posteaquam
3338 2027 3479 2093 pleni
3505 2058 3509 2062 -

1977 2104 2107 2157 tudo
2135 2105 2368 2173 gentium
2394 2109 2785 2172 subintroierit,
2812 2113 2984 2165 omnis
3011 2113 3100 2174 qui
3129 2114 3363 2181 reliquus
3391 2115 3508 2169 fue-

1978 2191 2048 2244 rit
2084 2190 2265 2257 lsrael,
2295 2194 2358 2245 ad
2390 2195 2634 2248 ultimum
2665 2198 2806 2250 velut
2827 2200 2890 2251 ad
2931 2201 3098 2253 basim
3146 2203 3330 2255 altaris
3361 2207 3508 2272 posi-

1975 2288 2084 2340 tus,
2115 2278 2418 2335 elIusionem
2452 2284 2648 2337 Christi
2674 2289 2949 2353 sanguinis
2987 2291 3146 2341 etiam
3175 2291 3286 2358 ipse
3333 2294 3506 2346 susci-

1973 2366 2099 2432 piet.
2129 2367 2200 2420 De
2229 2370 2376 2435 agnis
2409 2384 2533 2423 vero
2562 2381 2615 2423 et
2657 2371 2847 2434 haedis,
2886 2374 3179 2428 turturibus
3205 2385 3259 2429 et
3305 2378 3508 2432 colum-

1976 2457 2080 2518 bis,
2110 2458 2200 2511 sed
2235 2469 2289 2511 et
2311 2459 2480 2511 simila
2513 2474 2799 2528 conspersa
2831 2463 2880 2514 in
2908 2462 3154 2526 oleo,aut
3187 2466 3236 2517 in
3274 2471 3507 2534 panibus

1974 2546 2179 2613 azymis
2220 2557 2390 2611 cocta,
2425 2555 2677 2615 quantum
2708 2564 2792 2603 res
2837 2550 2944 2617 pati
2991 2554 3185 2618 potuit,
3214 2569 3373 2622 supra
3427 2558 3508 2609 di-

1975 2643 2116 2687 ctum
2144 2643 2243 2688 est.

2043 2724 2094 2777 6.
2121 2724 2402 2777 Videamus
2422 2741 2562 2780 nunc
2597 2743 2714 2796 qua:
2745 2729 2829 2783 lex
2865 2733 3176 2799 proponitur
3196 2735 3246 2787 in
3277 2735 3506 2790 oﬁ‘eren-

1973 2814 2056 2867 dis
2088 2814 2276 2866 hostiis
2305 2829 2401 2881 pro
2427 2826 2666 2881 peccato.
2701 2837 2720 2869 ‹
2750 2819 2815 2873 Ει
2847 2820 3059 2875 locutus
3081 2832 3201 2886 est,
3235 2823 3409 2888 inquit
3434 2829 3500 2888 ¹¹,

1976 2903 2228 2957 Dominus
2253 2902 2314 2954 ad
2347 2902 2558 2972 Moysen
2590 2908 2774 2962 dicens
2805 2931 2816 2964 :
2847 2910 3038 2963 Anima
3067 2911 3110 2963 si
3136 2925 3236 2978 qua
3266 2913 3506 2982 latuerit,

268 3003 560 3055 nuntiabo
592 3002 890 3055 adversum
924 3017 1010 3054 me
1047 3001 1356 3067 injustitiam
1386 3019 1580 3069 meam,
1611 3015 1666 3058 et
1696 3017 1748 3059 tu
1782 3022 1867 3060 re-
1896 3020 1937 3076 α
1971 3012 2025 3053 et
2047 3004 2346 3070 peccaverit
2384 3017 2488 3054 non
2515 3001 2698 3053 volens
2721 3016 2748 3052 a
2785 3003 2984 3056 sanctis
3021 3003 3256 3069 Domini,
3313 3007 3499 3060 olierat

269 3091 490 3144 misisti
555 3091 904 3158 impietatem
958 3091 1138 3144 cordis
1173 3092 1296 3143 mei.
1349 3111 1367 3143 ι
1415 3091 1545 3145 Vide
1592 3108 1718 3160 ergo
1747 3096 1868 3161 quia

262 3185 655 3247 pronuntiare
679 3188 969 3245 peccatum
994 3218 1010 3243 ,
1042 3182 1416 3235 remissionem
1458 3184 1660 3250 peccati
1693 3199 1866 3238 mere-

267 3278 382 3320 tur.
415 3267 757 3320 Praeventus
784 3270 930 3320 enim
978 3269 1218 3322 diabolus
1255 3271 1305 3322 in
1342 3272 1697 3334 accusatione,
1730 3273 1865 3324 ultra

261 3374 371 3412 nos
411 3372 696 3412 accusare
726 3373 835 3410 non
868 3359 1109 3426 poterit;
1153 3369 1205 3412 et
1255 3360 1298 3413 si
1338 3361 1434 3428 ipsi
1487 3361 1654 3414 nostri
1701 3363 1868 3416 siums

263 3464 669 3514 accusatores,
704 3451 931 3519 proﬁcit
971 3453 1126 3505 nobis
1157 3451 1222 3504 ad
1253 3451 1508 3513 salutem;
1540 3452 1586 3506 si
1618 3467 1742 3504 vero
1774 3467 1868 3505 ex-

260 3551 595 3608 spectemus
640 3550 702 3594 ut
753 3555 783 3592 a
820 3541 1038 3594 diabolo
1070 3555 1413 3604 accusemur,
1457 3541 1730 3594 accusatio
1778 3541 1864 3594 illa

260 3633 418 3685 cedit
447 3633 620 3686 nobis
649 3634 722 3686 ad
753 3645 979 3699 pcenam
1010 3649 1026 3696 ;
1061 3633 1280 3686 habebit
1310 3633 1453 3686 enim
1480 3634 1656 3688 socios
1690 3633 1739 3685 in
1772 3647 1864 3702 ge-

259 3722 479 3784 benna,
515 3735 665 3789 quos
698 3719 1005 3773 convicerit
1034 3719 1322 3772 criminum
1366 3720 1561 3773 socios.

337 3812 399 3864 5.
443 3810 688 3862 Multum
743 3809 854 3861 erit
897 3823 1041 3861 nunc
1097 3809 1391 3861 hostiarum
1425 3809 1782 3871 diversitates,
1813 3816 1865 3861 et

259 3896 686 3948 sacriﬁciorum
719 3895 884 3955 ritus,
923 3907 987 3946 ac
1013 3895 1310 3947 varietates
1357 3897 1597 3963 exsequi,
1633 3906 1687 3949 et
1711 3896 1864 3964 longe

257 3985 495 4038 alterius
524 3985 753 4052 aperis,
784 3996 948 4050 quam
993 3983 1111 4050 ejus
1137 3983 1310 4044 verbi,
1338 3986 1477 4050 quod
1513 3984 1565 4036 in
1594 3985 1862 4038 communi

257 4075 543 4128 auditOrio
584 4072 794 4141 vulgus
827 4071 1084 4138 excipiat.
1107 4071 1299 4124 Verum
1331 4079 1388 4123 ut
1419 4072 1595 4141 aliqua
1621 4073 1672 4124 in
1697 4081 1865 4125 trans-

255 4180 432 4220 cursu
481 4165 879 4233 perstringere
921 4164 1234 4228 videamur,
1272 4163 1450 4217 omnis
1485 4165 1695 4230 quidem
1729 4178 1863 4231 pene

255 4257 443 4308 hostia
483 4269 617 4322 qua:
649 4253 909 4314 oﬂ‘ertur,
946 4252 1109 4304 habet
1156 4251 1360 4318 aliquid
1409 4251 1598 4305 forma:
1640 4262 1693 4305 et
1724 4253 1860 4305 ima-

253 4342 412 4408 ginis
433 4341 674 4395 Christi.
714 4340 773 4391 In
800 4338 977 4404 ipsum
1011 4349 1246 4404 namque
1293 4337 1472 4391 omnis
1514 4337 1684 4391 hostia
1713 4354 1861 4392 reca-

254 4431 557 4497 pitulatur,
588 4430 647 4480 in
686 4437 901 4480 tantum
940 4433 998 4478 ut
1025 4433 1311 4492 postquam
1361 4425 1478 4492 ipse
1524 4427 1733 4480 oblatus
1759 4436 1859 4492 est,

253 4536 460 4574 omnes
487 4519 694 4572 hostiae
723 4516 1084 4578 cessaverint,
1114 4531 1236 4584 quae
1259 4530 1386 4568 eum
1413 4515 1470 4567 in
1505 4524 1629 4585 typo
1660 4529 1714 4570 et
1746 4534 1861 4570 um-

255 4613 357 4663 bra
390 4616 801 4678 praecesserant
828 4622 843 4670 ;
864 4605 930 4658 de
953 4605 1168 4672 quibus,
1193 4613 1356 4674 prout
1377 4606 1678 4674 potuimus,
1700 4607 1750 4659 in
1775 4623 1863 4661 sn-

251 4701 582 4767 pcrioribus
607 4696 888 4764 quomodo
907 4694 1100 4747 vitulus
1119 4694 1233 4762 (81)
1259 4708 1290 4746 a
1322 4694 1580 4761 pontiﬁce
1615 4694 1824 4749 oblatus
1843 4734 1859 4760 ,

251 4790 382 4842 sive
410 4790 462 4840 in
496 4799 759 4850 munere,
775 4784 891 4836 sive
920 4797 1014 4850 pro
1039 4792 1286 4849 peccato,
1308 4780 1540 4833 formam
1561 4781 1672 4848 eius
1695 4783 1857 4838 babe-

252 4888 373 4941 ret,
395 4876 767 4930 ostendimus.
785 4872 986 4938 Adipes
1000 4885 1124 4924 vero
1143 4871 1235 4939 qui
1256 4869 1565 4923 offeruntur
1593 4873 1642 4923 in
1668 4887 1858 4926 mune-

254 4983 345 5029 re,
365 4965 690 5033 operientes
705 4961 968 5014 interiora
996 4960 1292 5013 etrenibus
1312 4958 1663 5024 cohaerentes,
1683 4968 1861 5027 potest

250 5065 458 5107 sancta
492 5054 581 5105 illa
617 5053 740 5120 ejus
765 5050 945 5103 anima
976 5048 1198 5116 intelligi
1228 5086 1245 5112 ,
1291 5059 1420 5111 qute
1455 5045 1704 5100 interiora
1739 5049 1861 5115 qui-

326 5190 353 5220 ⁸
380 5188 558 5241 Levit.
595 5201 649 5248 v,
687 5185 746 5238 5.
821 5185 842 5215 ’
875 5178 1252 5242 lsa.xt.tu,26.
1337 5174 1382 5204 ¹⁰
1408 5174 1541 5228 Psal.
1568 5193 1746 5237 xxxii,
1773 5179 1822 5230 Ι.

328 5305 454 5366 {79}
492 5302 550 5356 Si
594 5300 918 5365 peccaverit,
954 5307 1058 5366 etc.
1089 5293 1252 5366 _C_itat
1304 5287 1642 5366 hunenlocum
1676 5289 1851 5342 Jonas

250 5354 552 5426 Aurelian.
591 5354 683 5423 iib.
717 5384 732 5420 1
771 5367 849 5418 De
879 5354 1044 5417 iuuit.
1081 5360 1228 5429 laici,
1264 5365 1388 5435 cap.
1422 5354 1505 5435 l6.
1618 5425 1629 5435 _
1668 5423 1681 5435 .

329 5441 459 5510 (80)
502 5439 652 5510 ιιὶιιδο
686 5436 842 5510 edi!“
869 5450 889 5482 ‘
928 5444 1044 5510 ‘1."‘9
1071 5425 1368 5510 95‘3""???
1394 5425 1650 5510 ff.."".?,",
1667 5425 1854 5510 {'{99'

251 5484 995 5572 cuiio’ga'iinusfsiquod,
1027 5513 1045 5542 ι
1086 5484 1212 5546 εἰσιν
1247 5484 1344 5534 6οά
1391 5484 1522 5540 codf
1547 5493 1849 5558 Sangertu.

259 5589 323 5631 ut
365 5578 426 5630 in
471 5584 652 5628 nostro
683 5581 856 5624 textu.

1971 3105 2065 3158 pro
2097 3092 2292 3145 delicto
2329 3108 2425 3145 suo
2459 3090 2680 3143 arietem
2729 3091 3135 3144 immaculatum
3175 3095 3241 3148 de
3291 3096 3503 3158 ovibus,

1969 3191 2201 3248 emptum
2235 3181 2408 3249 pretio
2436 3180 2640 3248 argenti
2664 3179 2794 3233 siclo
2827 3190 3035 3244 sancto,
3068 3183 3119 3234 in
3145 3198 3210 3236 eo
3238 3185 3377 3252 quod
3411 3186 3503 3238 de—

1971 3269 2142 3335 liquit,
2173 3279 2220 3322 et
2246 3270 2385 3336 quod
2409 3269 2654 3343 peccavit
2686 3284 2713 3320 a
2747 3270 2971 3332 sanctis,
3001 3274 3206 3337 reddet,
3261 3284 3314 3328 et
3349 3276 3504 3342 quin-

1970 3369 2050 3413 tas
2089 3360 2302 3427 adjiciet
2324 3361 2385 3412 ad
2417 3361 2563 3422 illud,
2593 3367 2643 3411 et
2675 3360 2820 3412 dabit
2844 3360 2988 3413 illum
3019 3364 3305 3427 sacerdoti,
3334 3375 3382 3418 et
3412 3381 3501 3419 sa-

1968 3448 2156 3499 cerdos
2178 3447 2417 3499 exorabit
2440 3460 2534 3512 pro
2567 3461 2630 3498 eo
2659 3448 2709 3497 in
2743 3447 2912 3499 ariete
2941 3448 3138 3510 delicti,
3171 3459 3226 3502 et
3255 3454 3500 3506 remitte-

1969 3545 2054 3588 tur
2077 3535 2146 3586 ei.
2188 3554 2206 3585 ι
2242 3536 2294 3587 In
2319 3535 2677 3600 superioribus
2705 3536 2930 3603 legibus,
2956 3551 3074 3604 quae
3105 3539 3171 3591 de
3218 3539 3499 3594 immundi-

1968 3624 2052 3675 tize
2083 3622 2358 3676 sacriﬁciis
2399 3623 2784 3687 referebantur,
2823 3623 2990 3677 sicubi
3037 3625 3231 3678 dixerit
3261 3625 3496 3680 oﬁ‘eren-

1967 3712 2113 3775 dum,
2162 3711 2306 3764 verbi
2355 3725 2537 3769 causa,
2589 3725 2764 3772 ovem,
2811 3720 2904 3764 aut
2954 3713 3190 3779 haedum,
3243 3716 3438 3769 addidit
3478 3734 3494 3767 :

1965 3800 2113 3866 Quod
2141 3800 2183 3852 si
2230 3814 2334 3852 non
2362 3799 2553 3852 suﬁicit
2602 3814 2790 3852 manus
2810 3799 2924 3866 ejus
2957 3802 3020 3854 ad
3049 3803 3284 3866 haedum,
3315 3815 3402 3858 aut
3429 3809 3494 3859 ad

1966 3904 2178 3958 agnum,
2202 3888 2387 3942 oﬁ‘erat
2427 3904 2520 3956 par
2551 3897 2817 3942 turturum
2844 3929 2858 3952 ,
2889 3899 2979 3942 aut
3025 3893 3158 3946 duos
3182 3894 3353 3960 pullos
3399 3910 3496 3949 co-

1966 3979 2249 4032 lumbinos.
2275 3979 2336 4030 Et
2367 3979 2754 4042 iterum:Quod
2785 3980 2828 4034 si
2861 3995 2957 4034 nec
2992 3983 3055 4034 ad
3102 3985 3200 4036 hoc
3251 3985 3493 4048 suﬁiciet,
3532 4050 3543 4060 χ

1963 4067 2151 4122 olferat
2175 4067 2548 4135 similaginem.
2577 4068 2630 4121 ln
2665 4069 2768 4123 hac
2797 4085 2926 4124 vero
2960 4071 3073 4139 lege
3097 4111 3112 4136 ,
3142 4074 3229 4126 ubi
3264 4075 3328 4128 de
3372 4089 3498 4142 pec-

1964 4165 2085 4209 cato
2116 4157 2257 4223 quod
2292 4155 2342 4208 in
2379 4157 2580 4209 sanctis
2613 4152 2986 4223 committitur,
3016 4161 3253 4225 disserit,
3294 4163 3494 4216 nullam

1963 4247 2389 4300 substitutionem
2416 4246 2683 4301 inferioris
2708 4249 2894 4302 hostia:
2917 4251 3183 4315 secundae,
3216 4253 3297 4305 vel
3326 4255 3494 4307 tertiae

1965 4335 2292 4402 subrogavit,
2322 4335 2415 4388 sed
2450 4336 2637 4386 statuit
2663 4335 2832 4388 solum
2874 4337 3091 4391 arietem
3118 4337 3444 4392 olTerendum
3477 4357 3493 4402 ;

1966 4437 2064 4476 nec
2091 4422 2245 4474 aliter
2275 4421 2508 4474 ostendit
2540 4420 2668 4474 solvi
2705 4437 2865 4488 posse
2921 4436 3196 4492 peccatum
3246 4427 3384 4493 quod
3441 4429 3494 4479 in

1963 4519 2146 4564 sancta
2197 4509 2571 4572 committitur,
2632 4511 2730 4562 nisi
2784 4511 3007 4564 arietem
3043 4513 3410 4580 jugulaverit:
3442 4524 3495 4568 et

1965 4616 2069 4654 non
2099 4600 2414 4667 simpliciter
2432 4600 2671 4662 arietem,
2692 4599 2783 4652 sed
2803 4601 3017 4654 arietem
3041 4604 3211 4670 pretio
3233 4611 3490 4669 emptum,

1963 4699 2017 4744 et
2050 4698 2195 4744 certo
2225 4688 2416 4754 pretio,
2450 4705 2467 4738 ε
2501 4687 2654 4748 siclo,
2693 4687 2884 4754 inquit,
2931 4699 3132 4742 sancto.
3168 4707 3186 4739 ι
3213 4688 3348 4752 Quid
3397 4688 3494 4755 igi-

1967 4775 2090 4827 tur?
2128 4775 2173 4826 si
2206 4773 2323 4840 quis
2359 4787 2557 4840 pauper
2583 4773 2767 4836 fuerit,
2798 4781 2848 4824 et
2883 4789 2984 4826 non
3021 4774 3267 4826 habuerit
3299 4773 3490 4827 siclum

1967 4873 2202 4917 sanctum
2251 4862 2390 4914 unde
2441 4861 2665 4914 mercari
2695 4859 2863 4927 possit
2922 4861 3164 4922 arietem,
3210 4868 3491 4927 peccatum

1967 4953 2083 5019 ejus
2105 4967 2203 5004 non
2237 4951 2519 5005 solvetur?
2553 4950 2860 5015 Quatrenda:
2893 4959 3014 5002 sunt
3045 4961 3172 5015 ergo
3205 4946 3494 5011 unicuique

1966 5052 2020 5095 et
2051 5041 2266 5104 divitiae,
2293 5047 2350 5092 ut
2378 5047 2648 5106 pet-catum
2675 5036 2788 5104 ejus
2826 5036 2992 5104 possit
3018 5031 3238 5087 absolvi.
3291 5027 3492 5080 Verum

1901 5179 1939 5208 ιι
1975 5175 2140 5228 Levit.
2169 5188 2220 5239 ν,
2249 5170 2335 5232 η,
2366 5165 2559 5231 15,16.

2028 5288 2136 5356 (8i)
2177 5285 2328 5338 Libb.
2353 5281 2504 5341 editi,
2539 5297 2557 5328 ς
2604 5279 2657 5331 in
2688 5271 3054 5342 superioribus
3085 5259 3313 5333 diximus
3353 5268 3498 5318 quo-

1965 5358 2121 5409 modo
2152 5353 2365 5409 vitulus,
2391 5369 2408 5400 ι
2430 5349 2600 5408 sedin
2635 5343 2788 5397 codd.
2822 5324 3494 5409 inss.dceﬁl::§j:l:‘:g‘S-f

2019 5374 3442 5445 ἮξὲεἼΨὟΞΓ.ςἠἰδὲὲῖξηζῖῗῖῒ·ιίἱίιῗῖἑῗῗόἑεῖῆοοηιιειιη.
3475 5402 3494 5431 ι

2033 5423 2144 5560 ita
2172 5414 2786 5542 li.§.°‘l‘:.i.§i:;“::::‘z
2803 5409 3038 5536 tam;
3062 5409 3507 5517 exausta:

1968 5559 2070 5612 ιῑω.
2108 5578 2125 5610 ι
