3948 6284
1324 274 1351 287 ’κ

212 348 305 402 451

211 463 255 517 si
290 459 527 527 dignetur
554 449 823 508 Dominus,
842 444 922 498 vel
955 441 1108 497 nobis
1140 437 1259 493 ocul

211 548 293 602 vel
319 545 464 599 vobis
494 542 558 594 ad
585 538 902 592 audiendum
937 543 1096 583 aures
1142 526 1320 581 cordis
1356 522 1581 590 aperire,
1619 517 1742 584 quid

215 636 312 690 sibi
338 631 465 685 velit
492 622 813 699 legislatoris
838 632 1024 672 sensus
1059 622 1275 680 opertus
1315 606 1588 676 mysteriis
1630 602 1742 672 (84)

215 696 566 788 requiremus.
595 711 661 764 Et
698 709 869 775 primo
893 704 1101 771 quidem
1137 698 1408 750 videamus
1438 693 1538 745 hoc
1576 691 1743 758 ipsum

213 809 352 878 quod
397 803 676 857 recitatum
711 804 793 849 est
840 793 1128 846 secundum
1178 785 1406 836 litteram
1445 778 1601 847 quale
1654 776 1742 829 sit.

215 900 433 953 Vidtﬂur
463 890 604 946 enim
658 887 722 940 de
767 884 852 938 bis
907 881 1088 935 dicere
1141 876 1194 929 in
1234 885 1456 942 quorum
1507 865 1747 919 manibus

215 994 396 1042 sancta
427 977 710 1033 commissa
733 981 877 1033 sunt,
909 969 963 1021 id
990 974 1071 1020 est
1121 977 1239 1032 quae
1272 961 1326 1015 in
1355 956 1561 1011 Domini
1592 953 1770 1007 donis.

216 1074 395 1128 oblata
418 1076 542 1123 sunt
572 1082 586 1118 :
616 1061 761 1117 verbi
796 1058 987 1127 gratia,
1023 1063 1145 1109 vota
1180 1059 1235 1106 et
1278 1061 1496 1103 munera
1522 1059 1640 1112 quae
1695 1044 1770 1094 in.

217 1157 467 1215 Ecclesiis
497 1153 589 1207 Dei
646 1148 711 1202 ad
754 1161 880 1199 usus
910 1151 1235 1205 sanctorum,
1299 1145 1354 1191 et
1398 1132 1748 1189 ministerium

218 1245 577 1305 sacerdotum,
616 1236 699 1291 vel
733 1248 851 1301 qua:
875 1233 941 1284 ob
968 1227 1337 1283 necessitatem
1370 1232 1683 1292 pauperum,
1720 1232 1749 1269 a

220 1333 424 1390 devotis
455 1340 507 1384 et
539 1304 803 1395 religiosis
833 1320 1095 1375 mentibus
1120 1314 1430 1370 oﬂeruntur.
1472 1310 1546 1361 De
1576 1307 1660 1360 bis
1688 1304 1731 1358 si

220 1425 341 1493 quis
367 1420 604 1491 qualibet
648 1394 1071 1484 praesumptione
1121 1401 1468 1461 subtraxerit,
1516 1394 1752 1450 decernit

222 1519 330 1578 lex,
380 1523 435 1566 ιιι
458 1511 502 1566 si
537 1498 922 1562 rem‘emoratus
947 1497 1107 1552 fuerit
1130 1506 1376 1563 peccasse
1397 1497 1542 1553 se,et
1567 1492 1753 1554 sponte

224 1600 684 1672 compunctionem
714 1592 893 1648 cordis
929 1582 1303 1653 acceperit;de
1356 1592 1420 1632 eo
1473 1578 1612 1629 enim
1665 1572 1752 1640 qui

228 1711 335 1750 non
365 1698 550 1759 sponte
577 1681 968 1752 compungitur,
998 1676 1089 1730 sed
1111 1674 1216 1726 alio
1241 1676 1495 1739 urguente
1538 1663 1754 1719 convin-

226 1788 387 1848 citur,
414 1780 685 1838 diilicilius
707 1771 996 1828 remedium
1028 1775 1146 1828 est;
1172 1764 1259 1817 hic
1280 1774 1427 1829 ergo,
1456 1757 1543 1825 qui
1570 1762 1756 1822 sponte

232 1875 545 1931 recordatus
585 1866 748 1921 fuerit
789 1868 1062 1930 peccatum
1090 1868 1268 1915 suum,
1310 1850 1512 1911 reddet,
1567 1843 1756 1909 inquit,

230 1930 358 2020 illud
383 1964 554 2031 ipsum
588 1954 725 2025 quod
756 1952 1126 2009 subtraxerat,
1176 1952 1229 1996 et
1283 1940 1440 1992 addet
1498 1935 1562 1988 ad
1629 1930 1756 1983 illud

233 2029 467 2122 quintas,
501 2056 551 2102 et
597 2043 787 2099 olfcrct
841 2038 1060 2089 arietem
1107 2046 1202 2100 pro
1258 2034 1476 2096 peccato
1527 2029 1759 2088 emptum

236 2110 406 2212 pretio
429 2110 557 2193 siclo
582 2140 786 2188 sancto.
811 2127 960 2192 Quod
997 2124 1146 2185 dicit,
1168 2120 1325 2173 addet
1358 2117 1421 2168 ad
1452 2113 1579 2167 illud
1611 2110 1763 2179 quin-

239 2246 338 2295 tas,
366 2226 714 2296 simpliciores
734 2221 932 2289 quique
972 2212 1280 2268 existimant
1336 2208 1405 2260 ita
1439 2206 1658 2264 dictum,
1685 2210 1761 2265 ut,

236 2423 374 2463 unus
402 2406 647 2465 addatur,
669 2408 733 2452 ιιι¹
752 2411 847 2466 pro
874 2393 1108 2459 quinque
1142 2404 1233 2443 sex
1262 2386 1482 2440 reddere
1502 2384 1764 2435 videatur.

238 2500 341 2555 Sed
365 2499 454 2567 qui
483 2497 534 2549 in
565 2489 849 2559 disciplina
875 2495 1216 2539 numerorum
1260 2477 1505 2547 peritiam
1555 2478 1764 2541 gerunt,

239 2566 395 2658 longe
429 2586 581 2641 aliter
632 2580 785 2634 istius
837 2570 1080 2628 vocabuli
1129 2579 1405 2620 numerum
1458 2566 1767 2629 snpputant.

241 2648 369 2732 Nam
396 2686 447 2731 et
476 2677 526 2728 in
555 2672 740 2726 Graeco
765 2680 868 2719 non
891 2663 1052 2716 habet
1074 2660 1336 2728 πέμπτον,
1356 2654 1493 2721 quod
1516 2648 1770 2718 simplici-

245 2781 325 2824 ter
348 2767 556 2835 quintas
604 2758 751 2822 facit,
799 2753 891 2809 sed
935 2753 1092 2806 habet
1123 2747 1477 2814 ὲπίπεμπτον,
1498 2740 1636 2808 quod
1676 2751 1773 2790 nos

245 2858 461 2927 quidem
496 2861 776 2922 possumus
806 2847 983 2901 dicere
1006 2854 1164 2908 super
1185 2836 1395 2904 quintas
1429 2850 1443 2887 :
1484 2830 1583 2882 nisi
1631 2827 1777 2880 dice-

252 2957 397 3002 retur
424 2943 560 2998 istud
595 2936 845 3007 specialis
873 2930 1149 2999 cujusdam
1208 2922 1410 2978 numeri
1460 2918 1595 2987 apud
1656 2914 1775 2968 illos

249 3051 367 3091 esse
417 3028 751 3102 vocabulum,
794 3036 898 3090 quo
942 3018 1207 3073 indicetur
1241 3011 1349 3078 (85)
1401 3023 1498 3075 pro
1545 3016 1777 3071 qumque
1807 3039 1849 3094 ο

250 3128 384 3181 alios
422 3122 653 3191 quinque
709 3117 931 3177 dandos,
982 3118 1036 3163 et
1078 3118 1237 3158 unum
1282 3113 1471 3165 super;
1520 3103 1578 3145 ut
1633 3091 1778 3144 verbi

250 3215 421 3284 gratia
442 3189 784 3275 intelligatur
811 3203 898 3270 qui
926 3200 1133 3251 furatus
1154 3192 1221 3245 sit
1241 3189 1475 3256 quinque
1515 3194 1781 3242 nummos,

254 3304 396 3371 ipsos
424 3300 634 3368 quidem
674 3293 906 3363 quinque
947 3286 1248 3339 restituere,
1284 3287 1337 3330 et
1373 3275 1507 3328 alios
1551 3270 1786 3338 quinque

257 3358 363 3444 uno
392 3358 752 3456 superaddite.
779 3378 888 3432 Nec
919 3385 1095 3427 tamen
1121 3372 1234 3423 haec
1264 3364 1515 3420 continuo
1547 3376 1641 3428 pro
1677 3358 1785 3411 fur-

259 3475 327 3529 tis
353 3445 758 3528 autd‘raudibus
794 3458 1132 3528 intelligenda
1162 3463 1308 3516 sunt,
1339 3451 1430 3504 sed
1454 3448 1590 3516 quod
1627 3445 1787 3499 etiam

259 3565 303 3619 si
341 3564 460 3631 quis
493 3576 589 3629 pro
633 3556 819 3611 usibus
876 3545 1198 3604 necessariis
1229 3540 1327 3595 sibi
1367 3541 1430 3593 de
1467 3536 1669 3591 sanctis
1694 3548 1789 3602 pe-

258 3653 473 3708 cuniam
512 3647 759 3714 sumpsit,
791 3651 845 3696 et
874 3651 1051 3692 moras
1089 3631 1268 3686 attulit
1295 3624 1646 3687 restituendo,
1690 3622 1790 3674 ltu-

254 3736 486 3810 jusmodi
520 3735 631 3801 lege
659 3726 1065 3793 constringitur.
1102 3722 1228 3787 Quae
1269 3717 1349 3771 lex
1393 3715 1557 3767 etiam
1601 3724 1792 3764 secun-

260 3799 384 3883 dum
408 3799 640 3880 litteram
667 3819 935 3875 aediﬁcare
952 3814 1110 3868 debet
1139 3809 1434 3864 audientes.
1462 3803 1625 3855 Valde
1651 3799 1791 3852 enim

262 3920 409 3975 utilis
461 3926 515 3973 et
570 3910 867 3970 necessaria
912 3915 993 3960 est
1040 3899 1364 3960 observatio,
1407 3895 1490 3948 bis
1534 3890 1796 3960 praecipue

264 4012 355 4080 qui
379 3992 1257 4065 ecclesiasticisdispensationibus
1278 3994 1535 4056 praesunt,
1554 3989 1611 4034 ιιι
1628 3980 1797 4032 sciant

266 4100 366 4154 sibi
401 4098 468 4150 ab
510 4096 592 4147 bis
630 4103 751 4157 quae
801 4087 854 4139 in
893 4098 1047 4137 usum
1082 4088 1390 4134 sanctorum
1431 4072 1606 4126 oblata
1642 4076 1786 4131 sunt,

270 4188 477 4242 cautius
512 4190 566 4235 et
597 4175 901 4244 diligentius
926 4168 1337 4226 observandum.

271 4364 493 4416 deamus
515 4369 619 4422 qua
640 4367 704 4406 ex
730 4360 880 4419 parte
905 4361 1081 4402 sermo
1119 4343 1250 4411 legis
1295 4337 1541 4394 aediﬁcet.

272 4448 452 4509 hodie,
486 4421 605 4497 licet
636 4448 885 4509 peccator
918 4436 1016 4491 sim
1043 4475 1059 4500 ,
1100 4442 1277 4487 tamen
1313 4427 1436 4496 quia
1482 4421 1803 4489 dispensatio

274 4536 403 4593 mihi
440 4531 589 4587 verbi
618 4526 877 4582 Dominici
907 4524 1108 4579 credita
1143 4528 1246 4581 est,
1285 4522 1470 4571 sancta
1509 4510 1602 4565 Dei
1625 4509 1806 4562 videor

275 4628 478 4683 habere
512 4619 816 4675 commissa.
850 4615 1029 4684 Neque
1066 4625 1208 4666 nunc
1232 4606 1482 4676 primum,
1513 4599 1607 4655 sed
1660 4613 1806 4666 saepe

271 4716 382 4783 jam
412 4721 468 4766 et
505 4709 629 4763 olim
657 4705 1051 4774 dispensatione
1079 4701 1178 4754 hac
1208 4709 1332 4763 erga
1366 4706 1460 4746 vos
1488 4689 1705 4743 utimur.
1748 4684 1805 4737 Si

280 4802 399 4874 quis
426 4813 553 4867 ergo
590 4810 654 4850 ex
686 4792 840 4847 vobis
875 4791 1131 4859 suscipiat
1158 4801 1190 4840 a
1222 4798 1307 4838 me
1335 4777 1661 4834 Dominicam
1712 4786 1807 4844 pe-

280 4890 515 4947 cuniam.
543 4893 619 4949 et,
653 4889 711 4935 ut
761 4879 873 4934 ﬁeri
926 4878 1081 4940 solet,
1117 4883 1364 4941 egressus
1404 4862 1719 4925 Ecclesium,
1757 4867 1812 4912 et

283 4975 509 5033 diversis
533 4967 970 5039 occupationibus
994 4962 1173 5019 saeculi
1200 4968 1401 5027 raptus,
1423 4950 1672 5008 oblivioni
1697 4963 1814 5016 quae

284 5069 526 5124 audierat
563 5036 727 5124 dedit,
769 5073 869 5113 nec
898 5070 1030 5125 opus
1089 5048 1305 5119 aliquod
1339 5061 1405 5100 ex
1454 5039 1618 5096 verbo
1676 5036 1814 5105 quod

286 5156 540 5225 suscepit,
577 5151 831 5222 implevit,
864 5150 965 5202 iste
1016 5155 1098 5199 est
1131 5142 1221 5211 qui
1259 5134 1534 5207 pecuniam
1581 5130 1645 5182 de
1688 5141 1815 5180 san-

358 5294 401 5326 "
435 5292 475 5344 ll
503 5289 624 5343 Cor.
672 5301 731 5349 ll,
758 5284 845 5337 15.
921 5281 964 5313 ¹³
984 5276 1128 5331 Psal.
1152 5285 1359 5349 _xxxnt,
1383 5267 1437 5321 9.

290 5362 333 5394 ¹⁸
357 5360 548 5415 Genes.
574 5371 690 5410 xui.
719 5345 728 5349 ⁷
765 5353 806 5383 ¹⁹
834 5349 1039 5405 Coloss.
1065 5362 1123 5413 ιι,
1152 5345 1205 5399 5.

361 5468 470 5539 (84)
498 5466 695 5539 Omnes
727 5474 889 5539 mss.,_
916 5459 1194 5539 copertus
1242 5435 1533 5513 mysteriis.
1578 5451 1596 5484 ι
1656 5429 1811 5484 Libb.

296 5523 488 5594 editift
525 5526 724 5600 apertis
758 5523 1094 5600 mysteriis“:
1150 5592 1162 5600 .
1194 5598 1233 5600 γ’
1291 5595 1303 5600 Δ
1340 5575 1361 5600 Ι
1385 5570 1472 5600 Μ
1512 5566 1635 5600 mm

368 5565 1256 5668 ὶὲἔς)“ο“ιι¹ἶῖιὶέ”ιιὶζέ.ῖ’”ι’ἰ’ἦξιιόειυιι.
1290 5595 1308 5632 ι
1340 5570 1493 5630 Libb.
1512 5566 1663 5634 editi,
1694 5584 1711 5618 ι
1739 5565 1820 5619 in-

1647 300 1953 364 ORIGENIS

1265 451 1323 490 os
1348 434 1413 488 ad
1438 429 1739 490 videndum,
1769 430 1815 484 Α
1844 423 1945 476 ctis
1969 421 2268 482 susceptam
2292 423 2399 462 non
2442 402 2718 459 reddidit.
2754 395 2934 453 Unde
2974 386 3096 443 vel
3138 383 3284 438 his
3332 370 3633 431 auditis
3662 368 3736 421 iu

2986 484 2999 490 -
3094 478 3113 490 -
3242 488 3262 490 _
3357 466 3507 490 -zL:
3568 462 3732 490 ειη...-

1786 1724 1828 1777 Β
1859 1757 1983 1803 sunt
2010 1744 2282 1800 interioris
2321 1739 2565 1794 hominis
2600 1750 2813 1792 sensus
2853 1752 2870 1788 :

1511 5261 1595 5313 “l
1624 5259 1775 5314 Joan.
1814 5273 1853 5319 ι,
1893 5256 1937 5306 ι.

3588 246 3733 303 439.

1851 462 1945 476 ..ην
1969 462 2265 482 υ..--ν,.-η

1851 507 2158 564 memoriam
2194 505 2435 561 revocet,
2464 493 2617 564 quod
2654 505 2724 543 ca
2781 499 2924 554 qua!
2960 478 3272 533 dudum
3354 466 3510 521 sibi
3568 462 3733 514 fuc-

1845 610 1962 652 rant
1987 599 2038 649 in
2072 592 2237 646 verbo
2261 588 2358 643 Dei
2399 584 2731 641 commissa,
2764 571 3103 641 neglexit-
3190 559 3518 616 Reddat
3552 563 3739 620 ergo

1843 699 1895 742 ct
1936 690 2035 741 hoc
2074 682 2214 752 quod
2246 675 2477 744 accepit,
2509 683 2565 725 et
2619 670 2802 723 addat
2838 668 2917 735 ad
2972 661 3041 714 id
3110 655 3465 723 quintas
3518 642 3745 712 198

1846 733 1895 742 "'
1936 733 2033 741 ""'
2080 733 2108 752 *ι
2157 733 2170 736 ν
2381 733 2395 744 ι
2465 733 2474 736 ν
2852 733 2855 735 .

1846 795 1908 832 eo
1950 777 2105 829 modo
2145 785 2251 839 quo
2286 778 2414 821 ante
2446 765 2561 831 jam
2597 763 2870 816 diximus
2923 771 2942 806 :
3028 750 3115 803 id
3182 751 3359 805 est,
3450 748 3541 787 ut
3632 733 3749 787 bis

1845 867 2030 935 quinta
2084 833 2212 920 sini,
2251 867 2309 911 et
2352 868 2495 907 unus
2524 848 3006 918 superaddatur.
3058 833 3534 890 Videamus
3568 836 3746 889 ergo

1846 954 2111 1023 quomodo
2149 948 2389 1016 quinque
2431 941 2520 994 isti
2567 939 2935 993 reddantur.
3009 924 3417 993 Quinque
3480 923 3748 966 nume—

1848 1061 1939 1098 rus
1988 1041 2321 1108 frequenter,
2383 1033 2497 1087 imo
2555 1044 2701 1099 pene
2749 1036 3053 1092 semper,
3145 1027 3312 1084 pro
3409 1007 3753 1076 quinque

1847 1132 2091 1187 sensibus
2139 1127 2428 1193 accipitur.
2458 1092 2619 1174 Scire
2660 1130 2805 1183 ergo
2852 1112 3238 1166 debemus
3302 1100 3468 1153 hoc
3527 1092 3753 1147 modo

1849 1225 1981 1276 istos
2016 1219 2256 1287 quinque
2291 1227 2487 1267 sensus
2515 1211 2571 1263 in
2616 1206 2853 1260 sanctis
2884 1201 3201 1255 actibus
3242 1202 3499 1262 posse
3534 1184 3753 1240 resti-

1851 1312 1948 1376 tui,
1985 1307 2116 1361 utsi
2160 1307 2301 1358 forte
2323 1297 2796 1369 praesumpsinms
2829 1290 3020 1344 abuti
3070 1286 3203 1340 eis
3273 1283 3361 1335 iu
3434 1273 3756 1333 saecula-

1853 1399 2000 1453 ribus
2030 1392 2261 1454 actibus,
2303 1397 2356 1442 et
2393 1365 2776 1452 impendimus
2821 1393 3025 1434 usum
3093 1386 3409 1428 eorutu
3463 1367 3543 1421 in
3596 1365 3749 1428 his,

1852 1502 1971 1556 qum
2004 1499 2110 1538 non
2156 1479 2458 1535 secundum
2505 1475 2681 1527 Deum
2732 1471 3079 1539 gessimus
3114 1504 3142 1527 ,
3230 1460 3755 1517 restituat-ius

1855 1589 1993 1630 nunc
2020 1582 2075 1625 et
2113 1573 2259 1639 ipsos
2287 1567 2535 1635 quinque
2578 1562 2805 1616 sanctis
2834 1557 3142 1612 actibus
3197 1550 3761 1623 religiosisquo

1856 1658 2196 1721 ministeriis,
2234 1664 2289 1708 et
2349 1652 2492 1705 alios
2557 1649 2645 1702 liis
2704 1647 3001 1714 quinque
3082 1643 3537 1700 addamus,
3626 1634 3757 1703 qui

2914 1748 3045 1801 per
3098 1744 3329 1801 quos
3377 1726 3502 1782 vel
3545 1740 3763 1778 mun-

1863 1838 1916 1889 di
1939 1837 2101 1889 corde
2121 1830 2296 1886 effecti
2340 1829 2508 1882 Deum
2542 1828 2810 1880 videmus
2840 1864 2858 1887 ,
2894 1822 3011 1876 vel
3076 1834 3343 1874 aures
3394 1819 3765 1871 habemus

1865 1927 1929 1978 ad
1957 1924 2219 1978 audienda
2247 1934 2310 1975 ea
2352 1934 2471 1989 quae
2502 1920 2667 1972 docet
2694 1915 2903 1976 Jesus,
2947 1913 3066 1965 vel
3128 1912 3479 1965 odorem
3556 1904 3763 1975 capi—

1911 2030 1986 2069 lus
2013 2014 2158 2066 illum
2196 2026 2356 2080 quem
2397 2009 2533 2063 dicit
2573 2004 2896 2076 Apostolus
2933 2004 3020 2067 ³³,
3096 2018 3131 2052 ι
3164 1999 3413 2066 ,ρυίε
3482 1997 3763 2053 Christi

1867 2106 2042 2160 bonus
2064 2102 2196 2155 odor
2224 2113 2412 2154 sumus
2442 2097 2595 2157 Deo;
2636 2113 2655 2144 ι
2695 2093 2790 2145 vel
2821 2094 3035 2146 etiam
3090 2100 3447 2160 gustutn
3540 2084 3765 2139 sumi-

1870 2208 1987 2246 mus
2024 2191 2194 2251 illum,
2226 2188 2292 2242 de
2322 2200 2431 2255 quo
2464 2186 2600 2239 dicit
2634 2182 2948 2249 Pl‘Opilela
2993 2179 3061 2210 ¹³
3172 2193 3201 2233 :
3297 2197 3327 2230 ε
3425 2177 3765 2239 Gustate,

1870 2290 1924 2333 et
1954 2274 2428 2343 videte,quoniam
2482 2269 2676 2324 suavis
2708 2270 2803 2320 est
2866 2264 3305 2330 Dominus;
3367 2282 3397 2315 ι
3464 2262 3586 2316 vel
3662 2268 3768 2315 ta-

1872 2379 2013 2423 ctum
2059 2366 2206 2418 illum
2255 2376 2417 2430 quem
2468 2359 2603 2413 dicit
2654 2355 2926 2410 Joannes
2969 2354 3061 2417 “,
3172 2351 3391 2423 quia’
3445 2373 3475 2406 ι
3536 2353 3770 2408 oculis

1875 2455 2072 2510 nostris
2110 2451 2463 2521 inspeximus,
2497 2456 2555 2501 et
2612 2454 2826 2498 manus
2868 2454 3162 2498 nostra:
3260 2443 3772 2512 palpavcruut

1875 2544 1985 2615 (86)
2018 2543 2084 2597 de
2121 2539 2285 2594 verbo
2321 2539 2467 2590 vitae.
2513 2554 2535 2588 ι
2590 2533 2691 2587 llis
2745 2545 2965 2587 autem
3044 2534 3461 2588 clunibus
3543 2548 3768 2588 unum

1877 2632 2338 2700 superaddamus,
2388 2635 2449 2678 ut
2497 2627 2566 2677 ad
2628 2638 2813 2676 unum
2887 2621 3137 2676 Deum
3232 2624 3420 2677 haec
3503 2632 3768 2678 cuncta

1878 2723 2194 2779 referamus.
2227 2718 2296 2771 Et
2346 2718 2461 2770 haec
2527 2714 2761 2783 quidem
2828 2713 2911 2767 de
2987 2714 3549 2771 restituendis
3630 2715 3771 2781 his,

1881 2827 1998 2881 qua:
2026 2808 2266 2878 qualibet
2290 2804 2443 2874 culpa
2475 2818 2545 2857 ex
2582 2802 2814 2858 sanctis
2838 2802 3089 2856 ablata
3162 2802 3539 2871 fuerant,
3577 2805 3769 2859 dicta

1881 2903 2007 2957 sint.

1951 2987 2002 3041 8.
2037 2985 2173 3050 Quid
2209 2995 2338 3034 vero
2371 2980 2621 3033 dicemus
2648 2979 2720 3033 de
2756 2978 3124 3035 sacriﬁcio
3172 2983 3473 3038 arietis
3538 2987 3775 3053 pretio

1886 3077 2076 3143 empti,
2110 3082 2164 3127 et
2190 3071 2363 3139 pretio
2405 3068 2525 3121 sicli
2559 3068 2774 3132 sancti,
2811 3069 2923 3136 qui
2966 3084 3115 3137 pro
3157 3075 3484 3141 peccat;
3524 3077 3775 3146 εἰρὴ-

1886 3164 2266 3231 tiouejubettu-
2293 3158 2519 3212 oilerri?
2556 3159 2726 3210 Dives
2761 3157 3038 3215 futurus
3079 3174 3254 3228 est,
3329 3168 3472 3234 qui
3534 3169 3775 3237 prmio

1886 3253 2073 3310 arietis
2104 3251 2272 3320 possit
2304 3248 2499 3301 deliCta
2531 3261 2802 3315 purgare.
2846 3247 3019 3313 Quae
3059 3263 3272 3307 sunt
3353 3256 3532 3312 ista:
3604 3256 3777 3311 divi-

1886 3347 1992 3407 tiae,
2023 3342 2379 3410 requiramus.
2414 3336 2585 3389 Docet
2611 3348 2717 3389 nos
2749 3336 3372 3403 sapientissimus
3416 3345 3774 3401 Salomon

1888 3434 2073 3488 dicens
2100 3431 2142 3461 is
2178 3448 2190 3482 ;
2239 3445 2257 3479 ι
2298 3426 2626 3493 Redemptio
2654 3425 2875 3478 animae
2915 3427 3105 3493 viri,
3162 3437 3535 3504 proprim
3587 3438 3779 3493 divi-

1892 3522 1979 3574 tia:
2009 3517 2145 3584 ejus.
2190 3532 2208 3564 ι
2244 3513 2411 3566 Audis
2443 3512 2608 3565 verba
2637 3511 3001 3579 sapientiae,
3044 3526 3489 3586 quomodo
3531 3543 3785 3582 neces-

1895 3608 2055 3708 sariis
2084 3620 2203 3659 cum
2232 3601 2687 3708 propt‘ie‘tat'i‘l-iu.s,
2723 3602 2846 3655 vim
2899 3604 3561 3682 uniuscujusque
3628 3632 3787 3671 ser.

1893 3696 2064 3752 monis
2128 3690 2455 3775 enutttitmt?
2524 3689 2765 3744 Divitias
2825 3692 2998 3744 dicit
3096 3709 3356 3766 aptas
3459 3711 3556 3759 ad
3632 3707 3793 3760 aui_

1895 3800 1994 3841 mae
2038 3781 2485 3847 redemptionem,
2544 3786 2601 3831 et
2678 3779 2931 3834 divitias
2988 3799 3153 3839 nou
3209 3779 3586 3852 alienas,
3676 3811 3794 3852 ne.

1896 3889 1999 3946 que
2020 3882 2353 3932 communes,
2395 3867 2489 3920 sed
2557 3865 2794 3920 divitias
2854 3837 3537 3939 ρτοριοίέιεῖῊ-ιζέἕ
3560 3837 3793 3946 ἀυῖιι

1896 3904 1999 3946 qua
2020 3904 2353 3973 uu:mm,,,ug,
2395 3904 2489 3920 ουν
2557 3904 2794 3965 u..:-.uo
2856 3904 3058 3939 ι-ινιιι
3083 3904 3254 3933 sua.
3360 3904 3522 3938 rer
3594 3904 3787 3955 quoa

1896 3964 2129 4023 ostendit
2161 3973 2281 4013 esse
2312 3958 2577 4044 quasdam
2612 3957 2855 4013 dwitias
2893 3969 3271 4032 proprias
3299 4010 3329 4036 ,
3408 3981 3787 4044 quasdam

1898 4064 2154 4106 veronon
2197 4045 2461 4113 proprias.
2496 4043 2604 4096 Sed
2651 4044 2762 4098 hoc
2804 4048 3243 4119 evidentius
3298 4043 3688 4123 Doruirtus
3723 4069 3742 4121 i

1904 4085 2167 4146 ’σιν-ἐυτ’
2197 4085 2461 4113 ηυντ-’δυ’-
2490 4085 2604 4141 .-υνι·
2651 4085 2762 4098 --υυ
2805 4085 3243 4119 νν-ι-κμμιιυδ
3298 4085 3688 4123 υοιιιιιιιιε
3723 4085 3793 4122 In

1900 4136 2200 4206 Evangelus
2232 4132 2549 4193 declaravn,
2588 4146 2720 4184 cum
2757 4134 2916 4188 dixit
2951 4138 3013 4169 ¹⁶
3051 4156 3070 4191 :
3190 4163 3225 4197 ι
3315 4151 3553 4217 Quod
3598 4158 3661 4213 si
3723 4160 3796 4214 in

1908 4402 2122 4459 divitias
2187 4412 2291 4450 non
2354 4408 2474 4448 esse
2517 4405 2744 4449 nostras
2798 4405 3162 4475 Proprias.
3259 4421 3414 4474 sed
3482 4425 3583 4479 ali

2358 4442 2473 4448 --η
2517 4442 2743 4494 --ςη--π
2801 4442 3162 4475 ν--σι---ι-δ.
3259 4442 3414 4474 seu
3482 4442 3801 4484 alienas.

1956 4495 2208 4548 ranseunt
2237 4493 2476 4547 emanet
2522 4493 2670 4536 Sicut
2704 4490 2921 4540 umbra
2994 4507 3564 4568 praetereunt.
3624 4517 3771 4574 Pro

1906 4585 2033 4654 priae
2059 4594 2186 4634 vero
2222 4585 2349 4629 sunt
2390 4574 2494 4627 illa:
2557 4574 2799 4639 divitiae,
2854 4579 2933 4632 de
3028 4593 3355 4656 quibus
3432 4610 3659 4665 pronl

1911 4621 2033 4654 νιιιυ
2068 4621 2185 4634 ’νιν
2224 4621 2349 4629 ν--η
2391 4621 2492 4627 ---~
2562 4621 2799 4639 —-~----..
2856 4621 2933 4632 ..ν
3028 4621 3049 4639 ι

1911 4672 2103 4772 Emit-1
2137 4685 2209 4772 δί
2249 4667 2314 4720 Et
2342 4667 2407 4719 ad
2440 4674 2491 4772 te
2516 4670 2885 4764 congregat",
2924 4621 3807 4761 div'iri:s":e::it:£:et:

1911 4708 2040 4732 ω...
2137 4708 2152 4722 .
2191 4708 2209 4718 -
2249 4708 2407 4720 ...η
2440 4708 2491 4719 ,ν
2518 4708 2619 4719 νν..
2667 4708 2723 4719 ...
2769 4708 2885 4723 ..-ν
2924 4708 3041 4728 υ..
3168 4708 3186 4715 -
3529 4708 3546 4712 _

1911 4760 2095 4818 Exltis
2147 4757 2380 4809 fortasse
2439 4708 2657 4807 divitiis:
2682 4708 2762 4807 eth
2802 4708 3813 4849 Abralna;dsd?:;l:;2;u;

1911 4861 1992 4908 est
2021 4847 2172 4900 valde
2209 4845 2262 4898 in
2305 4857 2465 4908 auro,
2496 4852 2552 4895 et
2594 4854 2863 4912 argento,
2905 4858 2975 4903 et
3059 4871 3530 4928 pecoribus

1911 4941 2056 4996 omni
2089 4933 2441 5004 suppellectili
2480 4932 2547 4987 ¹⁸.
2596 4893 2699 4987 Vi;
2738 4893 3817 5020 tibi,os;e::;:‘n::sn?{:“3

3618 4990 3670 5020 II
3732 4992 3817 5020 ne

1911 4977 2056 4996 ""'"'
2090 4977 2441 5004 ""t'rv-Wv-n.
2530 4977 2547 4987 .
2618 4977 2629 4985 ,
2652 4977 2698 4987 ,υ
2739 4977 2839 4989 ’.ν’
2878 4977 3026 4996 ναις
3156 4977 3172 4982 _

1918 5027 2183 5123 Ῠ¹¹⁰⁵³⁰νί⁵
2213 5023 2551 5078 descendam
2585 5022 2711 5078 istae
2739 5026 3019 5085 divitiae?
3354 4977 3822 5123 3023b“

2030 5118 2041 5123 -
2186 5113 2217 5123 η
2336 5122 2342 5123 ί
2485 5110 2497 5123 “
2568 5110 2605 5123 ﬁ
2715 5114 2727 5123 ’
2774 5110 2795 5118 ’
2856 5115 2879 5123 “
3695 5084 3817 5121 um

1918 5118 2137 5173 baulum
2167 5113 2440 5166 dicentem
2468 5110 2536 5165 de
2568 5110 2814 5170 Domino
2849 5115 2997 5173 Jesu
3039 5110 3503 5198 (ζιιτίειοζέ
3528 5110 3597 5115 *⁷
3617 5110 3769 5212 ""i

3557 5169 3577 5206 ε
3644 5175 3672 5209 ι

2014 5252 2055 5282 *³
2091 5248 2386 5309 Provnuu,
2411 5244 2466 5298 8.
2547 5246 2592 5276 ³⁸
2628 5247 2773 5307 Luc.
2800 5266 2925 5319 xvi,
2965 5257 3074 5313 12.

3208 5271 3281 5304 η
3330 5277 3595 5343 zaCh-
3661 5307 3818 5353 XIV.

1924 5430 2210 5481 dicaretur.
2249 5440 2268 5474 ι

1928 5494 2103 5625 edi?)
2122 5489 2750 5622 «nggfre§?:\§::31.t:.
2782 5520 2803 5555 ί
2871 5506 3406 5587 pa‘pwel‘unt.
3476 5553 3507 5589 ι
3593 5539 3829 5608 Libb.
