  <div class='ocr_page' id='page_1' title='image "/cluster/home/n/w/nwhite01/storage/ocr_20150623/12 (Origen; pt. 2)/nyp.33433081862272/225.png"; bbox 0 0 3948 6246; ppageno 0'>
   <div class='ocr_carea' id='block_1_1' title="bbox 309 351 410 406">
    <p class='ocr_par' dir='ltr' id='par_1_1' title="bbox 309 351 410 406">
     <span class='ocr_line' id='line_1_1' title="bbox 309 351 410 406; baseline -0.03 0"><span class='ocrx_word' id='word_1_1' title='bbox 309 351 410 406; x_wconf 76' lang='grc'><strong>455</strong></span> 
     </span>
    </p>
   </div>
   <div class='ocr_carea' id='block_1_2' title="bbox 1763 334 2073 391">
    <p class='ocr_par' dir='ltr' id='par_1_2' title="bbox 1763 334 2073 391">
     <span class='ocr_line' id='line_1_2' title="bbox 1763 334 2073 391; baseline -0.01 -1"><span class='ocrx_word' id='word_1_2' title='bbox 1763 334 2073 391; x_wconf 79' lang='lat' dir='ltr'><strong>ORIGENIS</strong></span> 
     </span>
    </p>
   </div>
   <div class='ocr_carea' id='block_1_3' title="bbox 3585 295 3709 350">
    <p class='ocr_par' dir='ltr' id='par_1_3' title="bbox 3585 295 3709 350">
     <span class='ocr_line' id='line_1_3' title="bbox 3585 295 3709 350; baseline 0.016 -2"><span class='ocrx_word' id='word_1_3' title='bbox 3585 295 3709 350; x_wconf 70' lang='grc'><strong>456</strong></span> 
     </span>
    </p>
   </div>
   <div class='ocr_carea' id='block_1_4' title="bbox 377 417 3713 531">
    <p class='ocr_par' dir='ltr' id='par_1_4' title="bbox 377 417 3713 531">
     <span class='ocr_line' id='line_1_4' title="bbox 377 417 3713 531; baseline -0.01 -14"><span class='ocrx_word' id='word_1_4' title='bbox 377 476 426 520; x_wconf 81' lang='lat' dir='ltr'><strong>et</strong></span> <span class='ocrx_word' id='word_1_5' title='bbox 480 461 776 531; x_wconf 76' lang='lat' dir='ltr'><strong>prwteriens</strong></span> <span class='ocrx_word' id='word_1_6' title='bbox 835 458 1139 527; x_wconf 69' lang='lat' dir='ltr'><strong>praeterierit</strong></span> <span class='ocrx_word' id='word_1_7' title='bbox 1195 466 1448 531; x_wconf 69' lang='lat' dir='ltr'><strong>prrrceptn</strong></span> <span class='ocrx_word' id='word_1_8' title='bbox 1499 455 1749 518; x_wconf 81' lang='lat' dir='ltr'><strong>Domini,</strong></span> <span class='ocrx_word' id='word_1_9' title='bbox 1783 467 1846 531; x_wconf 27' lang='lat' dir='ltr'><strong>net</strong></span> <span class='ocrx_word' id='word_1_10' title='bbox 1877 461 1921 515; x_wconf 82' lang='grc' dir='ltr'>Α</span> <span class='ocrx_word' id='word_1_11' title='bbox 1950 455 2121 516; x_wconf 97' lang='lat' dir='ltr'><strong>Absit,</strong></span> <span class='ocrx_word' id='word_1_12' title='bbox 2157 448 2314 512; x_wconf 90' lang='lat' dir='ltr'><strong>absit,</strong></span> <span class='ocrx_word' id='word_1_13' title='bbox 2352 445 2608 511; x_wconf 89' lang='lat' dir='ltr'><strong>inquam,</strong></span> <span class='ocrx_word' id='word_1_14' title='bbox 2678 450 2750 496; x_wconf 88' lang='lat' dir='ltr'><strong>ut</strong></span> <span class='ocrx_word' id='word_1_15' title='bbox 2787 441 2926 494; x_wconf 62' lang='lat' dir='ltr'><strong>haec</strong></span> <span class='ocrx_word' id='word_1_16' title='bbox 2968 446 3088 531; x_wconf 71' lang='lat' dir='ltr'><strong>ego</strong></span> <span class='ocrx_word' id='word_1_17' title='bbox 3139 428 3222 531; x_wconf 49' lang='lat' dir='ltr'><strong>de</strong></span> <span class='ocrx_word' id='word_1_18' title='bbox 3250 423 3508 531; x_wconf 46' lang='grc' dir='ltr'><strong>ξιιῖὲυο</strong></span> 
     </span>
    </p>
   </div>
   <div class='ocr_carea' id='block_1_5' title="bbox 377 525 1848 598">
    <p class='ocr_par' dir='ltr' id='par_1_5' title="bbox 377 525 1848 598">
     <span class='ocr_line' id='line_1_5' title="bbox 377 525 1848 598; baseline -0.007 -12"><span class='ocrx_word' id='word_1_19' title='bbox 377 525 652 586; x_wconf 73' lang='lat' dir='ltr'><strong>ntetitielur</strong></span> <span class='ocrx_word' id='word_1_20' title='bbox 690 525 926 598; x_wconf 74' lang='lat' dir='ltr'><strong>proximo</strong></span> <span class='ocrx_word' id='word_1_21' title='bbox 957 544 1052 580; x_wconf 72' lang='lat' dir='ltr'><strong>suo</strong></span> <span class='ocrx_word' id='word_1_22' title='bbox 1079 542 1231 591; x_wconf 75' lang='lat' dir='ltr'><strong>super</strong></span> <span class='ocrx_word' id='word_1_23' title='bbox 1257 525 1486 592; x_wconf 82' lang='lat' dir='ltr'><strong>deposito</strong></span> <span class='ocrx_word' id='word_1_24' title='bbox 1507 563 1522 589; x_wconf 90' lang='lat'><strong>,</strong></span> <span class='ocrx_word' id='word_1_25' title='bbox 1563 534 1652 576; x_wconf 85' lang='lat' dir='ltr'><strong>aut</strong></span> <span class='ocrx_word' id='word_1_26' title='bbox 1689 525 1848 593; x_wconf 78' lang='lat' dir='ltr'><strong>socie-</strong></span> 
     </span>
    </p>
   </div>
   <div class='ocr_carea' id='block_1_6' title="bbox 380 608 918 661">
    <p class='ocr_par' dir='ltr' id='par_1_6' title="bbox 380 608 918 661">
     <span class='ocr_line' id='line_1_6' title="bbox 380 608 918 661; baseline -0.007 -8"><span class='ocrx_word' id='word_1_27' title='bbox 380 611 504 661; x_wconf 88' lang='lat' dir='ltr'><strong>tate,</strong></span> <span class='ocrx_word' id='word_1_28' title='bbox 534 618 552 650; x_wconf 84' lang='grc'><strong>›</strong></span> <span class='ocrx_word' id='word_1_29' title='bbox 615 609 661 651; x_wconf 82' lang='lat' dir='ltr'><strong>et</strong></span> <span class='ocrx_word' id='word_1_30' title='bbox 709 608 918 651; x_wconf 81' lang='lat' dir='ltr'><strong>cwtera.</strong></span> 
     </span>
    </p>
   </div>
   <div class='ocr_carea' id='block_1_7' title="bbox 380 699 1851 769">
    <p class='ocr_par' dir='ltr' id='par_1_7' title="bbox 380 699 1851 769">
     <span class='ocr_line' id='line_1_7' title="bbox 380 699 1851 769; baseline -0.007 -8"><span class='ocrx_word' id='word_1_31' title='bbox 380 711 429 762; x_wconf 84' lang='grc' dir='ltr'><strong>Ι.</strong></span> <span class='ocrx_word' id='word_1_32' title='bbox 473 707 530 760; x_wconf 88' lang='lat' dir='ltr'><strong>Si</strong></span> <span class='ocrx_word' id='word_1_33' title='bbox 578 705 870 760; x_wconf 89' lang='lat' dir='ltr'><strong>secundum</strong></span> <span class='ocrx_word' id='word_1_34' title='bbox 937 702 1129 755; x_wconf 80' lang='lat' dir='ltr'><strong>divinae</strong></span> <span class='ocrx_word' id='word_1_35' title='bbox 1188 701 1321 769; x_wconf 81' lang='lat' dir='ltr'><strong>legis</strong></span> <span class='ocrx_word' id='word_1_36' title='bbox 1367 700 1522 754; x_wconf 94' lang='lat' dir='ltr'><strong>ﬁdem</strong></span> <span class='ocrx_word' id='word_1_37' title='bbox 1574 699 1687 752; x_wconf 68' lang='lat' dir='ltr'><strong>haec</strong></span> <span class='ocrx_word' id='word_1_38' title='bbox 1734 712 1851 765; x_wconf 80' lang='lat' dir='ltr'><strong>quze</strong></span> 
     </span>
    </p>
   </div>
   <div class='ocr_carea' id='block_1_8' title="bbox 307 787 1848 866">
    <p class='ocr_par' dir='ltr' id='par_1_8' title="bbox 307 787 1848 866">
     <span class='ocr_line' id='line_1_8' title="bbox 307 787 1848 866; baseline -0.008 -15"><span class='ocrx_word' id='word_1_39' title='bbox 307 797 558 866; x_wconf 85' lang='lat' dir='ltr'><strong>leguntur</strong></span> <span class='ocrx_word' id='word_1_40' title='bbox 622 794 794 857; x_wconf 91' lang='lat' dir='ltr'><strong>nobis,</strong></span> <span class='ocrx_word' id='word_1_41' title='bbox 850 792 1110 846; x_wconf 85' lang='lat' dir='ltr'><strong>Dominus</strong></span> <span class='ocrx_word' id='word_1_42' title='bbox 1141 791 1352 844; x_wconf 85' lang='lat' dir='ltr'><strong>locutus</strong></span> <span class='ocrx_word' id='word_1_43' title='bbox 1387 800 1467 843; x_wconf 92' lang='lat' dir='ltr'><strong>est</strong></span> <span class='ocrx_word' id='word_1_44' title='bbox 1513 790 1579 841; x_wconf 88' lang='lat' dir='ltr'><strong>ad</strong></span> <span class='ocrx_word' id='word_1_45' title='bbox 1615 787 1848 857; x_wconf 79' lang='lat' dir='ltr'><strong>Moysen,</strong></span> 
     </span>
    </p>
   </div>
   <div class='ocr_carea' id='block_1_9' title="bbox 259 877 1851 956">
    <p class='ocr_par' dir='ltr' id='par_1_9' title="bbox 259 877 1851 956">
     <span class='ocr_line' id='line_1_9' title="bbox 259 877 1851 956; baseline -0.008 -14"><span class='ocrx_word' id='word_1_46' title='bbox 259 877 269 904; x_wconf 66' lang='grc'><strong><em>⁷</em></strong></span> <span class='ocrx_word' id='word_1_47' title='bbox 308 897 440 956; x_wconf 88' lang='lat' dir='ltr'><strong>puto</strong></span> <span class='ocrx_word' id='word_1_48' title='bbox 475 884 614 955; x_wconf 88' lang='lat' dir='ltr'><strong>quod</strong></span> <span class='ocrx_word' id='word_1_49' title='bbox 649 893 900 951; x_wconf 90' lang='lat' dir='ltr'><strong>tanquam</strong></span> <span class='ocrx_word' id='word_1_50' title='bbox 929 883 1023 936; x_wconf 86' lang='lat' dir='ltr'><strong>Dei</strong></span> <span class='ocrx_word' id='word_1_51' title='bbox 1058 882 1217 934; x_wconf 83' lang='lat' dir='ltr'><strong>verba</strong></span> <span class='ocrx_word' id='word_1_52' title='bbox 1261 893 1364 934; x_wconf 91' lang='lat' dir='ltr'><strong>non</strong></span> <span class='ocrx_word' id='word_1_53' title='bbox 1401 881 1628 934; x_wconf 87' lang='lat' dir='ltr'><strong>debeant</strong></span> <span class='ocrx_word' id='word_1_54' title='bbox 1657 894 1851 932; x_wconf 92' lang='lat' dir='ltr'><strong>secun-</strong></span> 
     </span>
    </p>
   </div>
   <div class='ocr_carea' id='block_1_10' title="bbox 311 965 1852 1041">
    <p class='ocr_par' dir='ltr' id='par_1_10' title="bbox 311 965 1852 1041">
     <span class='ocr_line' id='line_1_10' title="bbox 311 965 1852 1041; baseline -0.008 -11"><span class='ocrx_word' id='word_1_55' title='bbox 311 977 437 1030; x_wconf 89' lang='lat' dir='ltr'><strong>dum</strong></span> <span class='ocrx_word' id='word_1_56' title='bbox 508 973 923 1041; x_wconf 89' lang='lat' dir='ltr'><strong>incapacitalem</strong></span> <span class='ocrx_word' id='word_1_57' title='bbox 983 968 1352 1032; x_wconf 88' lang='lat' dir='ltr'><strong>audientium,</strong></span> <span class='ocrx_word' id='word_1_58' title='bbox 1406 967 1499 1021; x_wconf 86' lang='lat' dir='ltr'><strong>sed</strong></span> <span class='ocrx_word' id='word_1_59' title='bbox 1564 965 1852 1020; x_wconf 90' lang='lat' dir='ltr'><strong>secundum</strong></span> 
     </span>
    </p>
   </div>
   <div class='ocr_carea' id='block_1_11' title="bbox 314 1053 1851 1132">
    <p class='ocr_par' dir='ltr' id='par_1_11' title="bbox 314 1053 1851 1132">
     <span class='ocr_line' id='line_1_11' title="bbox 314 1053 1851 1132; baseline -0.008 -15"><span class='ocrx_word' id='word_1_60' title='bbox 314 1065 649 1132; x_wconf 88' lang='lat' dir='ltr'><strong>majestatem</strong></span> <span class='ocrx_word' id='word_1_61' title='bbox 675 1061 939 1129; x_wconf 77' lang='lat' dir='ltr'><strong>loquentis</strong></span> <span class='ocrx_word' id='word_1_62' title='bbox 964 1057 1205 1126; x_wconf 80' lang='lat' dir='ltr'><strong>intelligi.</strong></span> <span class='ocrx_word' id='word_1_63' title='bbox 1237 1074 1255 1106; x_wconf 72' lang='grc' dir='ltr'>ι</span> <span class='ocrx_word' id='word_1_64' title='bbox 1282 1055 1558 1120; x_wconf 84' lang='lat' dir='ltr'><strong>Dominus,</strong></span> <span class='ocrx_word' id='word_1_65' title='bbox 1584 1054 1757 1121; x_wconf 82' lang='lat' dir='ltr'><strong>inquit</strong></span> <span class='ocrx_word' id='word_1_66' title='bbox 1785 1053 1851 1119; x_wconf 75' lang='lat'><strong>”,</strong></span> 
     </span>
    </p>
   </div>
   <div class='ocr_carea' id='block_1_12' title="bbox 312 1142 1851 1213">
    <p class='ocr_par' dir='ltr' id='par_1_12' title="bbox 312 1142 1851 1213">
     <span class='ocr_line' id='line_1_12' title="bbox 312 1142 1851 1213; baseline -0.008 -6"><span class='ocrx_word' id='word_1_67' title='bbox 312 1154 521 1207; x_wconf 89' lang='lat' dir='ltr'><strong>locutus</strong></span> <span class='ocrx_word' id='word_1_68' title='bbox 566 1160 667 1205; x_wconf 90' lang='lat' dir='ltr'><strong>est.</strong></span> <span class='ocrx_word' id='word_1_69' title='bbox 698 1169 716 1200; x_wconf 73' lang='grc' dir='ltr'><strong>ι</strong></span> <span class='ocrx_word' id='word_1_70' title='bbox 769 1148 904 1213; x_wconf 83' lang='lat' dir='ltr'><strong>Quid</strong></span> <span class='ocrx_word' id='word_1_71' title='bbox 957 1157 1039 1200; x_wconf 89' lang='lat' dir='ltr'><strong>est</strong></span> <span class='ocrx_word' id='word_1_72' title='bbox 1077 1145 1373 1200; x_wconf 86' lang='lat' dir='ltr'><strong>Dominus?</strong></span> <span class='ocrx_word' id='word_1_73' title='bbox 1428 1143 1711 1211; x_wconf 83' lang='lat' dir='ltr'><strong>Apostolus</strong></span> <span class='ocrx_word' id='word_1_74' title='bbox 1759 1142 1851 1196; x_wconf 86' lang='lat' dir='ltr'><strong>tibi</strong></span> 
     </span>
    </p>
   </div>
   <div class='ocr_carea' id='block_1_13' title="bbox 315 1233 1857 1309">
    <p class='ocr_par' dir='ltr' id='par_1_13' title="bbox 315 1233 1857 1309">
     <span class='ocr_line' id='line_1_13' title="bbox 315 1233 1857 1309; baseline -0.006 -15"><span class='ocrx_word' id='word_1_75' title='bbox 315 1241 654 1309; x_wconf 89' lang='lat' dir='ltr'><strong>respondeat,</strong></span> <span class='ocrx_word' id='word_1_76' title='bbox 688 1248 740 1293; x_wconf 92' lang='lat' dir='ltr'><strong>et</strong></span> <span class='ocrx_word' id='word_1_77' title='bbox 768 1237 833 1291; x_wconf 88' lang='lat' dir='ltr'><strong>ab</strong></span> <span class='ocrx_word' id='word_1_78' title='bbox 854 1238 967 1306; x_wconf 84' lang='lat' dir='ltr'><strong>ipso</strong></span> <span class='ocrx_word' id='word_1_79' title='bbox 997 1237 1147 1289; x_wconf 88' lang='lat' dir='ltr'><strong>disce</strong></span> <span class='ocrx_word' id='word_1_80' title='bbox 1174 1235 1316 1304; x_wconf 91' lang='lat' dir='ltr'><strong>quod</strong></span> <span class='ocrx_word' id='word_1_81' title='bbox 1374 1253 1391 1285; x_wconf 71' lang='grc' dir='ltr'>ι</span> <span class='ocrx_word' id='word_1_82' title='bbox 1417 1233 1670 1287; x_wconf 88' lang='lat' dir='ltr'><strong>Dominus</strong></span> <span class='ocrx_word' id='word_1_83' title='bbox 1701 1233 1857 1300; x_wconf 89' lang='lat' dir='ltr'><strong>spiri-</strong></span> 
     </span>
    </p>
   </div>
   <div class='ocr_carea' id='block_1_14' title="bbox 317 1319 1855 1394">
    <p class='ocr_par' dir='ltr' id='par_1_14' title="bbox 317 1319 1855 1394">
     <span class='ocr_line' id='line_1_14' title="bbox 317 1319 1855 1394; baseline -0.007 -11"><span class='ocrx_word' id='word_1_84' title='bbox 317 1342 400 1384; x_wconf 87' lang='lat' dir='ltr'><strong>tus</strong></span> <span class='ocrx_word' id='word_1_85' title='bbox 435 1339 518 1384; x_wconf 86' lang='lat' dir='ltr'><strong>est</strong></span> <span class='ocrx_word' id='word_1_86' title='bbox 554 1330 616 1384; x_wconf 79' lang='grc'><strong>³¹.</strong></span> <span class='ocrx_word' id='word_1_87' title='bbox 644 1347 662 1378; x_wconf 74' lang='grc' dir='ltr'><strong>ι</strong></span> <span class='ocrx_word' id='word_1_88' title='bbox 690 1327 838 1393; x_wconf 84' lang='lat' dir='ltr'><strong>Quod</strong></span> <span class='ocrx_word' id='word_1_89' title='bbox 869 1327 911 1380; x_wconf 92' lang='lat' dir='ltr'><strong>si</strong></span> <span class='ocrx_word' id='word_1_90' title='bbox 962 1326 1054 1378; x_wconf 91' lang='lat' dir='ltr'><strong>tibi</strong></span> <span class='ocrx_word' id='word_1_91' title='bbox 1084 1324 1322 1394; x_wconf 85' lang='lat' dir='ltr'><strong>Apostoli</strong></span> <span class='ocrx_word' id='word_1_92' title='bbox 1359 1338 1534 1377; x_wconf 84' lang='lat' dir='ltr'><strong>sermo</strong></span> <span class='ocrx_word' id='word_1_93' title='bbox 1568 1337 1672 1375; x_wconf 92' lang='lat' dir='ltr'><strong>non</strong></span> <span class='ocrx_word' id='word_1_94' title='bbox 1708 1319 1855 1374; x_wconf 82' lang='lat' dir='ltr'><strong>sufﬁ-</strong></span> 
     </span>
    </p>
   </div>
   <div class='ocr_carea' id='block_1_15' title="bbox 313 1413 1856 1483">
    <p class='ocr_par' dir='ltr' id='par_1_15' title="bbox 313 1413 1856 1483">
     <span class='ocr_line' id='line_1_15' title="bbox 313 1413 1856 1483; baseline -0.005 -11"><span class='ocrx_word' id='word_1_95' title='bbox 313 1420 405 1482; x_wconf 86' lang='lat' dir='ltr'><strong>cit,</strong></span> <span class='ocrx_word' id='word_1_96' title='bbox 457 1419 580 1472; x_wconf 92' lang='lat' dir='ltr'><strong>audi</strong></span> <span class='ocrx_word' id='word_1_97' title='bbox 632 1419 802 1483; x_wconf 90' lang='lat' dir='ltr'><strong>ipsum</strong></span> <span class='ocrx_word' id='word_1_98' title='bbox 850 1416 1129 1469; x_wconf 91' lang='lat' dir='ltr'><strong>Dominum</strong></span> <span class='ocrx_word' id='word_1_99' title='bbox 1174 1414 1225 1466; x_wconf 93' lang='lat' dir='ltr'><strong>in</strong></span> <span class='ocrx_word' id='word_1_100' title='bbox 1276 1413 1575 1480; x_wconf 79' lang='lat' dir='ltr'><strong>Evangeliis</strong></span> <span class='ocrx_word' id='word_1_101' title='bbox 1633 1413 1856 1479; x_wconf 83' lang='lat' dir='ltr'><strong>loquen-</strong></span> 
     </span>
    </p>
   </div>
   <div class='ocr_carea' id='block_1_16' title="bbox 317 1500 1860 1575">
    <p class='ocr_par' dir='ltr' id='par_1_16' title="bbox 317 1500 1860 1575">
     <span class='ocr_line' id='line_1_16' title="bbox 317 1500 1860 1575; baseline -0.006 -13"><span class='ocrx_word' id='word_1_102' title='bbox 317 1522 422 1562; x_wconf 89' lang='lat' dir='ltr'><strong>tem</strong></span> <span class='ocrx_word' id='word_1_103' title='bbox 459 1509 525 1572; x_wconf 85' lang='grc'>³³,</span> <span class='ocrx_word' id='word_1_104' title='bbox 556 1508 678 1575; x_wconf 85' lang='lat' dir='ltr'><strong>quia</strong></span> <span class='ocrx_word' id='word_1_105' title='bbox 718 1523 736 1555; x_wconf 73' lang='grc' dir='ltr'>ι</span> <span class='ocrx_word' id='word_1_106' title='bbox 765 1505 903 1558; x_wconf 90' lang='lat' dir='ltr'><strong>Deus</strong></span> <span class='ocrx_word' id='word_1_107' title='bbox 933 1504 1154 1571; x_wconf 86' lang='lat' dir='ltr'><strong>spiritus</strong></span> <span class='ocrx_word' id='word_1_108' title='bbox 1187 1510 1286 1556; x_wconf 87' lang='lat' dir='ltr'><strong>est.</strong></span> <span class='ocrx_word' id='word_1_109' title='bbox 1329 1520 1347 1552; x_wconf 72' lang='grc' dir='ltr'><strong>ι</strong></span> <span class='ocrx_word' id='word_1_110' title='bbox 1403 1500 1456 1554; x_wconf 89' lang='lat' dir='ltr'><strong>Si</strong></span> <span class='ocrx_word' id='word_1_111' title='bbox 1504 1516 1631 1570; x_wconf 86' lang='lat' dir='ltr'><strong>ergo</strong></span> <span class='ocrx_word' id='word_1_112' title='bbox 1667 1509 1721 1552; x_wconf 90' lang='lat' dir='ltr'><strong>et</strong></span> <span class='ocrx_word' id='word_1_113' title='bbox 1766 1500 1860 1552; x_wconf 89' lang='lat' dir='ltr'><strong>Do-</strong></span> 
     </span>
    </p>
   </div>
   <div class='ocr_carea' id='block_1_17' title="bbox 315 1591 1858 1674">
    <p class='ocr_par' dir='ltr' id='par_1_17' title="bbox 315 1591 1858 1674">
     <span class='ocr_line' id='line_1_17' title="bbox 315 1591 1858 1674; baseline -0.007 -22"><span class='ocrx_word' id='word_1_114' title='bbox 315 1600 522 1661; x_wconf 87' lang='lat' dir='ltr'><strong>minus,</strong></span> <span class='ocrx_word' id='word_1_115' title='bbox 557 1607 609 1650; x_wconf 90' lang='lat' dir='ltr'><strong>et</strong></span> <span class='ocrx_word' id='word_1_116' title='bbox 652 1597 787 1674; x_wconf 88' lang='lat' dir='ltr'><strong>Deus</strong></span> <span class='ocrx_word' id='word_1_117' title='bbox 823 1595 1044 1663; x_wconf 88' lang='lat' dir='ltr'><strong>spiritus</strong></span> <span class='ocrx_word' id='word_1_118' title='bbox 1073 1601 1172 1658; x_wconf 91' lang='lat' dir='ltr'><strong>est,</strong></span> <span class='ocrx_word' id='word_1_119' title='bbox 1209 1606 1326 1659; x_wconf 65' lang='lat' dir='ltr'><strong>quae</strong></span> <span class='ocrx_word' id='word_1_120' title='bbox 1366 1593 1584 1660; x_wconf 88' lang='lat' dir='ltr'><strong>spiritus</strong></span> <span class='ocrx_word' id='word_1_121' title='bbox 1624 1591 1858 1659; x_wconf 84' lang='lat' dir='ltr'><strong>loquitur</strong></span> 
     </span>
    </p>
   </div>
   <div class='ocr_carea' id='block_1_18' title="bbox 315 1680 1858 1755">
    <p class='ocr_par' dir='ltr' id='par_1_18' title="bbox 315 1680 1858 1755">
     <span class='ocr_line' id='line_1_18' title="bbox 315 1680 1858 1755; baseline -0.004 -16"><span class='ocrx_word' id='word_1_122' title='bbox 315 1687 630 1755; x_wconf 85' lang='lat' dir='ltr'><strong>spiritaliter</strong></span> <span class='ocrx_word' id='word_1_123' title='bbox 669 1684 921 1738; x_wconf 86' lang='lat' dir='ltr'><strong>debemus</strong></span> <span class='ocrx_word' id='word_1_124' title='bbox 961 1684 1167 1735; x_wconf 91' lang='lat' dir='ltr'><strong>audire.</strong></span> <span class='ocrx_word' id='word_1_125' title='bbox 1206 1681 1316 1750; x_wconf 82' lang='lat' dir='ltr'><strong>Ego</strong></span> <span class='ocrx_word' id='word_1_126' title='bbox 1347 1681 1520 1734; x_wconf 90' lang='lat' dir='ltr'><strong>adhuc</strong></span> <span class='ocrx_word' id='word_1_127' title='bbox 1551 1691 1604 1734; x_wconf 91' lang='lat' dir='ltr'><strong>et</strong></span> <span class='ocrx_word' id='word_1_128' title='bbox 1632 1680 1858 1746; x_wconf 85' lang='lat' dir='ltr'><strong>amplius</strong></span> 
     </span>
    </p>
   </div>
   <div class='ocr_carea' id='block_1_19' title="bbox 1948 506 3706 596">
    <p class='ocr_par' dir='ltr' id='par_1_19' title="bbox 1948 506 3706 596">
     <span class='ocr_line' id='line_1_19' title="bbox 1948 506 3706 596; baseline -0.024 0"><span class='ocrx_word' id='word_1_129' title='bbox 1948 506 2077 596; x_wconf 86' lang='lat' dir='ltr'><strong>lium</strong></span> <span class='ocrx_word' id='word_1_130' title='bbox 2107 506 2360 595; x_wconf 75' lang='lat' dir='ltr'><strong>sentiam.</strong></span> <span class='ocrx_word' id='word_1_131' title='bbox 2387 506 2768 586; x_wconf 75' lang='lat' dir='ltr'><strong>Cotiﬁdenter</strong></span> <span class='ocrx_word' id='word_1_132' title='bbox 2802 539 2960 595; x_wconf 82' lang='lat' dir='ltr'><strong>ergo</strong></span> <span class='ocrx_word' id='word_1_133' title='bbox 2994 523 3075 576; x_wconf 86' lang='lat' dir='ltr'><strong>de</strong></span> <span class='ocrx_word' id='word_1_134' title='bbox 3110 515 3310 570; x_wconf 83' lang='lat' dir='ltr'><strong>vobis</strong></span> <span class='ocrx_word' id='word_1_135' title='bbox 3349 511 3530 571; x_wconf 87' lang='lat' dir='ltr'><strong>dico,</strong></span> <span class='ocrx_word' id='word_1_136' title='bbox 3564 506 3706 596; x_wconf 83' lang='lat' dir='ltr'><strong>quia</strong></span> 
     </span>
    </p>
   </div>
   <div class='ocr_carea' id='block_1_20' title="bbox 1947 595 3708 688">
    <p class='ocr_par' dir='ltr' id='par_1_20' title="bbox 1947 595 3708 688">
     <span class='ocr_line' id='line_1_20' title="bbox 1947 595 3708 688; baseline -0.022 -2"><span class='ocrx_word' id='word_1_137' title='bbox 1947 647 2043 688; x_wconf 89' lang='lat' dir='ltr'><strong>vos</strong></span> <span class='ocrx_word' id='word_1_138' title='bbox 2095 645 2202 684; x_wconf 94' lang='lat' dir='ltr'><strong>non</strong></span> <span class='ocrx_word' id='word_1_139' title='bbox 2253 628 2325 680; x_wconf 92' lang='lat' dir='ltr'><strong>ita</strong></span> <span class='ocrx_word' id='word_1_140' title='bbox 2360 622 2634 677; x_wconf 87' lang='lat' dir='ltr'><strong>didicistis</strong></span> <span class='ocrx_word' id='word_1_141' title='bbox 2669 617 3035 676; x_wconf 84' lang='lat' dir='ltr'><strong>Christum,</strong></span> <span class='ocrx_word' id='word_1_142' title='bbox 3080 615 3312 673; x_wconf 89' lang='lat' dir='ltr'><strong>neque</strong></span> <span class='ocrx_word' id='word_1_143' title='bbox 3384 601 3497 688; x_wconf 78' lang='lat' dir='ltr'><strong>ita</strong></span> <span class='ocrx_word' id='word_1_144' title='bbox 3545 595 3708 688; x_wconf 74' lang='lat' dir='ltr'><strong>docti</strong></span> 
     </span>
    </p>
   </div>
   <div class='ocr_carea' id='block_1_21' title="bbox 1949 684 3711 779">
    <p class='ocr_par' dir='ltr' id='par_1_21' title="bbox 1949 684 3711 779">
     <span class='ocr_line' id='line_1_21' title="bbox 1949 684 3711 779; baseline -0.022 -7"><span class='ocrx_word' id='word_1_145' title='bbox 1949 684 2100 779; x_wconf 78' lang='lat' dir='ltr'><strong>estis,</strong></span> <span class='ocrx_word' id='word_1_146' title='bbox 2129 715 2221 769; x_wconf 88' lang='lat' dir='ltr'><strong>sed</strong></span> <span class='ocrx_word' id='word_1_147' title='bbox 2277 725 2449 778; x_wconf 86' lang='lat' dir='ltr'><strong>neque</strong></span> <span class='ocrx_word' id='word_1_148' title='bbox 2495 709 2583 762; x_wconf 79' lang='lat' dir='ltr'><strong>lex</strong></span> <span class='ocrx_word' id='word_1_149' title='bbox 2618 708 2745 775; x_wconf 86' lang='lat' dir='ltr'><strong>ipsa</strong></span> <span class='ocrx_word' id='word_1_150' title='bbox 2785 706 2917 757; x_wconf 63' lang='lat' dir='ltr'><strong>haec</strong></span> <span class='ocrx_word' id='word_1_151' title='bbox 2963 695 3220 752; x_wconf 82' lang='lat' dir='ltr'><strong>sanctis</strong></span> <span class='ocrx_word' id='word_1_152' title='bbox 3276 698 3352 743; x_wconf 85' lang='lat' dir='ltr'><strong>et</strong></span> <span class='ocrx_word' id='word_1_153' title='bbox 3415 684 3711 779; x_wconf 79' lang='lat' dir='ltr'><strong>ﬁdelibus</strong></span> 
     </span>
    </p>
   </div>
   <div class='ocr_carea' id='block_1_22' title="bbox 1949 774 3714 874">
    <p class='ocr_par' dir='ltr' id='par_1_22' title="bbox 1949 774 3714 874">
     <span class='ocr_line' id='line_1_22' title="bbox 1949 774 3714 874; baseline -0.02 -14"><span class='ocrx_word' id='word_1_154' title='bbox 1949 774 2212 874; x_wconf 70' lang='lat' dir='ltr'><strong>praecipit.</strong></span> <span class='ocrx_word' id='word_1_155' title='bbox 2262 774 2378 854; x_wconf 49' lang='lat' dir='ltr'><strong>Vis_</strong></span> <span class='ocrx_word' id='word_1_156' title='bbox 2399 799 2540 852; x_wconf 88' lang='lat' dir='ltr'><strong>scire</strong></span> <span class='ocrx_word' id='word_1_157' title='bbox 2564 835 2580 859; x_wconf 93' lang='lat'><strong>,</strong></span> <span class='ocrx_word' id='word_1_158' title='bbox 2612 774 2750 862; x_wconf 87' lang='lat' dir='ltr'><strong>quia</strong></span> <span class='ocrx_word' id='word_1_159' title='bbox 2787 806 2910 844; x_wconf 92' lang='lat' dir='ltr'><strong>non</strong></span> <span class='ocrx_word' id='word_1_160' title='bbox 2958 787 3038 839; x_wconf 90' lang='lat' dir='ltr'><strong>ad</strong></span> <span class='ocrx_word' id='word_1_161' title='bbox 3075 790 3369 838; x_wconf 82' lang='lat' dir='ltr'><strong>sanctos</strong></span> <span class='ocrx_word' id='word_1_162' title='bbox 3403 785 3474 829; x_wconf 82' lang='lat' dir='ltr'><strong>et</strong></span> <span class='ocrx_word' id='word_1_163' title='bbox 3507 774 3714 842; x_wconf 79' lang='lat' dir='ltr'><strong>iustos</strong></span> 
     </span>
    </p>
   </div>
   <div class='ocr_carea' id='block_1_23' title="bbox 1952 870 3713 952">
    <p class='ocr_par' dir='ltr' id='par_1_23' title="bbox 1952 870 3713 952">
     <span class='ocr_line' id='line_1_23' title="bbox 1952 870 3713 952; baseline -0.02 -4"><span class='ocrx_word' id='word_1_164' title='bbox 1952 870 2052 950; x_wconf 83' lang='lat' dir='ltr'><strong>ista</strong></span> <span class='ocrx_word' id='word_1_165' title='bbox 2087 870 2377 947; x_wconf 83' lang='lat' dir='ltr'><strong>dicantur?</strong></span> <span class='ocrx_word' id='word_1_166' title='bbox 2407 887 2550 940; x_wconf 89' lang='lat' dir='ltr'><strong>Audi</strong></span> <span class='ocrx_word' id='word_1_167' title='bbox 2576 881 2932 952; x_wconf 79' lang='lat' dir='ltr'><strong>Apostolunt</strong></span> <span class='ocrx_word' id='word_1_168' title='bbox 2964 879 3086 929; x_wconf 88' lang='lat' dir='ltr'><strong>ista</strong></span> <span class='ocrx_word' id='word_1_169' title='bbox 3129 870 3672 935; x_wconf 78' lang='lat' dir='ltr'><strong>distinguentem</strong></span> <span class='ocrx_word' id='word_1_170' title='bbox 3697 880 3713 913; x_wconf 74' lang='grc' dir='ltr'>ε</span> 
     </span>
    </p>
   </div>
   <div class='ocr_carea' id='block_1_24' title="bbox 1959 953 3717 1045">
    <p class='ocr_par' dir='ltr' id='par_1_24' title="bbox 1959 953 3717 1045">
     <span class='ocr_line' id='line_1_24' title="bbox 1959 953 3717 1045; baseline -0.016 -11"><span class='ocrx_word' id='word_1_171' title='bbox 1959 1000 1977 1034; x_wconf 74' lang='grc' dir='ltr'>ι</span> <span class='ocrx_word' id='word_1_172' title='bbox 2014 981 2188 1043; x_wconf 81' lang='lat' dir='ltr'><strong>Justo,</strong></span> <span class='ocrx_word' id='word_1_173' title='bbox 2223 977 2398 1045; x_wconf 91' lang='lat' dir='ltr'><strong>inquit</strong></span> <span class='ocrx_word' id='word_1_174' title='bbox 2437 976 2502 1037; x_wconf 74' lang='grc'><strong>³⁸,</strong></span> <span class='ocrx_word' id='word_1_175' title='bbox 2561 974 2653 1026; x_wconf 81' lang='lat' dir='ltr'><strong>lex</strong></span> <span class='ocrx_word' id='word_1_176' title='bbox 2695 985 2814 1023; x_wconf 90' lang='lat' dir='ltr'><strong>non</strong></span> <span class='ocrx_word' id='word_1_177' title='bbox 2862 974 2958 1020; x_wconf 92' lang='lat' dir='ltr'><strong>est</strong></span> <span class='ocrx_word' id='word_1_178' title='bbox 3007 963 3262 1033; x_wconf 78' lang='lat' dir='ltr'><strong>posita,</strong></span> <span class='ocrx_word' id='word_1_179' title='bbox 3339 955 3549 1024; x_wconf 81' lang='lat'><strong>200</strong></span> <span class='ocrx_word' id='word_1_180' title='bbox 3610 953 3717 1045; x_wconf 85' lang='lat' dir='ltr'><strong>sed</strong></span> 
     </span>
    </p>
   </div>
   <div class='ocr_carea' id='block_1_25' title="bbox 1952 1044 3718 1142">
    <p class='ocr_par' dir='ltr' id='par_1_25' title="bbox 1952 1044 3718 1142">
     <span class='ocr_line' id='line_1_25' title="bbox 1952 1044 3718 1142; baseline -0.018 -17"><span class='ocrx_word' id='word_1_181' title='bbox 1952 1071 2189 1142; x_wconf 85' lang='lat' dir='ltr'><strong>injustis,</strong></span> <span class='ocrx_word' id='word_1_182' title='bbox 2223 1077 2277 1121; x_wconf 89' lang='lat' dir='ltr'><strong>et</strong></span> <span class='ocrx_word' id='word_1_183' title='bbox 2303 1044 2413 1119; x_wconf 87' lang='lat' dir='ltr'><strong>non</strong></span> <span class='ocrx_word' id='word_1_184' title='bbox 2448 1063 2691 1118; x_wconf 88' lang='lat' dir='ltr'><strong>subditis</strong></span> <span class='ocrx_word' id='word_1_185' title='bbox 2716 1101 2732 1127; x_wconf 92' lang='lat'><strong>,</strong></span> <span class='ocrx_word' id='word_1_186' title='bbox 2769 1056 3054 1112; x_wconf 69' lang='lat' dir='ltr'><strong>scelestis</strong></span> <span class='ocrx_word' id='word_1_187' title='bbox 3092 1063 3166 1106; x_wconf 89' lang='lat' dir='ltr'><strong>et</strong></span> <span class='ocrx_word' id='word_1_188' title='bbox 3212 1044 3718 1142; x_wconf 65' lang='lat' dir='ltr'><strong>contaminatis,</strong></span> 
     </span>
    </p>
   </div>
   <div class='ocr_carea' id='block_1_26' title="bbox 1954 1132 3719 1229">
    <p class='ocr_par' dir='ltr' id='par_1_26' title="bbox 1954 1132 3719 1229">
     <span class='ocr_line' id='line_1_26' title="bbox 1954 1132 3719 1229; baseline -0.016 -16"><span class='ocrx_word' id='word_1_189' title='bbox 1954 1132 2257 1229; x_wconf 70' lang='lat' dir='ltr'><strong>patricidis,</strong></span> <span class='ocrx_word' id='word_1_190' title='bbox 2305 1152 2632 1213; x_wconf 89' lang='lat' dir='ltr'><strong>matricidis,</strong></span> <span class='ocrx_word' id='word_1_191' title='bbox 2662 1169 2681 1200; x_wconf 73' lang='grc' dir='ltr'><strong><em>ι</em></strong></span> <span class='ocrx_word' id='word_1_192' title='bbox 2731 1158 2790 1202; x_wconf 91' lang='lat' dir='ltr'><strong>et</strong></span> <span class='ocrx_word' id='word_1_193' title='bbox 2831 1149 3060 1200; x_wconf 89' lang='lat' dir='ltr'><strong>horum</strong></span> <span class='ocrx_word' id='word_1_194' title='bbox 3102 1139 3499 1195; x_wconf 82' lang='lat' dir='ltr'><strong>similibus.</strong></span> <span class='ocrx_word' id='word_1_195' title='bbox 3561 1132 3719 1200; x_wconf 83' lang='lat' dir='ltr'><strong>Quia</strong></span> 
     </span>
    </p>
   </div>
   <div class='ocr_carea' id='block_1_27' title="bbox 1955 1222 3726 1317">
    <p class='ocr_par' dir='ltr' id='par_1_27' title="bbox 1955 1222 3726 1317">
     <span class='ocr_line' id='line_1_27' title="bbox 1955 1222 3726 1317; baseline -0.016 -15"><span class='ocrx_word' id='word_1_196' title='bbox 1955 1222 2082 1317; x_wconf 81' lang='lat' dir='ltr'><strong>ergo</strong></span> <span class='ocrx_word' id='word_1_197' title='bbox 2137 1243 2447 1314; x_wconf 88' lang='lat' dir='ltr'><strong>hujusmodi</strong></span> <span class='ocrx_word' id='word_1_198' title='bbox 2493 1237 2827 1294; x_wconf 91' lang='lat' dir='ltr'><strong>hominibus</strong></span> <span class='ocrx_word' id='word_1_199' title='bbox 2877 1231 3242 1317; x_wconf 83' lang='lat' dir='ltr'><strong>Apostolus</strong></span> <span class='ocrx_word' id='word_1_200' title='bbox 3308 1228 3531 1317; x_wconf 79' lang='lat' dir='ltr'><strong>legem</strong></span> <span class='ocrx_word' id='word_1_201' title='bbox 3576 1222 3726 1317; x_wconf 77' lang='lat' dir='ltr'><strong>dicit</strong></span> 
     </span>
    </p>
   </div>
   <div class='ocr_carea' id='block_1_28' title="bbox 1956 1309 3719 1400">
    <p class='ocr_par' dir='ltr' id='par_1_28' title="bbox 1956 1309 3719 1400">
     <span class='ocr_line' id='line_1_28' title="bbox 1956 1309 3719 1400; baseline -0.015 -13"><span class='ocrx_word' id='word_1_202' title='bbox 1956 1309 2282 1400; x_wconf 61' lang='lat' dir='ltr'><strong>impositam,</strong></span> <span class='ocrx_word' id='word_1_203' title='bbox 2327 1328 2570 1382; x_wconf 86' lang='lat' dir='ltr'><strong>Ecclesia</strong></span> <span class='ocrx_word' id='word_1_204' title='bbox 2600 1324 2723 1388; x_wconf 89' lang='lat' dir='ltr'><strong>Dei,</strong></span> <span class='ocrx_word' id='word_1_205' title='bbox 2777 1336 2965 1390; x_wconf 91' lang='lat' dir='ltr'><strong>quam</strong></span> <span class='ocrx_word' id='word_1_206' title='bbox 2999 1319 3184 1372; x_wconf 86' lang='lat' dir='ltr'><strong>absit</strong></span> <span class='ocrx_word' id='word_1_207' title='bbox 3217 1316 3293 1368; x_wconf 87' lang='lat' dir='ltr'><strong>in</strong></span> <span class='ocrx_word' id='word_1_208' title='bbox 3339 1309 3719 1381; x_wconf 89' lang='lat' dir='ltr'><strong>hujusmodi</strong></span> 
     </span>
    </p>
   </div>
   <div class='ocr_carea' id='block_1_29' title="bbox 1957 1402 3728 1478">
    <p class='ocr_par' dir='ltr' id='par_1_29' title="bbox 1957 1402 3728 1478">
     <span class='ocr_line' id='line_1_29' title="bbox 1957 1402 3728 1478; baseline -0.014 -3"><span class='ocrx_word' id='word_1_209' title='bbox 1957 1421 2293 1476; x_wconf 81' lang='lat' dir='ltr'><strong>facinoribus</strong></span> <span class='ocrx_word' id='word_1_210' title='bbox 2329 1416 2620 1478; x_wconf 87' lang='lat' dir='ltr'><strong>maculari,</strong></span> <span class='ocrx_word' id='word_1_211' title='bbox 2655 1414 2863 1468; x_wconf 85' lang='lat' dir='ltr'><strong>relicta</strong></span> <span class='ocrx_word' id='word_1_212' title='bbox 2905 1409 3051 1464; x_wconf 86' lang='lat' dir='ltr'><strong>aliis</strong></span> <span class='ocrx_word' id='word_1_213' title='bbox 3084 1407 3331 1461; x_wconf 80' lang='lat' dir='ltr'><strong>littera</strong></span> <span class='ocrx_word' id='word_1_214' title='bbox 3368 1443 3390 1470; x_wconf 87' lang='lat'><strong>,</strong></span> <span class='ocrx_word' id='word_1_215' title='bbox 3428 1402 3728 1458; x_wconf 78' lang='lat' dir='ltr'><strong>sanctius</strong></span> 
     </span>
    </p>
   </div>
   <div class='ocr_carea' id='block_1_30' title="bbox 1958 1507 2568 1577">
    <p class='ocr_par' dir='ltr' id='par_1_30' title="bbox 1958 1507 2568 1577">
     <span class='ocr_line' id='line_1_30' title="bbox 1958 1507 2568 1577; baseline -0.013 -11"><span class='ocrx_word' id='word_1_216' title='bbox 1958 1512 2252 1568; x_wconf 66' lang='lat' dir='ltr'><strong>aadiﬁcetur</strong></span> <span class='ocrx_word' id='word_1_217' title='bbox 2288 1523 2319 1561; x_wconf 88' lang='lat' dir='ltr'><strong>a</strong></span> <span class='ocrx_word' id='word_1_218' title='bbox 2354 1507 2568 1577; x_wconf 89' lang='lat' dir='ltr'><strong>spiritu.</strong></span> 
     </span>
    </p>
   </div>
   <div class='ocr_carea' id='block_1_31' title="bbox 2029 1668 3724 1745">
    <p class='ocr_par' dir='ltr' id='par_1_31' title="bbox 2029 1668 3724 1745">
     <span class='ocr_line' id='line_1_31' title="bbox 2029 1668 3724 1745; baseline -0.009 -11"><span class='ocrx_word' id='word_1_219' title='bbox 2029 1682 2083 1736; x_wconf 80' lang='grc'><strong>’5.</strong></span> <span class='ocrx_word' id='word_1_220' title='bbox 2126 1681 2422 1734; x_wconf 83' lang='lat' dir='ltr'><strong>Videamus</strong></span> <span class='ocrx_word' id='word_1_221' title='bbox 2466 1679 2652 1745; x_wconf 89' lang='lat' dir='ltr'><strong>itaque</strong></span> <span class='ocrx_word' id='word_1_222' title='bbox 2684 1689 2840 1728; x_wconf 91' lang='lat' dir='ltr'><strong>nunc</strong></span> <span class='ocrx_word' id='word_1_223' title='bbox 2910 1672 3084 1742; x_wconf 85' lang='lat' dir='ltr'><strong>quod</strong></span> <span class='ocrx_word' id='word_1_224' title='bbox 3150 1681 3265 1725; x_wconf 84' lang='lat' dir='ltr'><strong>est</strong></span> <span class='ocrx_word' id='word_1_225' title='bbox 3321 1668 3724 1737; x_wconf 85' lang='lat' dir='ltr'><strong>depositum,</strong></span> 
     </span>
    </p>
   </div>
   <div class='ocr_carea' id='block_1_32' title="bbox 316 1759 3725 1841">
    <p class='ocr_par' dir='ltr' id='par_1_32' title="bbox 316 1759 3725 1841">
     <span class='ocr_line' id='line_1_32' title="bbox 316 1759 3725 1841; baseline -0.005 -13"><span class='ocrx_word' id='word_1_226' title='bbox 316 1775 516 1840; x_wconf 89' lang='lat' dir='ltr'><strong>aliquid</strong></span> <span class='ocrx_word' id='word_1_227' title='bbox 547 1774 696 1834; x_wconf 86' lang='lat' dir='ltr'><strong>dico,</strong></span> <span class='ocrx_word' id='word_1_228' title='bbox 731 1773 852 1841; x_wconf 86' lang='lat' dir='ltr'><strong>quia</strong></span> <span class='ocrx_word' id='word_1_229' title='bbox 880 1786 997 1838; x_wconf 63' lang='lat' dir='ltr'><strong>qua“:</strong></span> <span class='ocrx_word' id='word_1_230' title='bbox 1032 1770 1288 1824; x_wconf 89' lang='lat' dir='ltr'><strong>Dominus</strong></span> <span class='ocrx_word' id='word_1_231' title='bbox 1316 1770 1572 1836; x_wconf 90' lang='lat' dir='ltr'><strong>loquitur,</strong></span> <span class='ocrx_word' id='word_1_232' title='bbox 1613 1783 1718 1821; x_wconf 91' lang='lat' dir='ltr'><strong>non</strong></span> <span class='ocrx_word' id='word_1_233' title='bbox 1750 1768 1856 1834; x_wconf 84' lang='lat' dir='ltr'><strong>spi-</strong></span> <span class='ocrx_word' id='word_1_234' title='bbox 1887 1769 1928 1822; x_wconf 91' lang='lat' dir='ltr'><strong>B</strong></span> <span class='ocrx_word' id='word_1_235' title='bbox 1958 1771 2099 1839; x_wconf 88' lang='lat' dir='ltr'><strong>quod</strong></span> <span class='ocrx_word' id='word_1_236' title='bbox 2131 1769 2365 1823; x_wconf 89' lang='lat' dir='ltr'><strong>ﬁdelium</strong></span> <span class='ocrx_word' id='word_1_237' title='bbox 2391 1767 2776 1833; x_wconf 89' lang='lat' dir='ltr'><strong>unusquisque</strong></span> <span class='ocrx_word' id='word_1_238' title='bbox 2807 1763 3122 1830; x_wconf 88' lang='lat' dir='ltr'><strong>suscepit.</strong></span> <span class='ocrx_word' id='word_1_239' title='bbox 3165 1761 3325 1829; x_wconf 81' lang='lat' dir='ltr'><strong>Ego</strong></span> <span class='ocrx_word' id='word_1_240' title='bbox 3357 1768 3522 1828; x_wconf 88' lang='lat' dir='ltr'><strong>puto</strong></span> <span class='ocrx_word' id='word_1_241' title='bbox 3559 1759 3725 1828; x_wconf 88' lang='lat' dir='ltr'><strong>quod</strong></span> 
     </span>
    </p>
   </div>
   <div class='ocr_carea' id='block_1_33' title="bbox 317 1859 1853 1928">
    <p class='ocr_par' dir='ltr' id='par_1_33' title="bbox 317 1859 1853 1928">
     <span class='ocr_line' id='line_1_33' title="bbox 317 1859 1853 1928; baseline -0.005 -12"><span class='ocrx_word' id='word_1_242' title='bbox 317 1865 495 1917; x_wconf 83' lang='lat' dir='ltr'><strong>ritalia</strong></span> <span class='ocrx_word' id='word_1_243' title='bbox 528 1872 732 1917; x_wconf 88' lang='lat' dir='ltr'><strong>tantum</strong></span> <span class='ocrx_word' id='word_1_244' title='bbox 757 1901 772 1926; x_wconf 92' lang='lat'><strong>,</strong></span> <span class='ocrx_word' id='word_1_245' title='bbox 800 1862 892 1916; x_wconf 88' lang='lat' dir='ltr'><strong>sed</strong></span> <span class='ocrx_word' id='word_1_246' title='bbox 929 1870 983 1915; x_wconf 91' lang='lat' dir='ltr'><strong>et</strong></span> <span class='ocrx_word' id='word_1_247' title='bbox 1023 1861 1243 1928; x_wconf 89' lang='lat' dir='ltr'><strong>spiritus</strong></span> <span class='ocrx_word' id='word_1_248' title='bbox 1270 1875 1387 1914; x_wconf 89' lang='lat' dir='ltr'><strong>esse</strong></span> <span class='ocrx_word' id='word_1_249' title='bbox 1416 1859 1680 1912; x_wconf 88' lang='lat' dir='ltr'><strong>credenda</strong></span> <span class='ocrx_word' id='word_1_250' title='bbox 1709 1867 1853 1910; x_wconf 92' lang='lat' dir='ltr'><strong>sunt.</strong></span> 
     </span>
    </p>
   </div>
   <div class='ocr_carea' id='block_1_34' title="bbox 319 1953 1855 2022">
    <p class='ocr_par' dir='ltr' id='par_1_34' title="bbox 319 1953 1855 2022">
     <span class='ocr_line' id='line_1_34' title="bbox 319 1953 1855 2022; baseline -0.006 -9"><span class='ocrx_word' id='word_1_251' title='bbox 319 1959 433 2012; x_wconf 85' lang='lat' dir='ltr'><strong>Non</strong></span> <span class='ocrx_word' id='word_1_252' title='bbox 463 1973 580 2013; x_wconf 92' lang='lat' dir='ltr'><strong>meo</strong></span> <span class='ocrx_word' id='word_1_253' title='bbox 609 1973 768 2013; x_wconf 89' lang='lat' dir='ltr'><strong>sensu</strong></span> <span class='ocrx_word' id='word_1_254' title='bbox 802 1959 944 2022; x_wconf 71' lang='lat' dir='ltr'><strong>hazc,</strong></span> <span class='ocrx_word' id='word_1_255' title='bbox 979 1957 1069 2011; x_wconf 90' lang='lat' dir='ltr'><strong>sed</strong></span> <span class='ocrx_word' id='word_1_256' title='bbox 1100 1957 1163 2010; x_wconf 90' lang='lat' dir='ltr'><strong>de</strong></span> <span class='ocrx_word' id='word_1_257' title='bbox 1203 1954 1504 2022; x_wconf 81' lang='lat' dir='ltr'><strong>Evangeliis</strong></span> <span class='ocrx_word' id='word_1_258' title='bbox 1533 1953 1855 2022; x_wconf 86' lang='lat' dir='ltr'><strong>approbabo.</strong></span> 
     </span>
    </p>
   </div>
   <div class='ocr_carea' id='block_1_35' title="bbox 319 2041 1858 2109">
    <p class='ocr_par' dir='ltr' id='par_1_35' title="bbox 319 2041 1858 2109">
     <span class='ocr_line' id='line_1_35' title="bbox 319 2041 1858 2109; baseline -0.004 -10"><span class='ocrx_word' id='word_1_259' title='bbox 319 2046 453 2100; x_wconf 85' lang='lat' dir='ltr'><strong>Audi</strong></span> <span class='ocrx_word' id='word_1_260' title='bbox 485 2046 765 2101; x_wconf 90' lang='lat' dir='ltr'><strong>Dominum</strong></span> <span class='ocrx_word' id='word_1_261' title='bbox 807 2055 859 2099; x_wconf 91' lang='lat' dir='ltr'><strong>et</strong></span> <span class='ocrx_word' id='word_1_262' title='bbox 890 2045 1221 2100; x_wconf 90' lang='lat' dir='ltr'><strong>Salvatorem</strong></span> <span class='ocrx_word' id='word_1_263' title='bbox 1262 2053 1504 2096; x_wconf 91' lang='lat' dir='ltr'><strong>nostrum</strong></span> <span class='ocrx_word' id='word_1_264' title='bbox 1531 2043 1598 2095; x_wconf 88' lang='lat' dir='ltr'><strong>ad</strong></span> <span class='ocrx_word' id='word_1_265' title='bbox 1628 2041 1858 2109; x_wconf 86' lang='lat' dir='ltr'><strong>discipu-</strong></span> 
     </span>
    </p>
   </div>
   <div class='ocr_carea' id='block_1_36' title="bbox 321 2131 1856 2200">
    <p class='ocr_par' dir='ltr' id='par_1_36' title="bbox 321 2131 1856 2200">
     <span class='ocr_line' id='line_1_36' title="bbox 321 2131 1856 2200; baseline -0.003 -13"><span class='ocrx_word' id='word_1_266' title='bbox 321 2137 401 2188; x_wconf 88' lang='lat' dir='ltr'><strong>los</strong></span> <span class='ocrx_word' id='word_1_267' title='bbox 453 2151 578 2190; x_wconf 91' lang='lat' dir='ltr'><strong>suos</strong></span> <span class='ocrx_word' id='word_1_268' title='bbox 628 2137 889 2190; x_wconf 88' lang='lat' dir='ltr'><strong>dicentem</strong></span> <span class='ocrx_word' id='word_1_269' title='bbox 938 2135 1023 2186; x_wconf 75' lang='lat' dir='ltr'><strong>“z</strong></span> <span class='ocrx_word' id='word_1_270' title='bbox 1062 2152 1080 2185; x_wconf 73' lang='grc' dir='ltr'>ι</span> <span class='ocrx_word' id='word_1_271' title='bbox 1124 2133 1294 2187; x_wconf 80' lang='lat' dir='ltr'><strong>Verba</strong></span> <span class='ocrx_word' id='word_1_272' title='bbox 1326 2147 1445 2200; x_wconf 70' lang='lat' dir='ltr'><strong>quae</strong></span> <span class='ocrx_word' id='word_1_273' title='bbox 1489 2131 1697 2184; x_wconf 91' lang='lat' dir='ltr'><strong>locutus</strong></span> <span class='ocrx_word' id='word_1_274' title='bbox 1738 2144 1856 2183; x_wconf 89' lang='lat' dir='ltr'><strong>sum</strong></span> 
     </span>
    </p>
   </div>
   <div class='ocr_carea' id='block_1_37' title="bbox 323 2219 1860 2295">
    <p class='ocr_par' dir='ltr' id='par_1_37' title="bbox 323 2219 1860 2295">
     <span class='ocr_line' id='line_1_37' title="bbox 323 2219 1860 2295; baseline -0.005 -14"><span class='ocrx_word' id='word_1_275' title='bbox 323 2229 489 2288; x_wconf 64' lang='lat' dir='ltr'><strong>vobis,</strong></span> <span class='ocrx_word' id='word_1_276' title='bbox 528 2227 751 2295; x_wconf 89' lang='lat' dir='ltr'><strong>spiritus</strong></span> <span class='ocrx_word' id='word_1_277' title='bbox 776 2235 830 2278; x_wconf 90' lang='lat' dir='ltr'><strong>et</strong></span> <span class='ocrx_word' id='word_1_278' title='bbox 857 2224 966 2276; x_wconf 90' lang='lat' dir='ltr'><strong>vita</strong></span> <span class='ocrx_word' id='word_1_279' title='bbox 1002 2233 1146 2277; x_wconf 90' lang='lat' dir='ltr'><strong>sunt.</strong></span> <span class='ocrx_word' id='word_1_280' title='bbox 1181 2241 1198 2274; x_wconf 75' lang='grc' dir='ltr'><strong><em>ι</em></strong></span> <span class='ocrx_word' id='word_1_281' title='bbox 1247 2222 1303 2276; x_wconf 90' lang='lat' dir='ltr'><strong>Si</strong></span> <span class='ocrx_word' id='word_1_282' title='bbox 1338 2236 1462 2290; x_wconf 91' lang='lat' dir='ltr'><strong>ergo</strong></span> <span class='ocrx_word' id='word_1_283' title='bbox 1488 2222 1650 2289; x_wconf 89' lang='lat' dir='ltr'><strong>ipsius</strong></span> <span class='ocrx_word' id='word_1_284' title='bbox 1675 2219 1860 2274; x_wconf 82' lang='lat' dir='ltr'><strong>Salva-</strong></span> 
     </span>
    </p>
   </div>
   <div class='ocr_carea' id='block_1_38' title="bbox 324 2312 1861 2380">
    <p class='ocr_par' dir='ltr' id='par_1_38' title="bbox 324 2312 1861 2380">
     <span class='ocr_line' id='line_1_38' title="bbox 324 2312 1861 2380; baseline -0.005 -9"><span class='ocrx_word' id='word_1_285' title='bbox 324 2317 452 2371; x_wconf 91' lang='lat' dir='ltr'><strong>toris</strong></span> <span class='ocrx_word' id='word_1_286' title='bbox 492 2331 622 2370; x_wconf 88' lang='lat' dir='ltr'><strong>voce</strong></span> <span class='ocrx_word' id='word_1_287' title='bbox 669 2317 984 2376; x_wconf 91' lang='lat' dir='ltr'><strong>didicimus,</strong></span> <span class='ocrx_word' id='word_1_288' title='bbox 1020 2314 1142 2380; x_wconf 90' lang='lat' dir='ltr'><strong>quia</strong></span> <span class='ocrx_word' id='word_1_289' title='bbox 1172 2312 1333 2365; x_wconf 88' lang='lat' dir='ltr'><strong>verba</strong></span> <span class='ocrx_word' id='word_1_290' title='bbox 1382 2326 1501 2378; x_wconf 65' lang='lat' dir='ltr'><strong>quae</strong></span> <span class='ocrx_word' id='word_1_291' title='bbox 1545 2312 1753 2364; x_wconf 91' lang='lat' dir='ltr'><strong>locutus</strong></span> <span class='ocrx_word' id='word_1_292' title='bbox 1779 2319 1861 2364; x_wconf 90' lang='lat' dir='ltr'><strong>est</strong></span> 
     </span>
    </p>
   </div>
   <div class='ocr_carea' id='block_1_39' title="bbox 327 2394 1861 2472">
    <p class='ocr_par' dir='ltr' id='par_1_39' title="bbox 327 2394 1861 2472">
     <span class='ocr_line' id='line_1_39' title="bbox 327 2394 1861 2472; baseline -0.004 -18"><span class='ocrx_word' id='word_1_293' title='bbox 327 2403 596 2472; x_wconf 75' lang='lat' dir='ltr'><strong>apostolis,</strong></span> <span class='ocrx_word' id='word_1_294' title='bbox 631 2403 851 2470; x_wconf 84' lang='lat' dir='ltr'><strong>spiritus</strong></span> <span class='ocrx_word' id='word_1_295' title='bbox 873 2399 1048 2453; x_wconf 90' lang='lat' dir='ltr'><strong>etvita</strong></span> <span class='ocrx_word' id='word_1_296' title='bbox 1067 2406 1215 2458; x_wconf 86' lang='lat' dir='ltr'><strong>sunt,</strong></span> <span class='ocrx_word' id='word_1_297' title='bbox 1248 2410 1584 2463; x_wconf 88' lang='lat' dir='ltr'><strong>nequaquam</strong></span> <span class='ocrx_word' id='word_1_298' title='bbox 1615 2394 1861 2448; x_wconf 88' lang='lat' dir='ltr'><strong>dubitare</strong></span> 
     </span>
    </p>
   </div>
   <div class='ocr_carea' id='block_1_40' title="bbox 322 2484 1852 2558">
    <p class='ocr_par' dir='ltr' id='par_1_40' title="bbox 322 2484 1852 2558">
     <span class='ocr_line' id='line_1_40' title="bbox 322 2484 1852 2558; baseline -0.006 -15"><span class='ocrx_word' id='word_1_299' title='bbox 322 2493 594 2555; x_wconf 86' lang='lat' dir='ltr'><strong>debemus,</strong></span> <span class='ocrx_word' id='word_1_300' title='bbox 621 2491 761 2558; x_wconf 89' lang='lat' dir='ltr'><strong>quod</strong></span> <span class='ocrx_word' id='word_1_301' title='bbox 788 2492 948 2543; x_wconf 87' lang='lat' dir='ltr'><strong>etiam</strong></span> <span class='ocrx_word' id='word_1_302' title='bbox 983 2501 1100 2556; x_wconf 80' lang='lat' dir='ltr'><strong>quae</strong></span> <span class='ocrx_word' id='word_1_303' title='bbox 1139 2500 1235 2553; x_wconf 88' lang='lat' dir='ltr'><strong>per</strong></span> <span class='ocrx_word' id='word_1_304' title='bbox 1263 2484 1480 2554; x_wconf 58' lang='lat' dir='ltr'><strong>Moysen</strong></span> <span class='ocrx_word' id='word_1_305' title='bbox 1518 2484 1726 2538; x_wconf 89' lang='lat' dir='ltr'><strong>locutus</strong></span> <span class='ocrx_word' id='word_1_306' title='bbox 1751 2490 1852 2547; x_wconf 91' lang='lat' dir='ltr'><strong>est,</strong></span> 
     </span>
    </p>
   </div>
   <div class='ocr_carea' id='block_1_41' title="bbox 322 2574 1223 2647">
    <p class='ocr_par' dir='ltr' id='par_1_41' title="bbox 322 2574 1223 2647">
     <span class='ocr_line' id='line_1_41' title="bbox 322 2574 1223 2647; baseline -0.004 -16"><span class='ocrx_word' id='word_1_307' title='bbox 322 2580 539 2647; x_wconf 83' lang='lat' dir='ltr'><strong>spiritus</strong></span> <span class='ocrx_word' id='word_1_308' title='bbox 575 2585 628 2632; x_wconf 87' lang='lat' dir='ltr'><strong>et</strong></span> <span class='ocrx_word' id='word_1_309' title='bbox 665 2577 771 2631; x_wconf 91' lang='lat' dir='ltr'><strong>vita</strong></span> <span class='ocrx_word' id='word_1_310' title='bbox 803 2576 1067 2630; x_wconf 85' lang='lat' dir='ltr'><strong>credenda</strong></span> <span class='ocrx_word' id='word_1_311' title='bbox 1099 2574 1223 2627; x_wconf 92' lang='lat' dir='ltr'><strong>sint.</strong></span> 
     </span>
    </p>
   </div>
   <div class='ocr_carea' id='block_1_42' title="bbox 392 2685 1859 2754">
    <p class='ocr_par' dir='ltr' id='par_1_42' title="bbox 392 2685 1859 2754">
     <span class='ocr_line' id='line_1_42' title="bbox 392 2685 1859 2754; baseline -0.004 -12"><span class='ocrx_word' id='word_1_312' title='bbox 392 2689 446 2742; x_wconf 72' lang='grc'><strong>2.</strong></span> <span class='ocrx_word' id='word_1_313' title='bbox 489 2689 590 2741; x_wconf 90' lang='lat' dir='ltr'><strong>Sed</strong></span> <span class='ocrx_word' id='word_1_314' title='bbox 614 2688 888 2742; x_wconf 80' lang='lat' dir='ltr'><strong>videamus</strong></span> <span class='ocrx_word' id='word_1_315' title='bbox 913 2701 1028 2754; x_wconf 66' lang='lat' dir='ltr'><strong>quae</strong></span> <span class='ocrx_word' id='word_1_316' title='bbox 1058 2687 1196 2748; x_wconf 90' lang='lat' dir='ltr'><strong>sint,</strong></span> <span class='ocrx_word' id='word_1_317' title='bbox 1238 2685 1302 2738; x_wconf 91' lang='lat' dir='ltr'><strong>de</strong></span> <span class='ocrx_word' id='word_1_318' title='bbox 1327 2686 1518 2752; x_wconf 86' lang='lat' dir='ltr'><strong>quibus</strong></span> <span class='ocrx_word' id='word_1_319' title='bbox 1544 2697 1682 2736; x_wconf 91' lang='lat' dir='ltr'><strong>nunc</strong></span> <span class='ocrx_word' id='word_1_320' title='bbox 1705 2693 1859 2751; x_wconf 89' lang='lat' dir='ltr'><strong>prout</strong></span> 
     </span>
    </p>
   </div>
   <div class='ocr_carea' id='block_1_43' title="bbox 327 2773 1858 2844">
    <p class='ocr_par' dir='ltr' id='par_1_43' title="bbox 327 2773 1858 2844">
     <span class='ocr_line' id='line_1_43' title="bbox 327 2773 1858 2844; baseline -0.005 -12"><span class='ocrx_word' id='word_1_321' title='bbox 327 2791 625 2844; x_wconf 81' lang='lat' dir='ltr'><strong>possumus,</strong></span> <span class='ocrx_word' id='word_1_322' title='bbox 659 2776 836 2844; x_wconf 90' lang='lat' dir='ltr'><strong>aliqua</strong></span> <span class='ocrx_word' id='word_1_323' title='bbox 863 2776 1040 2829; x_wconf 84' lang='lat' dir='ltr'><strong>dicere</strong></span> <span class='ocrx_word' id='word_1_324' title='bbox 1084 2775 1362 2828; x_wconf 89' lang='lat' dir='ltr'><strong>debemus.</strong></span> <span class='ocrx_word' id='word_1_325' title='bbox 1397 2792 1416 2823; x_wconf 72' lang='grc' dir='ltr'>ι</span> <span class='ocrx_word' id='word_1_326' title='bbox 1441 2774 1507 2826; x_wconf 85' lang='grc' dir='ltr'><strong>Ει</strong></span> <span class='ocrx_word' id='word_1_327' title='bbox 1528 2773 1734 2826; x_wconf 90' lang='lat' dir='ltr'><strong>locutus</strong></span> <span class='ocrx_word' id='word_1_328' title='bbox 1757 2782 1858 2838; x_wconf 86' lang='lat' dir='ltr'><strong>est,</strong></span> 
     </span>
    </p>
   </div>
   <div class='ocr_carea' id='block_1_44' title="bbox 327 2861 1861 2932">
    <p class='ocr_par' dir='ltr' id='par_1_44' title="bbox 327 2861 1861 2932">
     <span class='ocr_line' id='line_1_44' title="bbox 327 2861 1861 2932; baseline -0.002 -16"><span class='ocrx_word' id='word_1_329' title='bbox 327 2863 500 2932; x_wconf 87' lang='lat' dir='ltr'><strong>inquit</strong></span> <span class='ocrx_word' id='word_1_330' title='bbox 528 2863 595 2926; x_wconf 81' lang='grc'><strong>³⁸,</strong></span> <span class='ocrx_word' id='word_1_331' title='bbox 627 2863 883 2916; x_wconf 90' lang='lat' dir='ltr'><strong>Dominus</strong></span> <span class='ocrx_word' id='word_1_332' title='bbox 908 2863 974 2915; x_wconf 90' lang='lat' dir='ltr'><strong>ad</strong></span> <span class='ocrx_word' id='word_1_333' title='bbox 1009 2861 1247 2931; x_wconf 81' lang='lat' dir='ltr'><strong>Moysen,</strong></span> <span class='ocrx_word' id='word_1_334' title='bbox 1274 2862 1479 2924; x_wconf 90' lang='lat' dir='ltr'><strong>dicens,</strong></span> <span class='ocrx_word' id='word_1_335' title='bbox 1500 2865 1686 2916; x_wconf 89' lang='lat' dir='ltr'><strong>Anima</strong></span> <span class='ocrx_word' id='word_1_336' title='bbox 1716 2875 1861 2928; x_wconf 68' lang='lat' dir='ltr'><strong>quaa-</strong></span> 
     </span>
    </p>
   </div>
   <div class='ocr_carea' id='block_1_45' title="bbox 329 2953 1858 3024">
    <p class='ocr_par' dir='ltr' id='par_1_45' title="bbox 329 2953 1858 3024">
     <span class='ocr_line' id='line_1_45' title="bbox 329 2953 1858 3024; baseline -0.003 -16"><span class='ocrx_word' id='word_1_337' title='bbox 329 2970 534 3024; x_wconf 82' lang='lat' dir='ltr'><strong>cnnque</strong></span> <span class='ocrx_word' id='word_1_338' title='bbox 560 2955 883 3023; x_wconf 85' lang='lat' dir='ltr'><strong>peccaverit,</strong></span> <span class='ocrx_word' id='word_1_339' title='bbox 923 2962 976 3008; x_wconf 90' lang='lat' dir='ltr'><strong>et</strong></span> <span class='ocrx_word' id='word_1_340' title='bbox 1021 2955 1333 3020; x_wconf 82' lang='lat' dir='ltr'><strong>praeteriens</strong></span> <span class='ocrx_word' id='word_1_341' title='bbox 1369 2953 1686 3021; x_wconf 55' lang='lat' dir='ltr'><strong>praeterierit</strong></span> <span class='ocrx_word' id='word_1_342' title='bbox 1721 2967 1858 3016; x_wconf 81' lang='lat' dir='ltr'><strong>prae-</strong></span> 
     </span>
    </p>
   </div>
   <div class='ocr_carea' id='block_1_46' title="bbox 1957 1849 3726 1928">
    <p class='ocr_par' dir='ltr' id='par_1_46' title="bbox 1957 1849 3726 1928">
     <span class='ocr_line' id='line_1_46' title="bbox 1957 1849 3726 1928; baseline -0.008 -15"><span class='ocrx_word' id='word_1_343' title='bbox 1957 1870 2010 1914; x_wconf 93' lang='lat' dir='ltr'><strong>et</strong></span> <span class='ocrx_word' id='word_1_344' title='bbox 2062 1861 2230 1928; x_wconf 89' lang='lat' dir='ltr'><strong>ipsam</strong></span> <span class='ocrx_word' id='word_1_345' title='bbox 2283 1858 2519 1911; x_wconf 88' lang='lat' dir='ltr'><strong>animam</strong></span> <span class='ocrx_word' id='word_1_346' title='bbox 2557 1865 2843 1916; x_wconf 88' lang='lat' dir='ltr'><strong>nostram,</strong></span> <span class='ocrx_word' id='word_1_347' title='bbox 2891 1862 2958 1906; x_wconf 91' lang='lat' dir='ltr'><strong>et</strong></span> <span class='ocrx_word' id='word_1_348' title='bbox 3016 1865 3286 1919; x_wconf 85' lang='lat' dir='ltr'><strong>corpus</strong></span> <span class='ocrx_word' id='word_1_349' title='bbox 3355 1849 3726 1918; x_wconf 87' lang='lat' dir='ltr'><strong>depositum</strong></span> 
     </span>
    </p>
   </div>
   <div class='ocr_carea' id='block_1_47' title="bbox 1959 1940 3726 2017">
    <p class='ocr_par' dir='ltr' id='par_1_47' title="bbox 1959 1940 3726 2017">
     <span class='ocr_line' id='line_1_47' title="bbox 1959 1940 3726 2017; baseline -0.004 -16"><span class='ocrx_word' id='word_1_350' title='bbox 1959 1949 2263 2017; x_wconf 86' lang='lat' dir='ltr'><strong>accepimus</strong></span> <span class='ocrx_word' id='word_1_351' title='bbox 2295 1961 2326 1998; x_wconf 91' lang='lat' dir='ltr'><strong>a</strong></span> <span class='ocrx_word' id='word_1_352' title='bbox 2355 1947 2485 2000; x_wconf 91' lang='lat' dir='ltr'><strong>Deo.</strong></span> <span class='ocrx_word' id='word_1_353' title='bbox 2516 1945 2584 1998; x_wconf 83' lang='lat' dir='ltr'><strong>Et</strong></span> <span class='ocrx_word' id='word_1_354' title='bbox 2612 1944 2696 1996; x_wconf 86' lang='lat' dir='ltr'><strong>vis</strong></span> <span class='ocrx_word' id='word_1_355' title='bbox 2732 1943 2949 1996; x_wconf 80' lang='lat' dir='ltr'><strong>videre</strong></span> <span class='ocrx_word' id='word_1_356' title='bbox 2979 1941 3196 2010; x_wconf 83' lang='lat' dir='ltr'><strong>majus</strong></span> <span class='ocrx_word' id='word_1_357' title='bbox 3233 1941 3447 1994; x_wconf 72' lang='lat' dir='ltr'><strong>aliud</strong></span> <span class='ocrx_word' id='word_1_358' title='bbox 3476 1940 3726 2010; x_wconf 79' lang='lat' dir='ltr'><strong>deposi-</strong></span> 
     </span>
    </p>
   </div>
   <div class='ocr_carea' id='block_1_48' title="bbox 1959 2031 3725 2105">
    <p class='ocr_par' dir='ltr' id='par_1_48' title="bbox 1959 2031 3725 2105">
     <span class='ocr_line' id='line_1_48' title="bbox 1959 2031 3725 2105; baseline -0.001 -17"><span class='ocrx_word' id='word_1_359' title='bbox 1959 2048 2090 2102; x_wconf 91' lang='lat' dir='ltr'><strong>tum,</strong></span> <span class='ocrx_word' id='word_1_360' title='bbox 2116 2038 2256 2105; x_wconf 88' lang='lat' dir='ltr'><strong>quod</strong></span> <span class='ocrx_word' id='word_1_361' title='bbox 2285 2035 2540 2103; x_wconf 90' lang='lat' dir='ltr'><strong>accepisti</strong></span> <span class='ocrx_word' id='word_1_362' title='bbox 2580 2048 2612 2087; x_wconf 89' lang='lat' dir='ltr'><strong>a</strong></span> <span class='ocrx_word' id='word_1_363' title='bbox 2651 2034 2766 2088; x_wconf 92' lang='lat' dir='ltr'><strong>Deo</strong></span> <span class='ocrx_word' id='word_1_364' title='bbox 2791 2033 2817 2084; x_wconf 91' lang='lat'><strong>?</strong></span> <span class='ocrx_word' id='word_1_365' title='bbox 2878 2031 3002 2100; x_wconf 84' lang='lat' dir='ltr'><strong>Ipsi</strong></span> <span class='ocrx_word' id='word_1_366' title='bbox 3070 2033 3342 2086; x_wconf 69' lang='lat' dir='ltr'><strong>anima:</strong></span> <span class='ocrx_word' id='word_1_367' title='bbox 3392 2042 3526 2086; x_wconf 66' lang='lat' dir='ltr'><strong>tuae</strong></span> <span class='ocrx_word' id='word_1_368' title='bbox 3566 2034 3725 2086; x_wconf 85' lang='lat' dir='ltr'><strong>Deus</strong></span> 
     </span>
    </p>
   </div>
   <div class='ocr_carea' id='block_1_49' title="bbox 1960 2123 3723 2196">
    <p class='ocr_par' dir='ltr' id='par_1_49' title="bbox 1960 2123 3723 2196">
     <span class='ocr_line' id='line_1_49' title="bbox 1960 2123 3723 2196; baseline -0.004 -16"><span class='ocrx_word' id='word_1_369' title='bbox 1960 2129 2248 2196; x_wconf 84' lang='lat' dir='ltr'><strong>imaginem</strong></span> <span class='ocrx_word' id='word_1_370' title='bbox 2315 2139 2469 2177; x_wconf 90' lang='lat' dir='ltr'><strong>suam</strong></span> <span class='ocrx_word' id='word_1_371' title='bbox 2526 2132 2582 2178; x_wconf 88' lang='lat' dir='ltr'><strong>et</strong></span> <span class='ocrx_word' id='word_1_372' title='bbox 2636 2123 3103 2178; x_wconf 84' lang='lat' dir='ltr'><strong>similitudinem</strong></span> <span class='ocrx_word' id='word_1_373' title='bbox 3185 2123 3723 2176; x_wconf 76' lang='lat' dir='ltr'><strong>commendavit.</strong></span> 
     </span>
    </p>
   </div>
   <div class='ocr_carea' id='block_1_50' title="bbox 1961 2213 3727 2286">
    <p class='ocr_par' dir='ltr' id='par_1_50' title="bbox 1961 2213 3727 2286">
     <span class='ocr_line' id='line_1_50' title="bbox 1961 2213 3727 2286; baseline -0.002 -17"><span class='ocrx_word' id='word_1_374' title='bbox 1961 2217 2103 2270; x_wconf 89' lang='lat' dir='ltr'><strong>Istud</strong></span> <span class='ocrx_word' id='word_1_375' title='bbox 2130 2231 2257 2282; x_wconf 78' lang='lat' dir='ltr'><strong>ergo</strong></span> <span class='ocrx_word' id='word_1_376' title='bbox 2289 2215 2593 2282; x_wconf 88' lang='lat' dir='ltr'><strong>depositum</strong></span> <span class='ocrx_word' id='word_1_377' title='bbox 2615 2252 2630 2278; x_wconf 90' lang='lat'><strong>,</strong></span> <span class='ocrx_word' id='word_1_378' title='bbox 2663 2223 2776 2286; x_wconf 85' lang='lat' dir='ltr'><strong>tam</strong></span> <span class='ocrx_word' id='word_1_379' title='bbox 2818 2213 3141 2281; x_wconf 78' lang='lat' dir='ltr'><strong>integrum</strong></span> <span class='ocrx_word' id='word_1_380' title='bbox 3193 2213 3336 2267; x_wconf 81' lang='lat' dir='ltr'><strong>tibi</strong></span> <span class='ocrx_word' id='word_1_381' title='bbox 3380 2215 3727 2267; x_wconf 46' lang='lat' dir='ltr'><strong>restituet]-</strong></span> 
     </span>
    </p>
   </div>
   <div class='ocr_carea' id='block_1_51' title="bbox 1960 2303 3724 2376">
    <p class='ocr_par' dir='ltr' id='par_1_51' title="bbox 1960 2303 3724 2376">
     <span class='ocr_line' id='line_1_51' title="bbox 1960 2303 3724 2376; baseline -0.001 -15"><span class='ocrx_word' id='word_1_382' title='bbox 1960 2308 2082 2361; x_wconf 92' lang='lat' dir='ltr'><strong>dum</strong></span> <span class='ocrx_word' id='word_1_383' title='bbox 2103 2315 2186 2361; x_wconf 91' lang='lat' dir='ltr'><strong>est</strong></span> <span class='ocrx_word' id='word_1_384' title='bbox 2212 2304 2344 2376; x_wconf 88' lang='lat'><strong>(89),</strong></span> <span class='ocrx_word' id='word_1_385' title='bbox 2377 2320 2540 2373; x_wconf 88' lang='lat' dir='ltr'><strong>quam</strong></span> <span class='ocrx_word' id='word_1_386' title='bbox 2580 2321 2609 2356; x_wconf 86' lang='lat' dir='ltr'><strong>a</strong></span> <span class='ocrx_word' id='word_1_387' title='bbox 2639 2314 2692 2356; x_wconf 88' lang='lat' dir='ltr'><strong>te</strong></span> <span class='ocrx_word' id='word_1_388' title='bbox 2723 2313 2971 2356; x_wconf 89' lang='lat' dir='ltr'><strong>constat</strong></span> <span class='ocrx_word' id='word_1_389' title='bbox 3003 2318 3154 2358; x_wconf 78' lang='lat' dir='ltr'><strong>esse</strong></span> <span class='ocrx_word' id='word_1_390' title='bbox 3185 2316 3627 2374; x_wconf 87' lang='lat' dir='ltr'><strong>susceptum.</strong></span> <span class='ocrx_word' id='word_1_391' title='bbox 3661 2303 3724 2360; x_wconf 91' lang='lat' dir='ltr'><strong>Si</strong></span> 
     </span>
    </p>
   </div>
   <div class='ocr_carea' id='block_1_52' title="bbox 1960 2395 3730 2461">
    <p class='ocr_par' dir='ltr' id='par_1_52' title="bbox 1960 2395 3730 2461">
     <span class='ocr_line' id='line_1_52' title="bbox 1960 2395 3730 2461; baseline 0.003 -13"><span class='ocrx_word' id='word_1_392' title='bbox 1960 2397 2102 2449; x_wconf 92' lang='lat' dir='ltr'><strong>enim</strong></span> <span class='ocrx_word' id='word_1_393' title='bbox 2126 2397 2199 2450; x_wconf 83' lang='lat' dir='ltr'><strong>sis</strong></span> <span class='ocrx_word' id='word_1_394' title='bbox 2227 2396 2561 2461; x_wconf 88' lang='lat' dir='ltr'><strong>misericors,</strong></span> <span class='ocrx_word' id='word_1_395' title='bbox 2593 2397 2739 2450; x_wconf 90' lang='lat' dir='ltr'><strong>sicut</strong></span> <span class='ocrx_word' id='word_1_396' title='bbox 2769 2395 2959 2448; x_wconf 88' lang='lat' dir='ltr'><strong>Pater</strong></span> <span class='ocrx_word' id='word_1_397' title='bbox 2993 2405 3149 2449; x_wconf 88' lang='lat' dir='ltr'><strong>tuus</strong></span> <span class='ocrx_word' id='word_1_398' title='bbox 3186 2396 3262 2449; x_wconf 82' lang='lat' dir='ltr'><strong>in</strong></span> <span class='ocrx_word' id='word_1_399' title='bbox 3312 2398 3514 2451; x_wconf 70' lang='lat' dir='ltr'><strong>caelis</strong></span> <span class='ocrx_word' id='word_1_400' title='bbox 3545 2399 3730 2453; x_wconf 79' lang='lat' dir='ltr'><strong>mise-</strong></span> 
     </span>
    </p>
   </div>
   <div class='ocr_carea' id='block_1_53' title="bbox 1962 2487 3729 2561">
    <p class='ocr_par' dir='ltr' id='par_1_53' title="bbox 1962 2487 3729 2561">
     <span class='ocr_line' id='line_1_53' title="bbox 1962 2487 3729 2561; baseline 0.003 -22"><span class='ocrx_word' id='word_1_401' title='bbox 1962 2488 2136 2540; x_wconf 86' lang='lat' dir='ltr'><strong>ricors</strong></span> <span class='ocrx_word' id='word_1_402' title='bbox 2171 2495 2278 2548; x_wconf 91' lang='lat' dir='ltr'><strong>est,</strong></span> <span class='ocrx_word' id='word_1_403' title='bbox 2321 2487 2500 2554; x_wconf 80' lang='lat' dir='ltr'><strong>imago</strong></span> <span class='ocrx_word' id='word_1_404' title='bbox 2535 2487 2632 2540; x_wconf 91' lang='lat' dir='ltr'><strong>Dei</strong></span> <span class='ocrx_word' id='word_1_405' title='bbox 2669 2488 2727 2540; x_wconf 92' lang='lat' dir='ltr'><strong>in</strong></span> <span class='ocrx_word' id='word_1_406' title='bbox 2767 2496 2823 2541; x_wconf 93' lang='lat' dir='ltr'><strong>te</strong></span> <span class='ocrx_word' id='word_1_407' title='bbox 2857 2496 2992 2553; x_wconf 87' lang='lat' dir='ltr'><strong>est,</strong></span> <span class='ocrx_word' id='word_1_408' title='bbox 3030 2497 3097 2540; x_wconf 90' lang='lat' dir='ltr'><strong>et</strong></span> <span class='ocrx_word' id='word_1_409' title='bbox 3137 2488 3504 2556; x_wconf 84' lang='lat' dir='ltr'><strong>integrum</strong></span> <span class='ocrx_word' id='word_1_410' title='bbox 3541 2491 3729 2561; x_wconf 79' lang='lat' dir='ltr'><strong>depo-</strong></span> 
     </span>
    </p>
   </div>
   <div class='ocr_carea' id='block_1_54' title="bbox 1961 2575 3726 2644">
    <p class='ocr_par' dir='ltr' id='par_1_54' title="bbox 1961 2575 3726 2644">
     <span class='ocr_line' id='line_1_54' title="bbox 1961 2575 3726 2644; baseline 0.003 -13"><span class='ocrx_word' id='word_1_411' title='bbox 1961 2578 2121 2631; x_wconf 90' lang='lat' dir='ltr'><strong>situm</strong></span> <span class='ocrx_word' id='word_1_412' title='bbox 2152 2591 2358 2630; x_wconf 73' lang='lat' dir='ltr'><strong>servas.</strong></span> <span class='ocrx_word' id='word_1_413' title='bbox 2410 2575 2465 2628; x_wconf 91' lang='lat' dir='ltr'><strong>Si</strong></span> <span class='ocrx_word' id='word_1_414' title='bbox 2514 2575 2799 2644; x_wconf 80' lang='lat' dir='ltr'><strong>perfectus</strong></span> <span class='ocrx_word' id='word_1_415' title='bbox 2828 2592 2920 2642; x_wconf 86' lang='lat' dir='ltr'><strong>es,</strong></span> <span class='ocrx_word' id='word_1_416' title='bbox 2965 2577 3144 2630; x_wconf 87' lang='lat' dir='ltr'><strong>sicut</strong></span> <span class='ocrx_word' id='word_1_417' title='bbox 3192 2576 3422 2632; x_wconf 76' lang='lat' dir='ltr'><strong>Pater</strong></span> <span class='ocrx_word' id='word_1_418' title='bbox 3475 2590 3626 2637; x_wconf 90' lang='lat' dir='ltr'><strong>tuus</strong></span> <span class='ocrx_word' id='word_1_419' title='bbox 3667 2584 3726 2636; x_wconf 91' lang='lat' dir='ltr'><strong>in</strong></span> 
     </span>
    </p>
   </div>
   <div class='ocr_carea' id='block_1_55' title="bbox 1961 2665 3728 2745">
    <p class='ocr_par' dir='ltr' id='par_1_55' title="bbox 1961 2665 3728 2745">
     <span class='ocr_line' id='line_1_55' title="bbox 1961 2665 3728 2745; baseline 0.005 -25"><span class='ocrx_word' id='word_1_420' title='bbox 1961 2666 2113 2720; x_wconf 69' lang='lat' dir='ltr'><strong>coalis</strong></span> <span class='ocrx_word' id='word_1_421' title='bbox 2145 2665 2415 2733; x_wconf 80' lang='lat' dir='ltr'><strong>perfectus</strong></span> <span class='ocrx_word' id='word_1_422' title='bbox 2453 2675 2574 2729; x_wconf 85' lang='lat' dir='ltr'><strong>est,</strong></span> <span class='ocrx_word' id='word_1_423' title='bbox 2614 2665 2891 2733; x_wconf 84' lang='lat' dir='ltr'><strong>imaginis</strong></span> <span class='ocrx_word' id='word_1_424' title='bbox 2945 2668 3057 2722; x_wconf 89' lang='lat' dir='ltr'><strong>Dei</strong></span> <span class='ocrx_word' id='word_1_425' title='bbox 3107 2669 3183 2726; x_wconf 85' lang='lat' dir='ltr'><strong>in</strong></span> <span class='ocrx_word' id='word_1_426' title='bbox 3235 2683 3316 2729; x_wconf 82' lang='lat' dir='ltr'><strong>te</strong></span> <span class='ocrx_word' id='word_1_427' title='bbox 3365 2674 3728 2745; x_wconf 85' lang='lat' dir='ltr'><strong>depositum</strong></span> 
     </span>
    </p>
   </div>
   <div class='ocr_carea' id='block_1_56' title="bbox 1964 2753 3730 2834">
    <p class='ocr_par' dir='ltr' id='par_1_56' title="bbox 1964 2753 3730 2834">
     <span class='ocr_line' id='line_1_56' title="bbox 1964 2753 3730 2834; baseline 0.006 -26"><span class='ocrx_word' id='word_1_428' title='bbox 1964 2765 2163 2808; x_wconf 90' lang='lat' dir='ltr'><strong>manet.</strong></span> <span class='ocrx_word' id='word_1_429' title='bbox 2191 2753 2453 2809; x_wconf 88' lang='lat' dir='ltr'><strong>Similiter</strong></span> <span class='ocrx_word' id='word_1_430' title='bbox 2480 2764 2534 2809; x_wconf 93' lang='lat' dir='ltr'><strong>et</strong></span> <span class='ocrx_word' id='word_1_431' title='bbox 2565 2764 2773 2810; x_wconf 64' lang='lat' dir='ltr'><strong>caetera</strong></span> <span class='ocrx_word' id='word_1_432' title='bbox 2805 2761 3019 2815; x_wconf 87' lang='lat' dir='ltr'><strong>omnia</strong></span> <span class='ocrx_word' id='word_1_433' title='bbox 3048 2801 3066 2826; x_wconf 91' lang='lat'><strong>,</strong></span> <span class='ocrx_word' id='word_1_434' title='bbox 3102 2765 3167 2818; x_wconf 88' lang='lat' dir='ltr'><strong>si</strong></span> <span class='ocrx_word' id='word_1_435' title='bbox 3207 2765 3408 2832; x_wconf 80' lang='lat' dir='ltr'><strong>pius,</strong></span> <span class='ocrx_word' id='word_1_436' title='bbox 3442 2767 3500 2820; x_wconf 89' lang='lat' dir='ltr'><strong>si</strong></span> <span class='ocrx_word' id='word_1_437' title='bbox 3526 2766 3730 2834; x_wconf 86' lang='lat' dir='ltr'><strong>justus</strong></span> 
     </span>
    </p>
   </div>
   <div class='ocr_carea' id='block_1_57' title="bbox 1963 2847 3732 2928">
    <p class='ocr_par' dir='ltr' id='par_1_57' title="bbox 1963 2847 3732 2928">
     <span class='ocr_line' id='line_1_57' title="bbox 1963 2847 3732 2928; baseline 0.008 -29"><span class='ocrx_word' id='word_1_438' title='bbox 1963 2861 2042 2910; x_wconf 91' lang='lat' dir='ltr'><strong>es,</strong></span> <span class='ocrx_word' id='word_1_439' title='bbox 2073 2847 2116 2899; x_wconf 87' lang='lat' dir='ltr'><strong>si</strong></span> <span class='ocrx_word' id='word_1_440' title='bbox 2156 2855 2397 2911; x_wconf 88' lang='lat' dir='ltr'><strong>sanctus,</strong></span> <span class='ocrx_word' id='word_1_441' title='bbox 2429 2847 2472 2899; x_wconf 92' lang='lat' dir='ltr'><strong>si</strong></span> <span class='ocrx_word' id='word_1_442' title='bbox 2501 2847 2746 2904; x_wconf 88' lang='lat' dir='ltr'><strong>mundus</strong></span> <span class='ocrx_word' id='word_1_443' title='bbox 2787 2852 3027 2917; x_wconf 88' lang='lat' dir='ltr'><strong>corde;</strong></span> <span class='ocrx_word' id='word_1_444' title='bbox 3076 2865 3147 2909; x_wconf 90' lang='lat' dir='ltr'><strong>et</strong></span> <span class='ocrx_word' id='word_1_445' title='bbox 3211 2858 3460 2912; x_wconf 84' lang='lat' dir='ltr'><strong>omnia</strong></span> <span class='ocrx_word' id='word_1_446' title='bbox 3503 2872 3643 2928; x_wconf 79' lang='lat' dir='ltr'><strong>qua:</strong></span> <span class='ocrx_word' id='word_1_447' title='bbox 3671 2857 3732 2911; x_wconf 86' lang='lat' dir='ltr'><strong>in</strong></span> 
     </span>
    </p>
   </div>
   <div class='ocr_carea' id='block_1_58' title="bbox 1968 2939 3730 3018">
    <p class='ocr_par' dir='ltr' id='par_1_58' title="bbox 1968 2939 3730 3018">
     <span class='ocr_line' id='line_1_58' title="bbox 1968 2939 3730 3018; baseline -0.002 -27"><span class='ocrx_word' id='word_1_448' title='bbox 1968 2939 2076 2992; x_wconf 90' lang='lat' dir='ltr'><strong>Deo</strong></span> <span class='ocrx_word' id='word_1_449' title='bbox 2115 2947 2308 3006; x_wconf 65' lang='lat' dir='ltr'><strong>praesto</strong></span> <span class='ocrx_word' id='word_1_450' title='bbox 2352 2945 2478 2990; x_wconf 88' lang='lat' dir='ltr'><strong>sunt</strong></span> <span class='ocrx_word' id='word_1_451' title='bbox 2521 2951 2620 3005; x_wconf 88' lang='lat' dir='ltr'><strong>per</strong></span> <span class='ocrx_word' id='word_1_452' title='bbox 2650 2948 2954 3006; x_wconf 86' lang='lat' dir='ltr'><strong>naturam,</strong></span> <span class='ocrx_word' id='word_1_453' title='bbox 3000 2945 3054 2998; x_wconf 89' lang='lat' dir='ltr'><strong>si</strong></span> <span class='ocrx_word' id='word_1_454' title='bbox 3116 2947 3249 3002; x_wconf 83' lang='lat' dir='ltr'><strong>tibi</strong></span> <span class='ocrx_word' id='word_1_455' title='bbox 3321 2965 3448 3018; x_wconf 72' lang='lat' dir='ltr'><strong>per</strong></span> <span class='ocrx_word' id='word_1_456' title='bbox 3522 2949 3730 3004; x_wconf 72' lang='grc' dir='ltr'><strong>ῑιηῑω-</strong></span> 
     </span>
    </p>
   </div>
   <div class='ocr_carea' id='block_1_59' title="bbox 329 3026 1873 3126">
    <p class='ocr_par' dir='ltr' id='par_1_59' title="bbox 329 3041 1858 3110">
     <span class='ocr_line' id='line_1_59' title="bbox 329 3041 1858 3110; baseline -0.001 -16"><span class='ocrx_word' id='word_1_457' title='bbox 329 3051 482 3110; x_wconf 73' lang='lat' dir='ltr'><strong>cepta</strong></span> <span class='ocrx_word' id='word_1_458' title='bbox 511 3041 742 3106; x_wconf 85' lang='lat' dir='ltr'><strong>Domini,</strong></span> <span class='ocrx_word' id='word_1_459' title='bbox 769 3050 822 3094; x_wconf 89' lang='lat' dir='ltr'><strong>et</strong></span> <span class='ocrx_word' id='word_1_460' title='bbox 848 3041 1128 3094; x_wconf 89' lang='lat' dir='ltr'><strong>mentietur</strong></span> <span class='ocrx_word' id='word_1_461' title='bbox 1147 3043 1391 3106; x_wconf 79' lang='lat' dir='ltr'><strong>proximo</strong></span> <span class='ocrx_word' id='word_1_462' title='bbox 1413 3057 1574 3109; x_wconf 81' lang='lat' dir='ltr'><strong>super</strong></span> <span class='ocrx_word' id='word_1_463' title='bbox 1597 3043 1858 3109; x_wconf 88' lang='lat' dir='ltr'><strong>deposito,</strong></span> 
     </span>
    </p>
   </div>
   <div class='ocr_carea' id='block_1_60' title="bbox 1977 3026 3732 3126">
    <p class='ocr_par' dir='ltr' id='par_1_60' title="bbox 1977 3026 3732 3104">
     <span class='ocr_line' id='line_1_60' title="bbox 1977 3026 3732 3104; baseline 0.002 -23"><span class='ocrx_word' id='word_1_464' title='bbox 1977 3029 2163 3081; x_wconf 79' lang='lat' dir='ltr'><strong>tionem</strong></span> <span class='ocrx_word' id='word_1_465' title='bbox 2242 3026 2594 3089; x_wconf 88' lang='lat' dir='ltr'><strong>subsistant,</strong></span> <span class='ocrx_word' id='word_1_466' title='bbox 2665 3028 3007 3095; x_wconf 87' lang='lat' dir='ltr'><strong>depositum</strong></span> <span class='ocrx_word' id='word_1_467' title='bbox 3089 3040 3285 3104; x_wconf 82' lang='lat' dir='ltr'><strong>apud</strong></span> <span class='ocrx_word' id='word_1_468' title='bbox 3373 3051 3442 3094; x_wconf 71' lang='grc' dir='ltr'>ιθ</span> <span class='ocrx_word' id='word_1_469' title='bbox 3509 3041 3732 3096; x_wconf 59' lang='lat' dir='ltr'><strong>diving</strong></span> 
     </span>
    </p>
   </div>
   <div class='ocr_carea' id='block_1_61' title="bbox 331 3131 1868 3200">
    <p class='ocr_par' dir='ltr' id='par_1_61' title="bbox 331 3131 1868 3200">
     <span class='ocr_line' id='line_1_61' title="bbox 331 3131 1868 3200; baseline 0.001 -15"><span class='ocrx_word' id='word_1_470' title='bbox 331 3144 420 3186; x_wconf 82' lang='lat' dir='ltr'><strong>aut</strong></span> <span class='ocrx_word' id='word_1_471' title='bbox 455 3133 730 3196; x_wconf 90' lang='lat' dir='ltr'><strong>societate,</strong></span> <span class='ocrx_word' id='word_1_472' title='bbox 756 3140 848 3184; x_wconf 87' lang='lat' dir='ltr'><strong>aut</strong></span> <span class='ocrx_word' id='word_1_473' title='bbox 872 3131 1055 3197; x_wconf 90' lang='lat' dir='ltr'><strong>rapina</strong></span> <span class='ocrx_word' id='word_1_474' title='bbox 1081 3147 1094 3182; x_wconf 93' lang='lat'>:</span> <span class='ocrx_word' id='word_1_475' title='bbox 1123 3141 1218 3184; x_wconf 91' lang='lat' dir='ltr'><strong>aut</strong></span> <span class='ocrx_word' id='word_1_476' title='bbox 1247 3132 1427 3185; x_wconf 90' lang='lat' dir='ltr'><strong>nocuit</strong></span> <span class='ocrx_word' id='word_1_477' title='bbox 1456 3131 1653 3200; x_wconf 89' lang='lat' dir='ltr'><strong>aliquid</strong></span> <span class='ocrx_word' id='word_1_478' title='bbox 1688 3134 1868 3199; x_wconf 78' lang='lat' dir='ltr'><strong>proxi-</strong></span> 
     </span>
    </p>
   </div>
   <div class='ocr_carea' id='block_1_62' title="bbox 333 3220 1865 3287">
    <p class='ocr_par' dir='ltr' id='par_1_62' title="bbox 333 3220 1865 3287">
     <span class='ocr_line' id='line_1_62' title="bbox 333 3220 1865 3287; baseline 0 -13"><span class='ocrx_word' id='word_1_479' title='bbox 333 3236 441 3287; x_wconf 88' lang='lat' dir='ltr'><strong>mo,</strong></span> <span class='ocrx_word' id='word_1_480' title='bbox 487 3229 580 3275; x_wconf 89' lang='lat' dir='ltr'><strong>aut</strong></span> <span class='ocrx_word' id='word_1_481' title='bbox 618 3221 823 3274; x_wconf 86' lang='lat' dir='ltr'><strong>invenit</strong></span> <span class='ocrx_word' id='word_1_482' title='bbox 855 3220 1232 3287; x_wconf 89' lang='lat' dir='ltr'><strong>perditionem,</strong></span> <span class='ocrx_word' id='word_1_483' title='bbox 1284 3228 1336 3274; x_wconf 92' lang='lat' dir='ltr'><strong>et</strong></span> <span class='ocrx_word' id='word_1_484' title='bbox 1365 3221 1652 3273; x_wconf 88' lang='lat' dir='ltr'><strong>mentietur</strong></span> <span class='ocrx_word' id='word_1_485' title='bbox 1686 3223 1751 3274; x_wconf 91' lang='lat' dir='ltr'><strong>de</strong></span> <span class='ocrx_word' id='word_1_486' title='bbox 1780 3237 1865 3285; x_wconf 89' lang='lat' dir='ltr'><strong>ea,</strong></span> 
     </span>
    </p>
   </div>
   <div class='ocr_carea' id='block_1_63' title="bbox 334 3307 1870 3378">
    <p class='ocr_par' dir='ltr' id='par_1_63' title="bbox 334 3307 1870 3378">
     <span class='ocr_line' id='line_1_63' title="bbox 334 3307 1870 3378; baseline -0.002 -16"><span class='ocrx_word' id='word_1_487' title='bbox 334 3320 426 3363; x_wconf 87' lang='lat' dir='ltr'><strong>aut</strong></span> <span class='ocrx_word' id='word_1_488' title='bbox 451 3309 712 3378; x_wconf 84' lang='lat' dir='ltr'><strong>juraverit</strong></span> <span class='ocrx_word' id='word_1_489' title='bbox 745 3309 924 3376; x_wconf 89' lang='lat' dir='ltr'><strong>inique</strong></span> <span class='ocrx_word' id='word_1_490' title='bbox 967 3309 1032 3362; x_wconf 81' lang='lat' dir='ltr'><strong>de</strong></span> <span class='ocrx_word' id='word_1_491' title='bbox 1077 3323 1185 3360; x_wconf 87' lang='lat' dir='ltr'><strong>uno</strong></span> <span class='ocrx_word' id='word_1_492' title='bbox 1229 3307 1295 3360; x_wconf 84' lang='lat' dir='ltr'><strong>ab</strong></span> <span class='ocrx_word' id='word_1_493' title='bbox 1329 3307 1576 3361; x_wconf 90' lang='lat' dir='ltr'><strong>omnibus</strong></span> <span class='ocrx_word' id='word_1_494' title='bbox 1618 3323 1870 3375; x_wconf 69' lang='lat' dir='ltr'><strong>quaecun-</strong></span> 
     </span>
    </p>
   </div>
   <div class='ocr_carea' id='block_1_64' title="bbox 336 3395 1866 3465">
    <p class='ocr_par' dir='ltr' id='par_1_64' title="bbox 336 3395 1866 3465">
     <span class='ocr_line' id='line_1_64' title="bbox 336 3395 1866 3465; baseline -0.001 -16"><span class='ocrx_word' id='word_1_495' title='bbox 336 3413 438 3465; x_wconf 84' lang='lat' dir='ltr'><strong>que</strong></span> <span class='ocrx_word' id='word_1_496' title='bbox 487 3396 676 3452; x_wconf 81' lang='lat' dir='ltr'><strong>fecerit</strong></span> <span class='ocrx_word' id='word_1_497' title='bbox 719 3397 901 3462; x_wconf 88' lang='lat' dir='ltr'><strong>homo,</strong></span> <span class='ocrx_word' id='word_1_498' title='bbox 948 3403 1006 3448; x_wconf 93' lang='lat' dir='ltr'><strong>ut</strong></span> <span class='ocrx_word' id='word_1_499' title='bbox 1043 3404 1230 3464; x_wconf 90' lang='lat' dir='ltr'><strong>peccet</strong></span> <span class='ocrx_word' id='word_1_500' title='bbox 1270 3395 1324 3448; x_wconf 92' lang='lat' dir='ltr'><strong>in</strong></span> <span class='ocrx_word' id='word_1_501' title='bbox 1375 3397 1456 3450; x_wconf 89' lang='lat' dir='ltr'><strong>his</strong></span> <span class='ocrx_word' id='word_1_502' title='bbox 1487 3415 1498 3448; x_wconf 93' lang='lat'>:</span> <span class='ocrx_word' id='word_1_503' title='bbox 1529 3406 1583 3450; x_wconf 91' lang='lat' dir='ltr'><strong>et</strong></span> <span class='ocrx_word' id='word_1_504' title='bbox 1619 3397 1722 3448; x_wconf 89' lang='lat' dir='ltr'><strong>erit</strong></span> <span class='ocrx_word' id='word_1_505' title='bbox 1748 3409 1866 3449; x_wconf 90' lang='lat' dir='ltr'><strong>cum</strong></span> 
     </span>
    </p>
   </div>
   <div class='ocr_carea' id='block_1_65' title="bbox 334 3487 1868 3558">
    <p class='ocr_par' dir='ltr' id='par_1_65' title="bbox 334 3487 1868 3558">
     <span class='ocr_line' id='line_1_65' title="bbox 334 3487 1868 3558; baseline -0.002 -18"><span class='ocrx_word' id='word_1_506' title='bbox 334 3491 658 3558; x_wconf 76' lang='lat' dir='ltr'><strong>peccaverit,</strong></span> <span class='ocrx_word' id='word_1_507' title='bbox 686 3499 739 3543; x_wconf 92' lang='lat' dir='ltr'><strong>et</strong></span> <span class='ocrx_word' id='word_1_508' title='bbox 777 3487 1085 3557; x_wconf 86' lang='lat' dir='ltr'><strong>deliquerit,</strong></span> <span class='ocrx_word' id='word_1_509' title='bbox 1124 3495 1180 3540; x_wconf 91' lang='lat' dir='ltr'><strong>et</strong></span> <span class='ocrx_word' id='word_1_510' title='bbox 1218 3487 1406 3542; x_wconf 89' lang='lat' dir='ltr'><strong>reddet</strong></span> <span class='ocrx_word' id='word_1_511' title='bbox 1439 3491 1678 3556; x_wconf 88' lang='lat' dir='ltr'><strong>rapinam</strong></span> <span class='ocrx_word' id='word_1_512' title='bbox 1708 3501 1868 3554; x_wconf 89' lang='lat' dir='ltr'><strong>quam</strong></span> 
     </span>
    </p>
   </div>
   <div class='ocr_carea' id='block_1_66' title="bbox 337 3575 1868 3647">
    <p class='ocr_par' dir='ltr' id='par_1_66' title="bbox 337 3575 1868 3647">
     <span class='ocr_line' id='line_1_66' title="bbox 337 3575 1868 3647; baseline -0.005 -15"><span class='ocrx_word' id='word_1_513' title='bbox 337 3579 531 3647; x_wconf 87' lang='lat' dir='ltr'><strong>rapuit,</strong></span> <span class='ocrx_word' id='word_1_514' title='bbox 579 3585 672 3631; x_wconf 90' lang='lat' dir='ltr'><strong>aut</strong></span> <span class='ocrx_word' id='word_1_515' title='bbox 718 3576 967 3642; x_wconf 90' lang='lat' dir='ltr'><strong>injuriam</strong></span> <span class='ocrx_word' id='word_1_516' title='bbox 1020 3589 1122 3640; x_wconf 89' lang='lat' dir='ltr'><strong>qua</strong></span> <span class='ocrx_word' id='word_1_517' title='bbox 1177 3576 1380 3639; x_wconf 88' lang='lat' dir='ltr'><strong>nocuit,</strong></span> <span class='ocrx_word' id='word_1_518' title='bbox 1439 3583 1531 3628; x_wconf 91' lang='lat' dir='ltr'><strong>aut</strong></span> <span class='ocrx_word' id='word_1_519' title='bbox 1572 3575 1868 3642; x_wconf 89' lang='lat' dir='ltr'><strong>depositum</strong></span> 
     </span>
    </p>
   </div>
   <div class='ocr_carea' id='block_1_67' title="bbox 332 3661 1868 3737">
    <p class='ocr_par' dir='ltr' id='par_1_67' title="bbox 332 3661 1868 3737">
     <span class='ocr_line' id='line_1_67' title="bbox 332 3661 1868 3737; baseline -0.003 -17"><span class='ocrx_word' id='word_1_520' title='bbox 332 3669 472 3737; x_wconf 86' lang='lat' dir='ltr'><strong>quod</strong></span> <span class='ocrx_word' id='word_1_521' title='bbox 509 3664 936 3721; x_wconf 83' lang='lat' dir='ltr'><strong>commendatum</strong></span> <span class='ocrx_word' id='word_1_522' title='bbox 981 3661 1090 3732; x_wconf 88' lang='lat'><strong>(87)</strong></span> <span class='ocrx_word' id='word_1_523' title='bbox 1120 3673 1203 3717; x_wconf 91' lang='lat' dir='ltr'><strong>est</strong></span> <span class='ocrx_word' id='word_1_524' title='bbox 1226 3663 1311 3727; x_wconf 89' lang='lat' dir='ltr'><strong>ei,</strong></span> <span class='ocrx_word' id='word_1_525' title='bbox 1365 3673 1457 3717; x_wconf 90' lang='lat' dir='ltr'><strong>aut</strong></span> <span class='ocrx_word' id='word_1_526' title='bbox 1496 3663 1868 3732; x_wconf 89' lang='lat' dir='ltr'><strong>perditionem,</strong></span> 
     </span>
    </p>
   </div>
   <div class='ocr_carea' id='block_1_68' title="bbox 334 3755 1869 3826">
    <p class='ocr_par' dir='ltr' id='par_1_68' title="bbox 334 3755 1869 3826">
     <span class='ocr_line' id='line_1_68' title="bbox 334 3755 1869 3826; baseline -0.003 -14"><span class='ocrx_word' id='word_1_527' title='bbox 334 3774 492 3826; x_wconf 91' lang='lat' dir='ltr'><strong>quam</strong></span> <span class='ocrx_word' id='word_1_528' title='bbox 520 3758 716 3812; x_wconf 87' lang='lat' dir='ltr'><strong>invenit</strong></span> <span class='ocrx_word' id='word_1_529' title='bbox 736 3756 802 3809; x_wconf 90' lang='lat' dir='ltr'><strong>ab</strong></span> <span class='ocrx_word' id='word_1_530' title='bbox 827 3755 970 3808; x_wconf 90' lang='lat' dir='ltr'><strong>omni</strong></span> <span class='ocrx_word' id='word_1_531' title='bbox 1000 3770 1074 3818; x_wconf 87' lang='lat' dir='ltr'><strong>re,</strong></span> <span class='ocrx_word' id='word_1_532' title='bbox 1103 3769 1199 3822; x_wconf 89' lang='lat' dir='ltr'><strong>pro</strong></span> <span class='ocrx_word' id='word_1_533' title='bbox 1221 3769 1325 3823; x_wconf 92' lang='lat' dir='ltr'><strong>qua</strong></span> <span class='ocrx_word' id='word_1_534' title='bbox 1361 3755 1626 3821; x_wconf 79' lang='lat' dir='ltr'><strong>iuraverit</strong></span> <span class='ocrx_word' id='word_1_535' title='bbox 1658 3755 1869 3820; x_wconf 85' lang='lat' dir='ltr'><strong>injuste,</strong></span> 
     </span>
    </p>
   </div>
   <div class='ocr_carea' id='block_1_69' title="bbox 337 3845 1872 3913">
    <p class='ocr_par' dir='ltr' id='par_1_69' title="bbox 337 3845 1872 3913">
     <span class='ocr_line' id='line_1_69' title="bbox 337 3845 1872 3913; baseline -0.003 -11"><span class='ocrx_word' id='word_1_536' title='bbox 337 3860 390 3902; x_wconf 90' lang='lat' dir='ltr'><strong>et</strong></span> <span class='ocrx_word' id='word_1_537' title='bbox 423 3847 667 3901; x_wconf 87' lang='lat' dir='ltr'><strong>restituet</strong></span> <span class='ocrx_word' id='word_1_538' title='bbox 695 3847 864 3912; x_wconf 79' lang='lat' dir='ltr'><strong>ipsum</strong></span> <span class='ocrx_word' id='word_1_539' title='bbox 909 3853 1086 3912; x_wconf 85' lang='lat' dir='ltr'><strong>caput,</strong></span> <span class='ocrx_word' id='word_1_540' title='bbox 1125 3855 1177 3898; x_wconf 93' lang='lat' dir='ltr'><strong>et</strong></span> <span class='ocrx_word' id='word_1_541' title='bbox 1215 3845 1430 3912; x_wconf 85' lang='lat' dir='ltr'><strong>quintas</strong></span> <span class='ocrx_word' id='word_1_542' title='bbox 1460 3845 1677 3913; x_wconf 90' lang='lat' dir='ltr'><strong>insuper</strong></span> <span class='ocrx_word' id='word_1_543' title='bbox 1709 3859 1872 3913; x_wconf 86' lang='lat' dir='ltr'><strong>auge-</strong></span> 
     </span>
    </p>
   </div>
   <div class='ocr_carea' id='block_1_70' title="bbox 338 3931 1866 4000">
    <p class='ocr_par' dir='ltr' id='par_1_70' title="bbox 338 3931 1866 4000">
     <span class='ocr_line' id='line_1_70' title="bbox 338 3931 1866 4000; baseline -0.003 -12"><span class='ocrx_word' id='word_1_544' title='bbox 338 3936 437 3997; x_wconf 88' lang='lat' dir='ltr'><strong>bit,</strong></span> <span class='ocrx_word' id='word_1_545' title='bbox 467 3945 520 3988; x_wconf 91' lang='lat' dir='ltr'><strong>et</strong></span> <span class='ocrx_word' id='word_1_546' title='bbox 544 3934 692 4000; x_wconf 85' lang='lat' dir='ltr'><strong>cujus</strong></span> <span class='ocrx_word' id='word_1_547' title='bbox 710 3943 792 3986; x_wconf 88' lang='lat' dir='ltr'><strong>est</strong></span> <span class='ocrx_word' id='word_1_548' title='bbox 815 3933 863 3986; x_wconf 89' lang='lat' dir='ltr'><strong>ei</strong></span> <span class='ocrx_word' id='word_1_549' title='bbox 893 3933 1096 3997; x_wconf 85' lang='lat' dir='ltr'><strong>reddet,</strong></span> <span class='ocrx_word' id='word_1_550' title='bbox 1121 3945 1221 4000; x_wconf 91' lang='lat' dir='ltr'><strong>qua</strong></span> <span class='ocrx_word' id='word_1_551' title='bbox 1244 3934 1329 3985; x_wconf 92' lang='lat' dir='ltr'><strong>die</strong></span> <span class='ocrx_word' id='word_1_552' title='bbox 1354 3933 1632 3985; x_wconf 90' lang='lat' dir='ltr'><strong>convictus</strong></span> <span class='ocrx_word' id='word_1_553' title='bbox 1653 3931 1866 3986; x_wconf 65' lang='lat' dir='ltr'><strong>fuerit.»</strong></span> 
     </span>
    </p>
   </div>
   <div class='ocr_carea' id='block_1_71' title="bbox 339 4020 1869 4090">
    <p class='ocr_par' dir='ltr' id='par_1_71' title="bbox 339 4020 1869 4090">
     <span class='ocr_line' id='line_1_71' title="bbox 339 4020 1869 4090; baseline -0.001 -14"><span class='ocrx_word' id='word_1_554' title='bbox 339 4023 624 4090; x_wconf 86' lang='lat' dir='ltr'><strong>llucusque</strong></span> <span class='ocrx_word' id='word_1_555' title='bbox 654 4021 866 4076; x_wconf 90' lang='lat' dir='ltr'><strong>interim</strong></span> <span class='ocrx_word' id='word_1_556' title='bbox 903 4020 1011 4090; x_wconf 79' lang='lat'><strong>(88)</strong></span> <span class='ocrx_word' id='word_1_557' title='bbox 1044 4021 1244 4088; x_wconf 87' lang='lat' dir='ltr'><strong>peccati</strong></span> <span class='ocrx_word' id='word_1_558' title='bbox 1278 4021 1482 4087; x_wconf 86' lang='lat' dir='ltr'><strong>species</strong></span> <span class='ocrx_word' id='word_1_559' title='bbox 1513 4030 1869 4089; x_wconf 87' lang='lat' dir='ltr'><strong>exponuntur,</strong></span> 
     </span>
    </p>
   </div>
   <div class='ocr_carea' id='block_1_72' title="bbox 338 4107 1868 4178">
    <p class='ocr_par' dir='ltr' id='par_1_72' title="bbox 338 4107 1868 4178">
     <span class='ocr_line' id='line_1_72' title="bbox 338 4107 1868 4178; baseline 0.001 -17"><span class='ocrx_word' id='word_1_560' title='bbox 338 4120 516 4178; x_wconf 79' lang='lat' dir='ltr'><strong>postea</strong></span> <span class='ocrx_word' id='word_1_561' title='bbox 562 4125 688 4164; x_wconf 91' lang='lat' dir='ltr'><strong>vero</strong></span> <span class='ocrx_word' id='word_1_562' title='bbox 724 4110 972 4178; x_wconf 78' lang='lat' dir='ltr'><strong>purgatio</strong></span> <span class='ocrx_word' id='word_1_563' title='bbox 1017 4109 1132 4176; x_wconf 89' lang='lat' dir='ltr'><strong>ejus</strong></span> <span class='ocrx_word' id='word_1_564' title='bbox 1179 4124 1274 4177; x_wconf 90' lang='lat' dir='ltr'><strong>per</strong></span> <span class='ocrx_word' id='word_1_565' title='bbox 1322 4107 1522 4162; x_wconf 91' lang='lat' dir='ltr'><strong>hostias</strong></span> <span class='ocrx_word' id='word_1_566' title='bbox 1552 4108 1868 4176; x_wconf 87' lang='lat' dir='ltr'><strong>imperatur.</strong></span> 
     </span>
    </p>
   </div>
   <div class='ocr_carea' id='block_1_73' title="bbox 340 4196 1874 4269">
    <p class='ocr_par' dir='ltr' id='par_1_73' title="bbox 340 4196 1874 4269">
     <span class='ocr_line' id='line_1_73' title="bbox 340 4196 1874 4269; baseline -0.001 -15"><span class='ocrx_word' id='word_1_567' title='bbox 340 4200 397 4256; x_wconf 88' lang='lat' dir='ltr'><strong>Si</strong></span> <span class='ocrx_word' id='word_1_568' title='bbox 449 4201 540 4269; x_wconf 93' lang='lat' dir='ltr'><strong>qui</strong></span> <span class='ocrx_word' id='word_1_569' title='bbox 606 4200 800 4253; x_wconf 90' lang='lat' dir='ltr'><strong>inﬁrmi</strong></span> <span class='ocrx_word' id='word_1_570' title='bbox 870 4207 995 4253; x_wconf 88' lang='lat' dir='ltr'><strong>sunt</strong></span> <span class='ocrx_word' id='word_1_571' title='bbox 1043 4208 1098 4252; x_wconf 88' lang='lat' dir='ltr'><strong>et</strong></span> <span class='ocrx_word' id='word_1_572' title='bbox 1151 4198 1434 4266; x_wconf 88' lang='lat' dir='ltr'><strong>incapaces</strong></span> <span class='ocrx_word' id='word_1_573' title='bbox 1505 4196 1874 4266; x_wconf 75' lang='lat' dir='ltr'><strong>profundioris</strong></span> 
     </span>
    </p>
   </div>
   <div class='ocr_carea' id='block_1_74' title="bbox 338 4288 1871 4358">
    <p class='ocr_par' dir='ltr' id='par_1_74' title="bbox 338 4288 1871 4358">
     <span class='ocr_line' id='line_1_74' title="bbox 338 4288 1871 4358; baseline -0.001 -16"><span class='ocrx_word' id='word_1_574' title='bbox 338 4289 601 4358; x_wconf 84' lang='lat' dir='ltr'><strong>mysterii,</strong></span> <span class='ocrx_word' id='word_1_575' title='bbox 640 4290 968 4344; x_wconf 68' lang='lat' dir='ltr'><strong>aediﬁcentur</strong></span> <span class='ocrx_word' id='word_1_576' title='bbox 997 4302 1063 4342; x_wconf 78' lang='lat' dir='ltr'><strong>ex</strong></span> <span class='ocrx_word' id='word_1_577' title='bbox 1095 4288 1299 4351; x_wconf 89' lang='lat' dir='ltr'><strong>littera,</strong></span> <span class='ocrx_word' id='word_1_578' title='bbox 1345 4296 1400 4341; x_wconf 91' lang='lat' dir='ltr'><strong>et</strong></span> <span class='ocrx_word' id='word_1_579' title='bbox 1431 4289 1608 4341; x_wconf 89' lang='lat' dir='ltr'><strong>sciant</strong></span> <span class='ocrx_word' id='word_1_580' title='bbox 1657 4289 1786 4355; x_wconf 85' lang='lat' dir='ltr'><strong>quia</strong></span> <span class='ocrx_word' id='word_1_581' title='bbox 1825 4289 1871 4342; x_wconf 93' lang='lat' dir='ltr'><strong>si</strong></span> 
     </span>
    </p>
   </div>
   <div class='ocr_carea' id='block_1_75' title="bbox 1968 3114 3733 3201">
    <p class='ocr_par' dir='ltr' id='par_1_75' title="bbox 1968 3114 3733 3201">
     <span class='ocr_line' id='line_1_75' title="bbox 1968 3114 3733 3201; baseline 0.008 -32"><span class='ocrx_word' id='word_1_582' title='bbox 1968 3115 2215 3185; x_wconf 79' lang='lat' dir='ltr'><strong>imaginis</strong></span> <span class='ocrx_word' id='word_1_583' title='bbox 2263 3114 2468 3168; x_wconf 89' lang='lat' dir='ltr'><strong>salvum</strong></span> <span class='ocrx_word' id='word_1_584' title='bbox 2525 3124 2633 3168; x_wconf 89' lang='lat' dir='ltr'><strong>est.</strong></span> <span class='ocrx_word' id='word_1_585' title='bbox 2675 3114 2736 3169; x_wconf 92' lang='lat' dir='ltr'><strong>Si</strong></span> <span class='ocrx_word' id='word_1_586' title='bbox 2787 3133 2931 3173; x_wconf 89' lang='lat' dir='ltr'><strong>vero</strong></span> <span class='ocrx_word' id='word_1_587' title='bbox 2962 3130 3375 3184; x_wconf 88' lang='lat' dir='ltr'><strong>econtrario</strong></span> <span class='ocrx_word' id='word_1_588' title='bbox 3423 3145 3616 3201; x_wconf 83' lang='lat' dir='ltr'><strong>agas,</strong></span> <span class='ocrx_word' id='word_1_589' title='bbox 3673 3142 3733 3185; x_wconf 85' lang='lat' dir='ltr'><strong>et</strong></span> 
     </span>
    </p>
   </div>
   <div class='ocr_carea' id='block_1_76' title="bbox 1968 3203 3733 3292">
    <p class='ocr_par' dir='ltr' id='par_1_76' title="bbox 1968 3203 3733 3292">
     <span class='ocr_line' id='line_1_76' title="bbox 1968 3203 3733 3292; baseline 0.011 -35"><span class='ocrx_word' id='word_1_590' title='bbox 1968 3221 2064 3274; x_wconf 91' lang='lat' dir='ltr'><strong>pro</strong></span> <span class='ocrx_word' id='word_1_591' title='bbox 2123 3203 2470 3292; x_wconf 84' lang='lat' dir='ltr'><strong>misericorde</strong></span> <span class='ocrx_word' id='word_1_592' title='bbox 2522 3208 2795 3272; x_wconf 86' lang='lat' dir='ltr'><strong>crudelis,</strong></span> <span class='ocrx_word' id='word_1_593' title='bbox 2861 3225 2974 3277; x_wconf 90' lang='lat' dir='ltr'><strong>pro</strong></span> <span class='ocrx_word' id='word_1_594' title='bbox 3043 3215 3165 3282; x_wconf 89' lang='lat' dir='ltr'><strong>pio</strong></span> <span class='ocrx_word' id='word_1_595' title='bbox 3251 3217 3551 3288; x_wconf 86' lang='lat' dir='ltr'><strong>impius,</strong></span> <span class='ocrx_word' id='word_1_596' title='bbox 3622 3237 3733 3292; x_wconf 87' lang='lat' dir='ltr'><strong>pro</strong></span> 
     </span>
    </p>
   </div>
   <div class='ocr_carea' id='block_1_77' title="bbox 1968 3291 3734 3379">
    <p class='ocr_par' dir='ltr' id='par_1_77' title="bbox 1968 3291 3734 3379">
     <span class='ocr_line' id='line_1_77' title="bbox 1968 3291 3734 3379; baseline 0.011 -33"><span class='ocrx_word' id='word_1_597' title='bbox 1968 3294 2199 3362; x_wconf 76' lang='lat' dir='ltr'><strong>benigno</strong></span> <span class='ocrx_word' id='word_1_598' title='bbox 2255 3291 2548 3357; x_wconf 88' lang='lat' dir='ltr'><strong>violentus,</strong></span> <span class='ocrx_word' id='word_1_599' title='bbox 2610 3309 2714 3364; x_wconf 89' lang='lat' dir='ltr'><strong>pro</strong></span> <span class='ocrx_word' id='word_1_600' title='bbox 2775 3298 2984 3366; x_wconf 88' lang='lat' dir='ltr'><strong>quieto</strong></span> <span class='ocrx_word' id='word_1_601' title='bbox 3043 3304 3551 3376; x_wconf 85' lang='lat' dir='ltr'><strong>turbulentus,</strong></span> <span class='ocrx_word' id='word_1_602' title='bbox 3625 3291 3734 3379; x_wconf 83' lang='lat' dir='ltr'><strong>pro</strong></span> 
     </span>
    </p>
   </div>
   <div class='ocr_carea' id='block_1_78' title="bbox 1967 3382 3735 3466">
    <p class='ocr_par' dir='ltr' id='par_1_78' title="bbox 1967 3382 3735 3466">
     <span class='ocr_line' id='line_1_78' title="bbox 1967 3382 3735 3466; baseline 0.013 -32"><span class='ocrx_word' id='word_1_603' title='bbox 1967 3382 2172 3436; x_wconf 90' lang='lat' dir='ltr'><strong>liberali</strong></span> <span class='ocrx_word' id='word_1_604' title='bbox 2220 3391 2408 3449; x_wconf 88' lang='lat' dir='ltr'><strong>raptor</strong></span> <span class='ocrx_word' id='word_1_605' title='bbox 2439 3384 2704 3449; x_wconf 80' lang='lat' dir='ltr'><strong>exsistas,</strong></span> <span class='ocrx_word' id='word_1_606' title='bbox 2741 3388 2977 3455; x_wconf 88' lang='lat' dir='ltr'><strong>abjecta</strong></span> <span class='ocrx_word' id='word_1_607' title='bbox 3038 3393 3361 3466; x_wconf 81' lang='lat' dir='ltr'><strong>imagine</strong></span> <span class='ocrx_word' id='word_1_608' title='bbox 3405 3401 3524 3455; x_wconf 90' lang='lat' dir='ltr'><strong>Dei</strong></span> <span class='ocrx_word' id='word_1_609' title='bbox 3549 3441 3566 3465; x_wconf 86' lang='lat'><strong>,</strong></span> <span class='ocrx_word' id='word_1_610' title='bbox 3603 3403 3735 3456; x_wconf 84' lang='lat' dir='ltr'><strong>dia-</strong></span> 
     </span>
    </p>
   </div>
   <div class='ocr_carea' id='block_1_79' title="bbox 1968 3472 3737 3565">
    <p class='ocr_par' dir='ltr' id='par_1_79' title="bbox 1968 3472 3737 3565">
     <span class='ocr_line' id='line_1_79' title="bbox 1968 3472 3737 3565; baseline 0.014 -39"><span class='ocrx_word' id='word_1_611' title='bbox 1968 3473 2073 3526; x_wconf 94' lang='lat' dir='ltr'><strong>boli</strong></span> <span class='ocrx_word' id='word_1_612' title='bbox 2108 3473 2187 3565; x_wconf 31' lang='lat' dir='ltr'><strong>in“</strong></span> <span class='ocrx_word' id='word_1_613' title='bbox 2213 3481 2269 3565; x_wconf 79' lang='lat' dir='ltr'><strong>te</strong></span> <span class='ocrx_word' id='word_1_614' title='bbox 2304 3472 2599 3540; x_wconf 77' lang='lat' dir='ltr'><strong>imaginem</strong></span> <span class='ocrx_word' id='word_1_615' title='bbox 2647 3479 3002 3546; x_wconf 88' lang='lat' dir='ltr'><strong>suscepisti,</strong></span> <span class='ocrx_word' id='word_1_616' title='bbox 3057 3495 3128 3538; x_wconf 89' lang='lat' dir='ltr'><strong>et</strong></span> <span class='ocrx_word' id='word_1_617' title='bbox 3170 3487 3444 3546; x_wconf 83' lang='lat' dir='ltr'><strong>bonum</strong></span> <span class='ocrx_word' id='word_1_618' title='bbox 3484 3495 3737 3565; x_wconf 88' lang='lat' dir='ltr'><strong>deposi-</strong></span> 
     </span>
    </p>
   </div>
   <div class='ocr_carea' id='block_1_80' title="bbox 1973 3561 3736 3651">
    <p class='ocr_par' dir='ltr' id='par_1_80' title="bbox 1973 3561 3736 3651">
     <span class='ocr_line' id='line_1_80' title="bbox 1973 3561 3736 3651; baseline 0.014 -37"><span class='ocrx_word' id='word_1_619' title='bbox 1973 3571 2083 3615; x_wconf 91' lang='lat' dir='ltr'><strong>tum</strong></span> <span class='ocrx_word' id='word_1_620' title='bbox 2135 3561 2228 3614; x_wconf 86' lang='lat' dir='ltr'><strong>tibi</strong></span> <span class='ocrx_word' id='word_1_621' title='bbox 2277 3562 2536 3617; x_wconf 88' lang='lat' dir='ltr'><strong>divinitus</strong></span> <span class='ocrx_word' id='word_1_622' title='bbox 2588 3573 3083 3627; x_wconf 86' lang='lat' dir='ltr'><strong>commendatum</strong></span> <span class='ocrx_word' id='word_1_623' title='bbox 3147 3561 3736 3651; x_wconf 46' lang='lat' dir='ltr'><strong>abnegasti.-Aut</strong></span> 
     </span>
    </p>
   </div>
   <div class='ocr_carea' id='block_1_81' title="bbox 1970 3651 3740 3737">
    <p class='ocr_par' dir='ltr' id='par_1_81' title="bbox 1970 3651 3740 3737">
     <span class='ocr_line' id='line_1_81' title="bbox 1970 3651 3740 3737; baseline 0.015 -33"><span class='ocrx_word' id='word_1_624' title='bbox 1970 3665 2074 3704; x_wconf 88' lang='lat' dir='ltr'><strong>non</strong></span> <span class='ocrx_word' id='word_1_625' title='bbox 2100 3651 2203 3705; x_wconf 89' lang='lat' dir='ltr'><strong>hoc</strong></span> <span class='ocrx_word' id='word_1_626' title='bbox 2233 3660 2352 3705; x_wconf 91' lang='lat' dir='ltr'><strong>erat</strong></span> <span class='ocrx_word' id='word_1_627' title='bbox 2399 3656 2546 3721; x_wconf 90' lang='lat' dir='ltr'><strong>quod</strong></span> <span class='ocrx_word' id='word_1_628' title='bbox 2595 3656 2701 3710; x_wconf 90' lang='lat' dir='ltr'><strong>sub</strong></span> <span class='ocrx_word' id='word_1_629' title='bbox 2737 3663 3035 3728; x_wconf 85' lang='lat' dir='ltr'><strong>mysterio</strong></span> <span class='ocrx_word' id='word_1_630' title='bbox 3097 3669 3494 3737; x_wconf 85' lang='lat' dir='ltr'><strong>Apostolus</strong></span> <span class='ocrx_word' id='word_1_631' title='bbox 3538 3675 3740 3730; x_wconf 88' lang='lat' dir='ltr'><strong>electo</strong></span> 
     </span>
    </p>
   </div>
   <div class='ocr_carea' id='block_1_82' title="bbox 1972 3739 3739 3822">
    <p class='ocr_par' dir='ltr' id='par_1_82' title="bbox 1972 3739 3739 3822">
     <span class='ocr_line' id='line_1_82' title="bbox 1972 3739 3739 3822; baseline 0.018 -31"><span class='ocrx_word' id='word_1_632' title='bbox 1972 3739 2229 3806; x_wconf 84' lang='lat' dir='ltr'><strong>discipulo</strong></span> <span class='ocrx_word' id='word_1_633' title='bbox 2249 3743 2550 3796; x_wconf 84' lang='lat' dir='ltr'><strong>mandabat</strong></span> <span class='ocrx_word' id='word_1_634' title='bbox 2580 3743 2910 3812; x_wconf 84' lang='lat' dir='ltr'><strong>Timotheo,</strong></span> <span class='ocrx_word' id='word_1_635' title='bbox 2952 3753 3199 3813; x_wconf 86' lang='lat' dir='ltr'><strong>dicens</strong></span> <span class='ocrx_word' id='word_1_636' title='bbox 3238 3761 3298 3792; x_wconf 88' lang='grc'>³⁷</span> <span class='ocrx_word' id='word_1_637' title='bbox 3359 3782 3378 3818; x_wconf 92' lang='lat'><strong>:</strong></span> <span class='ocrx_word' id='word_1_638' title='bbox 3439 3765 3496 3821; x_wconf 90' lang='grc' dir='ltr'>Ο</span> <span class='ocrx_word' id='word_1_639' title='bbox 3525 3765 3739 3822; x_wconf 77' lang='lat' dir='ltr'><strong>Timo-</strong></span> 
     </span>
    </p>
   </div>
   <div class='ocr_carea' id='block_1_83' title="bbox 1978 3827 3739 3920">
    <p class='ocr_par' dir='ltr' id='par_1_83' title="bbox 1978 3827 3739 3920">
     <span class='ocr_line' id='line_1_83' title="bbox 1978 3827 3739 3920; baseline 0.007 -39"><span class='ocrx_word' id='word_1_640' title='bbox 1978 3827 2120 3920; x_wconf 10' lang='lat' dir='ltr'><strong>tbeﬁe,</strong></span> <span class='ocrx_word' id='word_1_641' title='bbox 2151 3847 2169 3879; x_wconf 72' lang='grc' dir='ltr'>α</span> <span class='ocrx_word' id='word_1_642' title='bbox 2199 3830 2393 3920; x_wconf 90' lang='lat' dir='ltr'><strong>bonum</strong></span> <span class='ocrx_word' id='word_1_643' title='bbox 2421 3831 2734 3920; x_wconf 81' lang='lat' dir='ltr'><strong>depositum</strong></span> <span class='ocrx_word' id='word_1_644' title='bbox 2763 3840 3036 3896; x_wconf 90' lang='lat' dir='ltr'><strong>custodi.</strong></span> <span class='ocrx_word' id='word_1_645' title='bbox 3082 3862 3106 3895; x_wconf 71' lang='grc' dir='ltr'>ι</span> <span class='ocrx_word' id='word_1_646' title='bbox 3155 3848 3309 3920; x_wconf 71' lang='lat' dir='ltr'><strong>Ego</strong></span> <span class='ocrx_word' id='word_1_647' title='bbox 3340 3854 3555 3910; x_wconf 51' lang='lat' dir='ltr'><strong>etiam</strong></span> <span class='ocrx_word' id='word_1_648' title='bbox 3593 3857 3739 3912; x_wconf 72' lang='grc' dir='ltr'>ίιιιηι</span> 
     </span>
    </p>
   </div>
   <div class='ocr_carea' id='block_1_84' title="bbox 1973 3919 3740 4007">
    <p class='ocr_par' dir='ltr' id='par_1_84' title="bbox 1973 3919 3740 4007">
     <span class='ocr_line' id='line_1_84' title="bbox 1973 3919 3740 4007; baseline 0.012 -36"><span class='ocrx_word' id='word_1_649' title='bbox 1973 3919 2131 3986; x_wconf 89' lang='lat' dir='ltr'><strong>addo,</strong></span> <span class='ocrx_word' id='word_1_650' title='bbox 2155 3919 2297 3987; x_wconf 85' lang='lat' dir='ltr'><strong>quod</strong></span> <span class='ocrx_word' id='word_1_651' title='bbox 2325 3928 2378 3972; x_wconf 90' lang='lat' dir='ltr'><strong>et</strong></span> <span class='ocrx_word' id='word_1_652' title='bbox 2407 3919 2694 3976; x_wconf 83' lang='lat' dir='ltr'><strong>Christum</strong></span> <span class='ocrx_word' id='word_1_653' title='bbox 2723 3924 3051 3986; x_wconf 86' lang='lat' dir='ltr'><strong>Dominum</strong></span> <span class='ocrx_word' id='word_1_654' title='bbox 3082 3919 3488 4007; x_wconf 68' lang='grc' dir='ltr'><strong>ἀεροείιυηι</strong></span> <span class='ocrx_word' id='word_1_655' title='bbox 3523 3963 3740 4004; x_wconf 72' lang='lat' dir='ltr'><strong>susce.</strong></span> 
     </span>
    </p>
   </div>
   <div class='ocr_carea' id='block_1_85' title="bbox 1973 4009 3737 4094">
    <p class='ocr_par' dir='ltr' id='par_1_85' title="bbox 1973 4009 3737 4094">
     <span class='ocr_line' id='line_1_85' title="bbox 1973 4009 3737 4094; baseline 0.011 -33"><span class='ocrx_word' id='word_1_656' title='bbox 1973 4009 2170 4077; x_wconf 90' lang='lat' dir='ltr'><strong>pimus,</strong></span> <span class='ocrx_word' id='word_1_657' title='bbox 2213 4017 2266 4062; x_wconf 88' lang='lat' dir='ltr'><strong>et</strong></span> <span class='ocrx_word' id='word_1_658' title='bbox 2305 4017 2552 4063; x_wconf 90' lang='lat' dir='ltr'><strong>sanctum</strong></span> <span class='ocrx_word' id='word_1_659' title='bbox 2598 4013 2878 4079; x_wconf 88' lang='lat' dir='ltr'><strong>Spiritum</strong></span> <span class='ocrx_word' id='word_1_660' title='bbox 2937 4024 3337 4091; x_wconf 85' lang='lat' dir='ltr'><strong>depositum</strong></span> <span class='ocrx_word' id='word_1_661' title='bbox 3397 4036 3737 4094; x_wconf 62' lang='lat' dir='ltr'><strong>habemus,</strong></span> 
     </span>
    </p>
   </div>
   <div class='ocr_carea' id='block_1_86' title="bbox 1974 4099 3743 4198">
    <p class='ocr_par' dir='ltr' id='par_1_86' title="bbox 1974 4099 3743 4198">
     <span class='ocr_line' id='line_1_86' title="bbox 1974 4099 3743 4198; baseline 0.012 -45"><span class='ocrx_word' id='word_1_662' title='bbox 1974 4099 2270 4153; x_wconf 83' lang='lat' dir='ltr'><strong>Videndum</strong></span> <span class='ocrx_word' id='word_1_663' title='bbox 2311 4112 2441 4168; x_wconf 84' lang='lat' dir='ltr'><strong>ergo</strong></span> <span class='ocrx_word' id='word_1_664' title='bbox 2474 4102 2632 4156; x_wconf 88' lang='lat' dir='ltr'><strong>nobis</strong></span> <span class='ocrx_word' id='word_1_665' title='bbox 2663 4113 2792 4170; x_wconf 84' lang='lat' dir='ltr'><strong>est,</strong></span> <span class='ocrx_word' id='word_1_666' title='bbox 2837 4122 2912 4162; x_wconf 90' lang='lat' dir='ltr'><strong>ne</strong></span> <span class='ocrx_word' id='word_1_667' title='bbox 2957 4111 3084 4168; x_wconf 89' lang='lat' dir='ltr'><strong>hoc</strong></span> <span class='ocrx_word' id='word_1_668' title='bbox 3126 4130 3392 4177; x_wconf 87' lang='lat' dir='ltr'><strong>sancto</strong></span> <span class='ocrx_word' id='word_1_669' title='bbox 3449 4128 3743 4198; x_wconf 64' lang='lat' dir='ltr'><strong>deposiro</strong></span> 
     </span>
    </p>
   </div>
   <div class='ocr_carea' id='block_1_87' title="bbox 1973 4199 3740 4277">
    <p class='ocr_par' dir='ltr' id='par_1_87' title="bbox 1973 4199 3740 4277">
     <span class='ocr_line' id='line_1_87' title="bbox 1973 4199 3740 4277; baseline 0.015 -35"><span class='ocrx_word' id='word_1_670' title='bbox 1973 4204 2077 4243; x_wconf 91' lang='lat' dir='ltr'><strong>non</strong></span> <span class='ocrx_word' id='word_1_671' title='bbox 2107 4199 2292 4243; x_wconf 86' lang='lat' dir='ltr'><strong>sancte</strong></span> <span class='ocrx_word' id='word_1_672' title='bbox 2326 4201 2548 4244; x_wconf 88' lang='lat' dir='ltr'><strong>utamur</strong></span> <span class='ocrx_word' id='word_1_673' title='bbox 2570 4231 2586 4257; x_wconf 92' lang='lat'><strong>,</strong></span> <span class='ocrx_word' id='word_1_674' title='bbox 2615 4203 2672 4246; x_wconf 91' lang='lat' dir='ltr'><strong>et</strong></span> <span class='ocrx_word' id='word_1_675' title='bbox 2706 4211 2837 4249; x_wconf 91' lang='lat' dir='ltr'><strong>cum</strong></span> <span class='ocrx_word' id='word_1_676' title='bbox 2883 4214 3000 4256; x_wconf 89' lang='lat' dir='ltr'><strong>nos</strong></span> <span class='ocrx_word' id='word_1_677' title='bbox 3053 4205 3117 4260; x_wconf 91' lang='lat' dir='ltr'><strong>in</strong></span> <span class='ocrx_word' id='word_1_678' title='bbox 3169 4225 3604 4276; x_wconf 83' lang='lat' dir='ltr'><strong>consensum</strong></span> <span class='ocrx_word' id='word_1_679' title='bbox 3649 4225 3740 4277; x_wconf 74' lang='lat' dir='ltr'><strong>sui</strong></span> 
     </span>
    </p>
   </div>
   <div class='ocr_carea' id='block_1_88' title="bbox 1972 4279 3744 4381">
    <p class='ocr_par' dir='ltr' id='par_1_88' title="bbox 1972 4279 3744 4381">
     <span class='ocr_line' id='line_1_88' title="bbox 1972 4279 3744 4381; baseline 0.02 -49"><span class='ocrx_word' id='word_1_680' title='bbox 1972 4289 2190 4348; x_wconf 90' lang='lat' dir='ltr'><strong>peccata</strong></span> <span class='ocrx_word' id='word_1_681' title='bbox 2242 4279 2574 4347; x_wconf 87' lang='lat' dir='ltr'><strong>sollicitant,</strong></span> <span class='ocrx_word' id='word_1_682' title='bbox 2620 4282 2884 4349; x_wconf 85' lang='lat' dir='ltr'><strong>jurentns</strong></span> <span class='ocrx_word' id='word_1_683' title='bbox 2945 4307 3066 4349; x_wconf 91' lang='lat' dir='ltr'><strong>nos</strong></span> <span class='ocrx_word' id='word_1_684' title='bbox 3132 4315 3277 4356; x_wconf 88' lang='lat' dir='ltr'><strong>non</strong></span> <span class='ocrx_word' id='word_1_685' title='bbox 3355 4315 3744 4381; x_wconf 85' lang='lat' dir='ltr'><strong>suscepisse</strong></span> 
     </span>
    </p>
   </div>
   <div class='ocr_carea' id='block_1_89' title="bbox 339 4370 1873 4472">
    <p class='ocr_par' dir='ltr' id='par_1_89' title="bbox 339 4376 1873 4446">
     <span class='ocr_line' id='line_1_89' title="bbox 339 4376 1873 4446; baseline 0 -14"><span class='ocrx_word' id='word_1_686' title='bbox 339 4377 462 4446; x_wconf 89' lang='lat' dir='ltr'><strong>quis</strong></span> <span class='ocrx_word' id='word_1_687' title='bbox 517 4377 825 4440; x_wconf 79' lang='lat' dir='ltr'><strong>praeteriens</strong></span> <span class='ocrx_word' id='word_1_688' title='bbox 854 4377 1174 4444; x_wconf 61' lang='lat' dir='ltr'><strong>praeterierit</strong></span> <span class='ocrx_word' id='word_1_689' title='bbox 1227 4386 1494 4445; x_wconf 64' lang='lat' dir='ltr'><strong>praecepta</strong></span> <span class='ocrx_word' id='word_1_690' title='bbox 1545 4376 1774 4442; x_wconf 90' lang='lat' dir='ltr'><strong>Domini,</strong></span> <span class='ocrx_word' id='word_1_691' title='bbox 1823 4388 1873 4432; x_wconf 90' lang='lat' dir='ltr'><strong>et</strong></span> 
     </span>
    </p>
   </div>
   <div class='ocr_carea' id='block_1_90' title="bbox 1977 4370 3741 4472">
    <p class='ocr_par' dir='ltr' id='par_1_90' title="bbox 1979 4370 3741 4472">
     <span class='ocr_line' id='line_1_90' title="bbox 1979 4370 3741 4472; baseline 0.022 -48"><span class='ocrx_word' id='word_1_692' title='bbox 1979 4371 2294 4440; x_wconf 83' lang='lat' dir='ltr'><strong>depositum.</strong></span> <span class='ocrx_word' id='word_1_693' title='bbox 2361 4370 2515 4472; x_wconf 73' lang='lat' dir='ltr'><strong>Quod</strong></span> <span class='ocrx_word' id='word_1_694' title='bbox 2581 4373 2777 4440; x_wconf 87' lang='lat' dir='ltr'><strong>utique</strong></span> <span class='ocrx_word' id='word_1_695' title='bbox 2815 4376 2866 4428; x_wconf 89' lang='lat' dir='ltr'><strong>si</strong></span> <span class='ocrx_word' id='word_1_696' title='bbox 2937 4379 3326 4450; x_wconf 83' lang='lat' dir='ltr'><strong>habeamus</strong></span> <span class='ocrx_word' id='word_1_697' title='bbox 3371 4400 3468 4455; x_wconf 76' lang='lat' dir='ltr'><strong>~in</strong></span> <span class='ocrx_word' id='word_1_698' title='bbox 3532 4370 3741 4472; x_wconf 61' lang='lat' dir='ltr'><strong>nobis,</strong></span> 
     </span>
    </p>
   </div>
   <div class='ocr_carea' id='block_1_91' title="bbox 341 4460 1875 4533">
    <p class='ocr_par' dir='ltr' id='par_1_91' title="bbox 341 4460 1875 4533">
     <span class='ocr_line' id='line_1_91' title="bbox 341 4460 1875 4533; baseline 0.001 -16"><span class='ocrx_word' id='word_1_699' title='bbox 341 4461 594 4517; x_wconf 87' lang='lat' dir='ltr'><strong>mentitus</strong></span> <span class='ocrx_word' id='word_1_700' title='bbox 630 4460 793 4515; x_wconf 85' lang='lat' dir='ltr'><strong>fuerit</strong></span> <span class='ocrx_word' id='word_1_701' title='bbox 823 4464 1067 4529; x_wconf 82' lang='lat' dir='ltr'><strong>proximo</strong></span> <span class='ocrx_word' id='word_1_702' title='bbox 1096 4479 1254 4533; x_wconf 88' lang='lat' dir='ltr'><strong>super</strong></span> <span class='ocrx_word' id='word_1_703' title='bbox 1285 4465 1547 4533; x_wconf 89' lang='lat' dir='ltr'><strong>deposito,</strong></span> <span class='ocrx_word' id='word_1_704' title='bbox 1579 4474 1670 4518; x_wconf 89' lang='lat' dir='ltr'><strong>aut</strong></span> <span class='ocrx_word' id='word_1_705' title='bbox 1701 4465 1875 4519; x_wconf 86' lang='lat' dir='ltr'><strong>socie-</strong></span> 
     </span>
    </p>
   </div>
   <div class='ocr_carea' id='block_1_92' title="bbox 343 4547 1870 4617">
    <p class='ocr_par' dir='ltr' id='par_1_92' title="bbox 343 4547 1870 4617">
     <span class='ocr_line' id='line_1_92' title="bbox 343 4547 1870 4617; baseline 0.004 -15"><span class='ocrx_word' id='word_1_706' title='bbox 343 4559 472 4611; x_wconf 87' lang='lat' dir='ltr'><strong>tate,</strong></span> <span class='ocrx_word' id='word_1_707' title='bbox 523 4554 614 4601; x_wconf 90' lang='lat' dir='ltr'><strong>aut</strong></span> <span class='ocrx_word' id='word_1_708' title='bbox 660 4547 866 4614; x_wconf 88' lang='lat' dir='ltr'><strong>rapina,</strong></span> <span class='ocrx_word' id='word_1_709' title='bbox 917 4551 1117 4615; x_wconf 88' lang='lat' dir='ltr'><strong>peccati</strong></span> <span class='ocrx_word' id='word_1_710' title='bbox 1165 4552 1393 4617; x_wconf 78' lang='lat' dir='ltr'><strong>ingentis</strong></span> <span class='ocrx_word' id='word_1_711' title='bbox 1421 4561 1687 4607; x_wconf 90' lang='lat' dir='ltr'><strong>statuetur</strong></span> <span class='ocrx_word' id='word_1_712' title='bbox 1728 4567 1870 4608; x_wconf 91' lang='lat' dir='ltr'><strong>reus.</strong></span> 
     </span>
    </p>
   </div>
   <div class='ocr_carea' id='block_1_93' title="bbox 341 4635 1875 4709">
    <p class='ocr_par' dir='ltr' id='par_1_93' title="bbox 341 4635 1875 4709">
     <span class='ocr_line' id='line_1_93' title="bbox 341 4635 1875 4709; baseline 0 -17"><span class='ocrx_word' id='word_1_713' title='bbox 341 4639 447 4692; x_wconf 85' lang='lat' dir='ltr'><strong>Sed</strong></span> <span class='ocrx_word' id='word_1_714' title='bbox 479 4637 617 4690; x_wconf 88' lang='lat' dir='ltr'><strong>absit</strong></span> <span class='ocrx_word' id='word_1_715' title='bbox 639 4635 742 4689; x_wconf 92' lang='lat' dir='ltr'><strong>hoc</strong></span> <span class='ocrx_word' id='word_1_716' title='bbox 765 4637 832 4690; x_wconf 88' lang='lat' dir='ltr'><strong>ab</strong></span> <span class='ocrx_word' id='word_1_717' title='bbox 856 4635 1092 4690; x_wconf 84' lang='lat' dir='ltr'><strong>Ecclesia</strong></span> <span class='ocrx_word' id='word_1_718' title='bbox 1127 4639 1241 4704; x_wconf 88' lang='lat' dir='ltr'><strong>Dei,</strong></span> <span class='ocrx_word' id='word_1_719' title='bbox 1281 4649 1337 4693; x_wconf 93' lang='lat' dir='ltr'><strong>ut</strong></span> <span class='ocrx_word' id='word_1_720' title='bbox 1371 4655 1468 4709; x_wconf 84' lang='lat' dir='ltr'><strong>ego</strong></span> <span class='ocrx_word' id='word_1_721' title='bbox 1499 4640 1714 4694; x_wconf 89' lang='lat' dir='ltr'><strong>credam</strong></span> <span class='ocrx_word' id='word_1_722' title='bbox 1756 4654 1875 4692; x_wconf 90' lang='lat' dir='ltr'><strong>esse</strong></span> 
     </span>
    </p>
   </div>
   <div class='ocr_carea' id='block_1_94' title="bbox 343 4726 1874 4803">
    <p class='ocr_par' dir='ltr' id='par_1_94' title="bbox 343 4726 1874 4803">
     <span class='ocr_line' id='line_1_94' title="bbox 343 4726 1874 4803; baseline -0.001 -22"><span class='ocrx_word' id='word_1_723' title='bbox 343 4729 576 4803; x_wconf 84' lang='lat' dir='ltr'><strong>aliquem</strong></span> <span class='ocrx_word' id='word_1_724' title='bbox 612 4727 665 4781; x_wconf 90' lang='lat' dir='ltr'><strong>in</strong></span> <span class='ocrx_word' id='word_1_725' title='bbox 701 4734 841 4780; x_wconf 69' lang='lat' dir='ltr'><strong>cmtn</strong></span> <span class='ocrx_word' id='word_1_726' title='bbox 872 4726 971 4778; x_wconf 89' lang='lat' dir='ltr'><strong>isto</strong></span> <span class='ocrx_word' id='word_1_727' title='bbox 1019 4738 1347 4793; x_wconf 89' lang='lat' dir='ltr'><strong>sanctorum,</strong></span> <span class='ocrx_word' id='word_1_728' title='bbox 1371 4729 1460 4796; x_wconf 91' lang='lat' dir='ltr'><strong>qui</strong></span> <span class='ocrx_word' id='word_1_729' title='bbox 1485 4744 1542 4782; x_wconf 86' lang='lat' dir='ltr'><strong>se</strong></span> <span class='ocrx_word' id='word_1_730' title='bbox 1571 4737 1675 4780; x_wconf 89' lang='lat' dir='ltr'><strong>tam</strong></span> <span class='ocrx_word' id='word_1_731' title='bbox 1700 4726 1874 4780; x_wconf 79' lang='lat' dir='ltr'><strong>infeli-</strong></span> 
     </span>
    </p>
   </div>
   <div class='ocr_carea' id='block_1_95' title="bbox 255 4816 1875 4885">
    <p class='ocr_par' dir='ltr' id='par_1_95' title="bbox 255 4816 1875 4885">
     <span class='ocr_line' id='line_1_95' title="bbox 255 4816 1875 4885; baseline -0.002 -13"><span class='ocrx_word' id='word_1_732' title='bbox 255 4859 260 4862; x_wconf 89' lang='grc'><strong><em>-</em></strong></span> <span class='ocrx_word' id='word_1_733' title='bbox 341 4820 478 4872; x_wconf 91' lang='lat' dir='ltr'><strong>citer</strong></span> <span class='ocrx_word' id='word_1_734' title='bbox 512 4824 656 4885; x_wconf 88' lang='lat' dir='ltr'><strong>agat,</strong></span> <span class='ocrx_word' id='word_1_735' title='bbox 705 4827 760 4869; x_wconf 92' lang='lat' dir='ltr'><strong>ut</strong></span> <span class='ocrx_word' id='word_1_736' title='bbox 811 4816 1108 4884; x_wconf 91' lang='lat' dir='ltr'><strong>depositum</strong></span> <span class='ocrx_word' id='word_1_737' title='bbox 1136 4820 1362 4885; x_wconf 79' lang='lat' dir='ltr'><strong>proximi</strong></span> <span class='ocrx_word' id='word_1_738' title='bbox 1412 4818 1495 4871; x_wconf 91' lang='lat' dir='ltr'><strong>sui</strong></span> <span class='ocrx_word' id='word_1_739' title='bbox 1539 4825 1732 4884; x_wconf 85' lang='lat' dir='ltr'><strong>neget,</strong></span> <span class='ocrx_word' id='word_1_740' title='bbox 1781 4824 1875 4868; x_wconf 90' lang='lat' dir='ltr'><strong>aut</strong></span> 
     </span>
    </p>
   </div>
   <div class='ocr_carea' id='block_1_96' title="bbox 340 4903 1870 4972">
    <p class='ocr_par' dir='ltr' id='par_1_96' title="bbox 340 4903 1870 4972">
     <span class='ocr_line' id='line_1_96' title="bbox 340 4903 1870 4972; baseline -0.005 -9"><span class='ocrx_word' id='word_1_741' title='bbox 340 4910 650 4964; x_wconf 88' lang='lat' dir='ltr'><strong>societatem</strong></span> <span class='ocrx_word' id='word_1_742' title='bbox 685 4905 868 4960; x_wconf 82' lang='lat' dir='ltr'><strong>fraude</strong></span> <span class='ocrx_word' id='word_1_743' title='bbox 897 4909 1258 4972; x_wconf 88' lang='lat' dir='ltr'><strong>contaminet,</strong></span> <span class='ocrx_word' id='word_1_744' title='bbox 1297 4917 1388 4962; x_wconf 92' lang='lat' dir='ltr'><strong>aut</strong></span> <span class='ocrx_word' id='word_1_745' title='bbox 1418 4905 1497 4959; x_wconf 86' lang='lat' dir='ltr'><strong>vel</strong></span> <span class='ocrx_word' id='word_1_746' title='bbox 1537 4905 1650 4971; x_wconf 87' lang='lat' dir='ltr'><strong>ipse</strong></span> <span class='ocrx_word' id='word_1_747' title='bbox 1696 4903 1870 4956; x_wconf 90' lang='lat' dir='ltr'><strong>aliena</strong></span> 
     </span>
    </p>
   </div>
   <div class='ocr_carea' id='block_1_97' title="bbox 341 4992 1872 5067">
    <p class='ocr_par' dir='ltr' id='par_1_97' title="bbox 341 4992 1872 5067">
     <span class='ocr_line' id='line_1_97' title="bbox 341 4992 1872 5067; baseline -0.005 -14"><span class='ocrx_word' id='word_1_748' title='bbox 341 4998 584 5066; x_wconf 88' lang='lat' dir='ltr'><strong>diripiat,</strong></span> <span class='ocrx_word' id='word_1_749' title='bbox 613 5007 704 5050; x_wconf 90' lang='lat' dir='ltr'><strong>aut</strong></span> <span class='ocrx_word' id='word_1_750' title='bbox 728 4997 795 5050; x_wconf 92' lang='lat' dir='ltr'><strong>ab</strong></span> <span class='ocrx_word' id='word_1_751' title='bbox 823 4996 943 5051; x_wconf 91' lang='lat' dir='ltr'><strong>aliis</strong></span> <span class='ocrx_word' id='word_1_752' title='bbox 974 5007 1122 5067; x_wconf 88' lang='lat' dir='ltr'><strong>rapta</strong></span> <span class='ocrx_word' id='word_1_753' title='bbox 1154 4998 1431 5066; x_wconf 88' lang='lat' dir='ltr'><strong>suscipiat,</strong></span> <span class='ocrx_word' id='word_1_754' title='bbox 1481 5003 1536 5047; x_wconf 91' lang='lat' dir='ltr'><strong>et</strong></span> <span class='ocrx_word' id='word_1_755' title='bbox 1565 5006 1662 5061; x_wconf 90' lang='lat' dir='ltr'><strong>pro</strong></span> <span class='ocrx_word' id='word_1_756' title='bbox 1702 4992 1785 5045; x_wconf 86' lang='lat' dir='ltr'><strong>his</strong></span> <span class='ocrx_word' id='word_1_757' title='bbox 1827 4995 1872 5046; x_wconf 90' lang='lat' dir='ltr'><strong>si</strong></span> 
     </span>
    </p>
   </div>
   <div class='ocr_carea' id='block_1_98' title="bbox 340 5082 1870 5154">
    <p class='ocr_par' dir='ltr' id='par_1_98' title="bbox 340 5082 1870 5154">
     <span class='ocr_line' id='line_1_98' title="bbox 340 5082 1870 5154; baseline -0.004 -14"><span class='ocrx_word' id='word_1_758' title='bbox 340 5090 411 5144; x_wconf 83' lang='lat' dir='ltr'><strong>ab</strong></span> <span class='ocrx_word' id='word_1_759' title='bbox 463 5101 530 5142; x_wconf 87' lang='lat' dir='ltr'><strong>eo</strong></span> <span class='ocrx_word' id='word_1_760' title='bbox 595 5087 952 5154; x_wconf 90' lang='lat' dir='ltr'><strong>requirantur,</strong></span> <span class='ocrx_word' id='word_1_761' title='bbox 1005 5096 1191 5142; x_wconf 87' lang='lat' dir='ltr'><strong>contra</strong></span> <span class='ocrx_word' id='word_1_762' title='bbox 1251 5082 1636 5141; x_wconf 90' lang='lat' dir='ltr'><strong>conscientiam</strong></span> <span class='ocrx_word' id='word_1_763' title='bbox 1705 5083 1870 5147; x_wconf 75' lang='lat' dir='ltr'><strong>juret.</strong></span> 
     </span>
    </p>
   </div>
   <div class='ocr_carea' id='block_1_99' title="bbox 411 5271 749 5340">
    <p class='ocr_par' dir='ltr' id='par_1_99' title="bbox 411 5271 749 5340">
     <span class='ocr_line' id='line_1_99' title="bbox 411 5271 749 5340; baseline 0 -18"><span class='ocrx_word' id='word_1_764' title='bbox 411 5271 454 5302; x_wconf 78' lang='grc' dir='ltr'>ιι</span> <span class='ocrx_word' id='word_1_765' title='bbox 493 5271 620 5340; x_wconf 77' lang='lat' dir='ltr'><strong>Ibid.</strong></span> <span class='ocrx_word' id='word_1_766' title='bbox 657 5272 705 5324; x_wconf 76' lang='grc' dir='ltr'><strong>ι.</strong></span> <span class='ocrx_word' id='word_1_767' title='bbox 744 5335 749 5340; x_wconf 38' lang='grc'><strong><em>,</em></strong></span> 
     </span>
    </p>
   </div>
   <div class='ocr_carea' id='block_1_100' title="bbox 344 5339 836 5402">
    <p class='ocr_par' dir='ltr' id='par_1_100' title="bbox 344 5339 836 5402">
     <span class='ocr_line' id='line_1_100' title="bbox 344 5339 836 5402; baseline 0.002 -10"><span class='ocrx_word' id='word_1_768' title='bbox 344 5340 386 5377; x_wconf 72' lang='grc'><strong>³⁷</strong></span> <span class='ocrx_word' id='word_1_769' title='bbox 426 5340 466 5398; x_wconf 85' lang='lat' dir='ltr'><strong>ll</strong></span> <span class='ocrx_word' id='word_1_770' title='bbox 504 5339 640 5393; x_wconf 81' lang='lat' dir='ltr'><strong>Tim.</strong></span> <span class='ocrx_word' id='word_1_771' title='bbox 679 5339 836 5402; x_wconf 10' lang='lat'><strong>1,714.</strong></span> 
     </span>
    </p>
   </div>
   <div class='ocr_carea' id='block_1_101' title="bbox 395 5473 1865 5553">
    <p class='ocr_par' dir='ltr' id='par_1_101' title="bbox 395 5473 1865 5553">
     <span class='ocr_line' id='line_1_101' title="bbox 395 5473 1865 5553; baseline -0.01 -14"><span class='ocrx_word' id='word_1_772' title='bbox 395 5475 525 5553; x_wconf 60' lang='grc' dir='ltr'><strong>,ςξη</strong></span> <span class='ocrx_word' id='word_1_773' title='bbox 573 5479 778 5553; x_wconf 64' lang='lat' dir='ltr'><strong>prunos</strong></span> <span class='ocrx_word' id='word_1_774' title='bbox 835 5481 1214 5553; x_wconf 80' lang='lat' dir='ltr'><strong>manuscripti,</strong></span> <span class='ocrx_word' id='word_1_775' title='bbox 1287 5498 1304 5530; x_wconf 71' lang='grc' dir='ltr'>ι</span> <span class='ocrx_word' id='word_1_776' title='bbox 1354 5473 1800 5532; x_wconf 88' lang='lat' dir='ltr'><strong>commendatum.</strong></span> <span class='ocrx_word' id='word_1_777' title='bbox 1847 5491 1865 5523; x_wconf 70' lang='grc' dir='ltr'><strong><em>ι</em></strong></span> 
     </span>
    </p>
   </div>
   <div class='ocr_carea' id='block_1_102' title="bbox 347 5540 1266 5613">
    <p class='ocr_par' dir='ltr' id='par_1_102' title="bbox 347 5540 1266 5613">
     <span class='ocr_line' id='line_1_102' title="bbox 347 5540 1266 5613; baseline 0.001 -17"><span class='ocrx_word' id='word_1_778' title='bbox 347 5540 648 5613; x_wconf 47' lang='grc' dir='ltr'><strong>Ιιῐωιείθςιίιὶ</strong></span> <span class='ocrx_word' id='word_1_779' title='bbox 673 5586 688 5609; x_wconf 87' lang='grc'><em>,</em></span> <span class='ocrx_word' id='word_1_780' title='bbox 741 5567 757 5598; x_wconf 70' lang='grc' dir='ltr'>ι</span> <span class='ocrx_word' id='word_1_781' title='bbox 792 5540 1211 5604; x_wconf 68' lang='lat' dir='ltr'><strong>commodatum.</strong></span> <span class='ocrx_word' id='word_1_782' title='bbox 1249 5566 1266 5597; x_wconf 71' lang='grc' dir='ltr'><strong>ο</strong></span> 
     </span>
    </p>
   </div>
   <div class='ocr_carea' id='block_1_103' title="bbox 419 5609 1872 5683">
    <p class='ocr_par' dir='ltr' id='par_1_103' title="bbox 419 5609 1872 5683">
     <span class='ocr_line' id='line_1_103' title="bbox 419 5609 1872 5683; baseline -0.008 -9"><span class='ocrx_word' id='word_1_783' title='bbox 419 5609 524 5679; x_wconf 66' lang='grc'><strong>(88)</strong></span> <span class='ocrx_word' id='word_1_784' title='bbox 555 5611 704 5667; x_wconf 85' lang='lat' dir='ltr'><strong>Libb.</strong></span> <span class='ocrx_word' id='word_1_785' title='bbox 751 5621 900 5682; x_wconf 83' lang='lat' dir='ltr'><strong>editi,</strong></span> <span class='ocrx_word' id='word_1_786' title='bbox 952 5638 968 5670; x_wconf 78' lang='grc' dir='ltr'>ι</span> <span class='ocrx_word' id='word_1_787' title='bbox 999 5618 1162 5679; x_wconf 86' lang='lat' dir='ltr'><strong>enim,</strong></span> <span class='ocrx_word' id='word_1_788' title='bbox 1198 5635 1214 5667; x_wconf 72' lang='grc' dir='ltr'><em>ι</em></span> <span class='ocrx_word' id='word_1_789' title='bbox 1255 5627 1303 5669; x_wconf 85' lang='lat' dir='ltr'><strong>et</strong></span> <span class='ocrx_word' id='word_1_790' title='bbox 1361 5613 1518 5683; x_wconf 85' lang='lat' dir='ltr'><strong>paulo</strong></span> <span class='ocrx_word' id='word_1_791' title='bbox 1551 5620 1690 5680; x_wconf 90' lang='lat' dir='ltr'><strong>post,</strong></span> <span class='ocrx_word' id='word_1_792' title='bbox 1738 5627 1754 5660; x_wconf 86' lang='grc'><em>‹</em></span> <span class='ocrx_word' id='word_1_793' title='bbox 1782 5609 1872 5662; x_wconf 85' lang='lat' dir='ltr'><strong>sed</strong></span> 
     </span>
    </p>
   </div>
   <div class='ocr_carea' id='block_1_104' title="bbox 781 5262 2347 5336">
    <p class='ocr_par' dir='ltr' id='par_1_104' title="bbox 781 5262 2347 5336">
     <span class='ocr_line' id='line_1_104' title="bbox 781 5262 2347 5336; baseline -0.005 -11"><span class='ocrx_word' id='word_1_794' title='bbox 781 5273 824 5304; x_wconf 82' lang='grc'><strong><em>⁹²</em></strong></span> <span class='ocrx_word' id='word_1_795' title='bbox 845 5271 886 5325; x_wconf 85' lang='grc' dir='ltr'>ιι</span> <span class='ocrx_word' id='word_1_796' title='bbox 929 5271 1050 5326; x_wconf 90' lang='lat' dir='ltr'><strong>Cor.</strong></span> <span class='ocrx_word' id='word_1_797' title='bbox 1081 5285 1161 5336; x_wconf 88' lang='grc' dir='ltr'><strong>ιιι,</strong></span> <span class='ocrx_word' id='word_1_798' title='bbox 1194 5268 1278 5322; x_wconf 76' lang='grc'><strong>17.</strong></span> <span class='ocrx_word' id='word_1_799' title='bbox 1355 5267 1398 5300; x_wconf 87' lang='grc'><strong>³³</strong></span> <span class='ocrx_word' id='word_1_800' title='bbox 1423 5265 1577 5321; x_wconf 82' lang='lat' dir='ltr'><strong>Joan.</strong></span> <span class='ocrx_word' id='word_1_801' title='bbox 1615 5277 1690 5328; x_wconf 83' lang='lat' dir='ltr'><strong>tv,</strong></span> <span class='ocrx_word' id='word_1_802' title='bbox 1719 5264 1809 5318; x_wconf 70' lang='grc'><strong>24.</strong></span> <span class='ocrx_word' id='word_1_803' title='bbox 1883 5264 1928 5296; x_wconf 72' lang='grc'>³⁵</span> <span class='ocrx_word' id='word_1_804' title='bbox 1954 5263 2106 5317; x_wconf 81' lang='lat' dir='ltr'><strong>Joan.</strong></span> <span class='ocrx_word' id='word_1_805' title='bbox 2135 5277 2207 5326; x_wconf 78' lang='lat' dir='ltr'><strong>vi,</strong></span> <span class='ocrx_word' id='word_1_806' title='bbox 2254 5262 2347 5317; x_wconf 71' lang='lat'><strong>64.</strong></span> 
     </span>
    </p>
   </div>
   <div class='ocr_carea' id='block_1_105' title="bbox 1981 4461 3746 4556">
    <p class='ocr_par' dir='ltr' id='par_1_105' title="bbox 1981 4461 3746 4556">
     <span class='ocr_line' id='line_1_105' title="bbox 1981 4461 3746 4556; baseline 0.022 -45"><span class='ocrx_word' id='word_1_807' title='bbox 1981 4468 2208 4556; x_wconf 36' lang='lat' dir='ltr'><strong>pec-cato.</strong></span> <span class='ocrx_word' id='word_1_808' title='bbox 2221 4461 2534 4556; x_wconf 70' lang='lat' dir='ltr'><strong>consentire</strong></span> <span class='ocrx_word' id='word_1_809' title='bbox 2563 4475 2667 4514; x_wconf 92' lang='lat' dir='ltr'><strong>non</strong></span> <span class='ocrx_word' id='word_1_810' title='bbox 2691 4476 3032 4529; x_wconf 89' lang='lat' dir='ltr'><strong>possumus.</strong></span> <span class='ocrx_word' id='word_1_811' title='bbox 3060 4472 3196 4532; x_wconf 89' lang='lat' dir='ltr'><strong>Sed</strong></span> <span class='ocrx_word' id='word_1_812' title='bbox 3225 4493 3300 4536; x_wconf 88' lang='lat' dir='ltr'><strong>et</strong></span> <span class='ocrx_word' id='word_1_813' title='bbox 3332 4487 3487 4556; x_wconf 86' lang='lat' dir='ltr'><strong>ipse</strong></span> <span class='ocrx_word' id='word_1_814' title='bbox 3518 4461 3746 4549; x_wconf 75' lang='lat' dir='ltr'><strong>sensus</strong></span> 
     </span>
    </p>
   </div>
   <div class='ocr_carea' id='block_1_106' title="bbox 1982 4549 3723 4638">
    <p class='ocr_par' dir='ltr' id='par_1_106' title="bbox 1982 4549 3723 4638">
     <span class='ocr_line' id='line_1_106' title="bbox 1982 4549 3723 4638; baseline 0.017 -36"><span class='ocrx_word' id='word_1_815' title='bbox 1982 4549 2339 4612; x_wconf 84' lang='lat' dir='ltr'><strong>rationabilis,</strong></span> <span class='ocrx_word' id='word_1_816' title='bbox 2373 4550 2463 4616; x_wconf 90' lang='lat' dir='ltr'><strong>qui</strong></span> <span class='ocrx_word' id='word_1_817' title='bbox 2492 4550 2542 4602; x_wconf 92' lang='lat' dir='ltr'><strong>in</strong></span> <span class='ocrx_word' id='word_1_818' title='bbox 2577 4564 2661 4603; x_wconf 88' lang='lat' dir='ltr'><strong>me</strong></span> <span class='ocrx_word' id='word_1_819' title='bbox 2701 4562 2821 4615; x_wconf 87' lang='lat' dir='ltr'><strong>est,</strong></span> <span class='ocrx_word' id='word_1_820' title='bbox 2855 4549 3381 4629; x_wconf 74' lang='lat' dir='ltr'><strong>commendatus</strong></span> <span class='ocrx_word' id='word_1_821' title='bbox 3421 4582 3592 4637; x_wconf 84' lang='lat' dir='ltr'><strong>mihi</strong></span> <span class='ocrx_word' id='word_1_822' title='bbox 3625 4594 3723 4638; x_wconf 80' lang='lat' dir='ltr'><strong>est</strong></span> 
     </span>
    </p>
   </div>
   <div class='ocr_carea' id='block_1_107' title="bbox 1982 4625 3746 4740">
    <p class='ocr_par' dir='ltr' id='par_1_107' title="bbox 1982 4625 3746 4740">
     <span class='ocr_line' id='line_1_107' title="bbox 1982 4625 3746 4740; baseline -0.033 -45"><span class='ocrx_word' id='word_1_823' title='bbox 1982 4652 2039 4695; x_wconf 91' lang='lat' dir='ltr'><strong>ut</strong></span> <span class='ocrx_word' id='word_1_824' title='bbox 2068 4658 2132 4696; x_wconf 89' lang='lat' dir='ltr'><strong>eo</strong></span> <span class='ocrx_word' id='word_1_825' title='bbox 2168 4651 2308 4740; x_wconf 41' lang='lat' dir='ltr'><strong>utar.</strong></span> <span class='ocrx_word' id='word_1_826' title='bbox 2328 4642 2397 4694; x_wconf 91' lang='lat' dir='ltr'><strong>ad</strong></span> <span class='ocrx_word' id='word_1_827' title='bbox 2429 4641 2843 4710; x_wconf 83' lang='lat' dir='ltr'><strong>intelligentiam</strong></span> <span class='ocrx_word' id='word_1_828' title='bbox 2871 4648 3248 4715; x_wconf 82' lang='lat' dir='ltr'><strong>divinorum</strong></span> 
     </span>
    </p>
   </div>
   <div class='ocr_carea' id='block_1_108' title="bbox 1980 4716 3753 4824">
    <p class='ocr_par' dir='ltr' id='par_1_108' title="bbox 1980 4716 3753 4824">
     <span class='ocr_line' id='line_1_108' title="bbox 1980 4716 3753 4824; baseline 0.019 -38"><span class='ocrx_word' id='word_1_829' title='bbox 1980 4733 2256 4793; x_wconf 89' lang='lat' dir='ltr'><strong>memoria.</strong></span> <span class='ocrx_word' id='word_1_830' title='bbox 2290 4732 2593 4800; x_wconf 91' lang='lat' dir='ltr'><strong>judicium,</strong></span> <span class='ocrx_word' id='word_1_831' title='bbox 2636 4735 2802 4824; x_wconf 83' lang='lat' dir='ltr'><strong>ratio,</strong></span> <span class='ocrx_word' id='word_1_832' title='bbox 2846 4748 2908 4790; x_wconf 88' lang='lat' dir='ltr'><strong>et</strong></span> <span class='ocrx_word' id='word_1_833' title='bbox 2949 4756 3183 4805; x_wconf 90' lang='lat' dir='ltr'><strong>omnes</strong></span> 
     </span>
    </p>
   </div>
   <div class='ocr_carea' id='block_1_109' title="bbox 1979 4822 3752 4921">
    <p class='ocr_par' dir='ltr' id='par_1_109' title="bbox 1979 4822 3752 4921">
     <span class='ocr_line' id='line_1_109' title="bbox 1979 4822 3752 4921; baseline 0.025 -50"><span class='ocrx_word' id='word_1_834' title='bbox 1979 4829 2104 4921; x_wconf 77' lang='lat' dir='ltr'><strong>sunt</strong></span> <span class='ocrx_word' id='word_1_835' title='bbox 2134 4822 2747 4921; x_wconf 42' lang='lat' dir='ltr'><strong>tnotus,‘eommendati</strong></span> <span class='ocrx_word' id='word_1_836' title='bbox 2788 4825 2933 4880; x_wconf 87' lang='lat' dir='ltr'><strong>mihi</strong></span> <span class='ocrx_word' id='word_1_837' title='bbox 2987 4822 3315 4898; x_wconf 68' lang='lat' dir='ltr'><strong>videntur</strong></span> <span class='ocrx_word' id='word_1_838' title='bbox 3366 4865 3407 4904; x_wconf 73' lang='grc' dir='ltr'><strong>ει</strong></span> <span class='ocrx_word' id='word_1_839' title='bbox 3447 4853 3636 4921; x_wconf 85' lang='lat' dir='ltr'><strong>Deo,</strong></span> <span class='ocrx_word' id='word_1_840' title='bbox 3683 4822 3752 4914; x_wconf 62' lang='lat' dir='ltr'><strong>ut</strong></span> 
     </span>
    </p>
   </div>
   <div class='ocr_carea' id='block_1_110' title="bbox 1981 4896 3754 5007">
    <p class='ocr_par' dir='ltr' id='par_1_110' title="bbox 1981 4896 3754 5007">
     <span class='ocr_line' id='line_1_110' title="bbox 1981 4896 3754 5007; baseline 0.025 -50"><span class='ocrx_word' id='word_1_841' title='bbox 1981 4909 2060 5007; x_wconf 73' lang='lat' dir='ltr'><strong>eis</strong></span> <span class='ocrx_word' id='word_1_842' title='bbox 2093 4917 2213 5007; x_wconf 70' lang='lat' dir='ltr'><strong>utar</strong></span> <span class='ocrx_word' id='word_1_843' title='bbox 2246 4910 2299 4962; x_wconf 94' lang='lat' dir='ltr'><strong>in</strong></span> <span class='ocrx_word' id='word_1_844' title='bbox 2351 4911 2438 4966; x_wconf 89' lang='lat' dir='ltr'><strong>his</strong></span> <span class='ocrx_word' id='word_1_845' title='bbox 2483 4926 2604 5007; x_wconf 82' lang='lat' dir='ltr'><strong>quae</strong></span> <span class='ocrx_word' id='word_1_846' title='bbox 2648 4917 2919 4983; x_wconf 69' lang='lat' dir='ltr'><strong>praecepit</strong></span> <span class='ocrx_word' id='word_1_847' title='bbox 2973 4921 3076 4978; x_wconf 78' lang='lat' dir='ltr'><strong>lex</strong></span> <span class='ocrx_word' id='word_1_848' title='bbox 3121 4896 3407 4995; x_wconf 54' lang='lat' dir='ltr'><strong>divina:</strong></span> <span class='ocrx_word' id='word_1_849' title='bbox 3447 4896 3754 5007; x_wconf 35' lang='lat' dir='ltr'><strong>site;</strong></span> 
     </span>
    </p>
   </div>
   <div class='ocr_carea' id='block_1_111' title="bbox 1981 4998 3755 5095">
    <p class='ocr_par' dir='ltr' id='par_1_111' title="bbox 1981 4998 3755 5095">
     <span class='ocr_line' id='line_1_111' title="bbox 1981 4998 3755 5095; baseline 0.03 -50"><span class='ocrx_word' id='word_1_850' title='bbox 1981 4999 2046 5095; x_wconf 73' lang='lat' dir='ltr'><strong>ad</strong></span> <span class='ocrx_word' id='word_1_851' title='bbox 2087 4998 2254 5052; x_wconf 87' lang='lat' dir='ltr'><strong>malas</strong></span> <span class='ocrx_word' id='word_1_852' title='bbox 2285 5010 2436 5095; x_wconf 77' lang='lat' dir='ltr'><strong>artes</strong></span> <span class='ocrx_word' id='word_1_853' title='bbox 2471 5001 2647 5058; x_wconf 89' lang='lat' dir='ltr'><strong>solers</strong></span> <span class='ocrx_word' id='word_1_854' title='bbox 2683 5011 2740 5056; x_wconf 91' lang='lat' dir='ltr'><strong>et</strong></span> <span class='ocrx_word' id='word_1_855' title='bbox 2775 5011 3092 5076; x_wconf 79' lang='lat' dir='ltr'><strong>perspicax</strong></span> <span class='ocrx_word' id='word_1_856' title='bbox 3132 4998 3538 5091; x_wconf 63' lang='lat' dir='ltr'><strong>vertamus</strong></span> <span class='ocrx_word' id='word_1_857' title='bbox 3568 4998 3755 5095; x_wconf 55' lang='lat' dir='ltr'><strong>inire:</strong></span> 
     </span>
    </p>
   </div>
   <div class='ocr_carea' id='block_1_112' title="bbox 1979 5058 3751 5191">
    <p class='ocr_par' dir='ltr' id='par_1_112' title="bbox 1979 5058 3751 5191">
     <span class='ocr_line' id='line_1_112' title="bbox 2019 5058 3751 5111; baseline 0.023 -53"><span class='ocrx_word' id='word_1_858' title='bbox 2019 5087 2030 5098; x_wconf 37' lang='lat' dir='ltr'><strong>O</strong></span> <span class='ocrx_word' id='word_1_859' title='bbox 2565 5096 2578 5110; x_wconf 53' lang='lat'><em>.</em></span> <span class='ocrx_word' id='word_1_860' title='bbox 2776 5058 2794 5074; x_wconf 78' lang='grc' dir='ltr'>ι</span> <span class='ocrx_word' id='word_1_861' title='bbox 2823 5058 3092 5076; x_wconf 57' lang='grc' dir='ltr'><strong>η-ι--ν--ι</strong></span> <span class='ocrx_word' id='word_1_862' title='bbox 3145 5058 3245 5079; x_wconf 68' lang='grc' dir='ltr'><strong>ννι</strong></span> <span class='ocrx_word' id='word_1_863' title='bbox 3274 5058 3516 5091; x_wconf 66' lang='lat' dir='ltr'><strong>uia-Ilus</strong></span> <span class='ocrx_word' id='word_1_864' title='bbox 3568 5058 3751 5111; x_wconf 75' lang='lat' dir='ltr'><strong>lnge-</strong></span> 
     </span>
     <span class='ocr_line' id='line_1_113' title="bbox 1979 5091 3751 5191; baseline 0.021 -52"><span class='ocrx_word' id='word_1_865' title='bbox 1979 5102 2147 5151; x_wconf 76' lang='lat' dir='ltr'><strong>nium,</strong></span> <span class='ocrx_word' id='word_1_866' title='bbox 2184 5097 2239 5142; x_wconf 91' lang='lat' dir='ltr'><strong>et</strong></span> <span class='ocrx_word' id='word_1_867' title='bbox 2279 5091 2442 5147; x_wconf 88' lang='lat' dir='ltr'><strong>rebus</strong></span> <span class='ocrx_word' id='word_1_868' title='bbox 2484 5094 2583 5152; x_wconf 78' lang='lat' dir='ltr'><strong>Det</strong></span> <span class='ocrx_word' id='word_1_869' title='bbox 2629 5097 2933 5156; x_wconf 84' lang='lat' dir='ltr'><strong>abutamur</strong></span> <span class='ocrx_word' id='word_1_870' title='bbox 2964 5104 3025 5159; x_wconf 90' lang='lat' dir='ltr'><strong>in</strong></span> <span class='ocrx_word' id='word_1_871' title='bbox 3062 5107 3166 5167; x_wconf 90' lang='lat' dir='ltr'><strong>his</strong></span> <span class='ocrx_word' id='word_1_872' title='bbox 3203 5131 3370 5186; x_wconf 64' lang='lat' dir='ltr'><strong>qua:</strong></span> <span class='ocrx_word' id='word_1_873' title='bbox 3427 5143 3571 5186; x_wconf 74' lang='lat' dir='ltr'><strong>non</strong></span> <span class='ocrx_word' id='word_1_874' title='bbox 3612 5137 3751 5191; x_wconf 76' lang='grc' dir='ltr'><strong>νυιι</strong></span> 
     </span>
    </p>
   </div>
   <div class='ocr_carea' id='block_1_113' title="bbox 2427 5269 3746 5374">
    <p class='ocr_par' dir='ltr' id='par_1_113' title="bbox 2427 5269 3746 5374">
     <span class='ocr_line' id='line_1_114' title="bbox 2427 5269 3746 5374; baseline 0.032 -50"><span class='ocrx_word' id='word_1_875' title='bbox 2427 5269 2474 5301; x_wconf 80' lang='grc'>³⁸</span> <span class='ocrx_word' id='word_1_876' title='bbox 2501 5269 2760 5340; x_wconf 69' lang='lat' dir='ltr'><strong>Levitm,</strong></span> <span class='ocrx_word' id='word_1_877' title='bbox 2796 5276 2911 5330; x_wconf 64' lang='lat' dir='ltr'><strong>l‘et</strong></span> <span class='ocrx_word' id='word_1_878' title='bbox 2941 5292 3122 5353; x_wconf 85' lang='lat' dir='ltr'><strong>seqq.</strong></span> <span class='ocrx_word' id='word_1_879' title='bbox 3221 5291 3282 5324; x_wconf 75' lang='grc'><strong>³⁸</strong></span> <span class='ocrx_word' id='word_1_880' title='bbox 3317 5297 3342 5350; x_wconf 82' lang='grc' dir='ltr'><strong><em>ι</em></strong></span> <span class='ocrx_word' id='word_1_881' title='bbox 3377 5301 3568 5360; x_wconf 82' lang='lat' dir='ltr'><strong>Tim.</strong></span> <span class='ocrx_word' id='word_1_882' title='bbox 3600 5323 3651 5374; x_wconf 87' lang='grc' dir='ltr'><strong>ι,</strong></span> <span class='ocrx_word' id='word_1_883' title='bbox 3679 5307 3746 5364; x_wconf 87' lang='lat'><strong>9.</strong></span> 
     </span>
    </p>
   </div>
   <div class='ocr_carea' id='block_1_114' title="bbox 1977 5474 3561 5566">
    <p class='ocr_par' dir='ltr' id='par_1_114' title="bbox 1977 5474 3561 5566">
     <span class='ocr_line' id='line_1_115' title="bbox 1977 5474 3561 5566; baseline 0.009 -26"><span class='ocrx_word' id='word_1_884' title='bbox 1977 5474 2301 5566; x_wconf 45' lang='lat' dir='ltr'><strong>(l&#39;liolgﬁgui</strong></span> <span class='ocrx_word' id='word_1_885' title='bbox 2345 5493 2502 5547; x_wconf 84' lang='lat' dir='ltr'><strong>sunt.</strong></span> <span class='ocrx_word' id='word_1_886' title='bbox 2527 5507 2550 5544; x_wconf 73' lang='grc' dir='ltr'><strong>ι</strong></span> <span class='ocrx_word' id='word_1_887' title='bbox 2589 5493 2821 5566; x_wconf 41' lang='grc' dir='ltr'><strong>ᾼιωξξπ</strong></span> <span class='ocrx_word' id='word_1_888' title='bbox 2858 5498 2919 5566; x_wconf 72' lang='lat' dir='ltr'><strong>ut</strong></span> <span class='ocrx_word' id='word_1_889' title='bbox 2950 5487 3008 5541; x_wconf 90' lang='lat' dir='ltr'><strong>in</strong></span> <span class='ocrx_word' id='word_1_890' title='bbox 3053 5507 3289 5554; x_wconf 87' lang='lat' dir='ltr'><strong>nostro</strong></span> <span class='ocrx_word' id='word_1_891' title='bbox 3327 5517 3561 5566; x_wconf 72' lang='grc' dir='ltr'><strong>ιεχιυ,</strong></span> 
     </span>
    </p>
   </div>
   <div class='ocr_carea' id='block_1_115' title="bbox 1983 5541 3744 5693">
    <p class='ocr_par' dir='ltr' id='par_1_115' title="bbox 1983 5541 3744 5693">
     <span class='ocr_line' id='line_1_116' title="bbox 2006 5541 3574 5637; baseline -0.02 -17"><span class='ocrx_word' id='word_1_892' title='bbox 2006 5611 2014 5620; x_wconf 94' lang='grc'>.</span> <span class='ocrx_word' id='word_1_893' title='bbox 2052 5541 2285 5637; x_wconf 23' lang='lat' dir='ltr'><strong>(misit!</strong></span> <span class='ocrx_word' id='word_1_894' title='bbox 2322 5541 2739 5634; x_wconf 40' lang='lat' dir='ltr'><strong>mandem-inti?</strong></span> <span class='ocrx_word' id='word_1_895' title='bbox 2754 5541 2877 5614; x_wconf 86' lang='lat' dir='ltr'><strong>libri</strong></span> <span class='ocrx_word' id='word_1_896' title='bbox 2932 5541 3091 5615; x_wconf 76' lang='lat' dir='ltr'><strong>vero</strong></span> <span class='ocrx_word' id='word_1_897' title='bbox 3106 5541 3297 5625; x_wconf 45' lang='lat' dir='ltr'><strong>Veii-iri</strong></span> <span class='ocrx_word' id='word_1_898' title='bbox 3327 5541 3574 5637; x_wconf 35' lang='lat'><strong>“:2”;</strong></span> 
     </span>
     <span class='ocr_line' id='line_1_117' title="bbox 1983 5599 3744 5693; baseline -0.024 -32"><span class='ocrx_word' id='word_1_899' title='bbox 1983 5610 2075 5662; x_wconf 80' lang='lat' dir='ltr'><strong>ilbi</strong></span> <span class='ocrx_word' id='word_1_900' title='bbox 2110 5623 2536 5689; x_wconf 59' lang='lat' dir='ltr'><strong>I&#39;ebllluendum</strong></span> <span class='ocrx_word' id='word_1_901' title='bbox 2571 5650 2673 5693; x_wconf 51' lang='grc' dir='ltr'><strong>εει.</strong></span> <span class='ocrx_word' id='word_1_902' title='bbox 2710 5653 2726 5685; x_wconf 45' lang='grc' dir='ltr'><strong><em>ι</em></strong></span> <span class='ocrx_word' id='word_1_903' title='bbox 3325 5617 3372 5660; x_wconf 63' lang='grc' dir='ltr'><strong>ι⁸</strong></span> <span class='ocrx_word' id='word_1_904' title='bbox 3473 5599 3541 5637; x_wconf 79' lang='grc' dir='ltr'>ιιι</span> <span class='ocrx_word' id='word_1_905' title='bbox 3580 5599 3744 5655; x_wconf 47' lang='lat' dir='ltr'><strong>cate</strong></span> 
     </span>
    </p>
   </div>
  </div>
