3948 6222
249 329 365 405 5'57

1485 347 1552 401 IN
1585 345 1948 402 LEVITICUM
1981 344 2257 399 HOMILIA
2290 343 2377 398 Π.

3413 339 3514 393 458

260 453 452 511 Deus:
498 439 608 497 hoc
664 453 754 500 est
808 435 1075 519 abiurare
1131 457 1487 530 depositum,
1539 473 1591 519 et
1637 465 2232 529 beneficiaArapaces,
2301 472 2525 529 regnum
2582 455 2676 510 Dei
2727 453 3128 522 possidebunt.»
3185 452 3280 507 Est
3341 461 3517 506 tamen

286 540 493 598 ‘ertcre
514 533 566 585 in
590 536 907 602 perfidiam.

372 630 418 678 ι.
455 620 756 680 Videamus
795 645 939 683 nunc
984 633 1131 700 quid
1187 641 1366 695 etiam
1414 643 1641 698 societas
1693 644 1886 699 intelli-

315 713 472 785 genda
496 713 588 767 sit.
631 713 802 771 Putas
826 727 911 772 est
938 719 1174 790 aliquis,
1215 730 1311 796 qui
1344 733 1630 786 secundum
1659 732 1885 785 litteram

322 806 641 859 commoneri
693 807 914 876 debeat,
962 826 1032 865 ne
1077 813 1228 870 forte
1287 821 1341 872 in
1387 821 1594 874 ratione
1630 823 1886 890 pecuniae,

320 897 402 948 vel
447 896 680 964 qualibet
735 898 841 950 alia
877 903 1059 968 specie
1105 907 1422 972 societatis,
1463 910 1664 963 socium
1707 911 1889 963 fraude

317 991 593 1059 decipiat?
621 990 843 1047 Ultima:
881 995 1285 1051 misericordia:
1331 1008 1412 1052 est
1447 997 1624 1050 anima
1668 998 1784 1060 illa,
1835 998 1888 1051 in

313 1094 484 1146 quam
540 1082 738 1135 cadere
786 1083 968 1137 adhuc
1027 1084 1242 1138 fraudis
1308 1087 1410 1139 hoc
1469 1101 1638 1153 genus
1693 1094 1885 1154 potest.

318 1166 713 1224 Verumtamen
740 1174 998 1240 quoniam
1026 1177 1195 1227 multa
1232 1185 1313 1229 est
1346 1177 1400 1228 in
1449 1177 1663 1230 lmmine
1691 1177 1889 1246 fragili-

314 1267 422 1320 tas,
461 1259 630 1312 etiam
656 1261 724 1313 de
757 1261 845 1314 his
870 1277 1314 1318 commoneamus
1339 1304 1353 1327 ,
1393 1266 1514 1332 quia
1547 1281 1642 1319 nec
1663 1268 1888 1334 Aposto-

312 1347 428 1400 lum
465 1349 645 1416 piguit
675 1349 779 1401 ista
809 1352 1089 1405 mandare.
1129 1352 1271 1405 Dicit
1300 1355 1442 1406 enim
1478 1354 1521 1385 ⁸⁸
1556 1373 1569 1408 :
1615 1373 1632 1406 ‹
1663 1355 1736 1410 Ne
1770 1360 1890 1424 quis

307 1438 750 1492 circumscribat
806 1440 861 1492 in
902 1441 1120 1509 negotio
1152 1441 1376 1495 fratrem
1417 1458 1568 1496 suum
1591 1485 1606 1508 ,
1637 1446 1889 1512 quoniam

307 1526 517 1578 vindex
585 1535 674 1580 est
727 1527 800 1581 de
861 1529 945 1581 his
976 1531 1226 1584 omnibus
1283 1531 1484 1586 Deus.»
1542 1532 1693 1587 Nunc
1763 1549 1890 1589 vero

307 1619 698 1682 requiramus,
737 1631 863 1684 quae
895 1618 965 1670 sit
996 1619 1160 1670 etiam
1192 1621 1422 1676 societas
1465 1623 1704 1691 spiritus.
1755 1625 1889 1677 Audi

304 1703 380 1756 de
435 1703 525 1755 his
581 1703 722 1770 ipsis
772 1705 957 1757 verbis
1008 1707 1317 1773 Apostolum
1368 1709 1625 1762 dicentem
1667 1711 1710 1743 ”
1744 1729 1756 1763 :
1790 1711 1887 1764 «Si

1991 553 2187 620 aliquid
2235 549 2345 619 (90)
2377 558 2430 604 et
2463 546 2753 602 secundum
2787 544 3075 611 spiritalem
3118 543 3518 611 intelligentiam

1990 640 2323 708 culpabiliter
2352 653 2556 706 rapere,
2616 637 2756 689 sicut
2792 633 2866 686 illi
2917 633 3252 686 laudabiliter
3306 631 3521 698 rapiunt

1993 746 2151 799 regna
2177 730 2453 783 cwlorum.
2484 728 2553 782 Ut
2589 725 2735 780 verbi
2775 738 2962 784 causa,
3003 722 3259 784 dicamus,
3288 721 3332 774 si
3361 721 3520 773 homo

1992 820 2220 873 nondum
2269 829 2526 888 purgatus
2571 833 2599 870 a
2631 817 2796 880 vitiis,
2863 813 3092 868 nondum
3141 820 3447 878 segregatus
3489 823 3520 861 a

1991 907 2225 976 profanis
2263 916 2316 960 et
2359 907 2587 961 sordidis
2639 906 2876 967 actibus,
2912 902 3040 955 velit
3090 913 3148 954 se
3184 899 3343 952 coetui
3400 911 3524 948 san-

1993 1007 2196 1052 ctorum
2234 1006 2288 1051 et
2309 997 2663 1066 perfectorum
2699 998 2922 1049 latenter
2953 994 3194 1060 ingerere
3224 997 3278 1042 et
3315 999 3521 1040 sermo-

1994 1100 2114 1139 nem
2158 1103 2261 1150 quo
2312 1087 2544 1156 perfecta
2598 1095 2650 1140 et
2691 1085 2910 1155 mystica
2969 1089 3263 1136 tractantur
3315 1077 3520 1138 audire,

1994 1178 2290 1246 hujusmodi
2323 1178 2478 1230 homo
2511 1183 2837 1230 secretorum
2875 1182 2929 1226 et
2959 1171 3315 1241 perfecturum
3349 1169 3523 1222 scien-

1997 1270 2120 1322 tiam
2158 1282 2258 1320 nou
2301 1267 2434 1320 bene
2464 1265 2621 1333 rapit.
2652 1263 2956 1317 Meminisse
2985 1262 3122 1315 enim
3157 1265 3364 1326 oportet
3391 1271 3523 1325 prae-

1995 1360 2128 1427 cepti
2167 1356 2492 1419 Salvatoris,
2540 1369 2642 1423 quo
2685 1350 2905 1414 dicit“,
2935 1351 3055 1418 quia
3108 1367 3126 1399 ι
3171 1362 3326 1402 nemo
3361 1347 3524 1398 mittit

1993 1449 2172 1501 vinum
2211 1461 2402 1500 novum
2450 1443 2502 1495 in
2561 1449 2705 1495 utres
2737 1449 2968 1503 veteres,
3022 1437 3256 1504 alioquin
3296 1445 3349 1488 et
3377 1443 3522 1486 utres

1995 1533 2146 1600 201
2193 1537 2522 1599 rumpantur,
2577 1536 2629 1582 et
2675 1526 2853 1579 vinum
2902 1525 3132 1592 peribit:
3169 1542 3186 1574 ι
3236 1521 3523 1575 ostendens

1994 1622 2131 1691 quod
2175 1621 2364 1673 animze
2408 1618 2636 1672 nondum
2681 1624 2979 1680 renovatae,
3021 1613 3114 1667 sed
3161 1613 3212 1666 in
3260 1617 3522 1664 vetustate

1997 1712 2183 1765 litterae
2247 1708 2354 1780 (9|)
2407 1707 2749 1776 perdurauti,
2800 1718 2902 1757 non
2960 1709 3203 1770 oporteat
3262 1715 3520 1753 novorum

303 1791 460 1856 quod
494 1790 768 1843 solatium
801 1793 1088 1846 charitatis
1111 1833 1127 1857 ,
1163 1794 1208 1848 si
1249 1809 1352 1862 qua
1386 1797 1614 1850 societas
1649 1798 1888 1864 spiritus,
1921 1777 1965 1833 Β
1995 1777 2388 1870 mysteriorum,
2429 1812 2546 1866 qua:
2577 1812 2673 1865 per
2710 1795 2982 1850 Christum
3021 1791 3247 1845 mundus
3276 1789 3518 1859 agnovit,

305 1881 357 1931 si
417 1895 530 1946 qua
606 1881 830 1934 viscera
902 1883 1319 1948 miserationis,
1382 1885 1594 1953 implete
1645 1889 1890 1955 gaudium

302 1983 522 2022 meum.
560 1987 580 2019 ι
631 1967 804 2022 Vides
859 1972 1140 2026 societatis
1180 1975 1379 2041 legem,
1427 1976 1690 2040 quomodo
1736 1977 1891 2030 intel-

307 2057 449 2110 lexit
482 2058 777 2126 apos:olus
801 2058 1022 2114 Paulus.
1072 2060 1206 2115 Audi
1232 2072 1283 2114 et
1322 2061 1601 2127 Joannem,
1632 2067 1894 2130 quomodo

311 2161 429 2198 uno
456 2147 776 2215 eodemque
800 2149 993 2216 spiritu
1026 2149 1394 2218 proloquatur.
1446 2152 1540 2204 «Et
1565 2153 1891 2218 societatem,

308 2234 496 2302 inquit
528 2235 598 2294 λθ.
644 2236 916 2289 habemus
958 2252 1079 2289 cum
1131 2237 1309 2300 Patre,
1367 2248 1421 2292 et
1469 2255 1590 2293 cum
1625 2239 1757 2293 Filio
1786 2241 1896 2307 eius

298 2317 445 2375 Jesu
486 2323 740 2377 Christo.
774 2342 794 2374 ι
851 2325 918 2377 Ει
952 2326 1150 2378 iterum
1202 2325 1389 2380 Petrus
1423 2328 1552 2381 dicit
1582 2344 1597 2383 :
1635 2346 1651 2377 ι
1679 2327 1897 2382 Consor-

305 2421 421 2477 tes,
450 2413 635 2481 inquit
667 2414 737 2476 “,
773 2413 901 2467 facti
926 2415 1059 2468 estis
1087 2415 1278 2468 divina:
1316 2425 1540 2478 natum,
1564 2435 1583 2466 ›
1636 2418 1776 2484 quod
1817 2427 1897 2471 est

299 2503 473 2556 socii.
514 2504 582 2556 Et
626 2505 829 2556 iterum
877 2504 1012 2558 dicit
1052 2505 1326 2572 apostolus
1365 2504 1556 2558 Paulus
1595 2508 1681 2559 “z
1721 2525 1739 2556 ‹
1765 2506 1890 2572 Quae

300 2593 465 2644 enim
509 2593 753 2646 societas
790 2593 898 2647 luci
931 2594 998 2646 ad
1036 2595 1362 2647 tenebras?)
1405 2595 1558 2658 Quod
1601 2597 1644 2648 si
1692 2598 1795 2650 luci
1829 2598 1894 2649 ad

300 2680 583 2734 tenebras
623 2683 866 2735 societas
905 2682 1053 2734 nulla
1083 2691 1182 2745 est,
1217 2692 1393 2750 potest
1429 2699 1556 2751 ergo
1582 2686 1895 2738 societatem

299 2768 405 2822 lux
439 2769 656 2824 habere
686 2785 812 2824 cum
843 2771 989 2826 luce.
1023 2771 1188 2839 Igitur
1223 2772 1266 2824 si
1312 2773 1465 2826 nobis
1493 2788 1614 2828 cum
1645 2774 1820 2840 Patre,
1845 2785 1900 2830 et

298 2858 478 2923 Filio,
517 2869 577 2913 et
618 2860 833 2928 Spiritu
893 2871 1085 2914 sancto
1135 2863 1367 2915 societas
1406 2863 1526 2916 data
1570 2872 1671 2926 est,
1710 2866 1898 2920 viden-

300 2949 443 3002 dum
516 2950 687 3003 nobis
751 2957 877 3014 est,
936 2964 1003 3002 ne
1046 2959 1290 3002 sanctam
1344 2952 1498 3004 istam
1561 2953 1897 3023 divinamque

1993 1898 2196 1944 secreta
2223 1887 2507 1942 committi.

2063 1978 2115 2031 5.
2147 1977 2304 2030 Addit
2352 1976 2543 2030 dehinc
2572 1974 2843 2043 legislator
2869 1973 2912 2006 ⁸⁸
2945 1991 2958 2028 :
2987 1991 3005 2024 ‹
3038 1973 3142 2026 Aut
3183 1972 3225 2024 si
3262 1970 3386 2038 quid
3416 1983 3513 2023 no-

1993 2067 2101 2120 cuit
2127 2067 2482 2134 proximo,vel
2517 2063 3107 2130 invenitperditionem.
3141 2081 3159 2113 ›
3189 2061 3301 2114 Lex
3330 2061 3520 2114 litterae

1993 2155 2079 2208 hic
2111 2155 2319 2207 videtur
2377 2154 2651 2216 mandare,
2682 2164 2739 2208 ut
2785 2155 2828 2208 si
2853 2153 3193 2222 quisiuvenit
3215 2151 3354 2219 quod
3385 2149 3521 2202 alius

1994 2244 2240 2310 perdidit,
2270 2251 2323 2296 et
2353 2243 2664 2310 requisitum
2708 2241 2885 2304 fuerit,
2922 2241 3131 2304 reddat,
3155 2254 3250 2293 nec
3288 2238 3523 2305 periuret

1995 2346 2090 2397 pro
2122 2345 2204 2384 eo.
2260 2331 2349 2382 Est
2378 2339 2430 2384 et
2469 2331 2580 2384 haec
2626 2330 2769 2384 utilis
2811 2330 3163 2384 audientibus
3215 2327 3517 2380 aediﬁcatio.

1994 2419 2143 2472 Multi
2201 2420 2340 2472 enim
2392 2420 2510 2474 sine
2543 2407 2765 2488 peccato
2794 2427 2984 2487 putant
3037 2431 3176 2482 esse,
3212 2415 3255 2469 si
3293 2415 3519 2468 alienum

1994 2510 2136 2577 quod
2171 2508 2488 2572 invenerint,
2517 2516 2730 2560 teneant
2762 2516 2815 2560 et
2844 2506 3025 2560 dicant
3056 2523 3068 2557 :
3097 2506 3235 2558 Deus
3267 2504 3392 2556 mihi
3426 2502 3520 2563 de-

1993 2598 2102 2662 dit;
2132 2597 2214 2651 cui
2242 2597 2409 2650 habeo
2443 2594 2707 2648 reddere?
2731 2594 2949 2648 Discant
2967 2607 3092 2661 ergo
3113 2600 3388 2660 peccatum
3417 2590 3518 2643 hoc

1995 2701 2110 2740 esse
2167 2685 2343 2739 simile
2412 2684 2628 2751 rapinas,
2679 2683 2722 2736 si
2752 2682 2874 2750 quis
2921 2680 3136 2734 inventa
3170 2694 3274 2733 non
3310 2679 3522 2731 reddat.

1998 2772 2370 2826 Verumtamen
2396 2770 2437 2823 si
2455 2771 2556 2824 hoc
2581 2778 2784 2822 tantum
2811 2767 2946 2835 quod
2979 2767 3267 2821 secundum
3289 2768 3520 2819 litteram

1995 2870 2226 2931 putatur,
2278 2861 2550 2930 legislator
2593 2860 2845 2913 voluisset
2879 2857 3126 2925 intelligi,
3163 2865 3412 2924 potuerat
3444 2857 3526 2910 di-

1996 2967 2158 3008 cere:
2193 2951 2250 3005 Si
2297 2949 2501 3004 invenit
2542 2950 2681 3016 quod
2734 2947 2992 3016 perierat,
3032 2946 3115 3000 vel
3153 2948 3293 3014 quod
3334 2945 3526 3016 aliquis

302 3041 654 3093 societatem
706 3037 990 3105 peccando
1018 3038 1364 3106 abnegemus.
1417 3038 1471 3091 Si
1513 3041 1654 3094 enim
1681 3056 1896 3108 agamus
1922 3069 1964 3124 ο
1996 3041 2312 3109 perdiderat.
2370 3040 2522 3094 Nunc
2553 3047 2729 3092 autem
2765 3050 2882 3089 cum
2928 3035 3054 3088 dicit
3083 3053 3096 3088 :
3128 3053 3146 3086 ι
3180 3036 3381 3090 Invenit
3407 3051 3525 3104 per-

300 3143 480 3196 opera
542 3126 942 3189 tenebrarum,
1014 3137 1221 3178 certum
1275 3137 1358 3180 est
1403 3129 1525 3196 quia
1585 3132 1894 3184 societatem

302 3216 651 3284 negavimus
684 3213 857 3266 lucis.
891 3213 999 3265 Sed
1023 3221 1077 3265 et
1107 3221 1418 3266 sanctorum
1449 3214 1625 3268 socios
1655 3228 1748 3268 nos
1772 3216 1901 3269 dicit

297 3305 641 3373 Apostolus,
688 3316 797 3355 nec
833 3302 1056 3358 mirum.
1084 3301 1140 3355 Si
1179 3303 1320 3356 enim
1348 3318 1470 3356 cum
1502 3303 1660 3356 Patre
1690 3313 1744 3358 et
1765 3304 1899 3358 Filio

299 3397 517 3450 dicitur
547 3393 716 3447 nobis
756 3406 882 3445 esse
919 3391 1180 3454 societas,
1243 3391 1514 3460 quomodo
1553 3407 1653 3445 non
1685 3402 1738 3446 et
1767 3408 1888 3447 cum

297 3485 547 3548 sanctis,
582 3497 695 3535 non
736 3481 917 3535 solum
951 3480 1041 3548 qui
1070 3479 1123 3532 in
1157 3489 1300 3533 terra
1331 3489 1475 3544 sunt,
1508 3481 1601 3534 sed
1650 3490 1702 3534 et
1733 3483 1820 3550 qui
1845 3483 1897 3536 in

298 3574 516 3629 cmlis?
543 3573 677 3640 quia
712 3578 773 3623 et
804 3568 1057 3624 Christus
1096 3583 1190 3636 per
1220 3569 1536 3637 sanguinem
1571 3585 1720 3623 suum
1753 3573 1897 3638 paci-

302 3662 499 3716 ﬁcavit
537 3656 795 3713 caelestia
828 3665 884 3708 et
917 3657 1201 3708 terrestria
1224 3695 1238 3714 .
1273 3665 1328 3708 ut
1356 3656 1660 3710 caelestibus
1689 3666 1897 3711 terrena

297 3753 582 3806 sociaret.
619 3747 786 3812 Quod
817 3746 1100 3800 evidenter
1132 3745 1353 3808 indicat,
1386 3745 1473 3798 ubi
1502 3745 1630 3799 dicit
1653 3747 1897 3814 gaudium

298 3855 429 3895 esse
500 3841 563 3892 in
629 3834 799 3890 caelis
880 3847 1043 3901 super
1112 3847 1218 3886 uno
1288 3841 1569 3902 peccatore
1631 3834 1897 3902 paeniten-

300 3930 438 3982 tiam
467 3935 682 3995 agente
713 3922 783 3975 “.
821 3921 888 3974 Et
921 3935 1137 3974 rursum
1165 3935 1284 3974 cum
1310 3920 1460 3985 dicit,
1484 3934 1579 3975 eos
1603 3921 1694 3988 qui
1727 3935 1902 3974 resur-

297 4027 437 4087 gunt
481 4032 515 4070 a
541 4011 828 4077 ,mortuis,
863 4009 1075 4063 futuros
1109 4023 1228 4063 esse
1281 4011 1422 4064 sicut
1469 4011 1685 4080 angelos
1713 4011 1806 4064 Dei
1846 4013 1900 4065 in

297 4109 449 4161 caelo
509 4106 583 4168 “,
649 4112 706 4156 et
761 4114 888 4154 cum
942 4113 1007 4151 ex
1052 4099 1264 4167 integro
1296 4099 1602 4153 hominibus
1645 4100 1900 4154 caelorum

300 4213 476 4264 regna
511 4191 825 4263 promittit.
864 4186 1015 4240 lianc
1045 4201 1174 4254 ergo
1204 4189 1515 4242 societatem
1548 4188 1819 4256 dirumpit,
1849 4199 1902 4243 et

296 4284 580 4352 abnegat,
642 4278 962 4346 quicunque
1010 4272 1168 4327 malis
1211 4275 1422 4328 actibus
1467 4275 1580 4329 suis
1634 4276 1897 4342 malisque

1997 3135 2273 3198 ditionem,
2312 3149 2330 3182 ι
2363 3131 2592 3197 amplius
2631 3143 2728 3183 nos
2767 3127 2968 3196 aliquid
2997 3127 3166 3182 voluit
3201 3126 3521 3195 intelligere.

1997 3222 2096 3289 Qui
2158 3222 2316 3275 nimis
2374 3228 2616 3288 peccant,
2654 3223 2705 3271 ln
2756 3216 3048 3285 Scripturis
3093 3215 3321 3283 perditio
3349 3215 3528 3283 appel-

1997 3310 2190 3372 lantur,
2211 3309 2346 3362 sicut
2367 3308 2416 3360 in
2442 3306 2723 3359 Ezechiele
2749 3305 3003 3374 propheta
3037 3305 3260 3372 legimus
3287 3305 3481 3358 dictum
3504 3318 3520 3356 :

2003 3416 2022 3449 r
2054 3397 2304 3460 Perditio,
2341 3395 2514 3462 inquit
2546 3395 2613 3456 ⁸ο,
2655 3393 2822 3446 factus
2852 3407 2927 3454 es,
2959 3402 3014 3446 et
3061 3407 3160 3446 non
3188 3393 3444 3448 subsistes
3470 3391 3523 3445 in

1999 3497 2254 3542 aeternum
2284 3493 2509 3551 tempus.
2541 3500 2560 3534 ι
2597 3481 2689 3535 Est
2717 3496 2842 3549 ergo
2866 3481 3148 3534 ostendere
3185 3481 3273 3548 qui
3301 3482 3523 3533 multum

1999 3570 2506 3642 quaerendoinvenit
2536 3569 2889 3637 perditionem
2920 3587 2932 3620 ε
2961 3577 3018 3620 ut
3057 3569 3198 3621 verbi
3233 3569 3424 3636 gratia,
3454 3569 3528 3630 di-

1999 3676 2182 3715 camus
2230 3676 2242 3711 :
2289 3659 2523 3714 haeretici
2555 3658 2621 3711 ad
2675 3655 3031 3712 construenda
3086 3663 3140 3709 et
3190 3655 3528 3710 defendenda

2000 3750 2244 3817 dogmata
2282 3761 2376 3800 sua
2429 3745 2650 3798 multum
2696 3743 3011 3813 perquirunt
3056 3753 3111 3796 et
3149 3741 3438 3796 discutiunt
3471 3743 3524 3795 in

2000 3836 2287 3905 Scripturis
2315 3835 2526 3899 divinis,
2563 3842 2618 3885 ut
2665 3831 2937 3886 inveniant
2976 3830 3348 3898 perditionem.
3392 3829 3523 3884 Cum

1999 3927 2140 3980 enim
2183 3923 2342 3976 multa
2404 3921 2513 3994 (92)
2568 3920 2877 3989 quaesierint
2921 3921 3224 3974 testimonia
3253 3959 3268 3984 ,
3329 3920 3522 3986 quibus

2001 4023 2240 4069 astrnant
2265 4029 2384 4080 qua:
2423 4027 2583 4080 prave
2625 4012 2882 4076 sentiunt,
2922 4011 3279 4079 perditionem
3318 4010 3414 4063 sibi
3442 4010 3526 4063 iu-

1961 4145 1964 4148 .
1997 4105 2210 4158 venisse
2245 4103 2454 4156 dicendi
2501 4111 2642 4156 sunt.
2672 4101 2780 4155 Sed
2830 4101 2875 4154 si
2927 4101 3066 4156 forte
3104 4101 3298 4169 aliquis
3333 4101 3525 4154 horum

1999 4194 2217 4246 audiens
2243 4193 2294 4244 iu
2329 4191 2563 4244 Ecclesia
2598 4193 2817 4244 verbum
2868 4191 2959 4244 Dei
2988 4190 3250 4244 catholice
3285 4191 3524 4255 tractari,

2003 4283 2298 4351 resipiscat,
2323 4290 2374 4334 et
2397 4282 2654 4352 intelligat
2684 4283 2805 4350 quia
2834 4283 2971 4349 quod
3000 4281 3274 4334 invenerat
3301 4279 3528 4346 perditio

297 4376 579 4428 sensibus
619 4371 694 4421 ab
745 4380 935 4421 eorum
997 4364 1375 4432 conjunctione
1423 4374 1729 4430 separatur.
1774 4364 1899 4418 Post
1927 4365 1974 4422 D
2000 4381 2102 4434 est,
2148 4372 2354 4434 reddet,
2397 4370 2589 4437 inquit,
2621 4371 2764 4438 quod
2803 4371 3023 4423 invenit.
3065 4369 3128 4421 Et
3163 4367 3210 4420 is
3241 4367 3329 4434 qui
3357 4367 3529 4435 perdi-

297 4469 417 4522 hac
488 4463 565 4516 de
640 4459 836 4526 rapina
903 4455 1146 4509 dicitur:
1197 4466 1441 4522 raptores
1501 4461 1622 4506 s‘unt
1673 4453 1792 4506 mali
1847 4463 1901 4507 et

298 4556 476 4619 boni;
512 4562 575 4605 et
610 4547 746 4602 boni
770 4546 986 4613 quidem
1029 4544 1123 4609 illi,
1158 4545 1224 4596 de
1259 4543 1455 4610 quibus
1482 4543 1608 4596 dicit
1636 4543 1897 4609 Salvator,

294 4645 431 4712 quia
475 4650 728 4707 regnum
762 4633 1029 4687 caelorum
1067 4632 1333 4699 diripiunt
1357 4630 1425 4683 “.
1473 4629 1607 4684 Sunt
1637 4641 1815 4683 autem
1849 4638 1902 4684 et

298 4733 433 4785 mali
473 4736 790 4795 raptores,
848 4723 916 4774 de
955 4721 1151 4788 quibus
1191 4721 1324 4773 dicit
1370 4718 1625 4786 prOpheta
1660 4721 1746 4771 “z
1795 4737 1812 4769 ι
1838 4721 1900 4772 Ει

295 4825 502 4891 rapina
551 4829 870 4886 pauperum
925 4814 977 4865 in
1031 4813 1281 4865 domibus
1315 4810 1511 4863 vestris
1551 4818 1696 4864 est.»
1752 4811 1900 4878 Apo.

296 4913 488 4966 stolus
527 4919 676 4959 vero
703 4903 936 4970 abrupte
969 4903 1315 4968 pronuntiat,
1347 4897 1532 4950 dicens
1557 4899 1599 4930 ⁸⁷
1626 4917 1639 4952 :
1681 4919 1698 4949 ι
1731 4901 1902 4954 Nolite

290 5019 530 5065 ενι-πε,
579 4997 720 5066 quia
759 5005 935 5058 neque
965 4987 1228 5051 adulteri,
1267 4999 1441 5050 neque
1479 4987 1695 5052 molles,
1731 5003 1902 5054 neque

293 5092 706 5150 masculorum
765 5080 1186 5141 concubitores,
1257 5087 1435 5140 neque
1486 5074 1667 5143 fures,
1729 5091 1902 5143 neque

367 5221 418 5252 ⁸⁸
449 5219 469 5271 1
499 5215 716 5269 Thess.
748 5223 823 5272 tv,
850 5206 902 5260 6.
979 5206 1022 5238 ’ν
1045 5203 1242 5272 Philip.

288 5289 339 5321 δι
389 5268 612 5340 Μξιιιιι,
669 5268 931 5333 ιιιιξῖοο
1007 5272 1052 5304 ⁸³
1104 5268 1559 5340 ΜειιιΙιΖ-Χι,“1ᾷ.

287 5357 400 5410 vit.
423 5371 510 5414 vl.
543 5351 612 5413 2»
645 5348 699 5399 3-

365 5467 491 5539 (90)
561 5461 668 5514 Es!
717 5450 1175 5539 _tq.men_‘a_liqfit~l_.
1203 5445 1577 5539 ἠμίξήεθοξείςξ.
1623 5453 1900 5523 Sangerm.

289 5513 627 5591 ιίιὺῖἜ-εὲο
659 5524 824 5591 editi,
851 5541 870 5572 ι
897 5530 948 5574 et
982 5513 1160 5571 tainen
1201 5513 1361 5591 aliqui
1393 5515 1660 5591 sciu.._i.__.

803 5577 1110 5655 Sanga-mu
1151 5596 1170 5629 ι
1229 5577 1439 5630 litterae.
1477 5600 1493 5632 ι
1545 5584 1710 5642 Libl).
1743 5588 1898 5650 editi.

2000 4461 2198 4512 tionem
2223 4458 2442 4520 invenit,
2479 4467 2532 4511 et
2579 4458 2666 4512 ille
2693 4457 2784 4526 qui
2817 4458 3076 4524 rapinam,
3111 4457 3204 4510 sed
3237 4466 3289 4508 et
3315 4455 3404 4508 ille
3435 4454 3527 4522 qui

2000 4547 2298 4615 depositum
2331 4546 2630 4616 abnegavit,
2669 4558 2721 4600 et
2745 4548 2917 4601 omnis
2943 4547 3245 4617 quicunque
3268 4546 3445 4612 aliqua
3461 4559 3527 4599 ex

1999 4644 2151 4716 parte
2184 4634 2374 4688 anima:
2414 4636 2594 4689 nocuit
2647 4637 2912 4704 proximo,
2937 4644 3029 4689 aut
3056 4635 3257 4704 juravit
3286 4632 3478 4703 injuste
3507 4648 3520 4686 :

2008 4738 2026 4771 ι
2068 4721 2354 4786 Restituet,
2404 4722 2661 4790 inquit“,
2683 4725 2858 4791 ipsum
2897 4733 3073 4793 caput,
3105 4733 3157 4777 et
3191 4723 3404 4791 quintas
3434 4739 3525 4778 su-

2004 4824 2100 4876 per
2125 4810 2357 4878 augebit,
2383 4819 2435 4864 et
2459 4811 2506 4864 ei
2534 4811 2685 4880 cujus
2703 4821 2800 4874 est,
2827 4811 3028 4875 reddet,
3054 4830 3071 4862 »
3091 4811 3378 4864 secundum
3409 4826 3527 4864 eam

2005 4897 2260 4952 duntaxat
2311 4901 2693 4968 expositionem
2745 4916 2902 4968 quam
2953 4902 3016 4954 de
3049 4901 3252 4969 quintis
3277 4899 3530 4953 addendis
3583 4911 3586 4914 ‘

2006 4996 2128 5039 ante
2177 4987 2286 5056 jam
2318 4989 2565 5043 diximus.
2597 5007 2615 5040 ι
2661 4989 2724 5040 Et
2766 4987 2976 5051 offeret,
3007 4987 3176 5054 inquit
3204 4988 3273 5047 δ’,
3308 4985 3530 5038 Domino

2007 5079 2225 5132 arietem
2262 5081 2324 5131 de
2345 5076 2531 5130 ovibus
2558 5077 2672 5129 sine
2709 5076 2935 5140 macula,
2968 5075 3138 5142 pretio
3186 5074 3239 5126 iu
3289 5073 3340 5124 id
3386 5070 3526 5137 quod

1290 5215 1365 5258 ιν,
1398 5199 1444 5252 Ι.
1514 5199 1608 5254 ⁸⁸1
1641 5202 1792 5257 Joan.
1828 5221 1865 5268 ι,

1290 5305 1296 5318 .
1354 5280 1434 5324 XI,
1472 5268 1559 5318 12.
1661 5271 1703 5302 ⁸⁸
1755 5272 1849 5324 I53,
1893 5289 1902 5324 ι

2031 5203 2073 5236 ⁴¹
2109 5204 2148 5256 ll
2174 5204 2316 5258 Petr.
2348 5222 2386 5269 I,
2419 5204 2472 5260 4.
2548 5205 2591 5234 ⁸³
2622 5201 2661 5254 ll
2686 5202 2806 5256 Cor.
2849 5217 2925 5263 vr,
2961 5201 3043 5253 Μ.
3121 5201 3164 5230 ’⁵⁸
3186 5199 3312 5253 Luc.
3345 5212 3430 5257 xv,
3473 5196 3523 5247 7.

2009 5273 2091 5324 H.
2188 5273 2231 5303 ⁴⁷
2274 5275 2288 5324 l
2328 5275 2451 5324 Cor.
2491 5287 2564 5324 vr.
2606 5272 2690 5324 lO.
2764 5271 2807 5301 ⁵⁸
2855 5269 3040 5322 Matth.
3081 5283 3158 5324 Ix.
3188 5270 3270 5319 17.
3344 5263 3388 5295 ⁸⁸
3421 5263 3523 5317 Le-

782 5316 828 5374 ίο
847 5308 1048 5394 ἶέἵεειι.
1082 5308 1401 5396 ιῖἓὶἱῖέσῗ
1420 5308 1849 5402 ’δι’ίένίιλνιξῖξί
1893 5308 1969 5368 ’ὶῗ
1990 5308 2117 5394 ibid.
2149 5341 2200 5405 ϐ,
2233 5308 2283 5394 νζ

2188 5273 2231 5303 ⁴⁷
2274 5275 2288 5325 l
2328 5263 2451 5327 (lor.
2491 5287 2564 5337 vr,
2606 5272 2690 5324 10.
2764 5271 2807 5301 ⁸⁸
2855 5269 3040 5322 Matth.
3081 5283 3158 5333 ix,
3188 5270 3270 5319 17.
3344 5263 3388 5295 ⁸⁸
3421 5263 3523 5317 Le-

2016 5475 2034 5507 (
2069 5457 2302 5510 malitiae.
2332 5475 2351 5507 ι

2063 5527 2169 5597 (92)
2194 5524 2346 5579 Libb.
2387 5521 2535 5589 editi,
2575 5538 2592 5570 ι
2637 5517 2877 5573 multum.
2912 5533 2929 5564 ι
2970 5512 3118 5579 Mss.,
3147 5531 3166 5565 ε
3203 5513 3387 5568 multa.
3425 5529 3443 5560 θ
