3948 6252
319 331 418 384 459

1756 325 2071 383 ORIGENIS

3635 293 3817 350 μα’

318 445 557 509 deliquit,
600 450 652 494 et
676 441 852 495 orabit
897 456 991 508 pro
1041 455 1103 495 eo
1146 441 1397 495 sacerdos
1438 450 1623 495 contra
1675 441 1851 493 Domi-
1879 447 1921 500 ,1,
1954 440 2108 503 latus,
2139 453 2232 490 cor
2260 437 2565 491 contritum
2604 444 2668 488 et
2708 430 3115 487 humiliatum
3148 424 3354 478 Deus
3386 430 3530 509 non
3572 429 3750 509 sper-

317 548 465 592 num,
492 542 543 585 et
586 531 888 584 remittetur
909 530 956 582 ei
996 545 1090 598 pro
1121 545 1226 583 uno
1264 531 1330 583 ab
1360 531 1610 584 omnibus
1636 546 1751 598 qua:
1779 530 1853 583 fe-

313 625 388 680 cit
442 632 497 676 et
543 621 764 689 deliquit
807 624 861 676 in
905 634 987 673 eo.
1015 640 1032 671 ι
1074 620 1317 674 Diximus
1367 622 1417 673 in
1467 619 1851 689 superioribus,

313 710 440 778 quid
465 719 545 763 est
576 710 769 763 otl'erre
803 711 1049 774 arietem,
1082 721 1135 763 et
1159 714 1298 765 hunc
1334 713 1505 778 pretio
1533 711 1649 765 sicli
1678 711 1849 764 sancti

313 812 570 866 emptum.
604 799 755 852 Nunc
797 809 1060 867 superest,
1108 809 1166 852 ut
1204 800 1555 854 diﬁ‘erentiam
1601 801 1743 852 illam
1774 801 1855 851 di-

314 904 537 940 camus:
569 888 708 955 quod
758 889 828 940 ibi
857 889 1084 956 pretium
1130 889 1306 956 posuit
1351 888 1466 941 sicli
1516 889 1708 948 sancti.
1769 887 1853 939 hic

318 978 686 1029 tantummodo
711 977 937 1045 pretium
967 977 1133 1037 dicit,
1169 990 1267 1029 nec
1293 976 1640 1041 quantitatem
1672 974 1850 1042 pretii,

318 1085 417 1123 nec
468 1083 657 1121 nomen
712 1065 947 1133 pecunia:
993 1065 1312 1132 designavit.
1374 1066 1428 1117 In
1483 1065 1852 1131 superioribus

313 1159 455 1210 enim
496 1157 583 1208 ubi
629 1170 725 1222 pro
764 1159 982 1220 peccato
1024 1153 1163 1219 quod
1194 1153 1244 1206 in
1290 1137 1483 1206 sancta.
1507 1153 1848 1206 commissum

315 1247 501 1306 fuerit,
532 1247 616 1299 lex
666 1243 909 1303 dabatur,
941 1241 1127 1294 siclum
1151 1253 1396 1294 sanctum
1430 1243 1661 1295 diximus
1684 1241 1851 1293 nomi-

317 1337 522 1391 natum,
567 1336 621 1380 et
661 1328 849 1379 siclum
895 1342 1087 1380 nomen
1146 1343 1265 1382 esse
1309 1329 1575 1397 pecuniae;
1626 1337 1679 1380 ut
1727 1328 1849 1380 alibi

317 1421 526 1486 obolus,
579 1420 702 1474 alibi
751 1421 1028 1483 drachma,
1083 1421 1209 1474 alibi
1255 1437 1398 1485 mna,
1435 1421 1516 1473 vel
1566 1421 1849 1482 talentum,

314 1510 398 1566 vel
427 1513 686 1565 minutum
713 1525 784 1563 ms
812 1512 891 1565 vel
926 1511 1173 1564 denarius
1197 1512 1411 1565 dicitur.
1443 1511 1538 1564 Hic
1557 1524 1684 1579 ergo
1718 1509 1849 1563 nihil

317 1604 505 1655 borum
537 1603 861 1667 nominatur,
887 1604 976 1656 sed
1002 1614 1200 1656 tantum
1233 1603 1401 1670 pretio
1418 1600 1848 1669 oﬁerendus(93)

320 1695 465 1747 aries
491 1693 710 1747 dicitur.
763 1693 992 1747 interest
1027 1694 1166 1745 enim
1207 1707 1428 1760 peccare
1462 1693 1512 1744 in
1544 1690 1766 1753 sanctis,
1795 1698 1850 1742 et

315 1796 538 1848 peccare
566 1791 716 1834 extra
775 1791 981 1834 sancta.
1027 1781 1118 1833 Vis
1151 1790 1204 1834 et
1237 1779 1361 1831 alibi
1395 1779 1576 1832 videre
1612 1778 1752 1829 hanc
1779 1778 1848 1844 ip-

316 1887 426 1924 sam
478 1871 922 1925 distinctionem?
952 1871 1083 1924 Audi
1142 1869 1409 1937 quomodo
1437 1869 1489 1920 in
1544 1866 1849 1933 Regnorum

317 1959 469 2011 libris
519 1959 648 2010 dicit
700 1957 814 2011 Heli
868 1958 1124 2011 sacerdos
1153 1956 1218 2008 ad
1257 1955 1393 2008 ﬁlios
1448 1968 1575 2007 suos
1607 1953 1651 1983 ⁸³
1685 1968 1698 2004 :
1737 1971 1753 2002 ι
1794 1951 1850 2005 Si

316 2047 456 2100 enim
488 2046 791 2114 peccaverit
830 2046 949 2113 quis
984 2048 1037 2098 in
1070 2034 1633 2105 ltomineni,'exor:ibit
1659 2055 1751 2109 pro
1787 2055 1849 2095 eo

318 2136 590 2188 sacerdos.
628 2133 683 2186 Si
718 2143 895 2185 autem
926 2134 978 2185 in
1015 2133 1177 2187 Deum
1214 2132 1536 2198 peccaverit,
1566 2131 1689 2197 quis
1717 2144 1849 2182 exo-

316 2222 458 2274 rabit
491 2236 586 2289 pro
616 2234 679 2274 eo
706 2221 729 2273 ‘.'
758 2240 776 2271 ι
813 2219 1068 2274 Similiter
1112 2231 1165 2274 et
1185 2220 1418 2274 Joannes
1462 2219 1730 2287 apostolus
1772 2219 1852 2271 di-

320 2310 505 2365 cit“:
540 2329 558 2361 ι
595 2311 692 2364 Est
754 2321 1028 2379 peccatum
1077 2311 1141 2364 ad
1180 2320 1427 2373 mortem,
1476 2324 1582 2363 non
1622 2324 1719 2378 pro
1761 2309 1852 2363 illo

317 2400 438 2453 dico
463 2408 736 2455 utoretur.
768 2418 786 2451 ι
817 2400 951 2464 Quia
978 2414 1104 2466 ergo
1133 2400 1474 2453 diversitates
1509 2409 1848 2467 peccatorum

316 2489 523 2541 discere
566 2502 633 2541 ex
685 2487 914 2555 spiritali
950 2487 1066 2556 lege
1102 2487 1378 2550 debemus,
1411 2488 1462 2540 in
1498 2488 1691 2554 quibus
1728 2500 1852 2554 pec-

315 2576 453 2629 catis
507 2574 873 2628 tantummodo
917 2575 1174 2629 emendus
1227 2576 1297 2628 sit
1356 2575 1516 2636 aries,
1564 2574 1616 2627 in
1661 2573 1853 2637 quibus

314 2678 443 2717 vero
492 2663 621 2717 siclo
673 2671 862 2716 sancto
917 2662 1256 2726 mercandus,
1296 2661 1385 2731 qui
1425 2662 1587 2714 etiam
1626 2661 1733 2713 sint
1760 2660 1849 2712 isti

314 2752 404 2818 qui
434 2751 663 2803 vendant
699 2750 914 2813 arietes,
956 2750 1319 2818 requiramus.
1366 2748 1474 2816 Ego
1501 2748 1733 2800 arbitror
1773 2748 1851 2814 ip-

318 2854 407 2893 sos
432 2852 550 2892 esse
583 2840 737 2903 istos,
773 2838 862 2906 qui
921 2839 1120 2891 arietes
1174 2841 1240 2890 ad
1291 2836 1614 2889 sacriﬁcium
1647 2835 1848 2887 distra-

316 2930 470 2995 hunt,
503 2928 593 2996 qui
624 2935 746 2982 sunt
778 2937 831 2980 et
856 2928 964 2992 illi,
997 2927 1085 2996 qui
1119 2925 1291 2979 oleum
1329 2923 1393 2979 ad
1435 2924 1710 2992 lampadas
1739 2925 1849 2976 vir-

315 3014 496 3081 ginum
525 3015 780 3078 vendunt,
815 3017 879 3067 de
909 3015 1105 3082 quibus
1141 3013 1391 3066 dicebant
1428 3012 1532 3066 illa:
1560 3012 1849 3079 prudentes

315 3103 495 3158 stultis
536 3102 832 3169 virginibus
863 3104 948 3153 ηε
988 3120 1008 3152 ι
1048 3102 1123 3156 lte
1152 3103 1216 3155 ad
1265 3103 1569 3161 vendentes,
1600 3110 1654 3154 et
1688 3101 1850 3153 emite

315 3191 556 3246 vobis.»
608 3189 856 3247 Vendunt
904 3205 1031 3259 ergo
1061 3191 1143 3246 vel
1185 3191 1358 3245 oleum
1419 3189 1730 3257 luminibus,
1767 3191 1849 3245 vel

316 3281 512 3335 arietes
542 3280 843 3346 sacriﬁciis,
872 3281 961 3349 qui
992 3281 1083 3334 alii
1136 3281 1241 3334 nisi
1287 3280 1561 3348 prepbetze
1599 3281 1768 3334 sancti
1799 3289 1851 3335 et

316 3369 564 3436 apostoli,
615 3373 703 3438 qui
752 3373 883 3425 mihi
929 3386 1049 3425 cum
1106 3385 1398 3440 peccavero
1442 3372 1750 3434 ostendunt,
1798 3381 1851 3425 et

317 3456 591 3511 consilium
623 3459 748 3513 dant
773 3460 1037 3528 quomodo
1075 3460 1295 3513 debeam
1323 3459 1596 3528 corrigere
1639 3474 1850 3515 errores

316 3560 463 3599 meos
521 3557 576 3600 et
622 3549 905 3603 emendare
947 3549 1198 3616 peccata?
1260 3548 1452 3603 Vendit
1516 3549 1645 3602 mihi
1687 3548 1851 3604 Isaias

316 3634 537 3687 arietem
582 3637 648 3690 ad
695 3636 1100 3692 sacriﬁcandum
1136 3651 1234 3704 pro
1277 3647 1517 3706 peccato,
1555 3653 1677 3693 cum
1719 3640 1848 3693 mihi

315 3723 463 3788 dicit,
515 3733 762 3794 tanquam
825 3742 891 3780 ex
941 3726 1030 3779 Dei
1082 3742 1307 3794 persona
1347 3729 1436 3781 ’σς
1475 3748 1493 3779 ι
1532 3728 1848 3783 Holocausta

312 3811 560 3877 arietum,
607 3824 660 3868 et
690 3815 873 3882 adipes
923 3830 1205 3885 agnorum,
1235 3826 1288 3871 et
1325 3818 1638 3887 sanguinem
1670 3819 1848 3872 hirco-

315 3917 430 3953 rum
465 3912 519 3955 et
545 3910 815 3956 taurorum
844 3904 1034 3958 noles:
1053 3904 1114 3958 Et
1132 3906 1290 3974 paulo
1314 3916 1437 3973 post
1467 3906 1743 3975 subjungit
1770 3907 1845 3959 ’τε

320 4006 339 4037 ι
372 3989 584 4045 Auferte
613 3992 877 4059 nequitias
908 3992 975 4045 ab
1009 3994 1203 4047 animis
1236 3998 1449 4058 vestris,
1492 4009 1521 4046 a
1559 4004 1845 4061 conspectu

313 4080 589 4132 oculorum
610 4088 944 4143 vestrorum;
970 4082 1160 4135 discite
1193 4084 1389 4137 bonum
1425 4084 1622 4145 facere,
1658 4084 1847 4150 eripite

314 4169 561 4236 injuriam
610 4167 980 4234 accipientem,
1021 4170 1259 4236 iudicate
1309 4173 1532 4240 pupillo,
1562 4182 1615 4225 et
1646 4172 1846 4241 justiﬁ-

312 4265 431 4310 cate
464 4256 697 4317 viduam,
728 4262 782 4307 et
808 4242 984 4309 venite
1020 4257 1372 4324 disputemus,
1400 4262 1528 4314 dicit
1567 4260 1842 4314 Dominus.

311 4343 375 4395 Et
397 4343 439 4396 si
462 4341 660 4394 fuerint
688 4352 900 4410 peccata
930 4354 1107 4398 vestra
1135 4348 1558 4414 utphtenicium,
1589 4363 1645 4403 ut
1669 4352 1842 4405 nivem
1875 4364 1918 4418 ι)
1949 4359 2200 4426 cingitur,
2238 4361 2346 4424 vel,
2377 4362 2518 4415 sicut
2553 4364 2683 4418 alibi
2739 4341 3015 4440 dicitur:

315 4430 593 4455 .a..-n...|-...
631 4431 674 4455 ..ε
714 4439 884 4455 -..μω
925 4440 977 4455 ..ι
1030 4437 1295 4455 ..-μεμηη
1398 4450 1409 4455 -
1458 4440 1468 4455 .
1783 4443 1812 4455 .-
2155 4448 2166 4455 .
2192 4447 2204 4455 .
2352 4450 2363 4455 -
2496 4453 2519 4455 _
3462 4414 3549 4455 us

310 4430 595 4493 dealbabo;
631 4431 676 4483 si
712 4439 885 4483 autem
925 4440 981 4484 ut
1027 4437 1325 4502 coccinum,
1358 4450 1415 4491 ut
1456 4440 1628 4492 lanam
1661 4443 1845 4494 candi-

310 4522 428 4573 dam
454 4517 699 4571 efﬁciam.
724 4535 743 4568 ι
782 4519 979 4572 Vendit
1014 4521 1143 4573 mihi
1180 4525 1400 4578 arietem
1425 4538 1478 4580 et
1513 4529 1690 4581 Daniel
1718 4545 1839 4582 cum

312 4606 530 4670 dicit”,
585 4607 709 4674 quia
738 4624 756 4656 ι
789 4623 891 4661 non
918 4616 1000 4661 est
1055 4609 1202 4663 locus
1229 4612 1295 4663 ad
1343 4616 1751 4669 sacriﬁcandum
1787 4618 1840 4670 in

315 4706 603 4765 conspectu
624 4706 732 4761 tuo,
762 4705 819 4749 ut
844 4698 1107 4765 possimus
1126 4699 1360 4755 invenire
1391 4703 1836 4758 misericordiam.

315 4787 420 4840 Sed
478 4786 531 4839 in
583 4786 770 4847 anima.
816 4788 1166 4843 contribulata
1212 4796 1266 4841 et
1290 4787 1481 4857 spiritu
1518 4790 1840 4848 humilitatis

225 4940 238 4959 Ι
309 4874 667 4941 suscipiamur
725 4875 864 4929 velut
908 4879 959 4930 in
1013 4877 1357 4933 multitttdiue
1418 4892 1672 4947 agnorum
1722 4883 1841 4952 pin-

307 4963 509 5030 guium,
539 4961 618 5015 sic
648 4961 740 5016 ﬁat
759 4964 1077 5019 sacriﬁcium
1102 4978 1340 5020 nostrum
1365 4966 1417 5020 in
1440 4978 1727 5038 conspectu
1750 4980 1841 5026 tuo

310 5052 489 5106 hodie.
516 5070 534 5103 ι
566 5052 761 5105 Vendit
802 5054 957 5107 nobis
983 5063 1037 5108 et
1077 5055 1238 5109 David
1287 5057 1509 5111 arietem
1550 5061 1838 5125 sacriﬁcii,

281 5156 430 5224 ‘cum
466 5140 591 5194 dicit
623 5140 665 5171 ⁸ο
693 5156 706 5191 :
741 5157 761 5190 ι
807 5141 1141 5197 Sacriﬁcium
1174 5146 1282 5199 Deo
1310 5147 1526 5214 spiritus
1569 5150 1839 5224 contribu-

374 5231 635 5303 "1mg.
656 5247 720 5303 ιι,
751 5232 840 5303 25.
916 5233 962 5265 “
1001 5236 1015 5287 Ι
1050 5235 1206 5290 Joan.
1240 5253 1291 5298 ν,
1325 5238 1413 5292 16.
1486 5240 1532 5271 ⁵⁸
1565 5222 1753 5292 Mailh-
1785 5256 1907 5303 XXV.
1938 5245 1988 5298 9ο

306 5294 502 5373 2518,59.
572 5294 792 5373 "'stal
821 5318 911 5373 _l.l,
936 5304 1020 5373 i9.
1118 5305 1163 5336 ⁶⁰
1194 5306 1208 5357 Ι
1247 5294 1375 5373 lieg.
1424 5320 1512 5369 xv,
1549 5306 1637 5357 22.

307 5361 353 5394 “
384 5363 507 5418 Luc.
531 5382 629 5430 xu,
654 5369 741 5422 55.
816 5371 859 5402 ⁸⁸
880 5372 917 5424 ll
933 5371 1056 5426 Cor.
1091 5389 1146 5436 v,
1185 5373 1273 5426 17.

379 5450 486 5530 (95)
527 5454 700 5530 Pretio
723 5461 1036 5526 o/ferendus.
1067 5462 1139 5513 Ita
1180 5465 1343 5530 codex
1372 5462 1653 5530 Sangerm.
1687 5464 1832 5519 Libri

314 5525 485 5594 attigui
513 5523 663 5594 editi,
696 5542 717 5594 ι
744 5523 972 5592 pretium
1006 5546 1110 5594 quo
1139 5528 1463 5587 oﬁ‘erendus.
1486 5523 1526 5580 ⁷»

385 5579 491 5650 (94)
519 5579 857 5658 Advérbibm,
893 5613 909 5643 ι
930 5579 1259 5663 νδριῖιιιείξῖ
1538 5607 1691 5653 antea
1719 5601 1832 5654 edi-

1741 5309 1783 5338 “
1814 5310 1981 5365 Levit.
2024 5329 2099 5381 τι,
2133 5317 2166 5370 8
2190 5309 2416 5396 ειεέψιξ

1954 528 2051 581 nit.
2084 545 2102 578 ο
2158 527 2288 579 Cum
2345 540 2477 594 ergo
2529 525 2753 594 singuli
2804 522 3325 591 prophetarum,
3388 508 3501 563 vel
3560 506 3754 560 etiam

1953 618 2314 684 apostolorum
2359 614 2659 668 consilium
2718 614 2816 669 bis
2877 610 2984 677 qui
3038 608 3504 672 delinquunt.
3563 600 3753 653 dede-

1954 705 2082 765 rint,
2113 719 2217 771 quo
2244 702 2454 770 possint
2476 703 2782 769 corrigere
2813 699 2911 752 vel
2949 694 3334 750 emendare
3369 694 3757 757 peccatum.

1955 794 2146 846 merito
2181 793 2266 845 his
2310 793 2627 845 vendidisse
2662 792 2894 842 arietes
2934 787 3012 840 ad
3053 780 3517 838 sacriﬁcium
3569 778 3752 831 vide-

1952 881 2174 936 buntur.
2226 880 2364 945 Quid
2420 890 2608 933 autem
2652 878 2834 946 pretii
2893 892 2924 930 a
2985 871 3589 943 comparantibus
3651 884 3759 922 su-

1954 978 2123 1036 mant,
2175 971 2306 1023 illud
2347 971 2564 1037 Opinor,
2625 969 2866 1037 legendi
2902 966 3246 1023 studium.
3295 960 3584 1031 vigilias
3645 975 3758 1014 au-

1953 1060 2130 1113 diendi
2158 1060 2307 1112 verbi
2340 1060 2455 1121 Dei,
2492 1069 2549 1114 et
2578 1072 2753 1127 super
2785 1058 2990 1112 omnia
3029 1054 3551 1124 dignissimum
3610 1066 3759 1119 pre-

1956 1150 2085 1200 tium
2117 1147 2484 1201 obedientiam
2533 1157 2688 1216 puto.
2748 1149 2822 1200 de
2852 1162 2976 1215 qua
3021 1145 3205 1199 dicit
3272 1141 3632 1196 Dominus
3664 1141 3754 1191 “:

1958 1252 1975 1284 ι
2007 1235 2382 1289 Obedientiam
2419 1235 2564 1287 malo
2592 1249 2765 1302 quam
2800 1233 3243 1297 sacriﬁcium,
3290 1240 3372 1286 et
3406 1232 3597 1285 dicto
3649 1246 3761 1283 au-

1952 1323 2208 1376 dientiam
2242 1322 2417 1390 magis
2446 1338 2616 1391 quam
2648 1324 3030 1378 holocausta.
3060 1344 3086 1375 ι

2016 1408 2072 1463 6.
2091 1410 2219 1463 Post
2237 1410 2351 1462 haec
2367 1411 2723 1478 subsequitur
2745 1413 2792 1449 οι
2817 1429 2831 1460 :
2861 1432 2879 1461 ι
2911 1413 2990 1465 Et
3008 1413 3299 1465 locutus
3315 1420 3468 1474 est.
3506 1413 3753 1478 inquit.

1952 1498 2211 1552 Dominus
2234 1501 2300 1552 ad
2327 1500 2568 1569 Moysen,
2600 1502 2798 1555 dicens
2832 1521 2846 1555 :
2879 1503 3178 1578 Ptaecipe
3213 1504 3469 1556 Aaron
3502 1513 3574 1556 et.
3610 1503 3758 1557 ﬁliis

1950 1592 2085 1659 ejus,
2114 1590 2300 1645 dicens
2333 1608 2347 1643 :
2384 1590 2509 1643 llazc
2530 1602 2613 1644 est
2644 1593 2732 1646 lex
2761 1593 2940 1661 202
2972 1594 3385 1649 holocausti
3409 1608 3431 1645 :
3459 1593 3601 1649 Hoc
3641 1597 3757 1649 ho-

1952 1681 2256 1733 locaustum
2296 1681 2349 1733 in
2384 1683 2730 1735 crematione
2750 1699 2857 1735 sua
2895 1684 3021 1736 erit
3063 1698 3298 1752 super
3354 1668 3588 1739 altare
3623 1694 3752 1740 tota

1954 1777 2108 1820 nocte
2143 1768 2385 1834 usquein
2420 1784 2581 1822 mane
2622 1787 2637 1823 :
2665 1780 2723 1822 et
2752 1771 2910 1836 ignis
2935 1772 3182 1826 altaris
3235 1773 3531 1827 ardebit
3557 1790 3756 1843 super

1954 1855 2101 1919 illud,
2139 1869 2241 1909 nec
2291 1858 2702 1923 exstinguetur.
2737 1860 2806 1912 Et
2849 1862 3072 1915 induet
3124 1877 3208 1916 se
3262 1866 3612 1918 sacerdos
3644 1876 3747 1919 tu-

1955 1944 2130 1997 nicam
2181 1944 2404 2008 lineam,
2458 1956 2513 1999 et
2568 1958 2902 2016 campestre
2937 1950 3200 2005 lincum
3276 1954 3535 2009 induet
3576 1958 3750 2012 circa

1952 2045 2150 2099 corpus
2169 2045 2358 2096 suum;
2389 2032 2677 2087 etaul'eret
2710 2036 3005 2100 hostiam,
3039 2054 3268 2106 quam
3308 2056 3750 2113 consumpse-

1953 2119 2023 2172 rit
2054 2121 2218 2187 ignis,
2264 2131 2319 2173 et
2372 2121 2769 2175 holocaustum
2803 2124 2879 2177 de
2916 2126 3152 2193 altari,
3200 2140 3287 2183 et
3327 2142 3555 2199 ponet
3593 2134 3749 2189 illud

1951 2223 2106 2263 secus
2129 2209 2335 2274 altare;
2372 2220 2425 2263 et
2461 2211 2800 2277 despotiabit
2835 2227 2901 2265 se
2939 2216 3111 2268 stola
3162 2232 3340 2281 sua.
3388 2232 3463 2277 et
3505 2223 3749 2279 indue-

1954 2306 2040 2350 tur
2069 2298 2199 2351 stola
2253 2298 2390 2363 alia;
2450 2308 2505 2352 et
2532 2300 2719 2367 ejiciet
2769 2302 3040 2358 hostiam
3085 2322 3257 2375 qum
3299 2323 3620 2368 cremata
3655 2325 3752 2370 est

1951 2398 2099 2440 extra
2125 2396 2303 2441 castra
2333 2388 2386 2441 in
2436 2387 2617 2441 locum
2657 2392 2973 2446 muudmn.
3018 2394 3107 2448 Et
3152 2397 3361 2466 ignis
3404 2417 3626 2471 super
3659 2406 3753 2458 al-

1951 2485 2065 2529 tare
2095 2476 2328 2542 ardebit,
2360 2492 2460 2531 nec
2503 2481 2933 2550 exstinguetur,
2996 2495 3066 2540 et
3113 2493 3519 2550 comburet
3555 2512 3751 2565 super

1953 2567 2078 2619 illud
2137 2568 2392 2621 sacerdos
2440 2569 2583 2637 ligna
2621 2583 2819 2634 mane,
2864 2580 2926 2625 et
2974 2580 3437 2648 constipabit
3486 2586 3556 2640 in
3589 2587 3749 2643 illud

1952 2656 2340 2720 holocaustum,
2369 2666 2424 2711 et
2477 2657 2725 2724 imponet
2763 2674 2947 2728 snper
2978 2662 3151 2721 illud
3213 2673 3522 2742 adipem
3576 2676 3748 2733 salu-

1954 2745 2104 2809 laris,
2148 2754 2202 2799 et
2257 2746 2397 2814 ignis
2440 2760 2660 2814 semper
2701 2749 2936 2803 ardebit
3005 2770 3237 2824 super
3306 2762 3569 2833 altare,
3630 2783 3749 2825 nec

1956 2836 2351 2903 exstinguetur.
2391 2854 2411 2887 ι
2463 2835 2602 2889 Audi
2671 2850 2915 2905 semper
2976 2842 3246 2902 debere
3293 2866 3466 2907 esse
3528 2855 3745 2928 ignem

1949 2941 2111 2993 super
2162 2926 2334 2980 altare
2370 2935 2424 2980 et
2464 2936 2542 2989 tu,
2578 2927 2624 2979 si
2665 2927 2750 2982 vis
2805 2946 2944 2987 esse
3002 2943 3365 3001 sacerdos
3404 2926 3579 3016 Dei;
3615 2951 3745 3006 sic-

1876 3048 1918 3104 ο
1957 3026 2016 3069 ιιι
2069 3018 2334 3084 scriptum
2381 3029 2463 3072 est
2491 3022 2535 3051 ⁶¹
2563 3039 2609 3075 :c
2655 3024 2872 3079 Omnes
2934 3031 3121 3085 enim
3188 3051 3327 3093 vos
3416 3045 3747 3098 sacerdo-

1954 3117 2032 3158 tes
2089 3105 2297 3159 Domiui
2345 3109 2522 3161 eritis.
2571 3130 2590 3162 ι
2637 3111 2709 3164 Et
2759 3115 2833 3168 ad
2900 3126 2960 3170 te
3010 3123 3207 3177 enim
3285 3126 3572 3186 dicitur
3632 3133 3737 3187 ⁶³ε

1953 3209 1972 3242 ι
2001 3192 2142 3246 Gens
2168 3193 2353 3257 electa,
2393 3197 2573 3264 regale
2593 3203 3025 3271 sacerdotium,
3056 3214 3385 3280 pupulus
3424 3220 3498 3274 in
3526 3225 3747 3293 acqui-

1947 3282 2219 3337 sitionem.
2255 3303 2274 3335 ι
2302 3285 2358 3338 Si
2412 3300 2544 3355 ergo
2586 3290 2668 3343 vis
2716 3296 3161 3355 sacerdotium
3224 3320 3469 3377 agere
3498 3282 3744 3371 anima:

1936 3376 2078 3431 'tuai.
2106 3386 2376 3440 nunquam
2411 3377 2638 3430 recedat
2665 3379 2813 3446 ignis
2855 3385 2936 3439 de
2973 3388 3207 3447 altaris
3255 3376 3417 3453 tuo.
3460 3402 3609 3458 Hoc
3645 3418 3745 3461 est

1950 3462 2098 3563 quod
2135 3469 2200 3563 et
2244 3463 2505 3563 Dominus
2557 3467 2610 3521 in
2665 3469 3012 3563 lEvatigeliis
3094 3491 3443 3560 praecipit
3508 3498 3611 3563 “,
3678 3509 3747 3553 ut

1954 3566 1973 3600 ι
1997 3551 2106 3603 siut
2135 3552 2296 3605 lumbi
2327 3555 2488 3607 veStri
2514 3560 2827 3623 praecincti,
2859 3576 2921 3618 et
2950 3567 3271 3631 lucerna:
3296 3551 3565 3640 {csum
3582 3551 3746 3643 έεώξ

1946 3654 2042 3744 per
2094 3643 2363 3744 ardentes.
2405 3645 2687 3744 i-Semper
2741 3651 2863 3723 (94)
2903 3671 3062 3727 ergo
3137 3667 3277 3723 tibi
3327 3674 3527 3744 ignis
3563 3680 3713 3735 ﬁdci

2331 3733 2342 3744 .
2449 3737 2458 3746 .
2870 3747 2884 3758 ⁸
2981 3723 3011 3727 “
3328 3723 3526 3744 ”ι“ν“““”
3563 3723 3742 3748 ἠ’νιο

1947 3731 2510 3840 ⁶¹Ᾰῗῗῗῖ¹ἷῗῖῗῗῗῗ¹¹¹έ³³
2544 3750 3117 3840 ἕ⁴θ⁰⁶ῗ¹¹³³ξ¹ιίδθι¹
3165 3768 3245 3812 ει
3282 3769 3485 3832 quod
3547 3772 3740 3840 ιιίιίι.

1953 3840 1970 3872 ι
2010 3821 2173 3873 lumbi
2204 3822 2363 3873 vestri
2396 3827 2701 3891 praecincti,
2737 3849 2757 3881 ι
2801 3834 3118 3898 Dominus
3163 3847 3235 3901 in
3286 3821 3741 3928 évaligelio:

1948 3910 2045 3961 hoc
2070 3909 2341 4017 idemest,
2371 3913 2517 3977 quod
2560 3926 2615 4016 et
2659 3933 2815 3974 nunc
2852 3922 3210 3993 lcgislator
3247 3909 3744 4017 ρνεεεῖξξζέ

1947 3996 2232 4066 campestri
2263 3997 2405 4051 lineo
2437 4004 2816 4074 pra-cingatur
2850 3989 3208 4087 sacerdos,
3247 3989 3741 4096 2;:‘;V.;;;e:

1930 4088 2124 4164 .cinere
2141 4088 2407 4157 deposito,
2440 4091 2663 4148 innovct
2697 4113 2907 4155 sacros
2936 4105 3158 4174 ignes.
3192 4117 3484 4188 οροι-ιρ

2180 4090 2407 4188 θροδίιι),
2440 4091 2663 4188 inn-ovet
2697 4113 2907 4155 sacros
2936 4105 3158 4174 ignes.
3192 4088 3738 4188 Oportetiéﬁiﬁ;

1947 4180 2493 4289 Dililﬁhliﬁsu‘dlcel‘?
2523 4184 2609 4238 “z
2646 4204 2664 4235 ι
2702 4187 2882 4289 Βριξθῆ
2929 4208 3169 4256 vetera
3243 4218 3736 4289 transierunt,

1948 4278 1998 4368 et
2022 4268 2159 4368 facta
2191 4274 2523 4327 suntomnia
2571 4292 2738 4333 nova.
2782 4298 2804 4330 ι
2836 4281 3224 4354 Campestri
3299 4268 3739 4368 θιιὶξιῖίξ-ιξξᾶ

2038 4412 2067 4426 υ
2155 4412 2200 4458 ⁸,
2290 4412 2293 4413 γ
2332 4412 2346 4424 ,
2380 4412 2515 4415 ν---
2554 4412 2683 4418 *νη
2742 4412 3000 4440 vva-tu.
3045 4412 3549 4455 uc-uurauous
3607 4412 3739 4457 uti-

1950 4455 2054 4547 mr,
2081 4447 2456 4550 quiluxnriam
2489 4453 2648 4508 [Iuste
2693 4456 2959 4520 libidinis
2987 4470 3291 4544 cingulo
3329 4493 3738 4550 restrinxe—

1949 4537 2017 4588 rit
2048 4537 2334 4591 castitatis.
2362 4540 2504 4594 Ante
2529 4545 2715 4600 omnis
2751 4550 2909 4605 enim
2964 4537 3214 4620 sace'rd

1947 4621 2028 4672 nis
2086 4621 2289 4674 assistit
2331 4623 2597 4681 altaribus
2638 4634 2909 4692 castitate
2954 4643 3156 4704 debet

1946 4707 2110 4819 alit-ep.
2148 4725 2375 4814 purgare
2422 4724 2606 4770 vetera
2637 4729 2694 4774 et
2733 4722 3087 4791 instaurare
3141 4707 3702 4819 pote:i-t°'r’io::

1946 4800 2046 4914 1‘1?‘
2074 4801 2505 4914 l‘.“f’.‘.i‘.'"i“fft‘3
2524 4809 2664 4914 ἔθει
2693 4814 2775 4914 “‘3
2802 4818 2981 4914 “rei?
3022 4800 3206 4902 εωιὶε
3248 4800 3443 4909 3ξὲιῖ
3464 4800 3735 4914 .;'.:;.:.;

1945 4896 2046 4974 est,
2072 4894 2126 4939 et
2158 4897 2284 4942 tunc
2310 4895 2547 4949 maxime
2577 4913 2703 4953 eum
2732 4904 2804 4958 de
2855 4894 3220 4974 indumenti

1944 4971 2084 5029 libus
2128 4977 2461 5047 dicebamus,
2495 4992 2643 5053 quod
2678 4996 2905 5060 species
2939 5002 3065 5060 ista
3085 4971 3190 5067 illo

1943 5067 2242 5124 castitatis:
2265 5070 2390 5138 quia
2418 5076 2571 5144 origo
2599 5077 2694 5134 liui
2729 5082 2808 5139 ita
2846 5102 2881 5142 e
2928 5099 3099 5151 terra
3148 5106 3190 5157 d

1946 5161 2090 5207 terra
2120 5158 2321 5225 editur,
2359 5174 2418 5219 ut
2468 5182 2532 5223 ex
2578 5172 2727 5239 nulla
2758 5176 3133 5244 admistione

2077 5246 2325 5340 "nisini,
2351 5258 2441 5312 tl.
2513 5261 2574 5340 '_"_
2607 5264 2746 5340 ibid.
2783 5270 2869 5327 16.
2907 5273 3007 5340 Π,
3057 5283 3166 5338 ιθ,

2530 5332 2575 5363 θ’
2606 5333 2711 5390 lsa.
2748 5352 2864 5404 ut,
2892 5341 2951 5395 6.

3220 4585 3315 4627 08
3385 4583 3514 4648 qui
3563 4585 3740 4641 divi-

3206 4666 3551 4738 accingi,
3584 4687 3739 4729 'nec

3195 5033 3452 5083 "nam
3494 5043 3738 5093 teneat

3199 5113 3494 5187 υςὶωιι,
3540 5136 3616 5181 ει
3647 5129 3738 5186 «ιε

3180 5210 3559 5279 concepta
3603 5220 3729 5276 sit.

1943 5468 2153 5543 tis.'_s__ed
2174 5480 2458 5543 reperitur
2480 5485 2532 5539 in
2560 5504 2688 5543 mss.

1944 5622 1960 5652 .
1994 5540 2349 5666 igi‘fiul‘gftl’rx
2388 5540 2702 5659 Sangﬁermq
2741 5580 2758 5612 ι
2805 5562 3125 5627 induatur.
3170 5597 3194 5630 ι
3239 5583 3460 5648 Libb.

2163 5541 2349 5666 god’ex
2388 5553 2702 5659 Sangﬁcrm"
2741 5580 2758 5612 ι
2805 5562 3125 5627 induatur.
3170 5597 3194 5630 ι
3239 5583 3460 5648 Libb.
3509 5603 3722 5673 editi,
