3948 6222
281 341 386 397 ιιι

1502 354 1570 407 ΙΝ
1614 353 1973 409 LEV'lTlCUM
2013 349 2287 408 HOMILIA
2325 344 2409 399 IV.

3421 349 3524 401 Li”!

278 441 632 504 θδθθτντιηῧυπδ
676 441 853 488 tamen
884 444 996 492 θεῖ
1057 455 1245 515 (ιιιοᾱ
1280 458 1426 519 aliis
1459 464 1784 520 indumentis
1814 481 1900 519 sa-
1927 471 1972 525 Α
2004 467 2141 519 hanc
2192 461 2310 518 dedi
2357 460 2422 513 ab
2468 459 2655 514 hostiis
2703 463 2928 518 Domini.
2971 463 3167 518 Sancta
3217 473 3520 518 sanctorum

262 536 468 597 Λίουιος
483 541 620 591 utitur
645 527 760 582 dum
781 529 873 622 8‘5}
924 525 998 583 in
1059 546 1533 607 sacriﬁciorum
1578 555 1895 616 ministerio,

252 619 372 684 ιτι
395 621 488 678 aliis
522 640 624 679 cum
647 610 886 688 procedit
930 621 1018 672 ad
1089 635 1428 699 populum.
1458 640 1570 695 Hoc
1598 641 1824 694 faciebat
1850 610 1903 694 et

285 706 485 772 ﬂauius
511 704 863 770 scientissimus
885 718 1322 788 pontificum,
1339 739 1398 782 et
1428 732 1788 799 peritissimus
1813 746 1902 784 sa-

309 800 808 868 «cerdolum-Qlllc‘i‘“
855 809 1034 856 esset
1067 808 1141 863 in
1192 827 1357 871 coetu
1386 821 1904 888 perfectornm,tan-

299 914 463 966 «ιιιιιιιι
486 897 606 948 intra
625 892 810 945 Sancta
839 901 1228 956 sanctorum
1255 913 1494 975 positus,
1538 921 1590 964 et
1625 913 1758 965 stula
1781 928 1902 978 per-

335 988 544 1042 fectionis
567 985 763 1038 indutus
781 978 1018 1034 dicebat
1056 990 1113 1019 ιδ
1151 1010 1167 1044 ε
1208 1014 1229 1044 ε
1273 998 1606 1066 samemiam
1636 1002 1902 1068 loquimur

342 1080 462 1132 inter
484 1074 753 1144 perfectos,
777 1071 1145 1138 sapientiam
1190 1097 1385 1140 autem
1406 1104 1509 1141 non
1533 1091 1899 1156 hujusmundi,

315 1180 488 1231 meque
528 1163 818 1232 principum
878 1159 1066 1230 hujus
1126 1176 1361 1241 mundi,
1394 1177 1484 1244 qui
1541 1179 1902 1243 dcstruuntur,

324 1255 417 1309 sed
441 1253 694 1319 loquimur
733 1250 827 1305 Dei
860 1253 1228 1319 sapientiam
1260 1264 1316 1316 in
1352 1269 1602 1334 mysterio
1627 1269 1901 1320 abscondi-

337 1359 442 1406 tam,
457 1357 611 1410 quam
633 1356 798 1396 nemo
817 1342 1157 1413 principum
1182 1351 1349 1419 hujus
1367 1354 1543 1406 saeculi
1563 1357 1828 1424 cognovit.
1848 1356 1902 1408 Si

330 1438 456 1492 enim
483 1436 898 1503 cognovissent,
963 1454 1263 1507 nunquam
1301 1445 1579 1498 Dominum
1611 1446 1902 1512 maiestatis

337 1526 742 1581 cruciﬁxissent.
772 1543 789 1580 ι
832 1523 944 1580 Sed
981 1539 1115 1596 post
1141 1533 1262 1585 haec
1287 1541 1535 1600 tanquam
1566 1533 1630 1586 ad
1658 1537 1902 1602 poliulum

341 1620 515 1671 exiens
567 1625 739 1671 nmtat
791 1615 1019 1678 stolam,
1049 1627 1106 1671 et
1158 1620 1264 1673 alia
1306 1623 1540 1674 induitur
1583 1624 1739 1692 longe
1771 1625 1902 1678 infe-

335 1707 497 1770 r‘ore,
563 1721 732 1773 quam
775 1706 891 1761 illa.
938 1709 1008 1762 Et
1052 1712 1186 1777 quid
1245 1711 1380 1764 dicit
1408 1712 1485 1763 ‘7?
1519 1729 1538 1761 ί
1571 1711 1708 1764 Nihil
1735 1714 1896 1777 aliud,

334 1795 528 1864 inquit,
554 1797 806 1866 jutlicavi
827 1810 915 1852 me
941 1799 1090 1853 scire
1117 1801 1256 1852 inter
1283 1815 1395 1864 vos,
1416 1801 1516 1854 nisi
1543 1800 1719 1854 Iesum
1745 1800 1898 1855 Chri-

333 1897 500 1953 stum,
526 1899 580 1941 et
627 1890 784 1944 hunc
822 1890 1171 1944 cruciﬁxum.
1205 1910 1224 1942 ι
1265 1889 1420 1944 Vides
1452 1905 1577 1959 ergo
1612 1891 1765 1944 istum
1803 1892 1898 1946 do-

329 1977 636 2030 ctissimum
687 1979 1055 2042 sacerdotem,
1090 1979 1355 2047 quomodo
1395 1980 1605 2031 indutus
1641 1981 1731 2033 sit.
1766 1980 1897 2034 Cum

326 2076 411 2120 est
439 2068 619 2121 iturus
657 2069 806 2122 inter
848 2067 1146 2137 perfectos,
1177 2067 1320 2120 velut
1361 2069 1414 2120 in
1459 2069 1656 2122 Sancta
1689 2079 1899 2124 sancto-

327 2170 473 2218 rum,
497 2153 607 2207 alia
652 2155 829 2208 utitur
871 2155 1008 2208 stola
1053 2155 1328 2208 doctrinae.
1355 2157 1483 2209 Cum
1529 2171 1654 2211 vero
1687 2160 1797 2212 exit
1835 2161 1898 2213 ad

322 2256 446 2308 eos,
470 2242 565 2310 qui
592 2243 890 2310 incapaces
917 2252 1064 2306 sunt,
1085 2251 1252 2295 mutat
1279 2242 1464 2295 stolam
1487 2245 1633 2297 verbi
1679 2254 1733 2298 et
1769 2246 1900 2300 infe-

325 2332 476 2385 riora
510 2331 718 2396 docet;
754 2340 810 2384 et
845 2331 981 2384 alios
1015 2329 1157 2384 lacte
1198 2338 1437 2396 potat,ut
1463 2332 1738 2398 parvulos;
1771 2335 1900 2388 alios

323 2420 579 2472 oleribus
612 2419 824 2483 nutrit,
874 2428 933 2471 ut
961 2419 1240 2482 inﬁrmos;
1269 2419 1388 2472 aliis
1419 2435 1544 2471 vero
1569 2421 1738 2474 fortes
1761 2438 1898 2489 prte-

321 2518 486 2578 parat
525 2507 715 2570 cibos,
746 2507 834 2560 his
877 2507 1086 2560 scilicet
1123 2525 1140 2556 ι
1191 2507 1280 2573 qui
1304 2523 1401 2574 pro
1427 2509 1772 2574 possibilitate
1811 2525 1900 2562 su-

321 2597 512 2652 mendi
545 2597 891 2649 exercitatos
941 2593 1140 2648 habent
1189 2609 1376 2648 sensus
1417 2597 1480 2647 ad
1521 2597 1894 2650 discretionem

323 2685 489 2748 boni,
517 2683 606 2736 vel
639 2683 766 2738 mali
789 2683 856 2734 ⁸⁸.
887 2700 906 2732 ι
945 2683 1037 2738 Sic
1075 2682 1279 2735 sciebat
1322 2681 1512 2734 Paulus
1541 2694 1746 2736 mutare
1786 2696 1896 2738 sto-

319 2775 430 2835 las,
471 2783 533 2829 et
561 2775 667 2828 alia
687 2775 766 2826 uti
805 2773 872 2825 ad
902 2773 1177 2842 populum,
1208 2773 1311 2824 alia
1357 2773 1408 2824 in
1444 2773 1740 2825 ministerio
1779 2789 1898 2825 san-

317 2877 576 2918 ctorum.
613 2861 738 2928 Ipse
784 2869 966 2914 autem
1010 2861 1320 2927 pontificum
1362 2861 1618 2926 pontifex,
1643 2871 1696 2913 et
1721 2877 1898 2915 sacer-

319 2957 522 3007 dolum
581 2950 848 3004 sacerdos
891 2949 1152 3002 Dominus
1190 2958 1245 3002 et
1281 2948 1527 3000 Salvator
1574 2959 1773 3013 noster,
1833 2953 1898 3003 de

2006 563 2148 618 sunt,
2175 554 2310 606 sicut
2341 560 2421 602 est
2461 565 2554 618 pro
2599 562 2811 618 peccato
2844 559 2897 605 et
2945 567 3041 616 pro
3070 554 3282 606 delicto.
3327 553 3523 608 Omnes

2001 643 2220 696 masculi
2259 641 2592 694 sacerdotum
2634 642 2790 692 edent.
2828 654 2966 694 eam.
3002 640 3313 708 Legitimum
3369 653 3524 694 atter-

2002 749 2123 785 num
2157 732 2209 784 in
2238 731 2514 799 progenies
2564 739 2770 782 vestras
2820 729 2886 780 ab
2921 729 3106 781 hostiis
3146 729 3370 784 Domini.
3393 731 3522 785 0m-

2005 821 2086 873 nis
2129 819 2218 886 qui
2268 818 2499 884 tetigerit
2548 831 2632 878 ea,
2675 815 3116 868 sanctiﬁcabitur.
3153 833 3169 864 ι
3209 816 3260 866 In
3299 818 3380 870 his
3408 834 3524 884 qua:

2002 911 2267 979 proposita
2299 917 2448 970 sunt,
2487 923 2600 960 mos
2633 908 2844 974 quidem
2876 906 3208 959 sacriﬁcandi
3233 910 3526 962 sacerdoti-

2002 1003 2097 1052 bus
2121 1001 2292 1060 datur,
2323 1006 2376 1050 et
2397 998 2745 1049 observantim
2778 997 2971 1062 quibus
2995 997 3092 1048 coli
3132 997 3288 1058 Deus,
3317 997 3398 1048 vel
3434 1015 3524 1064 pu-

2005 1089 2198 1140 riﬁcari
2229 1085 2448 1154 populus
2488 1087 2775 1148 videretur,
2817 1087 2895 1137 vel
2929 1086 3087 1138 etiam
3117 1086 3168 1138 in
3208 1088 3526 1140 necessariis

2003 1177 2172 1228 victus
2193 1189 2353 1228 causa
2387 1173 2754 1226 consuleretur
2779 1176 3142 1226 sacerdotibus
3164 1184 3216 1227 et
3247 1175 3523 1228 ministris.

2003 1261 2290 1317 Offerendze
2317 1263 2456 1313 enim
2497 1261 2686 1313 simila:
2721 1262 2770 1312 in
2795 1262 3056 1314 sacriﬁcio
3085 1277 3330 1315 mensura
3356 1266 3525 1330 posita

2001 1360 2102 1414 est,
2126 1363 2243 1416 qua:
2289 1348 2493 1400 decima
2531 1362 2652 1415 pars
2683 1348 2803 1415 ephi
2835 1349 3152 1414 appellatur,
3201 1349 3324 1402 huic
3350 1352 3523 1403 oleum

2003 1437 2418 1506 superfunditur,
2459 1446 2513 1490 et
2567 1438 2688 1489 thus
2735 1442 3127 1504 superponitur.
3175 1441 3278 1496 Sed
3315 1456 3432 1492 cum
3460 1442 3524 1494 ad

2004 1525 2168 1578 altare
2201 1524 2522 1592 pervenerit,
2552 1525 2817 1589 sacerdos,
2855 1525 3042 1592 inquit,
3071 1527 3278 1594 plenam
3311 1543 3524 1581 manum

2001 1634 2068 1672 ex
2091 1635 2155 1674 eo
2191 1627 2383 1681 sumet,
2405 1618 2475 1669 ita
2507 1625 2564 1667 ut
2597 1615 2734 1668 intra
2767 1617 3148 1684 plenitudinem
3179 1635 3366 1674 manus
3400 1635 3525 1674 con-

2001 1708 2175 1762 cludat
2219 1709 2373 1776 203
2407 1716 2461 1762 et
2505 1707 2677 1762 oleum
2725 1707 2864 1772 quod
2913 1706 3138 1761 infusum
3175 1718 3276 1770 est,
3321 1717 3374 1762 et
3406 1709 3528 1762 tlms

1996 1797 2131 1863 quod
2168 1797 2551 1865 superpositum
2577 1804 2676 1857 est,
2709 1803 2766 1847 ut
2789 1794 2856 1846 sit
2885 1795 2984 1848 hoc
3013 1796 3240 1849 libamen
3271 1806 3324 1850 et
3348 1797 3526 1851 sacri-

1997 1887 2173 1939 ficium
2222 1885 2328 1938 Deo
2375 1886 2426 1938 in
2477 1886 2688 1939 odorem
2727 1885 3024 1938 suavitatis.
3064 1883 3290 1948 Caetera,
3334 1885 3524 1952 inquit,

1998 1985 2247 2030 maneant
2275 1977 2638 2030 sacerdotibus
2669 1978 2734 2030 ad
2767 1979 3049 2041 edendum,
3099 1979 3188 2032 Sed
3228 1979 3428 2031 edenda
3465 1991 3526 2029 ea

1997 2065 2206 2118 tradidit
2232 2066 2313 2118 lex
2344 2066 2398 2118 in
2425 2065 2542 2120 loco
2575 2077 2779 2132 sancto,
2817 2068 2867 2120 in
2896 2069 3034 2120 atrio
3073 2065 3422 2129 tabernaculi,
3454 2064 3526 2116 ita

1997 2152 2207 2205 utnibil
2254 2153 2597 2208 fermentetur
2645 2172 2710 2210 ex
2773 2157 2868 2210 eis.
2926 2155 3071 2208 lianc
3112 2156 3276 2217 enim,
3333 2153 3524 2220 inquit,

1997 2241 2114 2293 dedi
2149 2251 2350 2308 partem
2377 2245 2760 2305 sacerdotibus,
2793 2254 2845 2296 et
2878 2246 2985 2296 haec
3031 2253 3152 2295 sunt
3177 2242 3372 2295 Sancta
3407 2255 3528 2293 sau-

1999 2339 2219 2382 ctorum.
2269 2329 2370 2382 Sed
2416 2341 2468 2383 et
2517 2331 2641 2384 illud
2675 2330 2946 2384 observari
2981 2330 3164 2390 voluit,
3196 2337 3248 2380 ut
3282 2329 3376 2380 soli
3414 2345 3528 2379 tua-

1997 2418 2126 2470 sculi
2156 2419 2316 2470 edant
2349 2435 2410 2471 ex
2441 2433 2524 2482 eo,
2555 2418 2744 2471 femina
2778 2419 2916 2470 nulla
2961 2418 3249 2482 contingat.
3283 2416 3444 2468 Addit
3472 2425 3528 2468 et

2006 2508 2124 2570 hoc,
2149 2509 2286 2575 quod
2317 2509 2405 2575 qui
2440 2509 2665 2576 tetigerit
2709 2523 2769 2562 ea
2809 2507 3186 2560 sanctiﬁcetur.
3216 2505 3318 2558 Sed
3350 2505 3392 2558 si
3434 2519 3523 2557 ve-

1997 2598 2153 2651 limus
2184 2613 2322 2650 nunc
2349 2597 2413 2648 ab
2446 2597 2508 2650 iis
2545 2599 2632 2664 qui
2665 2598 2714 2650 in
2748 2596 3029 2650 manifesto
3071 2593 3233 2649 Judaei
3265 2602 3410 2658 sunt,
3436 2606 3523 2646 re-

1996 2687 2209 2752 quirere
2239 2687 2303 2739 de
2335 2686 2556 2754 singulis
2585 2701 2685 2754 qua
2720 2686 2922 2738 ratione
2972 2683 3094 2736 illud
3125 2684 3222 2736 hoc
3255 2683 3409 2735 modo
3439 2680 3526 2734 di-

1998 2785 2137 2828 ctum
2171 2777 2260 2838 sit,
2293 2784 2381 2828 aut
2414 2775 2538 2828 illud
2577 2775 2680 2827 alio
2727 2775 2901 2835 modo,
2953 2771 3188 2825 absoluta
3237 2771 3388 2824 nobis
3440 2785 3525 2822 re-

1997 2865 2279 2932 sponsione
2322 2865 2682 2927 satisfacient,
2724 2864 2956 2916 dicentes
2985 2879 2998 2914 :
3027 2861 3100 2915 Ita
3139 2863 3306 2915 visum
3341 2871 3419 2914 est
3453 2859 3528 2913 lc-

1997 2968 2113 3020 gem
2141 2954 2307 3016 danti,
2346 2968 2500 3008 nemo
2539 2954 2753 3006 discutit
2796 2951 3074 3004 Dominum
3101 2966 3272 3005 suum.
3308 2951 3370 3003 Et
3409 2951 3528 3004 ideo

320 3057 430 3111 quo
471 3039 619 3093 dicit
650 3034 1025 3104 Apostolus",
1048 3035 1174 3102 quia
1196 3051 1218 3086 c
1250 3035 1481 3102 pontifex
1501 3036 1570 3088 sit
1598 3037 1892 3090 futurorum

1998 3045 2241 3097 cedentes
2268 3043 2346 3096 eis
2379 3045 2431 3095 in
2469 3043 2694 3108 caeteris,
2723 3044 2785 3096 de
2825 3045 2924 3095 hoc
2969 3041 3255 3094 novissimo
3283 3056 3528 3096 sermone

318 3133 633 3190 bonorum,
677 3143 696 3176 ι
744 3123 870 3176 audi
896 3123 1166 3189 quomodo
1227 3123 1426 3190 primus
1467 3124 1577 3177 bare
1612 3125 1815 3188 fecerit,
1843 3136 1896 3179 et

316 3222 387 3272 ita
423 3214 734 3282 discipulis
764 3213 877 3265 suis
901 3213 1016 3265 haec
1059 3211 1312 3264 imitanda
1345 3211 1634 3278 reliquerit.
1662 3214 1897 3281 Evange-

313 3310 450 3362 lium
489 3304 676 3362 refert
708 3305 776 3357 de
797 3317 882 3364 eo,
933 3311 987 3355 et
1017 3302 1150 3356 dicit
1190 3302 1262 3365 ⁷⁸,
1308 3303 1430 3368 quia
1472 3321 1490 3353 ι
1534 3303 1586 3354 in
1632 3304 1897 3370 parabolis

311 3397 667 3467 loquebatur
699 3394 770 3445 ad
795 3392 1006 3458 turbas,
1049 3399 1104 3442 et
1129 3391 1246 3443 sine
1277 3391 1542 3457 parabolis
1584 3407 1689 3444 non
1718 3391 1897 3458 loque-

314 3486 487 3536 batur
543 3481 653 3535 eis.
694 3497 714 3528 ›
752 3478 1019 3532 Seorsum
1050 3485 1226 3528 autem
1266 3477 1505 3529 solvebat
1540 3492 1599 3529 ea
1625 3479 1898 3546 discipulis

309 3574 449 3624 suis.
499 3568 678 3620 Vides
700 3564 974 3634 quomodo
1021 3564 1136 3629 ipse
1195 3564 1371 3616 docuit
1417 3563 1535 3616 aliis
1572 3564 1898 3619 indumentis

308 3666 377 3717 nti
433 3661 665 3716 debere
717 3657 1071 3726 pontiﬁcem,
1127 3669 1246 3708 cum
1297 3657 1534 3722 procedit
1581 3656 1646 3706 ad
1682 3655 1895 3718 turbas;

305 3754 460 3816 aliis,
508 3764 647 3802 cum
687 3745 922 3799 eruditis
947 3754 1000 3797 et
1030 3741 1285 3811 perfectis
1313 3743 1577 3795 ministrat
1602 3743 1652 3794 in
1677 3743 1891 3795 sanctis.

307 3842 473 3896 llnde
510 3837 826 3905 Optandum
861 3834 1012 3886 nobis
1037 3843 1121 3886 est
1157 3841 1211 3885 et
1239 3832 1522 3901 agendum,
1557 3847 1621 3885 ne
1647 3831 1776 3884 tales
1798 3847 1894 3885 nos

304 3931 576 3986 inveniat
623 3925 812 3985 Jesus,
851 3925 920 3975 ita
963 3922 1258 3990 imparatos
1293 3930 1346 3975 et
1385 3922 1457 3974 ita
1492 3921 1669 3974 saeculi
1697 3921 1895 3974 sollici-

301 4018 614 4075 mdinibus
672 4014 949 4081 alligatos,
976 4020 1033 4064 ut
1081 4026 1204 4064 cum
1243 4011 1418 4063 turbis
1461 4011 1706 4077 loquatur
1739 4010 1891 4062 nobis

300 4113 340 4164 in
372 4103 716 4176 parabolis,
755 4111 815 4152 ut
860 4100 1100 4153 videntes
1131 4114 1232 4152 non
1258 4101 1556 4162 videamus,
1591 4109 1642 4153 et
1674 4101 1889 4152 audien-

300 4211 374 4252 tes
433 4209 564 4248 non
622 4189 950 4252 audiamus;
997 4189 1090 4240 sed
1135 4188 1310 4254 potius
1355 4188 1494 4240 inter
1538 4203 1627 4240 eos
1666 4189 1889 4240 inveniri

295 4296 670 4342 mereamur,
725 4278 792 4329 ad
853 4290 988 4342 quos
1025 4277 1154 4328 dicit
1195 4277 1238 4306 '”
1272 4294 1287 4330 :
1327 4297 1345 4328 ι
1398 4276 1559 4330 Vobis
1608 4277 1783 4330 datum
1812 4287 1888 4331 est

294 4391 476 4433 nosse
514 4368 792 4440 mysteria
826 4365 976 4432 regni
1001 4364 1114 4418 Dei.
1152 4381 1171 4414 ι

351 4468 424 4520 7.
465 4462 621 4515 P05t
658 4457 764 4510 hoc
797 4469 812 4506 :
850 4472 868 4502 ι
896 4452 1018 4506 Haec
1044 4463 1145 4516 est,
1187 4454 1360 4521 inquit
1412 4454 1481 4516 τ’,
1522 4452 1607 4506 lex
1643 4454 1891 4508 sacriﬁcii

289 4561 447 4632 quod
482 4555 745 4608 oﬂ'erent
777 4551 873 4604 ﬁlii
905 4551 1077 4603 Aaron
1109 4548 1402 4602 sacerdotis
1425 4557 1548 4600 ante
1577 4547 1740 4601 altare
1767 4562 1893 4601 eon-

290 4664 372 4706 n-a
443 4643 790 4699 Dominum.
850 4639 1076 4696 Auferet
1116 4639 1268 4691 abeo
1307 4638 1522 4704 plenam
1567 4651 1778 4689 manum
1830 4636 1894 4689 de

291 4735 649 4802 similagine
706 4727 963 4783 sacriﬁcii
1015 4741 1135 4781 cum
1177 4725 1296 4779 oleo
1344 4725 1483 4790 ejus,
1516 4732 1717 4776 etcum
1750 4725 1891 4777 omni

296 4829 476 4879 thure
496 4823 653 4889 ejus,
679 4831 804 4884 quae
830 4821 957 4868 sunt
979 4816 1044 4866 ad
1079 4814 1424 4872 sacriﬁcium,
1461 4819 1513 4862 et
1544 4811 1773 4887 imponet
1804 4827 1894 4863 su-

305 4929 407 4983 per
435 4912 631 4964 altare
671 4905 907 4959 hostiam
958 4903 1176 4955 odorem
1225 4899 1509 4954 suavitatis
1537 4937 1551 4959 ,
1591 4899 1895 4953 memoriale

300 5009 424 5073 ejus
448 4997 727 5055 Domino.
760 4994 917 5058 Quod
953 5000 1138 5042 autem
1181 4987 1508 5057 superfuerit
1535 5001 1597 5038 ex
1632 5001 1714 5048 ea,
1741 5003 1893 5040 man-

303 5086 754 5148 ducabitAaron
795 5093 850 5134 et
891 5079 987 5131 ﬁlii
1019 5077 1156 5144 ejus.
1211 5079 1405 5145 Azyma
1455 5074 1644 5126 edetur
1684 5076 1735 5128 in
1776 5077 1890 5130 loco

302 5191 526 5240 sancto,
567 5176 627 5227 in
681 5173 826 5223 atrio
869 5166 1208 5220 tabernaculi
1264 5163 1553 5217 testimonii
1604 5165 1888 5218 manduca-

299 5271 436 5322 ιηιηι
473 5278 634 5318 eam,
663 5261 780 5315 Non
809 5263 1090 5323 coquetur
1115 5252 1511 5310 fermentatum,
1549 5260 1750 5318 partem
1780 5254 1884 5308 illis

369 5382 417 5412 “
447 5379 463 5430 Ι
490 5377 626 5430 Cor.
666 5388 728 5434 ll,
765 5370 822 5430 6,
855 5367 911 5428 7,
946 5365 1006 5416 8.
1089 5362 1131 5390 ⁸⁷
1161 5359 1279 5412 ibid.
1321 5361 1374 5410 2.

299 5452 344 5480 "
371 5447 556 5502 Levit.
590 5458 664 5504 vt,
710 5439 775 5491 Η
807 5444 863 5489 et
895 5444 1064 5496 seqq.

1453 5359 1498 5388 ⁸⁸
1526 5359 1677 5414 Hebr.
1719 5378 1773 5429 v,
1818 5365 1902 5418 Η.

1998 3130 2347 3196 requiramus,
2373 3138 2432 3182 ut
2477 3129 2654 3183 dicant
2724 3130 2984 3197 quomodo
3010 3131 3182 3184 omnis
3221 3132 3308 3198 qui
3345 3132 3526 3200 tetige-

1997 3220 2067 3270 rit
2095 3233 2160 3270 ex
2190 3217 2451 3270 sacriﬁcio
2496 3226 2822 3282 sanctorum,
2863 3219 3240 3277 sanctiﬁcetur.
3272 3220 3326 3273 Si
3359 3221 3526 3274 homi-

1996 3304 2110 3355 cida
2134 3305 2383 3372 tetigerit,
2406 3305 2448 3358 si
2468 3305 2740 3372 profanus,
2759 3307 2801 3359 si
2825 3307 3048 3370 adulter,
3065 3308 3110 3359 si
3135 3308 3364 3360 incestus
3387 3307 3521 3378 (96),

1997 3393 2356 3445 sanctiticatns
2398 3393 2538 3446 erit?
2575 3393 2686 3445 Non
2727 3395 2868 3446 enim
2909 3397 3117 3461 excepit
3157 3396 3406 3464 aliquem,
3435 3399 3524 3450 sed

1997 3481 2129 3532 dixit
2161 3497 2174 3532 :
2210 3497 2228 3528 ‹
2265 3479 2444 3532 Omnis
2485 3479 2571 3545 qui
2625 3480 2858 3545 tetigerit
2891 3494 2971 3542 ea,
3021 3482 3460 3535 sanctiﬁcabitur.
3499 3501 3519 3534 ι

1999 3569 2257 3621 Ponamns
2284 3569 2443 3631 enim,
2476 3567 2616 3634 quod
2653 3569 2809 3620 etiam
2841 3582 2984 3620 nunc
3020 3568 3225 3634 integer
3254 3570 3323 3622 sit
3355 3579 3525 3624 status

2001 3660 2137 3713 illius
2192 3657 2394 3724 templi,
2443 3656 2731 3711 oderantur
2777 3656 2984 3718 hostim,
3016 3657 3276 3709 sacriﬁcia
3323 3658 3525 3710 'consu-

1998 3757 2226 3800 mantur.
2261 3745 2526 3812 Ingressus
2575 3752 2656 3796 est
2692 3743 2884 3808 aliquis
2936 3742 3186 3810 templum
3245 3743 3520 3806 scelestus,

1999 3835 2231 3900 iniquus,
2263 3833 2518 3899 impurus,
2556 3831 2753 3884 invenit
2781 3845 2971 3884 carnes
3006 3845 3070 3884 ex
3098 3835 3375 3887 sacriﬁciis
3404 3849 3524 3902 pro-

1997 3925 2214 3992 positas,
2247 3931 2300 3975 et
2333 3921 2504 3988 tetigit
2545 3934 2654 3982 eas,
2705 3920 3066 3973 sanctiﬁcatns
3107 3923 3357 3974 continuo
3403 3936 3524 3991 pro-

1997 4009 2360 4066 nuntiabitur?
2385 4009 2667 4061 Enimvero
2706 4007 2850 4061 nullo
2876 4009 3050 4073 modo,
3089 4005 3167 4062 vel
3200 4010 3274 4062 rei
3313 4020 3521 4075 natura,

1996 4103 2078 4157 vel
2104 4102 2300 4155 veritas
2348 4100 2620 4168 religionis
2650 4098 2750 4150 hoc
2785 4097 3009 4163 recipit:
3041 4109 3093 4152 et
3136 4100 3254 4152 ideo
3301 4100 3522 4153 redeun-

1998 4195 2118 4248 dum
2172 4192 2322 4246 nobis
2368 4201 2449 4244 est
2492 4193 2556 4244 ad
2606 4193 2960 4258 expositiones
3002 4192 3330 4258 evangelicas
3364 4200 3532 4258 atque.

2000 4281 2336 4350 apostolicas,
2379 4290 2434 4331 ut
2469 4280 2545 4332 lex
2577 4281 2740 4346 possit
2772 4279 3012 4346 intelligi.
3045 4279 3152 4332 Nisi
3194 4281 3334 4332 enim
3377 4282 3519 4332 vela-

1924 4359 1969 4414 Ι)
1999 4384 2114 4422 men
2171 4368 2451 4421 abstulerit
2494 4367 2830 4434 Evangelium
2879 4369 2942 4421 de
2992 4368 3128 4421 facie
3179 4367 3364 4436 Moysi,
3417 4383 3534 4419 non.

1997 4468 2169 4526 potest
2194 4458 2360 4510 videri
2393 4456 2565 4509 vultus
2594 4456 2727 4522 ejus,
2763 4471 2859 4509 nec
2901 4471 3088 4510 sensus
3121 4455 3236 4523 ejus
3274 4456 3517 4523 intelligi.

1997 4545 2126 4598 Vide
2159 4559 2287 4612 ergo
2331 4543 2590 4611 quomodo
2624 4547 2673 4597 in
2706 4542 2937 4598 Ecclesia
2972 4543 3328 4612 apostolorum
3360 4542 3530 4595 disci-

1993 4633 2100 4701 puli
2134 4633 2322 4685 adsunt
2346 4632 2429 4684 his
2472 4648 2590 4700 qua:
2635 4633 2840 4701 Moyses
2876 4634 3194 4700 scripsit,-ct
3230 4629 3520 4684 defendunt

1995 4735 2081 4784 ea,
2103 4720 2240 4788 quod
2265 4730 2317 4773 et
2348 4719 2554 4787 impleri
2579 4731 2793 4788 queant,
2825 4729 2877 4774 et
2904 4719 3289 4773 rationabiliter
3320 4718 3529 4781 scripta.

1995 4818 2138 4863 sunt.
2163 4807 2463 4861 Judzeorum
2491 4821 2618 4860 vero
2646 4809 2914 4870 doctores,
2942 4815 2995 4861 et
3039 4804 3380 4873 impossibilia
3405 4803 3520 4855 haec

1993 4905 2046 4951 et
2077 4895 2480 4957 irrationabilia,
2510 4905 2791 4962 sequentes
2814 4895 3043 4947 litteram
3077 4894 3294 4946 faciant.

2057 4987 2110 5040 8.
2138 4987 2296 5054 Igitur
2326 4985 2662 5044 sacriﬁcium,
2695 4998 2790 5050 pro
2824 4997 2929 5050 quo
2967 4983 3077 5034 luce
3104 4980 3280 5034 omnia
3307 4975 3524 5032 sacriﬁv

1989 5075 2068 5128 cia
2099 5077 2150 5128 in
2178 5085 2300 5153 typo
2325 5087 2376 5127 ct
2421 5076 2584 5142 ﬁgura
2615 5081 3013 5140 praecesserant,
3045 5085 3204 5121 unum
3248 5078 3299 5121 et
3337 5065 3518 5135 perfe-

1987 5175 2149 5226 ctum,
2181 5163 2479 5217 immolatus
2521 5171 2603 5216 est
2631 5162 2895 5215 Christus.
2929 5159 3093 5225 llnjus
3124 5155 3367 5210 sacriﬁcii
3397 5167 3514 5203 car-

1985 5270 2102 5308 nem
2152 5255 2194 5307 si
2249 5256 2370 5321 quis
2420 5254 2683 5321 tetigerit,
2734 5251 2982 5304 continuo
3031 5247 3413 5300 sanetiﬂcatur.
3453 5241 3514 5295 Si

2603 5365 2648 5398 "
2671 5365 2854 5418 Matth.
2896 5374 3009 5422 xm,
3037 5357 3124 5408 54.

2002 5369 2045 5398 ⁶⁹
2085 5367 2240 5422 llcbr.
2295 5383 2366 5435 ιχ,
2422 5368 2505 5422 Η.
2603 5365 2648 5398 ⁷⁸
2671 5365 2854 5418 Matth.
2896 5374 3009 5422 xm,
3037 5357 3124 5408 54.
3198 5356 3240 5387 ’³
3272 5355 3397 5408 ibid.
3423 5355 3517 5410 ιε,

369 5587 479 5649 (96}
513 5583 668 5637 Idem
703 5587 836 5634 ηις..
875 5587 894 5618 σ
939 5567 988 5618 si
1020 5563 1271 5614 incestus.
1303 5578 1317 5610 ι
1357 5559 1508 5612 Libb.
1543 5563 1680 5627 editi,
1720 5583 1736 5614 ι
1776 5567 1823 5619 si
1855 5569 2202 5624 incestuusus,
2233 5589 2250 5619 ,
