3948 6284
229 337 331 390 443

1650 319 1962 378 ORIGENlS

3556 278 3699 329 444

229 446 529 503 immundus
556 450 656 507 est,
685 443 999 505 mundatur;
1033 441 1079 496 si
1115 443 1165 496 in
1207 441 1359 508 plaga
1397 447 1478 494 est
1508 439 1636 508 (97),
1670 452 1755 490 sa-
1786 440 1830 493 A
1857 435 1937 486 vir
1965 424 2338 501 quaerituriqtﬁ
2368 435 2572 477 carnes
2606 422 2853 508 5309333
2885 407 3103 508 Ροδξῖξ
3137 395 3702 508 θῩΪἾῨδ-ῗῗξίξι

230 550 404 592 natur.
437 535 526 588 Sic
553 534 780 601 denique
801 533 1060 584 intellexit
1089 531 1198 592 illa,
1227 532 1292 583 de
1327 544 1429 597 qua
1456 529 1610 596 paulo
1639 538 1760 579 ante

231 624 541 685 memoravi,
572 638 690 690 qua:
720 620 1028 688 profluvium
1062 619 1333 687 sanguinis
1366 618 1662 686 patiebatur
1687 616 1757 678 ⁷³,

229 714 350 780 quia
383 715 492 779 ipse
537 719 676 762 esset
705 723 829 761 caro
861 706 1125 770 sacrificii,
1158 715 1210 758 et
1248 720 1374 758 caro
1415 704 1607 758 Sancta
1641 719 1762 756 san-

231 813 470 862 ctorum;
503 808 554 851 et
583 799 706 866 quia
734 812 864 849 vere
892 795 1152 848 intellexit
1177 809 1292 861 quae
1317 803 1454 848 esset
1482 809 1606 846 caro
1635 792 1763 844 San-

230 899 311 942 cta
347 897 672 951 sanctorum,
723 889 918 941 idcirco
955 885 1200 940 accessit.
1232 883 1296 936 Et
1339 885 1503 950 ipsam
1553 882 1762 950 quidem

229 991 440 1030 carnem
486 985 725 1028 sanctam
769 975 1074 1040 contingere
1124 985 1225 1022 non
1276 971 1433 1023 audet
1473 987 1487 1021 :
1531 970 1762 1022 nondum

231 1067 373 1117 enim
400 1065 650 1117 mundata
686 1063 878 1126 fuerat,
927 1078 1025 1116 nec
1071 1076 1185 1128 qua:
1231 1060 1463 1129 perfecta
1495 1069 1637 1122 sunt,
1669 1074 1763 1126 ap-

231 1155 617 1221 prehenderat;
660 1153 749 1206 sed
788 1151 1046 1205 fimbriam
1099 1149 1271 1217 tetigit
1304 1150 1626 1213 vestimenti,
1661 1163 1764 1216 quo

231 1252 414 1296 Sancta
443 1258 567 1296 caro
602 1243 898 1308 tegebatur,
935 1250 988 1294 et
1031 1243 1172 1296 fideli
1207 1252 1344 1296 tactu
1377 1241 1620 1294 virtutem
1667 1240 1764 1291 eli-

233 1333 341 1384 cuit
371 1347 434 1384 ex
459 1345 639 1395 carne,
671 1345 788 1398 qua:
826 1347 882 1384 se
910 1341 964 1384 et
1000 1331 1066 1383 ab
1097 1331 1428 1383 immunditia
1458 1328 1765 1382 sanctifica-

234 1429 338 1480 ret,
363 1429 417 1472 et
457 1435 485 1471 a
533 1420 681 1488 plaga
719 1435 878 1487 quam
913 1419 1214 1486 patiebatur
1249 1427 1481 1472 sanaret.
1529 1417 1640 1470 Non
1673 1416 1764 1469 tibi

235 1509 481 1560 videntur
514 1508 614 1562 isto
647 1509 812 1576 magis
839 1509 1024 1562 ordine
1051 1516 1194 1560 stare
1225 1521 1377 1575 posse
1410 1507 1549 1559 dicta
1581 1504 1763 1572 Moysi,

235 1597 428 1662 quibus
461 1599 629 1651 dicit:
662 1597 845 1650 Omnis
873 1599 961 1664 qui
1002 1597 1233 1664 tetigerit
1263 1611 1324 1651 ex
1365 1594 1613 1649 carnibus
1643 1609 1765 1648 san-

235 1686 338 1738 ctis
382 1685 837 1739 sanctificabitur?
883 1686 983 1739 llas
1023 1687 1164 1738 enim
1235 1699 1445 1745 carnes,
1487 1698 1620 1752 quas
1673 1696 1768 1735 nos

238 1776 596 1842 exposuimus,
625 1776 910 1844 tetigerunt
943 1790 1128 1829 omnes
1158 1775 1246 1843 qui
1289 1790 1351 1828 ex
1382 1775 1624 1841 gentibus
1650 1786 1767 1826 cre-

239 1863 502 1917 diderunt.
548 1863 654 1918 Has
688 1865 856 1932 tetigit
883 1873 933 1917 et
967 1864 1072 1926 ille,
1099 1865 1187 1932 qui
1240 1862 1551 1916 dicebat":
1586 1880 1603 1911 ι
1649 1860 1774 1914 Fui-

241 1967 359 2006 mus
387 1954 529 2006 enim
565 1964 616 2007 et
649 1968 745 2007 nos
786 1953 1073 2020 aliquando
1101 1952 1250 2005 stulti
1283 1960 1338 2004 et
1379 1950 1653 2015 increduli,
1683 1965 1772 2004 er-

243 2049 444 2104 rantes,
474 2042 765 2095 servientes
815 2041 1088 2095 desideriis
1117 2049 1170 2094 et
1200 2039 1558 2108 voluptatibus
1587 2038 1770 2101 variis,

244 2124 297 2175 in
321 2123 518 2176 malitia
540 2131 593 2176 et
618 2120 811 2174 invidia
837 2127 1071 2188 agentes,
1109 2119 1349 2180 odibiles,
1380 2118 1619 2171 odientes
1644 2116 1783 2170 invi-

243 2225 378 2264 cem.
408 2209 512 2262 Sed
541 2225 660 2263 cum
689 2208 986 2276 benignitas
1008 2218 1061 2261 et
1085 2208 1385 2260 humanitas
1411 2208 1578 2260 illuxit
1601 2207 1783 2260 Salva-

245 2301 375 2355 toris
404 2301 570 2354 nostri
603 2301 714 2362 Dei,
743 2302 913 2354 salvos
942 2316 1038 2353 nos
1068 2300 1192 2353 fecit
1218 2315 1312 2367 per
1338 2301 1602 2352 lavacrum
1632 2314 1785 2368 rege-

243 2388 535 2442 nerationis
559 2396 612 2441 et
649 2389 1006 2441 renovationis
1031 2387 1258 2456 Spiritus
1279 2387 1466 2440 sancti.
1515 2405 1530 2435 i
1563 2387 1630 2439 Et
1662 2387 1787 2442 alibi

243 2479 366 2532 dicit
391 2497 402 2531 :
430 2499 447 2529 ι
479 2479 544 2532 Et
565 2479 698 2544 haec,
722 2479 891 2546 inquit
910 2480 974 2542 ⁷⁵,
1001 2479 1213 2547 quidem
1255 2478 1447 2540 fuistis,
1475 2479 1568 2530 sed
1589 2479 1786 2544 justifi-

245 2570 346 2622 cati
369 2570 515 2633 estis,
543 2570 635 2623 sed
663 2569 974 2623 sanctificati
1004 2571 1130 2622 estis
1155 2570 1208 2621 in
1230 2570 1444 2622 nomine
1465 2569 1671 2622 Domini
1696 2584 1787 2622 no-

246 2660 338 2714 stri
367 2659 492 2712 Jesu
518 2659 734 2722 Christi,
763 2669 817 2713 et
842 2659 895 2711 in
927 2660 1114 2727 spiritu
1145 2659 1236 2712 Dei
1267 2657 1452 2711 nostri.
1493 2677 1509 2706 ι
1540 2659 1591 2710 Si
1616 2659 1782 2724 enim,

245 2757 305 2802 ut
335 2748 582 2811 diximus,
625 2757 804 2818 tangat
842 2749 960 2817 quis
993 2765 1205 2802 carnem
1242 2748 1367 2802 .lesu
1407 2765 1471 2802 eo
1500 2750 1656 2803 modo
1681 2765 1786 2817 quo

247 2853 404 2904 supra
426 2839 783 2907 exposuimus,
810 2847 915 2893 tota
940 2839 1062 2903 ﬁde,
1084 2839 1228 2892 omni
1248 2839 1546 2892 obedientia
1570 2841 1789 2894 accedat

246 2928 312 2980 ad
331 2928 530 2992 Jesum,
560 2938 807 2997 tanquam
833 2930 898 2983 ad
919 2929 1150 2983 Verbum
1175 2945 1390 2982 carnem
1430 2928 1648 2992 factum,
1687 2929 1787 2983 iste

249 3017 419 3086 tetigit
447 3033 660 3072 carnem
689 3019 967 3082 sacrificii,
995 3027 1048 3072 et
1076 3019 1435 3072 sanctificatus
1463 3029 1564 3073 est.
1595 3020 1787 3090 Tangit

245 3115 422 3158 autem
450 3122 636 3161 carnes
656 3107 813 3162 Verbi
837 3118 890 3162 et
910 3109 1014 3172 ille,
1041 3109 1107 3162 de
1125 3124 1229 3176 quo
1251 3109 1378 3162 dicit
1401 3109 1682 3176 Apostolus
1701 3111 1746 3140 ⁷⁵
1769 3127 1781 3162 :

252 3217 269 3247 ι
316 3197 674 3250 Perfectorum
715 3208 889 3252 autem
929 3209 1011 3252 est
1047 3201 1196 3254 cibus
1234 3199 1435 3253 solidus
1470 3213 1656 3252 eorum
1693 3197 1784 3266 qui

255 3281 350 3331 pro
382 3267 728 3334 possibilitate
756 3271 990 3323 sumendi
1024 3273 1341 3327 exercitatos
1369 3273 1566 3326 habent
1594 3290 1783 3329 sensus

255 3354 321 3406 ad
352 3355 721 3410 discretionem
752 3359 870 3412 boni
903 3373 965 3411 ac
993 3359 1136 3414 mali.
1174 3379 1192 3410 ι
1219 3359 1408 3430 Tangit
1449 3375 1574 3429 ergo
1610 3371 1662 3415 et
1697 3363 1785 3416 ille

255 3458 468 3496 carnem
504 3445 657 3499 Verbi
712 3448 823 3513 Dei,
867 3450 956 3516 qui
1009 3451 1260 3504 interiora
1299 3452 1412 3519 ejus
1452 3452 1692 3516 discutit,
1733 3463 1786 3507 et

256 3534 458 3586 occulta
486 3544 658 3602 potest
685 3537 968 3605 explanare
1002 3541 1270 3608 mysteria.
1311 3541 1371 3593 Et
1403 3556 1500 3594 nos
1532 3543 1578 3595 si
1626 3543 1786 3596 habe-

258 3638 433 3677 remus
478 3626 630 3679 talem
685 3627 1007 3681 intellectum
1037 3669 1051 3693 ,
1091 3645 1364 3698 possemus
1412 3632 1615 3698 singula
1670 3648 1786 3700 quin

256 3715 558 3768 scribuntur
588 3718 637 3769 in
675 3717 808 3784 lege,
850 3720 1072 3786 spiritali
1121 3722 1556 3788 interpretatione
1589 3723 1788 3776 discer-

259 3815 404 3864 nere,
431 3812 485 3855 et
523 3805 790 3858 obtectum
840 3807 1254 3876 uniuscujusque
1301 3811 1562 3864 sermonis
1606 3827 1785 3864 sacra-

257 3902 512 3957 mentum,
556 3893 607 3945 in
635 3893 802 3948 lucem
853 3896 1088 3949 scientia:
1121 3897 1409 3952 subtilioris
1444 3901 1702 3959 educere;
1740 3900 1787 3952 si

257 3980 327 4033 ita
363 3983 552 4037 docere
571 3998 843 4052 possemus
873 3985 1182 4052 Ecclesiam,
1208 3998 1264 4041 ut
1293 3989 1420 4042 nihil
1459 4004 1522 4042 ex
1556 3990 1638 4043 his
1671 4006 1788 4058 quae

258 4066 389 4121 lecta
431 4078 553 4122 sunt
585 4080 883 4124 remaneret
925 4073 1246 4140 ambiguum,
1293 4075 1422 4128 nihil
1467 4075 1790 4143 relinquere-

257 4163 341 4208 tur
377 4158 687 4220 obscurum,
723 4157 965 4212 fortassis
1010 4167 1064 4212 et
1105 4161 1171 4215 de
1215 4164 1365 4216 nobis
1410 4164 1514 4217 dici
1561 4175 1785 4232 poterat,

255 4244 377 4308 quia
410 4245 897 4313 tetigimus‘carnes
937 4259 1149 4302 sanctas
1172 4251 1330 4305 Verbi
1390 4252 1477 4304 Dei
1511 4262 1564 4305 et
1595 4255 1790 4307 sancti-

256 4331 397 4384 ficati
424 4347 624 4388 sumus.
653 4333 744 4389 Sic
766 4344 941 4388 autem
974 4339 1175 4406 accipio
1198 4348 1250 4392 et
1274 4340 1398 4392 illud
1422 4341 1558 4408 quod
1582 4341 1780 4396 dictum
1812 4342 1856 4395 D
1886 4335 2010 4402 quid
2049 4334 2381 4401 ευβοῐυνθτῖῑ
2409 4344 2462 4387 ει
2490 4338 2802 4393 excesserit
2841 4342 3159 4406 inlellccl
3179 4374 3320 4414 um

255 4429 358 4481 est,
385 4422 507 4488 quia
535 4437 721 4475 omnes
743 4424 959 4477 masculi
987 4439 1049 4478 ex
1079 4428 1441 4482 sacerdotibus
1467 4430 1622 4482 edent
1644 4443 1782 4484 eam.

255 4505 405 4558 Nulla
435 4509 574 4560 enim
606 4509 820 4572 femina,
850 4523 948 4564 nec
980 4514 1195 4568 remissa
1235 4525 1288 4569 et
1329 4517 1584 4570 dissoluta
1613 4518 1787 4570 anima

256 4593 453 4659 poterit
494 4595 650 4646 cdere
695 4611 883 4650 carnes
931 4611 1138 4656 sanctas
1168 4602 1325 4658 Verbi
1379 4603 1488 4657 Dei.
1523 4603 1786 4658 Masculus

257 4678 512 4745 queritur
553 4680 642 4745 qui
693 4694 782 4735 cas
815 4684 953 4737 edat.
993 4686 1209 4743 Mascuii
1259 4690 1485 4757 denique
1520 4698 1663 4753 sunt,
1698 4691 1788 4757 qui

257 4765 613 4832 perducuntur
643 4769 710 4821 ad
749 4784 1046 4838 numerum,
1096 4792 1351 4845 nusquam
1401 4776 1628 4837 feminae,
1659 4793 1787 4829 nus-

255 4869 413 4921 quam
445 4855 646 4922 parvuli
673 4869 1036 4916 numerantur.
1067 4862 1216 4920 Uude
1245 4874 1297 4918 et
1325 4864 1608 4932 Apostolus
1645 4864 1788 4918 dice-

256 4945 346 4997 bat
373 4942 418 4974 ""
446 4960 460 4996 :
499 4962 516 4994 ε
555 4943 685 4998 Cum
714 4958 886 5003 autem
933 4954 1104 5007 factus
1150 4971 1263 5008 sum
1295 4953 1395 5015 vir,
1426 4953 1638 5019 deposui
1667 4967 1784 5019 qua:

253 5040 411 5084 erant
436 5034 660 5099 parvuli.
707 5053 726 5086 ι
771 5036 914 5094 Talis
951 5057 1078 5112 ergo
1115 5044 1215 5098 iste
1259 5042 1544 5104 masculus,
1584 5049 1637 5094 et
1666 5042 1784 5096 talis

322 5171 550 5251 "‘Marc.
569 5188 623 5251 _v.
675 5176 742 5251 f‘
761 5177 866 5235 Tit.
890 5197 969 5242 ιιι.
990 5183 1086 5251 5η
1115 5183 1168 5251 "_
1188 5183 1203 5233 l
1221 5183 1341 5236 Cor.
1366 5196 1438 5241 vi,
1465 5181 1574 5251 ti._
1603 5181 1898 5251 A7‘fllebr.v,
1929 5188 2016 5246 14.
2089 5189 2131 5221 ⁷⁷
2158 5189 2321 5244 lCor.
2342 5209 2466 5251 xui.
2492 5197 2579 5251 il.

255 5254 329 5304 ιι,
371 5241 402 5293 6
494 5242 538 5273 ιο
565 5243 732 5298 Levit.
772 5262 843 5309 Vl,
893 5235 979 5303 t6.
1034 5235 1093 5279 ⁷οι
1144 5249 1296 5302 Deut.
1330 5235 1504 5312 xxiii,
1544 5247 1644 5300 7."
1673 5235 1951 5320 LevitL'ii,
1972 5235 2046 5310 1'9
2093 5235 2379 5329 etesia."

323 5374 433 5443 (97)
460 5377 600 5448 Idem
650 5393 772 5448 ms.,
799 5398 818 5430 ι
855 5381 1209 5434 sanctificatur
1251 5382 1295 5435 si
1341 5382 1638 5435 immundus
1673 5391 1777 5448 est,

257 5451 474 5514 sanatur
498 5446 550 5514 _si
583 5445 634 5496 in
666 5447 819 5514 plaga
847 5457 948 5503 est.
988 5467 1007 5498 ι

263 5505 432 5622 miti?)
461 5509 599 5564 idem
629 5505 819 5576 πίση-ι
867 5514 1106 5569 audistis.
1154 5531 1173 5565 ι
1207 5511 1358 5570 Libb.
1387 5514 1535 5583 editi,
1575 5534 1593 5569 ι
1628 5517 1778 5571 audi-

1859 492 2136 576 comedere
2158 492 2347 570 nonﬁin
2373 523 2716 582 quocunque
2741 507 2900 566 loco,
2923 498 3037 555 sed
3063 497 3141 550 in
3185 493 3370 588 loco
3404 492 3699 588 sancto,

1859 575 1996 664 intra
2026 607 2220 660 atrium
2249 575 2922 657 tabernaculi.'Audiant
2955 591 3108 643 haec
3156 581 3296 651 qui
3340 575 3702 633 scindunt

1858 698 2174 761 Ecclesiam,
2204 703 2260 748 et
2300 691 2624 761 peregrinas
2666 700 2736 738 ac
2788 693 3020 750 pravas
3072 665 3707 764 inducentesndoo

1860 789 2060 841 ctriuas
2093 753 2373 853 putant-se
2411 792 2604 834 sacras
2633 786 2847 828 carnes
2885 778 3075 822 extra
3126 759 3512 853 templum
3548 753 3708 853 Pei,

1859 885 1912 929 et
1936 843 2293 930 extra-aulam
2327 868 2673 924 Dominicam
2706 877 2886 933 posse
2915 855 3348 913 comedere.
3384 843 3707 899 Profaua

1861 972 1985 1017 sunt
2019 977 2208 1017 eorum
2249 957 2545 1018 sacrificia,
2577 968 2703 1021 qua:
2749 958 2978 1004 contra
3041 937 3402 996 mandati
3475 933 3708 1001 legem

1865 1063 2142 1119 geruntur.
2175 1048 2234 1101 In
2271 1049 2390 1101 loco
2437 1053 2632 1098 sancto
2681 1040 2776 1094 edi
2819 1037 3148 1105 iubentur
3180 1029 3469 1120 “intra-
3513 1023 3706 1120 atria

1867 1114 2200 1191 tabernaculi
2233 1131 2554 1188 testimonii.
2590 1129 2750 1182 Atria
2791 1118 3235 1178 tabernaculi
3288 1114 3712 1168 testimonii

1864 1234 2006 1289 sunt,
2036 1239 2155 1292 qua:
2179 1223 2300 1275 fidei
2337 1234 2524 1272 murus
2550 1218 2750 1279 ambit,
2780 1213 2912 1280 spei
2951 1209 3334 1264 columna
3388 1214 3710 1268 suspen-

1864 1314 2025 1377 dunt,
2073 1310 2356 1382 charitatis
2411 1305 2716 1374 amplitudo
2768 1302 3022 1355 dilatat.
3091 1295 3257 1350 Ubi
3323 1293 3492 1345 haec
3568 1302 3713 1382 non

1864 1410 2008 1465 sunt,
2033 1379 2224 1454 carnes
2253 1405 2454 1452 sanctae
2474 1411 2574 1449 nec
2593 1391 2796 1448 haberi
2841 1395 3160 1458 possunt,
3199 1396 3356 1436 nec
3386 1378 3709 1436 comedi.

1934 1491 1989 1543 9.
2022 1491 2168 1543 Bene
2218 1495 2398 1540 autem
2449 1485 2596 1552 quod
2648 1492 2707 1536 et
2747 1495 2863 1544 ea,
2931 1491 3081 1545 qua:
3163 1489 3269 1527 ex
3341 1467 3716 1524 sacrificio

1866 1578 2027 1648 205.
2066 1576 2389 1643 similaginis
2413 1575 2744 1636 oﬂ'eruntur,
2785 1569 2975 1638 plena
3020 1580 3260 1619 manu
3313 1577 3499 1617 cum
3559 1560 3716 1614 oleo

1867 1667 2167 1740 oderuntur
2191 1674 2245 1719 et
2287 1666 2464 1728 thure,
2500 1663 2553 1715 in
2603 1663 2854 1714 odorem
2911 1655 3316 1711 suavitatis
3369 1651 3714 1706 Domino.

1869 1756 2030 1809 istum
2067 1755 2244 1808 locum
2278 1754 2518 1808 breviter
2563 1749 2913 1818 explanavit
2973 1745 3390 1814 apostolus
3449 1741 3720 1798 Paulus

1871 1847 1936 1898 ad
1989 1845 2394 1913 Philippenses,
2447 1843 2640 1896 dicens
2671 1839 2722 1870 ⁷³
2754 1856 2771 1892 :
2805 1858 2828 1889 ε
2883 1837 3233 1904 Repletus
3302 1851 3479 1890 sum
3535 1835 3720 1888 acci-

1870 1936 2024 2002 piens
2057 1936 2124 1987 ab
2152 1932 2538 2001 Epaphrodito,
2576 1946 2643 1984 ea
2675 1945 2812 1998 quae
2837 1945 2872 1982 a
2908 1930 3105 1983 vobis
3157 1928 3408 1982 [nissa
3445 1937 3618 1982 sunt
3649 1927 3716 1981 iu

1869 2025 2084 2077 odorem
2129 2024 2446 2086 suavitatis,
2501 2022 2746 2075 hostiam
2803 2028 3168 2086 acceptam
3200 2059 3223 2084 ,
3295 2019 3716 2088 placentem

1872 2115 2002 2167 Deo.
2045 2132 2063 2164 ›
2097 2114 2153 2166 1η
2183 2128 2288 2181 quo
2326 2113 2586 2174 ostendit,
2612 2112 2770 2178 quod
2825 2109 3348 2164 misericordia
3387 2109 3716 2178 quidem,

1871 2219 1990 2272 qua;
2017 2218 2143 2269 erga
2166 2217 2430 2271 pauperes
2472 2203 2555 2265 fit,
2596 2201 2790 2256 oleum
2847 2199 3154 2254 infundit
3217 2201 3300 2254 in
3345 2203 3722 2256 sacriﬁcio

1874 2295 2004 2358 Dei;
2038 2294 2392 2346 ministerium
2443 2307 2575 2345 vero
2619 2292 2776 2360 quod
2820 2293 3073 2346 sanctis
3118 2292 3526 2355 defertur,
3561 2306 3722 2345 sua-

1871 2383 2087 2434 vitatem
2139 2381 2308 2433 thuris
2340 2379 2590 2448 imponit.
2640 2378 2756 2432 Sed
2812 2379 2934 2432 hoc
2991 2379 3224 2445 plena
3288 2397 3521 2434 manu
3569 2380 3722 2435 fieri

1873 2469 2065 2523 debere
2087 2469 2410 2536 principitur.
2442 2467 2534 2520 Sic
2558 2467 2711 2519 enim
2742 2467 2908 2520 idem
2952 2468 3383 2538 Apostolus
3418 2472 3604 2524 dicit
3630 2471 3718 2538 ",

1873 2559 1997 2626 quia
2031 2576 2048 2608 ‹
2082 2559 2168 2625 qui
2197 2572 2359 2622 parce
2405 2556 2662 2617 seminat,
2701 2571 2891 2624 parce
2945 2570 3018 2612 et
3065 2571 3356 2616 metet.
3403 2563 3550 2628 Qui
3592 2579 3718 2617 au-

1876 2657 1979 2701 tem
2022 2646 2249 2700 seminat
2289 2647 2340 2698 in
2390 2645 2822 2709 benedictione,
2879 2647 2959 2701 de
3023 2649 3587 2707 benedictione
3655 2663 3724 2709 et

1875 2743 2034 2788 metet
2061 2735 2222 2787 vitam
2257 2743 2539 2788 aeternam.
2571 2752 2605 2810 ν)
2649 2733 2756 2787 Est
2799 2744 3016 2794 tamen
3075 2740 3396 2811 aliquid
3442 2746 3517 2798 in
3577 2747 3726 2814 ipso

1876 2825 2164 2888 sacrificio,
2195 2825 2335 2890 quod
2384 2823 2708 2876 memoriale
2748 2827 3164 2893 appellatur,
3213 2835 3432 2900 quod
3485 2834 3724 2890 oﬂ'erri

1878 2915 2098 2967 Domino
2125 2914 2337 2966 dicitur.
2366 2911 2477 2980 Ego
2517 2912 2562 2965 si
2588 2926 2820 2978 possein
2857 2915 2962 2968 die
3002 2931 3088 2970 ac
3157 2931 3411 2977 nocte
3453 2925 3526 2978 in
3576 2926 3728 2996 lege

1881 3003 2084 3056 Domini
2115 3001 2382 3063 meditari,
2407 3008 2463 3053 et
2495 3014 2691 3056 omnes
2727 3004 3117 3072 Scripturas
3189 3015 3578 3068 naemoria
3621 3031 3728 3070 re-

1883 3095 2069 3156 tinere,
2103 3091 2414 3144 memoriale
2437 3092 2703 3145 sacrificii
2737 3093 2856 3146 mei
2887 3093 3207 3152 Domino
3243 3101 3724 3161 obtulissem.

1880 3180 2035 3233 Certe
2065 3179 2108 3231 si
2139 3193 2245 3231 non
2284 3181 2464 3232 omnia
2505 3195 2835 3248 possumus,
2864 3184 3118 3239 saltem
3185 3204 3282 3242 ea
3321 3206 3499 3260 qua:
3545 3210 3729 3248 nunc

1882 3271 2134 3322 docentur
2164 3269 2216 3322 in
2255 3268 2502 3331 ecclesia,
2541 3269 2628 3322 vel
2666 3286 2797 3337 quae
2849 3274 3301 3346 recitantur,
3346 3285 3728 3340 memoria:

1881 3358 2340 3422 commendemus;
2367 3368 2424 3409 ut
2453 3368 2729 3412 exeuntes
2753 3360 2827 3414 de
2885 3366 3250 3434 ecclesia,
3309 3383 3392 3426 et
3424 3385 3730 3442 agentes

1881 3455 2041 3515 Opera
2083 3445 2562 3508 niisericordias,et
2611 3447 2929 3517 implentes
2986 3455 3258 3512 divina
3318 3475 3729 3534 praecepta,

1883 3537 2202 3592 sacrificium
2238 3551 2358 3590 cum
2393 3537 2556 3591 thure
2595 3548 2652 3590 et
2683 3539 2816 3594 oleo
2854 3541 3271 3604 ofl‘erainus
3333 3555 3410 3607 in
3457 3572 3732 3612 memo-

1885 3627 2015 3680 riam
2047 3627 2282 3678 Domino.
2320 3625 2394 3677 Ex
2421 3626 2504 3678 his
2530 3640 2664 3695 ergo
2701 3630 3095 3698 edocemini,
3147 3649 3249 3693 ιιι
3307 3658 3486 3711 qua
3536 3646 3735 3703 audi-

1883 3715 1977 3768 stis
1998 3712 2106 3782 (98)
2127 3713 2178 3766 in
2212 3711 2462 3777 ecclesia,
2490 3723 2753 3782 tanquam
2788 3723 3028 3775 munda
3059 3729 3733 3801 animalia,veluti

1886 3803 2216 3856 ruminantes
2240 3816 2301 3854 ea
2327 3802 2594 3855 revocetis
2615 3804 2684 3856 ad
2707 3809 3126 3877 memoriam,
3170 3827 3259 3871 et
3299 3837 3482 3878 cum
3515 3830 3737 3886 corde

1885 3902 2060 3944 vesuo
2091 3904 2224 3987 quae
2270 3888 2411 3987 dicta
2453 3899 2582 3987 sunt
2632 3892 2990 3951 conferatis.
3054 3903 3298 3968 Quod
3361 3914 3427 3968 si
3493 3918 3735 3987 aliqua

1885 3979 2151 4032 memoriae
2190 3977 2581 4043 superfuerint,
2618 3989 2676 4034 et
2712 3982 3121 4045 intellectum
3193 4013 3555 4059 vestrum
3617 3977 3738 4064 cu-

1886 4068 2205 4134 paraverint,
2238 4063 2404 4119 facile
2432 4071 2577 4135 quod
2623 4076 2940 4138 praesentis
3003 4088 3372 4145 mandati
3423 4063 3738 4155 auctori-

1887 4167 1967 4212 tas
2013 4159 2270 4226 praecipit,
2313 4159 2500 4212 dicens
2529 4159 2574 4190 ⁸ο
2610 4177 2624 4213 :
2655 4177 2674 4210 ι
2714 4161 2883 4226 Quod
2942 4181 3208 4235 autem
3263 4187 3738 4251 superfuerit

1887 4248 2088 4343 ett-his,
2132 4245 2530 4343 manducabunt
2564 4246 2675 4316 (99)
2721 4249 2922 4343 Aaron
2966 4269 3043 4312 et
3086 4263 3242 4322 ﬁlii
3323 4245 3533 4343 eius,
3589 4302 3615 4334 ,
3663 4284 3738 4338 Si

2091 4375 2381 4436 :r...,.-...
2410 4375 2462 4387 ..-
2491 4375 2802 4436 new-iv...
2841 4375 3320 4414 ιιιισιιιςιιιυηι
3367 4376 3584 4424 tuum
3629 4375 3739 4430 vel

1887 4429 2191 4478 memoriam
2245 4433 2409 4488 tuam,
2453 4442 2610 4480 serva
2671 4430 2863 4486 Aaron
2920 4450 2938 4488 :

1890 4819 2238 4880 ......,.........,.,
2274 4819 2620 4852 ,μυσυμωυο
2651 4819 2796 4852 ιυυδ,
2827 4819 2890 4844 τι
2951 4819 3220 4862 υιςθηι
3287 4819 3467 4880 ubi.
3521 4846 3547 4878 ι
3595 4828 3740 4899 Ipsi

1889 4881 2029 4970 enim
2057 4878 2232 4970 sciunt
2270 4875 2539 4974 quomodo
2573 4876 2688 4930 haec
2730 4893 2939 4948 azyma
2984 4889 3346 4958 debeant
3411 4921 3739 4974 mandu-

1889 4971 2022 5069 ⁰³ἷῖζ
2044 4966 2407 5069 θὶῗῗηῗῗῖῃῖῗέ
2433 4976 2771 5069 seetse”
2801 4981 3258 5069 θξ-νθ¹”¹¹²ιιε
3293 5009 3626 5069 exponi.

1956 5047 2042 5101 10.
2075 5047 2300 5102 Additur
2343 5051 2396 5104 in
2443 5056 2803 5122 sequentibus
2839 5058 2935 5116 ea:
2978 5083 3002 5115 ε
3056 5070 3155 5127 Et
3223 5047 3741 5160 lo;;;:;;-s-u.est

2653 5199 2701 5232 τε
2722 5200 2935 5272 Philip.
2963 5224 3062 5277 iv,
3105 5217 3243 5277 18.
3372 5236 3440 5270 τ’
3473 5240 3539 5295 ιι
3558 5245 3736 5306 Cor.

1881 5390 2062 5509 atii”
2074 5391 2735 5509 3132.212;ista“:
2758 5423 2925 5509 .123."
2934 5414 3220 5509 9393b“
3236 5446 3328 5489 ηι

1884 5468 2031 5577 an“.
2074 5480 2092 5513 ε
2122 5478 2192 5544 (διε⁸
2214 5468 2282 5546 iis
2307 5476 2674 5532 manducabit.
2706 5468 2733 5530 ι’
2757 5477 2903 5530 infra
2946 5468 3157 5543 idem"

1936 5540 2094 5578 ovses
2143 5533 2289 5578 dicit
2346 5559 2365 5578 ι
2400 5541 2420 5578 1
2449 5547 2538 5578 tm.
2602 5547 2728 5578 mni:
2792 5564 2808 5578 .
2852 5548 2979 5578 zu..-
3017 5553 3151 5578 ιιμ

1969 5541 2094 5600 νεεδ
2143 5533 2294 5591 dicit.
2346 5559 2365 5594 ι
2400 5541 2560 5606 Libb.
2601 5547 2754 5614 editi,
2792 5564 2810 5599 ι
2852 5533 3286 5631 ἱυεέῇδγξέ

3339 5477 3364 5492 ι
3431 5463 3459 5496 ³
3510 5449 3734 5512 Lilib.

3330 5545 3356 5560 ο
3371 5549 3393 5574 9
3441 5533 3470 5564 ί
3537 5521 3738 5581 idem

3291 5590 3332 5629 3
3411 5585 3640 5659 dicit.
3701 5615 3731 5650 ι
