3948 6216
259 336 371 394 illi

1502 361 1569 415 IN
1620 360 1983 416 LEVITICUM
2024 357 2299 414 llOMlLlA
2344 353 2403 406 ν.
3409 362 3509 416 H5

219 469 221 472 ‘
252 450 488 537 Dfminus
516 452 570 507 ad
595 434 1119 537 “Olsfnsflcens
1151 469 1174 506 :
1212 458 1349 519 Hoc
1401 487 1600 528 munus
1631 477 1806 529 Aaron
1836 487 1888 530 et
1918 480 1960 532 Α
1991 476 2218 537 ciantur,
2251 472 2380 525 sicut
2419 480 2473 523 et
2505 471 2758 526 Dominus
2787 473 2974 529 fecisse
3005 476 3230 529 refertur
3259 476 3308 529 in
3335 475 3508 530 Evan-

234 542 322 609 ῆι
349 528 470 629 iurum
487 543 598 610 eius,
627 523 754 634 quod
796 522 1093 593 onerent.
1140 546 1413 615 DOmino
1451 565 1504 616 in
1534 549 1619 620 die
1648 582 1749 634 qua
1784 522 1878 618 un:

227 625 410 722 ‘5‘”:
431 640 544 695 eum,
564 625 798 722 deeimill“
823 629 1098 722 Partem
1134 645 1290 710 ephi
1341 625 1679 721 similaginis
1702 655 1752 706 in
1793 668 1879 706 sa-

222 761 224 764 μ
251 717 462 786 εςὶίίεἱο
493 707 1038 806 εειιιρετνηάῖιιὶῑάξωιι
1092 727 1244 794 ejus
1300 754 1491 803 mane,
1522 707 1574 795 ei
1603 743 1876 806 dimidium

264 817 396 888 ejus
423 821 520 882 post
553 803 825 891 meridieln-
875 798 952 857 Ῐῐι
1020 826 1361 891 sartagine
1413 798 1487 882 ex:
1531 830 1648 882 oleo
1693 831 1781 883 ﬁet
1819 804 1880 884 et

271 914 590 971 c-onspersam
615 888 896 967 (“0531131
941 910 1096 956 eam
1130 888 1435 981 ten—eram,
1473 919 1791 971 sacriﬁcium
1816 920 1880 972 de

276 991 604 1062 fragmentis.
643 983 974 1044 ὃδοΐῖίῖεῖυῐη
1027 993 1098 1048 in
1156 1003 1403 1060 odorem
1447 1010 1724 1063 suavitatis
1781 1009 1876 1061 Do-

283 1084 450 1139 mnino.
477 1079 719 1134 Sacerdos
753 1076 840 1146 qui
878 1091 1122 1140 unctus
1172 1088 1358 1146 fuerit
1393 1111 1489 1162 pro
1533 1109 1596 1149 eo
1649 1110 1713 1149 ex
1761 1096 1878 1150 ﬁliis

291 1170 440 1239 ejus,
461 1169 606 1223 faciat
638 1184 696 1222 ea
720 1187 736 1222 -.
758 1169 844 1222 lex
883 1177 1121 1229 aeterna
1155 1196 1172 1231 :
1203 1183 1394 1234 omnia
1437 1186 1881 1237 consummaban-

297 1273 400 1316 tur.
439 1258 500 1311 Et
537 1274 689 1312 omne
732 1259 1090 1319 sacriﬁcium
1148 1275 1464 1326 sacerdotis
1515 1273 1878 1327 holocaustum

301 1353 408 1410 erit,
425 1357 475 1400 et
509 1363 611 1400 non
658 1349 878 1404 edetur.
917 1369 938 1402 ι
969 1353 1034 1407 lu
1073 1363 1305 1416 caeteris
1335 1363 1544 1428 quidem
1567 1362 1877 1428 praeceptis,

309 1433 520 1508 pontifex
548 1435 604 1488 iu
631 1434 933 1493 oﬁerendis
969 1446 1280 1501 sacriﬁciis
1307 1449 1501 1516 pepulo
1527 1449 1722 1516 praebet
1764 1448 1874 1501 oili-

316 1531 478 1593 cium;
504 1528 558 1582 iu
592 1527 696 1582 hoc
728 1542 861 1583 vero
895 1534 1190 1600 mandato,
1217 1552 1340 1605 qua:
1385 1539 1594 1606 propria
1625 1545 1750 1590 sunt
1785 1552 1879 1590 cu-

320 1630 413 1683 rat,
439 1629 490 1673 et
515 1619 656 1688 quod
677 1618 746 1673 ad
769 1635 829 1674 se
859 1633 1103 1689 spectat,
1132 1628 1468 1694 exsequitur.
1492 1626 1718 1680 Jubetur
1741 1627 1878 1680 enim

317 1727 373 1764 ex
414 1711 520 1774 die,
551 1726 659 1780 qua
685 1721 883 1766 unctus
914 1712 1104 1778 fuerit,
1133 1731 1348 1784 semper
1387 1725 1440 1770 et
1481 1717 1533 1770 in
1569 1727 1876 1784 perpetuum

1938 623 1942 626 ,
1979 563 2130 628 geliis
2158 563 2222 625 ⁸³,
2257 561 2340 613 ubi
2387 559 2652 614 benedixit
2693 577 2877 627 panes,
2929 573 2981 614 et
3028 565 3170 617 dedit
3214 565 3505 632 discipulis,

1935 693 1942 700 .
1980 662 2032 703 et
2076 650 2315 717 discipuli
2363 649 2759 718 confringentes
2803 659 3159 716 apposuerunt
3206 653 3393 704 turbis.
3446 651 3508 702 Et

1981 755 2098 792 enm
2150 737 2325 792 satiati
2373 738 2593 792 fuissent
2625 753 2831 798 omnes,
2883 739 3275 805 superfuerunt,
3317 741 3506 806 inquit,

1984 828 2395 895 fraginentornm
2447 828 2658 894 cephini
2716 827 3010 880 duodecim.
3063 826 3204 879 Istud
3263 838 3341 880 est
3383 844 3509 897 ergo

1982 915 2297 968 sacriﬁcium
2345 931 2407 968 ex
2457 915 2797 982 fragmentis,
2853 929 2969 967 cum
3034 915 3326 968 minutatim
3393 931 3510 983 quae

1983 1013 2106 1056 sunt
2147 1005 2276 1068 legis
2319 1013 2501 1056 sancta
2545 1003 2874 1064 discutimus,
2927 1013 2981 1055 ut
3021 1003 3306 1071 Spiritalem
3333 1019 3396 1056 ex
3426 1006 3508 1059 his

1984 1094 2156 1145 cibum
2205 1106 2494 1159 purumque
2542 1093 2828 1158 capiamus.
2886 1091 2946 1144 Et
2993 1093 3124 1153 haec,
3181 1092 3384 1159 inquit,
3430 1103 3510 1146 est

1985 1179 2063 1232 lex
2109 1189 2328 1233 acterna.
2383 1176 2616 1232 Joannes
2676 1178 2888 1244 quidem
2943 1179 3211 1244 apostolus
3265 1181 3314 1232 in
3364 1180 3506 1246 Apo-

1985 1269 2181 1338 calypsi
2238 1268 2367 1322 dicit
2411 1281 2526 1321 esse
2584 1265 2923 1333 Evangelium
2977 1277 3227 1322 azternum
3265 1269 3310 1299 “
3364 1287 3377 1322 :
3429 1270 3508 1322 in-

1985 1361 2224 1412 venimus
2278 1369 2332 1412 et
2387 1359 2473 1412 hic
2533 1361 2787 1426 scriptum
2833 1372 2950 1412 esse
3009 1359 3178 1424 legem
3231 1367 3504 1422 aeternam,

1985 1449 2140 1517 205
2169 1450 2261 1503 sed
2309 1450 2392 1502 isti
2433 1451 2522 1517 qui
2556 1451 2721 1518 legem
2751 1452 3040 1503 secundum
3077 1449 3308 1502 litteram
3354 1451 3504 1515 sequi

1985 1541 2190 1604 volunt,
2211 1541 2365 1594 velim
2392 1541 2517 1594 mihi
2539 1557 2677 1594 nunc
2700 1542 2934 1594 dicerent
2963 1542 3225 1608 quomodo
3248 1541 3328 1594 lex
3354 1542 3507 1608 hujus

1984 1629 2230 1682 sacriﬁcii
2257 1643 2373 1682 esse
2412 1629 2793 1696 possitaeterna
2828 1643 2841 1679 :
2875 1643 2994 1680 cum
3030 1630 3214 1696 utique
3238 1629 3506 1682 destructo

1988 1716 2200 1783 templo,
2229 1716 2483 1768 subverso
2511 1715 2686 1777 altari,
2736 1726 2787 1767 et
2821 1716 3066 1769 onmibns
3091 1732 3210 1783 quge
3257 1719 3506 1770 diceban-

313 1799 501 1853 olferre
547 1801 917 1869 similaginem
957 1802 1081 1856 oleo
1125 1818 1500 1872 compersam,
1545 1814 1777 1858 teneram
1819 1819 1880 1858 ex
1915 1789 1958 1843 Β
1989 1812 2078 1856 ιυι-
2105 1810 2286 1855 sancta
2315 1801 2627 1869 profanatis,
2677 1803 2806 1854 ritus
2847 1802 2948 1855 iste
2979 1803 3360 1856 sacriﬁciorum
3397 1819 3502 1858 non

311 1891 604 1959 sartagine.
660 1887 828 1956 quue
877 1892 1228 1959 cognominat
1275 1892 1598 1946 sacriﬁcium
1660 1909 1726 1946 ex
1779 1893 1883 1945 fra-

309 1979 565 2047 gmentis,
599 1979 655 2032 in
695 1979 921 2034 odorem
951 1980 1267 2044 suavitatis;
1297 1990 1349 2034 et
1389 1983 1487 2035 hoc
1530 1981 1643 2050 lege
1682 1994 1880 2036 aeterna

307 2081 662 2134 permanere,
688 2076 749 2122 et
796 2069 1090 2122 transmitti
1127 2069 1189 2122 ad
1221 2079 1463 2137 posteros
1508 2071 1678 2138 jubet.
1724 2071 1884 2124 Addit

305 2171 438 2210 sane
466 2158 901 2221 observandum,
928 2173 998 2211 ne
1024 2157 1184 2211 ullum
1216 2159 1542 2212 sacriﬁcium
1572 2161 1882 2225 sacerdotis,

303 2245 407 2298 hoc
436 2255 542 2310 est,
575 2245 730 2313 quod
767 2261 867 2313 pro
903 2248 1084 2314 seipso
1120 2246 1308 2300 oﬁ'eret
1338 2246 1436 2317 (2),
1465 2249 1654 2302 edatur
1692 2263 1721 2301 a
1751 2263 1884 2316 quo-

299 2349 497 2397 quam;
531 2335 629 2387 sed
661 2335 1044 2388 holocaustum
1081 2337 1194 2399 ﬁat,
1229 2336 1367 2402 quod
1400 2346 1482 2390 est
1514 2337 1621 2406 igni
1654 2337 1882 2392 absumi.

299 2422 652 2492 Praeceptum
685 2426 910 2494 quidem
946 2425 1238 2478 secundum
1269 2427 1498 2480 litteram
1539 2427 1739 2479 clarum
1779 2436 1880 2492 est,

297 2515 461 2567 velim
497 2525 684 2570 tamen
717 2516 907 2571 videre
931 2517 1024 2584 qui
1062 2516 1112 2568 in
1156 2517 1255 2570 hoc
1293 2526 1465 2586 typus,
1499 2526 1552 2570 et
1574 2532 1692 2584 quae
1720 2518 1884 2587 ﬁgura

294 2601 600 2660 formetur.
644 2605 940 2658 Dimidium
976 2604 1229 2658 sacriﬁcii
1267 2605 1421 2671 hujus
1463 2619 1618 2658 mane
1651 2605 1762 2657 vult
1803 2605 1886 2659 of-

292 2687 462 2754 ferri,
497 2699 556 2744 et
585 2690 872 2744 dimidium
919 2704 1164 2758 vespere,
1211 2699 1353 2743 certa
1404 2705 1648 2746 mensura
1693 2693 1882 2747 simila:

290 2779 419 2832 oleo
453 2793 772 2846 conspersae
805 2788 1007 2832 tenera:
1036 2795 1064 2830 a
1093 2779 1380 2846 sartagine.
1420 2779 1550 2833 Vide
1580 2781 1626 2834 si
1658 2795 1783 2844 non,
1820 2792 1878 2834 ut

292 2881 394 2933 ego
417 2867 708 2932 suspicor,
735 2865 1067 2919 sacriﬁcium
1091 2867 1382 2920 sacerdotis
1404 2867 1518 2920 hzec
1544 2869 1654 2935 ipsa
1677 2871 1748 2923 sit
1773 2870 1884 2935 lex,

290 2969 412 3022 qua!
440 2968 551 3020 per
577 2953 804 3023 Moysen
828 2952 1218 3021 promulgatur,
1242 2953 1390 3022 cujus
1425 2955 1696 3008 dimidium
1729 2972 1886 3010 mane

284 3041 520 3106 jubetur
553 3042 771 3106 oﬁ‘erri,
809 3042 1088 3094 dimidium
1123 3055 1252 3094 vero
1282 3043 1346 3094 ad
1384 3056 1682 3110 vesperam.
1710 3044 1876 3109 Quam

290 3131 466 3201 legem
502 3133 561 3184 in
611 3132 756 3184 duas
806 3139 989 3199 partes
1037 3131 1196 3184 dividi
1249 3136 1516 3200 praecepit,
1549 3135 1599 3187 in
1647 3134 1872 3189 litteram

289 3219 562 3274 videlicet
588 3228 648 3272 et
676 3219 955 3285 spiritum.
991 3217 1059 3270 Et
1093 3217 1365 3270 dimidiam
1401 3219 1612 3286 quidem
1651 3229 1872 3286 partem,

287 3327 406 3380 qua:
446 3318 543 3365 est
574 3309 787 3370 littera,
821 3307 1002 3361 oﬁerri
1045 3308 1198 3373 jubet
1240 3321 1414 3370 mane,
1457 3309 1628 3376 primo
1675 3309 1876 3362 scilicet

285 3401 420 3468 legis
475 3411 777 3468 tempore:
810 3398 953 3466 quod
1012 3399 1118 3451 illis
1169 3397 1360 3464 quibus
1409 3407 1536 3452 tunc
1585 3401 1874 3452 secundum

286 3491 543 3544 litteram
578 3489 712 3542 data
749 3498 857 3550 est,
888 3502 1078 3540 novam
1111 3487 1280 3538 lucem
1322 3492 1374 3538 et
1425 3501 1621 3540 novum
1655 3489 1876 3556 protulit

283 3581 449 3643 diem,
504 3577 806 3631 dimidium
858 3590 986 3629 vero
1026 3573 1141 3640 ejus
1170 3574 1346 3628 oﬁ'erri
1395 3575 1555 3644 jussit
1593 3577 1642 3629 in
1690 3593 1874 3646 vespe-

286 3684 422 3722 ram.
477 3667 545 3720 ln
582 3679 818 3732 vespera
860 3665 999 3718 enim
1046 3663 1200 3716 nobis
1251 3665 1405 3716 datus
1439 3675 1522 3717 est
1579 3665 1872 3720 Salvatnris

281 3760 590 3818 adventus,
631 3754 687 3806 in
722 3768 834 3820 quo
863 3767 989 3818 pars
1036 3751 1123 3804 illa
1169 3753 1408 3816 dimidia,
1441 3754 1542 3808 hoc
1577 3764 1658 3808 est
1685 3770 1874 3810 sensus

281 3847 349 3897 vel
382 3842 646 3912 spiritus
679 3839 839 3906 legis,
871 3839 1163 3891 secundum
1196 3840 1335 3907 quod
1371 3841 1452 3892 lex
1490 3841 1744 3908 spiritalis
1771 3852 1872 3905 est,

280 3933 563 3988 offeratur
594 3931 724 3983 oleo
763 3942 1052 3994 conspersa
1095 3937 1294 3981 tenera.
1339 3930 1526 3984 Oleum
1565 3929 1629 3982 ad
1665 3931 1873 3982 miseri-

278 4023 546 4076 cordiam
593 4026 912 4077 revocatur,
947 4031 1065 4084 qua:
1095 4016 1249 4070 debet
1289 4017 1340 4070 in
1379 4018 1749 4072 sacerdotibus
1782 4018 1876 4070 ab-

277 4117 412 4166 umla
426 4127 526 4165 rc.
558 4109 782 4162 Tenera
808 4107 874 4158 ad
906 4104 1154 4160 subtilem
1179 4115 1232 4158 et
1257 4121 1442 4174 puram
1473 4106 1873 4175 intelligentiam

276 4204 553 4270 pertinet.
582 4197 747 4268 Quod
779 4207 957 4246 autem
981 4210 1009 4246 a
1038 4197 1307 4263 sartagine
1334 4197 1552 4258 dicitur,
1588 4203 1713 4263 puto
1734 4195 1875 4263 quod

275 4291 643 4348 districtum,
677 4294 736 4337 et
770 4283 936 4336 multa
982 4285 1306 4337 continentia
1344 4285 1573 4348 aridum,
1618 4293 1671 4336 et
1715 4286 1876 4337 torri-

272 4384 394 4436 tlnm
437 4377 592 4430 velit
628 4387 750 4426 esse
791 4373 1147 4435 sacerdotem,
1184 4373 1236 4425 in
1271 4387 1376 4440 quo
1410 4372 1542 4424 nihil
1589 4373 1866 4425 remissum
1901 4391 1944 4444 ι)

271 4472 478 4526 haberi
517 4465 592 4518 ad
625 4462 920 4526 luxuriam,
951 4461 1080 4513 nihil
1102 4460 1318 4515 fluitans
1347 4461 1414 4514 ad
1445 4460 1716 4514 libidinem
1752 4476 1871 4528 pos-

268 4565 347 4616 δίι,
400 4555 592 4624 Quod
639 4562 823 4604 autem
864 4551 1184 4604 sacriﬁcium
1227 4551 1399 4618 ipsum
1443 4566 1508 4604 ex
1560 4549 1868 4616 fragmentis

269 4643 602 4706 nominavit
658 4641 714 4693 in
764 4639 981 4693 odorem
1033 4640 1329 4702 suavitatis,
1387 4648 1518 4706 puto
1569 4639 1707 4705 quod
1763 4637 1871 4689 fra-

271 4744 514 4807 gmenta
566 4727 920 4784 sacerdotum
967 4725 1091 4778 velit
1137 4725 1360 4794 intelligi
1392 4743 1406 4778 :
1433 4741 1554 4778 cum
1607 4725 1736 4793 legis
1779 4739 1875 4792 per

276 4838 375 4877 eos
407 4822 609 4875 littera
640 4815 930 4883 frangitur,
960 4821 1016 4865 et
1056 4812 1208 4866 cibus
1232 4828 1297 4866 ex
1323 4828 1388 4866 ea
1417 4813 1588 4866 latens
1627 4814 1873 4867 intrinse-

276 4928 376 4966 cus
441 4904 728 4976 spiritalis
784 4901 1036 4964 elicitur;
1087 4911 1150 4954 ut
1200 4902 1482 4956 audientes
1538 4902 1701 4956 turba:
1751 4902 1872 4956 reﬁ-

345 5075 395 5107 ⁸³
426 5068 640 5126 Matth.
675 5081 788 5120 xiv.
864 5063 913 5094 “
937 5065 1109 5128 Apoc.
1148 5076 1255 5124 xiv,
1295 5059 1347 5114 6.

1983 1891 2208 1956 potuerit
2259 1903 2591 1957 permanere.
2633 1887 2914 1953 Quomodo
2961 1905 3086 1958 ergo
3133 1901 3384 1943 mternum
3427 1893 3506 1946 di-

1982 1987 2124 2041 cent,
2155 1980 2294 2046 quod
2325 1979 2448 2032 olim
2500 1995 2740 2032 cessasse
2787 1990 2840 2032 et
2870 1981 3072 2032 ﬁnitum
3099 1996 3217 2034 esse
3245 1981 3346 2048 jam
3376 1996 3499 2035 con-

1981 2068 2126 2120 stat?
2165 2067 2348 2121 Restat
2393 2077 2450 2120 ut
2503 2069 2790 2121 secundum
2841 2083 2956 2120 eam
3015 2079 3214 2136 partem
3262 2071 3345 2123 lex
3394 2071 3506 2124 hare

1981 2166 2179 2210 aeterna
2207 2159 2437 2219 dicatur,
2466 2171 2570 2224 qua
2610 2173 2706 2210 nos
2748 2157 2971 2210 dicimus
3003 2158 3168 2223 legem
3205 2172 3322 2211 esse
3350 2160 3507 2225 spiri-

1983 2244 2160 2308 talem,
2192 2254 2242 2297 et
2267 2261 2359 2311 per
2393 2260 2506 2298 eam
2530 2245 2786 2312 spiritalia
2821 2260 2974 2312 posse
2999 2246 3176 2298 oﬁ'erri
3205 2249 3464 2301 sacrificia
3489 2288 3502 2308 ,

1982 2349 2098 2402 qua:
2125 2349 2296 2399 neque
2317 2333 2632 2399 interrumpi
2661 2349 2887 2400 unquam
2939 2350 3112 2402 neque
3144 2351 3358 2388 cessare
3387 2351 3505 2404 pos-

1981 2432 2122 2475 sunt.
2159 2420 2272 2474 Non
2307 2423 2446 2476 enim
2485 2423 2534 2475 in
2574 2424 2686 2478 loco
2714 2435 2837 2478 sunt
2886 2426 2982 2496 ('5),
3035 2425 3121 2491 qui
3156 2425 3501 2490 subvertitur,

1983 2518 2076 2562 aut
2103 2510 2155 2563 in
2179 2518 2415 2579 tempore
2443 2511 2583 2578 quod
2613 2521 2863 2578 mutatur,
2891 2514 2982 2567 sed
3010 2515 3060 2566 in
3087 2513 3189 2568 ﬁde
3214 2515 3502 2577 credentis,

1982 2609 2036 2652 et
2064 2599 2116 2651 in
2141 2599 2302 2652 corde
2331 2597 2696 2652 sacriﬁcantis.
2727 2600 2867 2654 Sane
2895 2601 3033 2666 quod
3054 2601 3149 2664 ait,
3176 2601 3286 2654 Non
3321 2601 3504 2655 edetur

1983 2688 2048 2742 de
2071 2687 2333 2741 sacriﬁcio
2357 2688 2678 2750 sacerdotis,
2710 2691 2800 2741 sed
2827 2689 3190 2742 holocaustum
3225 2689 3351 2752 erit,
3383 2702 3504 2742 cer-

1983 2783 2092 2828 tum
2115 2785 2198 2828 est
2226 2775 2292 2828 ad
2335 2775 2541 2829 Domini
2587 2785 2640 2829 et
2673 2776 2965 2831 Salvatoris
3009 2779 3173 2831 nostri
3225 2792 3502 2847 personam

1983 2867 2192 2920 referri.
2232 2867 2306 2919 De
2341 2867 2482 2920 illius
2515 2868 2656 2920 enim
2713 2869 2975 2922 sacriﬁcio
3032 2883 3134 2922 non
3169 2870 3374 2931 edetur,
3416 2869 3505 2922 sed

1982 2955 2344 3008 holocaustum
2370 2957 2490 3010 erit.
2523 2956 2630 3010 lloc
2657 2957 2709 3010 in
2746 2958 2862 3011 loco
2906 2959 3252 3022 sacrilicium,
3283 2959 3503 3011 verbum

1986 3044 2156 3111 ipsum
2184 3045 2546 3112 accipiendum
2592 3054 2695 3110 est,
2730 3055 2782 3099 et
2807 3047 3070 3109 doctrina,
3101 3048 3163 3100 de
3196 3063 3296 3115 qua
3330 3045 3499 3099 nullus

1974 3132 2118 3198 edet,
2150 3133 2249 3186 hoc
2286 3143 2363 3186 est
2396 3133 2569 3186 nullus
2591 3133 2843 3202 disputat,
2895 3135 3068 3187 nullus
3101 3142 3370 3198 retractat,
3405 3135 3496 3186 sed

1973 3219 2344 3273 holocaustum
2393 3231 2491 3274 est.
2530 3221 2794 3290 Quidquid
2842 3224 2980 3276 enim
3029 3223 3194 3285 dixit,
3241 3222 3499 3291 quidquid

1975 3307 2185 3372 statuit,
2217 3316 2416 3361 aeterna
2447 3311 2847 3363 consecratione
2879 3310 3156 3376 perdurat,
3191 3325 3288 3364 nec
3315 3311 3504 3378 aliquis

1975 3398 2048 3450 ita
2083 3397 2301 3450 insanus
2346 3397 2422 3467 (Δ)
2454 3398 2719 3452 invenitur
2745 3406 2838 3452 aut
2884 3398 3154 3466 profanus,
3186 3401 3278 3466 qui
3329 3410 3502 3452 retra-

1973 3496 2122 3538 ctare
2142 3485 2206 3537 de
2233 3485 2346 3552 ejus
2372 3486 2706 3539 sermonibus
2736 3487 2932 3554 possit;
2968 3501 3100 3553 quos
3136 3495 3384 3556 tanquam
3411 3489 3502 3540 ho-

1977 3573 2293 3634 locaustum,
2320 3573 2639 3626 sacriﬁcium
2675 3576 2780 3627 Deo
2801 3575 3036 3627 oblatum
3057 3615 3071 3635 ,
3102 3576 3151 3627 in
3179 3575 3322 3628 omni
3358 3575 3500 3627 cultu

1974 3670 2030 3714 et
2054 3662 2394 3715 veneratione
2446 3661 2643 3715 habere
2690 3663 2940 3715 debemus
2972 3678 2986 3713 :
3023 3664 3142 3729 quia
3177 3681 3194 3714 ι
3233 3663 3422 3716 caelum
3451 3673 3503 3715 et

1975 3757 2114 3801 terra
2136 3750 2454 3810 transibunt,
2469 3751 2630 3802 verba
2644 3761 2814 3802 autem
2833 3751 2945 3818 ejus
2963 3765 3064 3802 non
3086 3752 3384 3804 transibunt
3399 3748 3497 3813 ⁸⁸.»

1975 3837 2065 3891 sed
2115 3851 2329 3904 semper
2371 3847 2609 3900 manent,
2641 3839 2777 3890 sicut
2812 3849 2865 3891 et
2899 3839 3011 3904 ipse
3063 3853 3270 3905 semper
3303 3847 3497 3892 manet.

1975 3925 2074 3978 l‘er
2114 3927 2283 3994 ipsum
2331 3926 2435 3978 Deo
2475 3925 2614 3976 l’atri
2648 3939 2766 3976 cum
2807 3924 3005 3991 Spiritu
3044 3936 3228 3980 sancto
3253 3926 3418 3994 gloria
3447 3936 3502 3980 et

1975 4015 2336 4083 imperiumin
2368 4016 2564 4070 saecula
2598 4002 2934 4068 saaculorum.
2969 4020 3154 4068 Amen.

2560 4121 2834 4177 HOMILIA
2872 4124 2932 4177 ν.

1973 4213 2047 4264 De
2068 4227 2125 4264 eo
2155 4213 2288 4282 quod
2314 4214 2565 4282 scriptum
2595 4220 2670 4282 est
2710 4227 2728 4262 :
2761 4231 2779 4262 ι
2816 4213 2940 4266 ιιωο
2967 4213 3048 4266 lea:
3076 4218 3354 4276 peccati.‘t':t
3389 4220 3500 4274 loco

2037 4298 2134 4348 quo
2166 4277 2548 4360 jngulabuntur
2588 4277 2908 4351 holocqusta,
2943 4285 3172 4336 arrident
3197 4296 3243 4338 et
3282 4287 3334 4337 id
3365 4289 3502 4354 quod

2035 4357 2229 4415 peccati
2256 4357 2350 4410 est,
2381 4367 2399 4398 ι
2429 4359 2532 4403 etc.

2047 4451 2096 4505 l.
2134 4469 2152 4500 ι
2183 4453 2246 4504 Ει
2291 4452 2494 4507 locutus
2536 4463 2616 4507 est
2647 4454 2898 4507 Dominus
2939 4453 3003 4505 ad
3027 4453 3236 4524 Moysen
3271 4454 3495 4508 dicens:

1975 4540 2212 4606 Loquere
2251 4541 2317 4593 ad
2357 4544 2556 4605 Aaron,
2599 4552 2654 4596 et
2687 4545 2753 4597 ad
2793 4545 2929 4598 ﬁlios
2963 4544 3077 4612 ejus
3121 4545 3343 4598 dicens:
3380 4543 3500 4596 llzee

1973 4643 2054 4685 est
2081 4632 2163 4685 lex
2189 4632 2392 4699 peccati
2414 4645 2426 4680 :
2447 4631 2502 4684 lu
2528 4633 2646 4687 loco
2670 4648 2773 4701 quo
2794 4633 3104 4702 jugulantur
3137 4634 3211 4704 (5)
3251 4636 3492 4688 holocau‘

1973 4730 2075 4785 sta,
2106 4721 2349 4775 occident
2391 4731 2442 4775 et
2484 4723 2538 4776 id
2572 4723 2712 4792 quod
2746 4726 2949 4791 peccati
2993 4734 3074 4779 est
3113 4733 3297 4778 contra
3327 4725 3496 4776 Domi-

1974 4828 2099 4865 num
2125 4829 2138 4865 :
2177 4811 2369 4866 Sancta
2393 4821 2699 4866 sanctorum
2728 4821 2870 4865 sunt.
2905 4815 3167 4867 Sacerdos
3191 4814 3278 4882 qui
3315 4811 3498 4865 oﬁ'eret

1975 4900 2125 4965 illud,
2149 4901 2203 4955 in
2226 4901 2342 4958 loco
2368 4911 2551 4956 sancto
2575 4902 2714 4967 edet,
2751 4904 2802 4956 in
2826 4903 2965 4958 atrio
2998 4901 3318 4957 tabernaculi
3353 4900 3499 4954 testi-

1427 5060 1473 5091 ⁸⁸
1500 5058 1678 5113 Matth.
1716 5077 1858 5124 xxiv,
1886 5060 1972 5114 l5.

347 5205 428 5274 (ι)
458 5202 625 5274 ιρεεη
658 5209 850 5274 ms.,.¢
888 5199 946 5274 et
979 5190 1701 5274 ςοῐξξρεγεεξςῃυξξξιἐφιῇ-ο
1735 5203 1870 5257 post,
1963 5194 2108 5274 editi,
2143 5211 2166 5274 ε
2192 5191 2412 5274 jubetnr
2436 5191 2649 5274 oll‘erre.‘
2677 5212 2696 5245 ι

280 5295 299 5324 r
327 5256 680 5326 sacrificium
699 5265 767 5316 de
793 5256 1154 5323 fragmentis,
1178 5257 1494 5309 sacriﬁcium
1519 5256 1567 5307 in
1586 5256 1824 5311 odorem.
1847 5279 1866 5310 ι

277 5345 334 5396 ln
393 5347 570 5394 antea
639 5333 810 5385 editis
843 5326 1396 5396 legitur,cconspersa,
1440 5339 1458 5369 ι
1493 5331 1672 5396 etpost
1710 5343 1739 5396 ι⁸
1764 5327 1873 5396 fra-

275 5388 526 5478 ίίδηεῖίίίέ
550 5422 572 5454 ’
751 5388 1702 5478 '¢P‘=F":':'..:.Esaiam;4:193,
1729 5393 1869 5447 idem

278 5455 576 5534 ﬁi§f."."iex
609 5455 851 5522 aeterna.
870 5477 914 5534 3
961 5455 1271 5516 Libb.editi,
1306 5471 1344 5534 tu“
1359 5455 1473 5534 lege
1520 5466 1730 5534 afterua.
1763 5478 1793 5534 _._

349 5519 453 5606 (23'
467 5519 1193 5606 ιῐὲιιῖφάεξ,επιτέῗηιέο
1217 5519 1525 5606 ,ἱθοῖεῖἷέὲηὶ
1540 5523 1682 5606 F‘Pb-
1705 5527 1870 5606 stliti-

285 5631 303 5662 ι
341 5586 764 5665 ὀϊωᾶἷῖιυϊω
803 5595 958 5647 idem
1001 5586 1131 5650 ins.,
1167 5605 1183 5633 ί
1211 5586 1412 5651 jubctnr
1437 5589 1620 5644 offerri.
1657 5611 1673 5642 ι
1701 5586 1868 5650 ιευυξ

2037 5264 2109 5333 (5)
2145 5255 2291 5333 idem
2323 5275 2449 5323 ms.,
2487 5270 2674 5333 (Stult.
2715 5277 2732 5309 ι
2764 5257 2916 5333 Libb:
2946 5255 3097 5333 editi,
3127 5271 3145 5303 ι
3181 5260 3280 5333 est.
3319 5271 3337 5330 ε

2035 5319 2110 5398 (4)
2145 5329 2282 5382 Idem
2306 5319 2474 5392 ms.,'t
2503 5329 2570 5381 ita
2599 5329 2833 5380 insanus.
2855 5343 2872 5373 ι
2894 5324 2948 5374 ln
2974 5329 3128 5373 antea
3145 5320 3299 5370 editis
3319 5319 3488 5380 deest,
3531 5390 3543 5399 Ι.

1968 5417 1986 5448 ⁴
2025 5409 2113 5533 i8).
2138 5418 2332 5518 ’Codcx
2381 5465 2738 5533 Sangarinus
2760 5456 3078 5533 jugulantur.
3113 5466 3137 5533 ξ
3163 5449 3313 5533 |.ibh..
3338 5451 3485 5532 editi,
3526 5452 3548 5490 υ

1974 5551 1991 5582 ι
2025 5519 2419 5600 jugulabuntur.
2465 5519 3001 5600 o‘lt_rfraideni'_lns._.
3031 5519 3363 5600 2ι-ᾓίινςιξιηῑοεῑ
3398 5522 3486 5586 qui

1968 5583 2168 5656 ederet.
2209 5583 2228 5649 7i
2262 5583 2411 5653 Libb.
2442 5598 2598 5660 editi,
2637 5612 2653 5645 ι
2685 5588 2930 5646 sacerdos
2955 5583 3044 5649 qni
3077 5583 3252 5634 oﬁ‘ert.
3287 5600 3306 5634 ι
