3948 6260
913 246 938 252 η-
960 246 1043 258 Mn...
1062 246 1103 253 "'\

291 331 390 387 H7

1695 323 1849 378 ORIG
1858 322 2005 377 ENIS

3618 289 3750 346 448

292 447 477 502 monii.
518 444 704 501 Omnis
726 444 817 513 qui
853 444 1017 514 tangit
1053 444 1120 498 de
1151 444 1401 497 carnibus
1427 441 1560 511 ejus,
1591 444 1824 497 sanetiii-
1852 446 1897 501 A
1924 441 1976 493 in
2009 438 2187 493 futuro
2222 434 2606 491 baereditatem
2645 433 2795 487 vita:
2828 435 3096 514 eterna:
3168 415 3755 514 consequentur,

293 535 532 598 cabitur;
575 542 631 588 et
657 533 956 603 cuicunque
994 547 1270 600 aspersum
1303 532 1462 586 fuerit
1490 534 1836 602 exsanguine

289 624 439 693 ejus,
492 640 652 693 super
700 626 1074 679 vestimentum
1122 624 1477 692 quodcunque
1530 638 1835 692 respersum

293 714 486 777 fuerit,
526 722 580 768 et
630 713 804 782 ipsum
855 714 1117 767 lavabitur
1154 714 1209 767 in
1245 715 1362 768 loco
1398 725 1601 768 sancto.
1643 716 1709 768 Et
1744 729 1836 769 vas

297 807 458 861 ﬁctile
496 806 549 857 in
587 819 905 873 quocunque
943 813 1152 857 coctum
1191 803 1370 869 fuerit,
1412 805 1778 874 confringetur
1817 822 1830 858 :

291 895 339 951 si
368 903 546 949 autem
576 894 631 945 in
658 908 783 946 vase
812 908 951 947 aereo
986 892 1058 963 (6)
1101 901 1310 946 coctum
1338 892 1525 957 fuerit,
1559 894 1836 948 defricabit

292 983 423 1036 illud
461 991 515 1036 et
551 981 719 1036 diluet
755 997 910 1049 aqua.
952 981 1138 1035 Omnis
1176 982 1444 1036 masculus
1483 997 1547 1037 ex
1586 984 1832 1037 sacerdo-

297 1065 439 1119 tibus
468 1066 590 1118 edet
626 1081 685 1119 ea
721 1085 733 1121 :
771 1068 966 1121 Sancta
999 1077 1305 1123 sanctorum
1342 1078 1463 1123 sunt
1491 1070 1730 1122 Domino.
1761 1070 1827 1122 Et

295 1151 468 1204 omnia
496 1168 612 1220 qua:
636 1169 734 1220 pro
770 1165 983 1222 peccato
1013 1164 1158 1219 sunt,
1181 1171 1246 1210 ex
1267 1157 1462 1224 quibus
1489 1155 1687 1209 illatum
1717 1157 1829 1208 fue-

297 1240 365 1292 rit
392 1254 420 1293 a
454 1244 713 1309 sanguine
737 1259 919 1297 eorum
961 1244 1013 1297 in
1043 1245 1387 1299 tabernaculo
1422 1246 1706 1299 testimonii
1732 1246 1826 1298 de-

298 1333 506 1396 precari
532 1332 585 1384 in
611 1331 725 1384 loco
749 1342 957 1399 sancto,
1003 1349 1105 1387 non
1143 1336 1389 1399 edentur,
1421 1335 1512 1388 sed
1546 1333 1650 1402 igni
1678 1348 1828 1386 com-

296 1418 555 1472 burentur
575 1421 640 1474 ⁸⁸.
672 1440 690 1472 ι
724 1422 843 1476 Ilaec
866 1424 1040 1475 omnia
1064 1424 1161 1477 nisi
1180 1424 1284 1477 alio
1305 1438 1462 1478 sensu
1484 1423 1828 1491 accipiamus,

296 1522 455 1574 quam
492 1510 680 1564 litterm
708 1521 885 1566 textus
910 1514 1174 1577 ostendit,
1206 1515 1345 1566 sicut
1389 1526 1529 1581 saepe
1552 1512 1664 1580 jam
1695 1511 1831 1564 dixi-

298 1610 436 1655 mus,
473 1612 593 1650 cum
627 1601 677 1651 in
718 1601 940 1655 ecclesia
967 1604 1276 1667 recitantur,
1308 1601 1638 1656 obstaculum
1664 1600 1832 1670 magis

296 1694 350 1738 et
372 1688 774 1744 subversionem
800 1691 1114 1745 Christianae
1141 1692 1406 1760 religioni,
1439 1707 1604 1760 quam
1649 1693 1829 1747 horta-

298 1776 496 1830 tionem
557 1778 632 1849 (7)
679 1781 1186 1851 aedificationemque
1233 1784 1575 1851 praestabunt.
1616 1782 1672 1837 Si
1707 1798 1831 1836 vero

303 1863 623 1919 discutiatur
650 1877 702 1921 et
748 1870 1047 1925 inveniatur
1073 1885 1176 1938 quo
1205 1886 1362 1925 sensu
1392 1873 1503 1924 haec
1521 1873 1658 1925 dicta
1689 1881 1830 1936 sunt,

300 1964 355 2006 et
382 1955 539 2022 digne
571 1957 676 2009 Deo
706 1960 794 2025 qui
830 1960 960 2019 haec
995 1962 1236 2014 scribere
1273 1962 1490 2025 dicitur,
1549 1963 1833 2015 advertano

305 2051 412 2105 tur,
447 2043 536 2097 ﬁet
568 2045 779 2113 quidem
805 2046 1019 2102 Judaeus
1045 2050 1133 2116 qui
1160 2049 1271 2103 haec
1298 2051 1466 2112 audit,
1497 2052 1588 2104 sed
1618 2066 1721 2104 non
1746 2051 1835 2106 ille

303 2130 392 2196 qui
430 2131 480 2183 in
520 2133 824 2199 manifesto,
864 2139 954 2190 sed
1003 2138 1090 2206 qui
1129 2139 1179 2191 in
1215 2138 1423 2192 occulto
1461 2138 1672 2193 Iudaeus
1709 2151 1832 2193 est:

302 2220 591 2273 secundum
616 2222 756 2274 illam
788 2223 1140 2278 diﬂerentiam
1162 2224 1351 2289 Judaei,
1374 2241 1534 2294 quam
1559 2228 1837 2296 distinguit

306 2311 576 2376 apostolus
613 2310 806 2366 Paulus
827 2313 900 2382 (8)
941 2315 1123 2368 dicens
1153 2317 1197 2346 ⁸⁷
1234 2329 1251 2368 :
1292 2332 1311 2367 ι
1344 2315 1458 2369 Non
1496 2318 1636 2370 enim
1665 2319 1755 2386 qui
1782 2319 1835 2372 in

304 2392 587 2447 manifesto
604 2393 818 2449 Iudaeus
838 2404 938 2461 est,
963 2413 1139 2466 neque
1162 2416 1279 2468 quae
1306 2403 1585 2458 manifeste
1607 2406 1661 2459 in
1685 2419 1846 2460 carne

306 2490 388 2534 est
431 2482 760 2538 circumcisio
779 2527 792 2545 .
824 2486 916 2539 sed
942 2489 1030 2555 qui
1062 2488 1113 2542 in
1152 2492 1361 2545 occulto
1388 2492 1603 2548 Judazus
1630 2504 1712 2550 est
1737 2496 1846 2550 eir-

305 2570 629 2626 cumcisione
675 2574 883 2637 cordis,
931 2578 1020 2644 qui
1067 2579 1286 2645 spiritu.
1341 2596 1451 2638 non
1499 2581 1705 2647 littera,
1757 2587 1846 2641 cui

304 2658 418 2713 laus
447 2662 518 2732 (9)
552 2677 661 2716 non
688 2664 755 2716 ab
786 2665 1106 2731 hominibus,
1142 2671 1234 2723 sed
1260 2684 1323 2723 ex
1351 2672 1459 2726 Deo
1486 2681 1584 2728 est.
1625 2693 1642 2725 ›
1672 2676 1842 2741 Quam

303 2750 654 2806 diﬂ'erentiam
693 2755 860 2809 Judaei
890 2757 1111 2812 visibilis
1136 2769 1190 2814 et
1220 2761 1387 2815 Judaei
1425 2762 1705 2822 invisibilis
1733 2778 1842 2821 non

305 2841 658 2910 intelligentes
689 2845 833 2915 impii
865 2848 1118 2915 haeretici,
1150 2866 1257 2904 non
1285 2854 1451 2906 solum
1491 2855 1558 2909 ab
1583 2856 1667 2910 bis
1694 2856 1838 2912 Seria

306 2924 475 2989 pluris
512 2926 836 2994 refugerunt,
867 2933 957 2983 sed
987 2940 1035 2984 et
1084 2932 1150 2986 ab
1201 2933 1314 3001 ipso
1357 2934 1486 3000 Deo,
1527 2939 1616 3005 qui
1668 2940 1837 3010 legem

1922 543 2016 597 per
2047 542 2204 595 quam
2236 526 2561 595 perveniant
2582 523 2659 576 ad
2700 533 2894 590 regna
2931 510 3246 569 caelestia
3294 522 3315 559 :
3363 515 3531 556 eam
3575 510 3755 551 nunc

1920 633 2076 685 quam
2115 616 2347 671 diximus
2371 613 2511 682 legis
2549 611 2822 666 animam
2872 602 3370 669 requiramus,
3408 597 3754 690 quantum

1930 709 1993 761 ad
2022 719 2259 776 praesens
2294 703 2516 757 interim
2545 707 2805 768 spectat.
2860 691 3100 748 Nescio
3162 694 3439 781 autent
3465 689 3551 781 ἐἰ
3596 689 3759 781 pos-

1922 769 2106 848 sumus
2140 792 2299 845 etiam
2352 790 2418 841 ad
2460 789 2738 857 spiritum
2775 784 2913 851 ejus
2967 776 3385 834 ascendere
3465 770 3539 824 in
3596 769 3705 872 his
3733 806 3756 831 ,

1922 900 2044 954 qua!
2073 884 2229 938 nobis
2255 884 2322 936 de
2347 880 2647 934 sacrificiis
2679 877 2837 931 lecta
2884 880 3069 928 sunt.
3128 868 3537 962 laetaemus
3575 868 3760 962 enim

1923 989 2069 1038 eum,
2101 987 2258 1041 quem
2288 973 2453 1041 206
2481 971 2732 1023 diximus
2767 969 2826 1020 in
2856 963 3122 1019 occulto
3148 957 3542 1018 Judaeum,
3580 956 3761 1055 sicut

1924 1067 2255 1121 ostendimus
2283 1065 2410 1133 quia
2443 1078 2550 1116 non
2586 1077 2791 1125 carne,
2829 1058 2942 1114 sed
3006 1054 3236 1110 corde
3290 1044 3765 1103 circumcidi—

1926 1166 2046 1220 tur;
2076 1156 2149 1207 ita
2178 1154 2471 1209 ostendere
2513 1154 2645 1220 quia
2686 1159 2747 1204 et
2780 1145 3124 1203 sacriﬁcat
3179 1155 3342 1195 non
3390 1138 3468 1191 in
3498 1151 3760 1199 carne,

1927 1245 2022 1298 sed
2067 1244 2267 1310 corde,
2295 1251 2348 1297 et
2375 1242 2505 1309 quia
2537 1241 2665 1297 edet
2695 1241 2767 1295 de
2801 1234 3165 1294 sacriﬁciis
3215 1244 3374 1285 non
3442 1239 3759 1289 carnem,

1928 1333 2020 1386 sed
2044 1333 2297 1400 spiritum
2325 1331 2462 1400 (IO).

1995 1422 2049 1474 2.
2091 1421 2196 1474 Sed
2233 1414 2513 1475 videamus
2543 1419 2660 1487 jam
2692 1432 2827 1487 quae
2857 1423 3011 1472 sunt
3047 1414 3175 1468 illa
3214 1425 3399 1481 qua
3442 1407 3766 1464 referun-

1931 1519 2016 1563 tur
2046 1510 2097 1563 in
2130 1510 2269 1578 lege.
2303 1527 2321 1559 ε
2357 1509 2425 1563 Et
2475 1509 2695 1563 locutus
2753 1515 2872 1572 est,
2924 1506 3194 1573 inquit,
3270 1498 3641 1556 Dominus
3681 1498 3765 1553 ad

1928 1598 2147 1666 Moysen
2183 1597 2375 1651 dicens
2408 1614 2424 1651 :
2459 1597 2722 1665 Loquere
2761 1596 2840 1649 ad
2893 1597 3163 1659 Aaron,
3242 1599 3330 1644 et
3386 1591 3583 1644 filios
3618 1589 3766 1658 ejus

1930 1686 2114 1738 dicens
2146 1703 2160 1738 :
2194 1685 2321 1738 Ilznc
2372 1685 2459 1739 lex
2492 1685 2748 1753 peccati;
2783 1701 2807 1735 ο
2846 1691 2910 1737 et
2944 1691 3212 1736 caetera
3266 1694 3445 1748 qua:
3485 1680 3557 1732 in
3590 1693 3770 1748 pra—

1931 1775 2069 1827 seuti
2096 1775 2321 1828 recitata
2351 1782 2497 1828 sunt.
2529 1775 2596 1827 Et
2619 1783 2755 1828 ante
2780 1773 2909 1842 jam
2934 1772 3213 1826 dixisse
3259 1786 3406 1827 nos
3445 1771 3763 1835 memini,

1930 1863 2051 1930 quia
2081 1864 2168 1915 lex
2199 1878 2302 1916 non
2333 1878 2551 1931 semper
2575 1864 2795 1917 eisdem
2822 1863 3014 1916 datur
3049 1880 3069 1916 :
3096 1862 3241 1917 sed
3286 1861 3443 1913 alia
3484 1860 3765 1929 quidem

1935 1952 2092 2003 datur
2112 1951 2239 2004 [iliis
2264 1952 2453 2017 Israel,
2479 1951 2584 2004 alia
2619 1961 2815 2006 autem
2843 1951 2996 2004 ﬁliis
3029 1953 3324 2016 Aaron,
3357 1950 3506 2005 alia
3526 1951 3765 2015 etiam,

1932 2041 2072 2094 sicut
2098 2043 2422 2109 jampridem
2444 2043 2909 2106 observavimus,
2932 2041 3158 2112 Moysi
3210 2043 3591 2096 etAaron
3617 2057 3633 2093 :
3671 2052 3771 2096 est

1922 2141 1986 2185 et
2015 2131 2118 2184 alia
2148 2133 2232 2186 lex
2264 2148 2386 2200 quae
2416 2132 2516 2185 soli
2557 2131 2740 2200 Moysi
2775 2131 2991 2196 datur,
3052 2133 3153 2185 ita
3205 2141 3298 2186 ut
3343 2149 3485 2188 nec
3528 2136 3761 2188 Aaron

1934 2221 2067 2290 legis
2102 2222 2269 2290 ipsius
2302 2221 2580 2290 particeps
2613 2221 2737 2275 ﬂat.
2785 2222 3080 2287 Quarum
3148 2237 3301 2292 per
3320 2222 3620 2292 singula
3638 2221 3769 2275 dis-

1933 2306 2221 2362 tinetiones
2288 2317 2347 2361 et
2387 2308 2750 2362 diversitates
2778 2347 2795 2371 ,
2836 2309 2985 2375 quis
3026 2310 3127 2364 ita
3180 2312 3540 2368 scientiae
3583 2313 3768 2367 dono

1935 2395 2268 2448 illuminatus
2298 2411 2328 2448 a
2362 2396 2471 2449 Deo
2516 2406 2624 2458 est,
2675 2406 2739 2449 ut
2776 2398 2989 2465 possit
3033 2399 3347 2468 integre
3386 2411 3769 2472 aperteque

1935 2484 2242 2538 disserere?
2273 2484 2587 2539 Invenimus
2617 2485 2771 2540 enim
2808 2488 2869 2540 in
2912 2493 3557 2558 consequentibus
3590 2509 3765 2562 prc-

1936 2581 2148 2639 crptum
2186 2571 2399 2626 Domini
2428 2574 2496 2627 ad
2524 2575 2704 2627 solum
2734 2575 2993 2647 Moysen
3035 2580 3235 2643 dari.
3290 2592 3375 2636 et
3420 2583 3659 2651 iuberi
3694 2592 3770 2640 ut

1937 2657 2306 2725 pectusculum
2366 2659 2555 2712 arietis
2618 2660 3029 2728 perfectionis
3140 2664 3406 2736 Moysi
3500 2669 3765 2735 detur,

1937 2748 2077 2802 sicut
2098 2748 2382 2816 praecepit,
2406 2748 2610 2816 inquit,
2649 2749 2947 2805 Dominus
2984 2751 3259 2824 Moysi;
3303 2758 3389 2811 In
3429 2773 3574 2827 qua
3609 2773 3765 2827 por-

1939 2837 2086 2890 tione
2108 2852 2284 2906 neque
2308 2839 2516 2901 Aaron,
2549 2854 2733 2906 neque
2769 2840 2879 2895 ﬁlii
2907 2843 3057 2911 ejus
3096 2848 3527 2919 participes
3565 2849 3763 2907 ﬁunt.

1938 2925 2005 2980 Et
2028 2927 2299 2980 invenitur
2339 2928 2422 2981 lex
2453 2941 2578 2993 quae
2608 2929 2862 2996 pertinet
2897 2932 2979 2985 ad
3021 2936 3353 2991 arietem
3388 2942 3769 3008 perfectio-

309 3015 445 3067 hauc
473 3014 837 3087 etScripturas
884 3025 1089 3080 divinas
1135 3025 1438 3079 hominibus
1468 3029 1633 3090 dedit.
1678 3041 1839 3101 atque
1865 3040 1906 3096 C
1941 3014 2050 3101 ηῖει
2076 3029 2178 3101 “on
2198 3029 2356 3082 1³0⁸⁸⁸
2383 3015 2677 3082 pervenire
2705 3032 2900 3085 ¹¹⁸Ψ¹θ
2926 3021 3010 3074 ad
3062 3025 3365 3095 Aaron:
3414 3043 3651 3099 neque
3686 3032 3765 3085 ad

305 3102 465 3155 alium
493 3107 590 3159 sibi
634 3107 811 3173 deum,
843 3125 1037 3180 praeter
1062 3116 1208 3168 illum
1234 3117 1323 3183 qui
1348 3118 1540 3172 calum
1565 3130 1618 3172 et
1642 3129 1835 3175 terrain

305 3194 578 3261 condidit,
629 3200 1027 3266 confinxerunt,
1068 3219 1188 3258 cum
1241 3207 1426 3272 utique
1474 3207 1592 3260 ﬁdei
1637 3211 1841 3264 veritas

309 3295 469 3333 unum
495 3287 844 3356 eumdemque
873 3290 1033 3344 Deum
1065 3292 1197 3359 legis
1223 3302 1276 3346 et
1314 3294 1726 3363 Evargcliorum
1760 3307 1840 3351 te—

312 3379 452 3432 neat,
484 3372 767 3429 visibilium
792 3387 845 3431 et
886 3379 1230 3434 invisibilium
1264 3393 1558 3436 creatorem
1589 3399 1602 3435 :
1638 3385 1760 3452 quia
1785 3394 1843 3439 et

311 3461 682 3527 cognationem
719 3465 1003 3532 plurimam
1058 3470 1287 3523 visibilia
1320 3486 1440 3524 cum
1486 3473 1840 3527 invisibilibus

306 3559 545 3612 servant,
580 3550 649 3604 ita
679 3562 734 3606 ut
762 3556 1049 3621 Apostolus
1072 3558 1304 3621 dicat“,
1340 3560 1462 3626 quia
1499 3580 1517 3610 ι
1553 3562 1839 3615 invisibilia

308 3635 400 3690 Dei
431 3654 457 3690 a
494 3650 736 3695 creatura
764 3645 942 3697 mundi
974 3660 1072 3712 per
1099 3661 1163 3700 ea
1199 3662 1319 3714 qua:
1347 3624 1481 3702 iacta
1514 3660 1658 3714 sunt,
1685 3624 1869 3705 inteI-.

308 3726 442 3779 lecta
472 3730 1081 3798 conspiciunttthicut
1104 3749 1232 3801 ergo
1265 3738 1640 3804 cognationem
1664 3740 1744 3793 sui
1774 3740 1841 3794 ad

308 3815 534 3869 invicem
565 3828 758 3887 gerunt
780 3819 1005 3873 visibilia
1046 3831 1098 3875 et
1122 3824 1436 3887 invisibilia,
1470 3834 1609 3878 terra
1645 3835 1698 3880 et
1727 3840 1841 3880 cte-

310 3903 437 3966 lum,
464 3908 640 3960 anima
671 3917 725 3961 et
744 3922 893 3972 caro,
917 3924 1112 3978 corpus
1137 3923 1188 3964 et
1206 3914 1443 3981 spiritus,
1476 3923 1530 3967 et
1554 3929 1620 3966 ex
1653 3917 1840 3969 horum

311 3994 783 4061 conjunctionibus
836 4008 1047 4054 constat
1085 4002 1174 4055 hic
1205 3995 1499 4070 'muudus;
1553 4005 1625 4058 ita
1681 4006 1842 4060 etiam

310 4097 549 4140 sanctam
582 4089 912 4156 Srripturam
943 4093 1268 4147 credendum
1310 4103 1389 4148 est
1434 4109 1498 4148 ex
1544 4096 1843 4152 visibilibus

309 4182 361 4227 et
391 4177 740 4230 invisibilibus
755 4191 1005 4234 constare
1026 4199 1039 4234 :
1058 4182 1219 4235 veluti
1254 4198 1317 4236 ex
1345 4199 1568 4252 corpore
1590 4188 1841 4252 quodam,

1942 3100 2079 3153 ﬁlios
2113 3100 2249 3166 ejus,
2291 3101 2460 3154 multo
2499 3104 2678 3170 magis
2708 3120 2820 3159 nec
2860 3107 2942 3162 ad
2982 3110 3324 3181 reliquos
3371 3117 3567 3173 ﬁlios
3628 3121 3768 3190 (ll)

1938 3189 2126 3252 Israel,
2159 3190 2251 3243 sed
2282 3190 2348 3242 ad
2383 3192 2562 3243 solum
2604 3191 2873 3262 Moysen,
2909 3198 3023 3265 qui
3063 3214 3241 3256 erat
3286 3208 3587 3262 amicus
3622 3189 3765 3265 Dei.

1940 3279 2136 3333 Verum
2182 3280 2312 3346 quid
2363 3294 2501 3347 opus
2540 3289 2649 3345 est,
2708 3297 2844 3350 quae
2882 3294 3361 3354 postmodum
3410 3303 3767 3357 recitauda

1939 3378 2087 3433 sunt,
2121 3370 2900 3438 praevenire?Nuncinterim
2932 3378 3037 3434 lex
3082 3389 3413 3444 recitata
3445 3403 3587 3459 est,
3622 3410 3770 3465 qua:

1941 3460 2008 3514 ad
2034 3459 2212 3512 Aaron
2236 3466 2289 3513 et
2316 3459 2454 3513 ﬁlios
2479 3459 2600 3526 ejus
2620 3466 3085 3536 promulgatur,
3126 3475 3251 3531 lex
3291 3489 3613 3553 peccati,
3643 3459 3771 3545 hoc

1939 3559 2022 3603 est
2052 3548 2237 3602 hostiae
2265 3562 2385 3616 quae
2403 3548 2633 3604 oﬁertur
2665 3553 2785 3624 (I2)
2816 3571 2937 3625 pro
2971 3574 3290 3628 peccato
3333 3589 3354 3625 :
3400 3592 3430 3625 α
3474 3576 3553 3630 In
3590 3548 3765 3646 ioco,

1940 3638 2132 3706 inquit,
2166 3639 2218 3690 in
2247 3652 2353 3704 quo
2393 3638 2719 3706 jugulantur
2766 3643 3156 3705 holocausta
3188 3694 3212 3719 ,
3266 3658 3376 3713 ibi
3441 3638 3775 3722 occident

1944 3991 2350 4059 intelligentiam
2400 3992 2454 4045 in
2490 3995 2889 4062 superioribus
2934 4005 3118 4060 dicta
3194 3991 3435 4087 sunt;
3523 4028 3649 4082 sed

1950 4097 2090 4136 nunc
2117 4082 2160 4134 si
2191 4081 2359 4149 gratia
2396 4081 2613 4136 Domini
2649 4100 2753 4141 nos
2791 4089 3056 4151 visitare
3096 4081 3509 4178 digneujr,
3549 4081 3631 4172 et,
3655 4081 3775 4175 ﬂ;

1942 4171 2279 4226 oratiOnibus
2329 4170 2681 4240 adnitamiui,
2723 4178 3022 4237 addemus
3063 4170 3237 4268 (ιυιέ
3279 4170 3587 4261 dedeiii
3645 4170 3779 4267 οξ

312 4261 504 4320 littera:
535 4266 739 4321 scilicet
760 4284 877 4336 qua:
912 4271 1154 4336 videtur;
1212 4281 1263 4326 et
1301 4275 1498 4337 anima,
1529 4289 1719 4329 sensus
1749 4279 1840 4345 qui

2213 4261 2492 4367 estiarum.
2521 4266 2777 4331 quaedam
2816 4271 3074 4336 quidem
3109 4260 3303 4340 suist
3334 4291 3470 4347 Dei
3521 4260 3772 4367 solius,

313 4352 449 4406 intra
489 4355 655 4422 ipsam
684 4357 1128 4425 deprehenditur;
1156 4371 1208 4414 et
1238 4363 1447 4429 spiritu,
1472 4338 1841 4421 secundumcid
1871 4342 1872 4345 Ἴ

1824 4369 1841 4421 ι
1871 4338 1915 4390 D
1949 4355 2021 4407 ita
2046 4360 2104 4404 ut
2139 4350 2315 4404 nullus
2342 4350 2627 4405 hominum
2658 4358 2981 4427 participet
3010 4380 3095 4421 ex
3146 4338 3383 4441 ipsi;

313 4439 453 4504 quod
484 4444 642 4493 etiam
672 4443 907 4510 quaedam
943 4446 994 4499 in
1040 4463 1098 4502 se
1126 4448 1359 4503 celestis:
1387 4459 1588 4515 teneat,
1619 4463 1675 4505 ut
1703 4456 1841 4522 Apo-

312 4526 479 4582 stolus
510 4529 636 4583 dicit
664 4532 729 4594 3°,
757 4534 878 4599 quia
915 4552 934 4584 ε
983 4538 1278 4606 exemplari
1330 4548 1383 4593 et
1413 4542 1613 4595 umbra:
1654 4543 1837 4596 deser-

314 4615 465 4667 viunt
499 4617 818 4672 caelestium.
855 4640 874 4672 ι
910 4622 1040 4686 Quia
1080 4640 1205 4693 ergo
1252 4628 1363 4679 haec
1407 4626 1478 4678 ita
1515 4642 1573 4681 se
1620 4628 1836 4696 habent,

318 4704 626 4759 invocantes
667 4706 853 4775 Deum,
885 4713 973 4778 qui
1001 4712 1128 4767 fecit
1161 4715 1449 4783 Scriptura:
1482 4717 1745 4780 animam,
1786 4728 1841 4771 et

315 4802 511 4856 corpus
537 4800 589 4843 et
607 4794 852 4858 spiritum
884 4814 898 4850 :
930 4814 1121 4868 corpus
1151 4801 1360 4868 quidem
1387 4802 1451 4853 iis
1474 4801 1563 4867 qui
1593 4810 1717 4854 ante
1742 4818 1843 4857 nos

318 4874 554 4940 fuerunt,
587 4879 814 4934 animam
840 4898 966 4939 vero
987 4890 1159 4953 nobis,
1195 4888 1439 4957 spiritum
1461 4897 1638 4945 autem
1669 4889 1734 4942 iis
1754 4892 1844 4957 qui

385 4989 432 5022 ⁸⁸
461 4989 635 5045 Levit.
669 5008 741 5060 vi,
768 4995 836 5050 24
862 5011 914 5053 et
942 5016 1091 5070 seqq.
1165 5002 1208 5034 ⁸⁷
1242 5001 1393 5055 Rom.
1430 4986 1489 5065 tt,
1514 5001 1601 5056 29.
1676 5002 1721 5034 ⁸⁸
1750 5004 1901 5060 Rom.
1929 5022 1968 5069 ι,
1989 5003 2076 5058 20.

389 5082 463 5150 (6)
501 5082 641 5139 Idem
673 5102 795 5153 ms.,
835 5110 854 5145 ι
899 5109 1021 5148 vase
1051 5110 1209 5149 aereo.
1245 5113 1264 5146 ι
1293 5095 1444 5148 Libb.
1490 5094 1655 5160 editi,
1693 5112 1711 5145 ι
1744 5112 1842 5152 vas

317 5163 533 5203 ωτευιη.
568 5171 586 5204 1
1071 5196 1077 5201 .

392 5218 466 5289 (7)
505 5218 642 5293 Idem
668 5240 791 5288 ms.,
825 5246 844 5278 ι
880 5230 1256 5283 hortationem.
1290 5247 1308 5280 ι
1332 5227 1485 5282 Libb.
1518 5227 1666 5293 editi,
1699 5248 1718 5280 ι
1754 5245 1843 5284 ra-

326 5295 546 5357 tionem.
582 5310 600 5342 ι
627 5291 821 5347 Ibidem
852 5312 977 5357 ms.,
1017 5315 1035 5345 ‹
1065 5297 1376 5350 discutiatur
1401 5307 1453 5348 et
1485 5291 1839 5350 inveniatur.»

327 5352 485 5423 Libb.,
516 5358 668 5423 editi,
703 5380 721 5412 t
758 5352 1111 5417 discutiantur
1146 5373 1200 5417 et
1230 5366 1587 5417 inveniantur.
1624 5381 1642 5413 ι
1685 5363 1849 5418 Paulo

327 5429 445 5500 post
474 5421 758 5500 id-einms”
793 5446 822 5500 ¢_
851 5433 1007 5500 digne
1038 5433 1144 5500 Deo
1169 5432 1256 5498 qui
1288 5433 1399 5486 lucc
1445 5430 1680 5500 scribere
1713 5431 1848 5484 dici-

331 5494 489 5580 ιιιεῖᾒθ
513 5489 665 5580 hibb.
697 5489 846 5580 editi,
884 5489 1208 5580 t-vdiganet-t
1231 5515 1348 5580 qua:
1378 5500 1464 5580 hic
1493 5498 1846 5580 scribunturq

397 5552 471 5615 (8)
512 5555 707 5616 Nomen
738 5582 756 5614 ι
787 5552 1030 5621 Paulus")
1063 5552 1208 5623 deest
1248 5552 1300 5621 in
1355 5578 1511 5621 antea
1541 5567 1716 5628 editis.
1764 5568 1854 5620 sed

1949 4387 2021 4407 ...ι
2048 4387 2104 4404 ι..
2139 4387 2315 4404 .........
2658 4387 2750 4421 ναι
2771 4387 2981 4427 ιιυιμυι
3010 4387 3095 4421 ex
3146 4387 3384 4441 ipsis.
3429 4387 3775 4452 Quaedam

1947 4451 2070 4497 sunt
2109 4440 2672 4546 Aaroupsacerdotis,
2821 4449 3097 4510 tiliorum
3141 4467 3327 4532 ejus
3378 4490 3397 4526 :
3441 4483 3775 4546 quaedam

1947 4530 2135 4598 ipsius,
2194 4535 2248 4580 et
2305 4526 2562 4630 ﬁliorum,
2611 4539 2668 4630 et
2710 4532 2975 4593 ﬁliarum
3017 4526 3212 4616 ejus;
3264 4558 3375 4614 ita

1946 4633 2164 4673 uxorem
2199 4619 2509 4723 sacerdotis
2565 4620 2734 4723 ede-re
2774 4625 2957 4683 liceat
3020 4648 3108 4690 ex
3168 4642 3335 4705 his.

1947 4717 2069 4763 sunt
2108 4707 2473 4771 sacerdotum,
2522 4718 2580 4763 et
2624 4709 2872 4769 ﬁliorum
2931 4735 3012 4776 ac
3070 4707 3781 4823 ﬁliamm~;;r:,;:

1950 4799 2038 4823 --Δ
2072 4799 2132 4823 ,1η
2164 4798 2353 4823 -..ειη-ι.
2389 4799 2547 4823 AA---
2588 4800 2749 4823 I2---.
2795 4806 2865 4823 -.ο
3022 4815 3107 4823 ι---

1949 4799 2040 4852 sed
2070 4799 2134 4852 de
2162 4798 2356 4902 quibus
2382 4799 2550 4902 edere
2586 4800 2754 4902 liceat
2789 4806 2972 4864 etiam
3018 4815 3206 4877 tilios
3253 4798 3780 4902 πει-διοίγέῖἷᾶ

1951 4890 2056 4943 mis
2104 4888 2323 4956 quidem
2382 4888 2576 4945 hostiis
2612 4890 2682 4945 de
2746 4896 2967 4963 quibus
3023 4903 3200 4967 licet
3264 4888 3537 4986 edere.

2169 5001 2213 5033 "
2244 5001 2411 5059 Hebr.
2448 5019 2567 5071 vnt,
2599 5004 2659 5062 5.

1946 5096 2211 5174 reperitur
2229 5097 2290 5174 _in
2323 5100 2514 5174 codice
2543 5118 2648 5157 ms.
2687 5100 3003 5174 Sangerm.

2361 5169 2665 5269 ‘Sangerm.
2723 5191 2745 5224 ι
2800 5164 2898 5231 cui
2956 5164 3125 5241 laus.
3186 5211 3217 5245 ι
3264 5196 3510 5265 Libb.
3561 5215 3746 5269 editi

1955 5250 1975 5284 α
2007 5227 2328 5298 cujuslaus.
2360 5256 2381 5289 s
2492 5227 2521 5242 υ
2815 5227 2896 5231 in
2956 5227 3125 5241 "nu"
3186 5227 3217 5245 ’
3264 5227 3510 5265 ¹⁴¹⁰⁰⁶

2215 5249 2381 5289 ws”
2492 5227 2521 5242 υ
2815 5227 2896 5231 ~——
2956 5227 3125 5241 --υ-υ-
3186 5227 3217 5245 -
3264 5227 3510 5265 μιυι).
3561 5227 3774 5286 editi,

2165 5297 2314 5391 Idem
2345 5321 2478 5370 ms.,
2500 5327 2533 5391 _«
2569 5323 2828 5391 carnem;
2856 5317 3000 5391 sed
3023 5325 3364 5391 spiritum

1951 5366 2163 5451 editigt.
2191 5384 2388 5441 carne,
2419 5366 2517 5435 sed
2546 5379 2757 5451 spiritu.
2803 5366 2828 5434 ί
2856 5366 3402 5451 ιδᾶὖιᾶνὶξὸὲῗῗῆ

1958 5452 1977 5484 ‘
2007 5437 2512 5548 ίὶῗῗκίῗὲῖξῗθεὲἐὲξὲς
2540 5437 3761 5548 {Litt-.3???{Etzgﬁénil‘é‘ii'i.2“;

2024 5501 2140 5641 at;
2176 5504 2344 5637 {1:23.-
2365 5519 2913 5663 t‘éatai.
2936 5544 2977 5649 ’.
2996 5501 3106 5588 si“
3141 5501 3421 5612 "ii-7'?
3452 5501 3694 5616 3‘33?-
3730 5513 3765 5617 ⁵

3111 5410 3276 5487 [lost
3322 5408 3455 5487 ide
3468 5434 3544 5471 ni
3555 5399 3773 5487 ξ
