3948 6234
340 318 431 371 ιω

1509 312 1587 371 ΙΝ
1630 316 1998 375 ιιῖνιτιευΜ
2035 317 2315 373 llOMlLlA
2345 317 2406 373 Υ.

3442 326 3545 381 450

349 425 614 493 Ιδηθὶ,εἱιιε
639 396 777 469 ιὶιὼῖο
1044 403 1489 504 i‘aﬂkipium
1518 435 1689 491 etiam
1730 453 1910 492 sacer—
1938 443 1980 497 Α
2013 434 2201 498 Deum,
2230 436 2367 489 sicut
2392 435 2503 503 ipse
2532 446 2627 501 per
2670 434 2979 504 peophetam
3020 437 3151 491 dicit
3176 439 3219 470 "
3249 451 3264 489 :
3301 456 3320 489 ι
3342 417 3545 496 Nonne

355 478 563 571 dotes'et
594 503 674 562 lilii
712 478 1068 581 Sacc'dm‘im.’
1110 504 1249 553 “0"
1291 512 1506 572 ⁸³111011
1550 537 1619 576 ex
1643 528 1785 579 omni
1816 529 1911 581 ho-

357 609 477 668 stia,
508 616 637 670 quam
671 590 776 646 edet
797 574 1072 641 sacerdos,
1119 586 1332 651 etiam
1370 604 1529 665 lilios
1569 612 1731 668 Israel
1756 617 1911 670 edere

359 694 541 747 licebit.
570 690 709 759 Igitur
738 687 847 732 cum
875 670 991 725 istae
1020 673 1146 764 sint.
1175 681 1528 753 hostiarum
1578 703 1907 764 diﬂerentize.

361 780 499 832 illam
527 790 666 845 quam
701 766 919 824 diximus
954 761 1134 821 solius
1162 769 1276 829 Dei
1317 795 1475 851 esse,
1511 805 1575 842 ex
1605 806 1707 859 qua
1740 761 1909 860 neque

358 868 579 937 Moysen,
612 877 769 931 neque
803 859 996 921 Aaron,
1027 873 1224 931 neque
1264 870 1424 929 ﬁlios
1446 877 1567 943 ejus
1589 859 1909 948 participare

357 958 447 1010 fas
482 967 574 1022 est,
609 952 880 1023 aliquando
917 950 1146 1020 quidem
1197 958 1689 1023 holocaustomata
1738 972 1909 1024 nomi-

352 1047 468 1098 nari
513 1048 839 1109 invenimus;
887 1043 1186 1111 aliquando
1230 1066 1377 1107 vero
1421 1072 1526 1110 non
1576 1059 1909 1115 hulocansto-

350 1144 509 1197 mata,
547 1135 638 1188 sed
676 1134 1142 1202 holocarpomata,
1191 1143 1372 1196 veluti
1402 1146 1449 1198 si
1485 1147 1727 1202 dicamus
1769 1152 1906 1216 quod

347 1232 488 1277 lotus
517 1224 628 1294 (15)
659 1226 866 1279 fructus
903 1225 995 1291 sit,
1026 1225 1118 1281 ille
1149 1231 1372 1285 scilicet
1408 1236 1498 1302 qui
1530 1236 1636 1291 Deo
1664 1237 1904 1293 oll'ertur.

340 1311 440 1365 Est
486 1328 616 1382 ergo
667 1315 840 1382 prima
874 1316 1142 1384 legislatio
1186 1318 1261 1373 de
1310 1324 1614 1387 sacriﬁciis,
1648 1326 1692 1379 si
1730 1332 1902 1378 tamen

342 1404 430 1457 vel
468 1404 802 1460 observastis
863 1409 949 1461 vel
1003 1409 1254 1463 retinetis
1296 1412 1581 1480 diligenter
1614 1424 1740 1482 qua;
1771 1414 1902 1468 lecta

334 1505 459 1546 sunt
490 1511 554 1547 ac
587 1496 848 1558 disserta,
881 1507 938 1550 et
968 1513 1074 1550 non
1110 1507 1489 1553 transcurrunt
1520 1518 1675 1556 aures
1701 1514 1903 1558 vestras

334 1581 390 1634 in
439 1598 661 1649 vanum,
697 1585 789 1637 vel
823 1599 947 1652 qua:
981 1599 1012 1637 ι
1058 1586 1215 1639 nobis
1245 1588 1530 1650 dicuntur,
1572 1589 1652 1641 vel
1688 1605 1805 1654 qua:
1834 1606 1896 1643 ex

334 1667 529 1723 divinis
557 1670 934 1725 voluminibus
976 1672 1297 1725 recitantur.
1329 1673 1509 1726 Prima
1541 1690 1667 1743 ergo
1687 1686 1768 1729 est
1805 1677 1900 1741 ho—

2010 525 2199 577 cmlum
2228 534 2281 577 et
2306 532 2501 578 terram
2528 540 2625 593 ego
2660 526 2835 590 repleo
2868 525 3003 594 (i6),
3033 528 3159 580 dicit
3209 529 3462 582 Dominus
3479 531 3533 583 ἲ»

2007 612 2140 663 Audi
2159 626 2305 676 ergo,
2320 613 2430 678 ipse
2446 617 2780 678 omnipotens
2803 613 2937 665 Deus
2954 616 3078 681 quid
3099 618 3257 669 etiam
3279 620 3342 669 de
3360 620 3541 681 te,hoc

2007 701 2243 767 cst,quid
2272 701 2339 753 de
2363 696 2660 753 hominibus
2688 702 2880 753 dicam
2910 700 3190 765 llabitabo,
3217 705 3463 772 inquit”,
3485 708 3539 762 in

2007 790 2105 853 eis,
2137 800 2187 841 et
2213 790 2351 841 inter
2380 789 2521 856 ipsos
2541 789 2842 843 ambulaho.
2866 807 2882 837 ι
2906 789 3027 841 l‘lus
3048 791 3245 857 aliquid
3267 794 3405 846 addit
3426 794 3571 863 (ΠΥ

2007 893 2129 945 erga
2152 891 2425 945 personam
2445 886 2640 930 tuannr
2666 879 2849 938 Etero.
2871 878 3044 945 inquit
3060 877 3128 942 “,
3147 879 3224 931 eis
3242 879 3292 930 in
3314 890 3538 947 patrem,

2006 966 2162 1033 307
2205 975 2256 1019 et
2292 966 2389 1033 ipsi
2443 976 2601 1021 erunt
2643 968 2767 1019 mihi
2817 968 2866 1019 in
2909 968 3042 1020 ﬁlios
3090 976 3144 1020 et
3192 968 3359 1032 tilias,
3405 970 3535 1022 dicit

2009 1055 2280 1108 Dominus.
2307 1073 2324 1104 ι
2370 1054 2536 1109 Habet
2593 1057 2678 1109 hic
2724 1056 2950 1108 nunnlns
2988 1055 3180 1107 Filium
3233 1057 3345 1117 Dei,
3380 1057 3539 1112 habet

2006 1143 2262 1210 Spiritum
2327 1133 2603 1207 sanctum,
2664 1147 2952 1198 secundum
3015 1146 3158 1212 quod
3215 1145 3344 1199 dicit
3402 1146 3538 1199 Pru-

2005 1234 2161 1301 pheta
2182 1234 2226 1266 ⁹⁸
2254 1251 2268 1287 :
2303 1251 2320 1283 ι
2351 1234 2523 1286 Verbo
2556 1234 2761 1286 Domini
2794 1234 2914 1288 (ιωΙί
2945 1235 3138 1286 firmati
3171 1248 3314 1293 sunt,
3349 1243 3400 1287 et
3432 1235 3538 1302 spi-

2005 1321 2107 1374 ritu
2156 1322 2264 1374 oris
2313 1321 2428 1387 ejus
2478 1322 2651 1374 omnis
2705 1322 2875 1373 virtus
2927 1335 3132 1373 eorum.
3168 1339 3186 1371 ι
3232 1322 3289 1373 Et
3341 1322 3531 1375 iterum

2003 1410 2128 1462 alibi
2158 1410 2202 1441 ⁹⁶
2239 1426 2252 1462 :
2292 1427 2310 1459 ι
2341 1409 2571 1476 Spiritus
2620 1410 2758 1461 enim
2809 1409 3018 1461 Domini
3074 1409 3298 1477 replevit
3351 1410 3531 1463 orbem

1996 1508 2329 1553 terrarum.»
2378 1500 2515 1552 Audi
2567 1507 2619 1554 et
2657 1500 2747 1552 tibi
2804 1500 2928 1566 quid
2983 1500 3111 1552 dicit
3163 1499 3407 1552 Christus
3431 1499 3530 1553 ’τι

2006 1604 2024 1637 ι
2055 1587 2188 1640 Ecce
2220 1600 2316 1654 ego
2364 1588 2633 1640 vobiscum
2678 1602 2792 1639 smn
2839 1586 3096 1638 omnibus
3140 1585 3324 1638 diebus
3366 1599 3534 1653 usque

2001 1676 2066 1727 ad
2096 1676 2602 1728 consummationem
2650 1675 2850 1728 smculi.
2876 1694 2893 1725 ι
2930 1674 2992 1727 Ει
3022 1675 3087 1725 de
3122 1673 3319 1741 Spiritu
3345 1681 3533 1727 sancto

325 1759 451 1821 alia,
480 1759 993 1814 holocaustmnata.
1026 1759 1209 1828 Neque
1254 1762 1397 1815 enim
1425 1764 1704 1828 oportebat
1737 1764 1893 1817 aliam
1928 1756 1966 1812 η
1995 1763 2187 1815 dicitur
2210 1763 2254 1794 "
2285 1781 2298 1817 :
2336 1780 2354 1813 ι
2384 1762 2662 1816 Eﬂ'undam
2713 1764 2777 1818 de
2821 1764 3007 1830 spiritu
3054 1779 3173 1817 meo
3212 1778 3370 1832 super
3412 1778 3530 1817 om-

329 1850 501 1917 primo
526 1851 769 1904 hostiam
800 1853 1099 1914 nominari,
1130 1853 1228 1905 nisi
1260 1867 1377 1906 eam
1410 1868 1527 1919 qua:
1553 1854 1893 1921 omnipotenti

326 1939 439 1994 Deo
469 1938 833 1994 oﬂ’erebatur.
875 1941 1126 1995 Secunda
1151 1943 1324 1996 hostia
1365 1952 1469 2007 est,
1499 1959 1614 2011 qua:
1639 1946 1705 1996 ad
1734 1945 1896 1996 eden-

322 2029 453 2079 dum
490 2029 878 2083 sacerdotibus
909 2031 1267 2099 mancipatur.
1295 2030 1499 2094 Tertia,
1524 2032 1588 2085 de
1607 2047 1711 2099 qua
1734 2033 1892 2086 etiam

322 2119 464 2173 ﬁlios
501 2119 676 2173 Israel
711 2124 1059 2189 contingere,
1087 2121 1167 2173 vel
1196 2121 1379 2183 edere,
1407 2123 1548 2188 ipsos
1574 2124 1777 2178 scilicet
1803 2126 1893 2193 qui

321 2208 581 2272 offerunt,
634 2209 720 2263 fas
757 2219 866 2264 est.
913 2211 1019 2263 Sed
1051 2211 1188 2264 ﬁlios
1216 2210 1377 2263 Israel
1412 2226 1515 2265 non
1546 2227 1762 2277 omnes,
1792 2215 1892 2268 nisi

318 2298 444 2349 illos
478 2307 690 2352 tantum
716 2299 813 2366 qui
854 2300 1041 2351 mundi
1078 2308 1224 2351 sunt.
1262 2298 1371 2353 Soli
1405 2300 1547 2352 enim
1589 2301 1678 2368 qui
1713 2302 1890 2355 mundi

318 2396 452 2440 sunt
485 2389 551 2440 de
584 2389 880 2441 sacriﬁciis
910 2388 1073 2441 edere
1096 2388 1370 2453 iubentur.
1402 2388 1595 2441 Verum
1620 2392 1747 2442 istas
1777 2405 1892 2443 om-

318 2492 415 2530 nes
439 2476 648 2531 hostias
678 2485 736 2529 tu
761 2477 855 2544 qui
894 2477 948 2529 in
980 2477 1194 2530 occulto
1210 2475 1424 2530 Judteus
1439 2490 1517 2540 es,
1552 2491 1658 2528 non
1688 2475 1741 2528 in
1771 2482 1890 2530 unl-

316 2565 557 2619 malibus
587 2566 843 2634 requiras
875 2565 1182 2619 visibilibus
1213 2583 1227 2619 :
1258 2580 1355 2618 nec
1401 2567 1451 2618 in
1488 2566 1649 2618 mutis
1684 2567 1887 2633 pecori-

1995 1866 2111 1904 uem
2143 1865 2379 1914 carnem,
2407 1860 2462 1904 et
2496 1851 2906 1918 prephctabunt.
2929 1870 2948 1903 ι
2989 1852 3121 1906 Cum
3169 1867 3298 1919 ergo
3345 1853 3526 1905 videas

1995 1940 2189 1993 habere
2218 1950 2268 1993 te
2295 1941 2474 1993 omnia
2504 1955 2620 2006 qtue
2650 1941 2878 1994 mundus
2914 1942 3094 2005 habet,
3130 1943 3379 1996 dubitare
3416 1957 3520 1996 non

1991 2029 2152 2081 debes
2177 2030 2315 2095 quod
2351 2030 2512 2083 etiam
2555 2029 2803 2081 animalia
2834 2044 2953 2096 quae
2997 2030 3292 2084 oﬂ'eruntur
3334 2032 3385 2086 in
3431 2031 3528 2085 ho-

1991 2118 2126 2180 stiis,
2172 2118 2370 2170 habeas
2419 2117 2561 2170 intra
2594 2127 2676 2179 te,
2706 2126 2758 2170 et
2789 2131 2854 2169 ex
2899 2118 3027 2185 ipsis
3063 2119 3365 2182 spirituales
3403 2121 3516 2187 (l8)

1989 2205 2183 2259 oﬂ‘erre
2236 2207 2429 2260 debeas
2482 2206 2707 2259 hostias.
2761 2207 2865 2259 Sed
2900 2207 2965 2259 de
3002 2208 3125 2272 illis,
3159 2219 3313 2275 prout
3351 2210 3526 2277 potui-

1993 2310 2129 2354 mus,
2157 2295 2206 2346 in
2237 2295 2601 2360 superioribus
2634 2295 3059 2361 explanavimus.

2060 2404 2111 2455 3.
2156 2402 2303 2456 Nunc
2336 2418 2463 2457 vero
2497 2404 2623 2457 illud
2657 2405 2901 2458 addimus
2939 2406 3079 2473 quod
3115 2406 3265 2469 dicit,
3316 2406 3436 2473 quia
3468 2407 3519 2460 in

1994 2490 2109 2544 loco
2140 2491 2191 2543 in
2223 2506 2327 2559 quo
2351 2491 2661 2558 iugulantur
2687 2491 3018 2553 holocausta,
3044 2493 3113 2544 ibi
3146 2492 3303 2545 etiam
3337 2494 3523 2546 hostia:

1988 2593 2084 2646 pro
2121 2589 2358 2644 peccato.
2386 2579 2516 2634 Vide
2544 2597 2702 2649 quam
2743 2580 2907 2634 multa
2946 2581 3306 2635 misericordia
3343 2592 3396 2634 et
3431 2582 3518 2636 be-

313 2656 424 2708 hus
477 2654 714 2708 inveniri
768 2665 959 2723 putes,
993 2655 1134 2722 quod
1174 2653 1355 2708 olIerri
1399 2657 1582 2708 deceat
1609 2655 1721 2723 (li)
1759 2655 1885 2708 Deo-

309 2742 455 2797 lstas
509 2743 718 2797 hostias
771 2745 921 2796 intra
992 2743 1218 2810 teipsum
1269 2745 1501 2810 require,
1549 2752 1602 2797 et
1653 2745 1888 2799 invenies

309 2846 402 2885 eas
457 2832 610 2884 intra
664 2832 913 2885 animam
968 2839 1137 2882 luam-
1192 2831 1433 2901 intellige
1484 2842 1535 2885 le
1571 2833 1767 2887 habere
1808 2834 1887 2887 in-
1986 2855 2203 2912 peccato
2244 2852 2344 2911 est,
2377 2846 2635 2898 immolari
2664 2845 2939 2923 iubeatur;
2973 2861 3078 2913 quo
3121 2846 3324 2899 scilicet
3362 2848 3517 2901 intel-

309 2932 387 2976 tra
432 2925 792 2991 temetipsum
847 2936 1042 2990 greges
1072 2923 1254 2985 boum,
1297 2922 1413 2975 illos
1444 2922 1532 2990 qui
1573 2925 1887 2977 benedicun-
1984 2933 2112 3001 ligat
2149 2948 2206 2986 se
2247 2934 2337 2999 qui
2378 2938 2641 3002 peccavit,
2683 2944 2737 2987 et
2770 2933 3013 3001 paenitet,
3045 2941 3097 2987 et
3132 2947 3420 2988 conversus
3446 2938 3514 2988 ad

307 3025 389 3065 tur
412 3014 470 3065 in
496 3013 810 3065 Abraham.
838 3011 1088 3111 luteliige
1116 3010 1319 3118 habere
1352 3019 1401 3063 le
1422 3020 1479 3118 θ’(
1500 3027 1681 3112 greges
1704 3013 1878 3118 ονὶξιξη
1910 3058 1954 3118 C
1988 3020 2266 3074 Domintnn
2302 3021 2642 3075 contribulati
2676 3022 2893 3090 spiritus
2935 3022 3162 3075 hostiam
3196 3021 3425 3091 jugulat,
3463 3022 3515 3076 in

302 3110 352 3153 et
385 3114 599 3170 greges
630 3114 948 3168 caprarum,
983 3099 1036 3151 in
1065 3099 1258 3166 quibus
1296 3100 1554 3153 benedicti
1604 3110 1657 3154 et
1702 3100 1881 3153 multi-
1911 3099 1954 3118 “
1986 3110 2104 3164 loco
2129 3109 2238 3177 iam
2270 3117 2456 3163 sancto
2494 3120 2657 3173 stare,
2682 3120 2730 3164 et
2764 3108 2958 3163 sociari
2987 3108 3071 3162 his
3101 3123 3217 3177 quae
3254 3111 3518 3178 pertinent

302 3191 493 3259 plicati
519 3198 657 3243 sunt
686 3190 1037 3257 patriarchae.
1063 3188 1308 3258 lulellige
1340 3203 1461 3243 esse
1484 3189 1618 3242 intra
1647 3201 1697 3242 te
1724 3182 1884 3242 etiam
1985 3198 2052 3251 ad
2088 3198 2274 3250 Deum.
2322 3197 2396 3268 lbi
2427 3212 2556 3266 ergo
2586 3197 2893 3252 immolatur
2921 3198 3092 3252 hostia
3132 3213 3230 3267 pro
3269 3208 3511 3267 peccato,

300 3296 427 3335 aves
473 3280 638 3335 cali.
668 3279 782 3333 Nec
820 3279 1039 3332 mireris
1066 3279 1210 3346 quod
1245 3278 1358 3331 hazc
1392 3278 1528 3331 intra
1566 3288 1614 3331 te
1653 3292 1771 3331 esse
1807 3277 1887 3331 di-
1980 3285 2071 3337 ubi
2115 3293 2166 3337 et
2203 3284 2590 3349 holocaustum,
2621 3285 2671 3338 in
2708 3294 3020 3352 conspectu,
3056 3285 3247 3353 inquit,
3279 3285 3510 3341 Domini.

299 3376 502 3436 cimus,
568 3371 819 3439 intellige
874 3378 927 3423 te
971 3376 1027 3421 et
1077 3368 1241 3420 alium
1291 3368 1543 3420 mundum
1593 3382 1711 3422 esse
1760 3384 1883 3436 par-
1981 3372 2075 3425 Est
2106 3372 2353 3424 fortassis
2395 3371 2445 3422 iu
2477 3380 2760 3438 conspectu
2808 3370 3013 3423 Domini
3062 3368 3256 3423 offerre
3301 3372 3508 3423 sacrili-

300 3480 417 3517 vum
450 3462 603 3531 (ίεῆ,
637 3470 695 3515 et
721 3475 842 3514 esse
871 3459 1014 3510 intra
1045 3466 1097 3510 te
1125 3458 1318 3516 solem.
1348 3471 1466 3511 esse
1496 3457 1881 3521 lunam,etiatu
1979 3462 2144 3521 cium,
2190 3469 2244 3513 et
2296 3474 2402 3512 non
2436 3458 2627 3511 otl‘erre
2660 3459 2711 3511 in
2762 3468 3046 3527 conspectu
3097 3458 3332 3514 Domini.
3381 3458 3512 3524 Quis

297 3555 516 3607 stellas.
548 3552 674 3605 Hoc
701 3550 847 3603 enim
881 3550 923 3602 si
946 3550 1016 3601 ita
1047 3563 1153 3600 non
1172 3555 1337 3610 esset,
1368 3561 1634 3614 nunquam
1663 3547 1884 3599 dixisset
1974 3565 2106 3620 ergo
2136 3559 2220 3605 est
2252 3550 2342 3617 qui
2371 3548 2525 3602 oﬂ'ert
2556 3549 2664 3618 (l9)
2706 3549 2757 3601 iu
2803 3556 3089 3615 conspectu
3127 3548 3368 3601 Domini?
3398 3547 3508 3611 Ille,

297 3644 575 3697 Dominus
626 3642 694 3693 ad
736 3640 1010 3693 Abraham
1052 3638 1099 3668 ’θ
1132 3652 1145 3687 :
1187 3652 1206 3687 ι
1252 3637 1444 3699 Aspice
1477 3637 1530 3688 in
1583 3638 1797 3698 ctelum,
1827 3644 1881 3689 et
1979 3639 2265 3705 ut0pinor.
2291 3639 2381 3706 qui
2417 3653 2519 3690 non
2548 3637 2678 3691 exiit
2709 3651 2738 3688 a
2771 3644 3056 3703 conspectu
3105 3635 3332 3699 Domini,
3369 3637 3510 3690 sicut

296 3736 414 3787 vide
454 3730 692 3792 stellas,
726 3729 772 3781 si
817 3726 1149 3780 dinumerari
1205 3733 1426 3792 possunt
1456 3740 1484 3776 a
1518 3723 1877 3785 multitudine,
1975 3727 2106 3780 Cain
2136 3728 2201 3789 ",
2233 3736 2284 3779 et
2327 3726 2547 3779 effectus
2574 3736 2657 3779 est
2704 3726 2894 3777 timens
2923 3733 2976 3777 et
3016 3734 3268 3777 tremens.
3303 3724 3359 3776 Si
3390 3725 3509 3790 quis
3592 3772 3597 3776 .

291 3825 360 3877 sic
387 3823 516 3878 erit
551 3834 745 3874 semen
783 3828 956 3869 tuum.
992 3836 1009 3867 ι
1047 3815 1159 3868 Nec
1187 3815 1417 3875 mireris,
1467 3814 1701 3880 inquam,
1729 3812 1770 3864 si
1799 3812 1879 3864 di-
1975 3831 2103 3884 ergo
2147 3824 2227 3868 est
2270 3817 2357 3882 qui
2407 3815 2566 3867 habet
2602 3813 2848 3865 ﬁduciam
2898 3822 3071 3865 astare
3118 3813 3169 3864 in
3219 3822 3505 3880 conspectu

288 3916 431 3968 citur
459 3914 541 3965 ad
579 3911 884 3971 Abraham,
914 3908 1038 3975 quia
1068 3908 1148 3959 sic
1178 3906 1282 3958 erit
1310 3912 1491 3956 semen
1549 3912 1695 3954 tuum
1735 3902 1880 3955 sicut
1977 3901 2220 3964 Domini,
2268 3911 2321 3953 et
2371 3915 2473 3953 non
2517 3898 2649 3967 fugit
2678 3914 2706 3951 a
2741 3896 2880 3951 [acie
2921 3899 3056 3964 ejus,
3094 3911 3195 3963 nec,
3234 3906 3504 3965 aspectum

288 4005 466 4059 stella
507 4008 646 4053 sunt
685 4000 852 4062 cmli;
896 3998 963 4049 de
1000 3995 1107 4047 illis
1153 3994 1356 4046 scilicet
1391 3993 1482 4060 qui
1519 4006 1582 4045 ex
1628 3991 1729 4044 [ide
1765 3990 1879 4057 ejus
1974 3989 2088 4054 ejus
2128 3988 2327 4057 peccati
2363 3985 2687 4042 conscientia
2717 3985 2971 4046 declinat,
3003 3985 3103 4037 iste
3132 3985 3185 4037 in
3218 3993 3504 4052 conspectu

287 4094 461 4165 geniti
497 4087 911 4145 rationabiliter
933 4086 1141 4146 vivant,
1165 4099 1225 4136 ao
1255 4083 1464 4135 divinas
1496 4081 1637 4148 leges
1671 4090 1722 4133 et
1743 4094 1876 4146 prae-
1978 4078 2182 4130 Domini
2215 4075 2367 4130 oil'ert
2395 4075 2738 4165 sacrificium.
2778 4072 3091 4165 Hane-ergo
3122 4072 3347 4126 hostiam
3389 4088 3507 4141 qua:

286 4160 449 4252 cepta
481 4177 829 4235 custodiant.
877 4174 1018 4228 Audi
1049 4173 1278 4241 amplius
1310 4171 1511 4238 aliquid
1544 4169 1871 4223 Salvatorcm
1973 4162 2195 4218 oliertur
2223 4178 2321 4230 pro
2349 4163 2609 4231 peccatis,
2640 4162 2767 4252 dicit
2792 4174 2909 4214 esse
2937 4160 3131 4252 Sancta
3175 4170 3501 4213 sanctorum.

283 4251 351 4328 ad
378 4265 714 4336 discipulos
743 4265 1012 4317 dicentem
1045 4262 1090 4294 ἰ
1118 4278 1132 4313 :
1163 4277 1181 4309 ι
1214 4259 1318 4313 Vos
1347 4260 1478 4313 estis
1508 4258 1594 4310 lux
1624 4256 1822 4310 mundi.
1848 4274 1866 4307 ι
1976 4252 2149 4321 Maius
2198 4253 2397 4321 aliquid
2429 4253 2625 4305 audere
2669 4251 2777 4304 vult
2820 4265 3016 4314 sermo,
3046 4251 3091 4303 si
3124 4259 3299 4303 tamen
3340 4258 3392 4301 et
3418 4264 3506 4303 ve-

282 4362 608 4417 Dubitasne
646 4369 768 4408 esse
812 4356 956 4407 intra
992 4361 1045 4404 te
1078 4338 1242 4404 solem
1287 4359 1340 4402 et
1376 4350 1586 4409 lunam,
1626 4345 1689 4397 ad
1715 4360 1869 4411 quem
1903 4374 1945 4426 ι)
1976 4352 2087 4426 ste‘r
2135 4352 2390 4409 sequatur
2444 4341 2675 4394 auditus.
2721 4339 2850 4404 Quae
2897 4348 2977 4392 est
3027 4338 3197 4391 hostia
3246 4350 3361 4404 qua:
3409 4351 3507 4404 pro

279 4454 516 4510 dicitur,
553 4444 689 4513 quia
726 4442 816 4496 lux
874 4444 952 4495 sis
1003 4439 1225 4494 mundi?
1273 4437 1367 4492 Vis
1415 4436 1589 4487 adlmc
1641 4432 1867 4495 amplius
1904 4420 1937 4426 —
1977 4420 2213 4500 peccatis
2261 4430 2505 4491 oliertur,
2546 4440 2600 4481 et
2649 4439 2729 4481 est
2765 4427 2960 4482 Sancta
3015 4438 3351 4489 sanctorum,
3403 4425 3503 4479 nisi

278 4537 495 4609 aliquid
534 4535 612 4589 de
645 4542 701 4585 te
744 4533 865 4598 ipso
898 4529 1106 4591 audire,
1162 4542 1227 4580 ne
1276 4525 1412 4578 forte
1442 4537 1603 4590 parva
1632 4522 1696 4573 de
1729 4529 1779 4574 te
1816 4533 1870 4573 et
1978 4520 2284 4609 unigenitus
2317 4517 2482 4609 Filius
2519 4518 2648 4609 Dei,
2692 4517 2943 4609 Dominus
2993 4530 3139 4609 meus
3167 4514 3321 4609 Jesus
3352 4514 3505 4567 Chri-

278 4604 517 4683 ltuntilia
585 4624 869 4691 cogitans,
922 4630 1174 4687 tanquam
1227 4614 1387 4669 vilem
1430 4611 1666 4679 negligas
1706 4610 1868 4662 vitam
1976 4608 2128 4662 stus?
2156 4607 2269 4675 lpse
2300 4607 2441 4660 solus
2469 4616 2548 4660 est
2586 4606 2756 4659 hostia
2797 4619 2893 4673 pro
2918 4605 3168 4672 peccatis,
3199 4613 3254 4657 et
3283 4604 3393 4673 ipse
3410 4610 3504 4691 est

278 4732 427 4773 lnam
449 4717 481 4769 ἲ
522 4690 713 4767 liabet
745 4710 835 4763 hic
868 4709 1098 4763 mundus
1123 4705 1539 4773 gubernatorem
1579 4712 1754 4760 suum,
1779 4698 1872 4749 ha-
1980 4697 2151 4750 hostia
2184 4695 2379 4748 Sancta
2414 4704 2743 4747 sanctorum.
2799 4693 2902 4747 Sed
2935 4694 3074 4760 quod
3122 4692 3308 4745 addit:
3348 4709 3366 4741 ι
3397 4690 3502 4744 Sa-

274 4809 354 4863 bct
386 4806 501 4875 qui
538 4816 676 4858 eum
705 4808 861 4866 regat
906 4806 960 4851 et
990 4795 1193 4850 habitet
1228 4794 1281 4846 in
1310 4792 1428 4859 ipso
1456 4787 1872 4854 omnipotentem
1980 4784 2187 4853 cerdos,
2219 4784 2405 4853 inquit,
2434 4784 2521 4851 qui
2555 4781 2709 4836 offert
2738 4781 2888 4845 illud,
2914 4784 3036 4834 edet
3069 4779 3215 4843 illud,
3244 4798 3263 4832 ι
3298 4778 3502 4832 videtur

327 4931 382 4965 ιο
409 4928 639 4983 cenes.
671 4934 766 4978 xv,
792 4918 847 4971 5.
908 4919 950 4950 ἰ
975 4916 1158 4970 Matth.
1189 4929 1241 4975 v,
1268 4912 1364 4983 id.
1386 4906 1701 4983 __"_.lerem.
1725 4923 1886 4983 {Iunt

1999 4975 2024 4983 _
2074 4907 2119 4938 ’³
2151 4905 2189 4959 ll
2211 4906 2333 4960 Cor.
2362 4919 2440 4969 vi,
2470 4904 2554 4957 16.
2630 4902 2676 4934 ⁸⁸
2699 4901 2827 4956 ibid.
2855 4901 2939 4957 l8.
3012 4901 3056 4932 "
3081 4896 3220 4953 Psal.
3249 4912 3419 4962 um,
3448 4895 3501 4949 6.

272 5003 308 5033 ⁵⁸
329 4974 659 5065 εςῷῖῖζἾ.
736 4974 781 5018 ’⁷⁷
808 4986 997 5039 Matth.
1023 4982 1306 5048 xxvm,20.
1385 4976 1432 5007 ’⁸
1470 4974 1603 5027 Jucl.
1632 4990 1702 5039 ιι,
1738 4975 1829 5029 28.

1999 4975 2177 5031 Gencs.
2219 4989 2289 5027 tv.

330 5112 464 5173 {13)
507 5110 669 5162 Idem
709 5117 839 5166 ms.,
876 5120 894 5151 ι
919 5111 1100 5156 totum.
1136 5118 1155 5152 ι
1984 5094 2135 5156 editi,
2177 5111 2195 5143 ι
2228 5093 2277 5145 in
2315 5091 2443 5159 ipsis
2468 5088 2768 5143 ambulaho.
2800 5105 2819 5139 ι

509 5198 672 5249 Idem
706 5207 873 5249 ms.,t
906 5191 1099 5244 deceat.
1123 5209 1142 5243 ν
1166 5185 1328 5242 Libb.
1357 5179 1519 5249 editi,
1552 5199 1569 5232 t
1600 5181 1814 5235 debeat.
1846 5202 1867 5235 ι
2050 5183 2157 5249 (l7)
2196 5181 2333 5233 Idem
2388 5195 2510 5244 ms.,
2551 5197 2571 5229 ο
2607 5179 2772 5232 addit.
2821 5195 2841 5227 ι
2890 5174 3042 5227 Libb.
3081 5170 3229 5234 editi,
3271 5187 3290 5221 ι
3327 5167 3500 5221 adhuc

1988 2668 2214 2733 niguitas
2242 2668 2328 2721 Dei
2352 2678 2455 2733 est,
2484 2677 2542 2721 ut
2572 2669 2660 2721 ubi
2698 2669 3062 2723 holocaustum
3093 2668 3361 2739 iugulatur
3388 2670 3517 2724 illud

1986 2757 2124 2823 quod
2159 2758 2255 2810 soli
2295 2758 2403 2811 Deo
2444 2757 2686 2821 oli‘ertur,
2737 2760 2807 2812 ibi
2856 2760 3018 2811 etiam
3055 2760 3228 2811 hostia
3261 2774 3376 2826 quas
3423 2775 3518 2828 pro

326 5179 463 5275 tu)
509 5198 873 5275 ιιίςηηηεηί
906 5191 1099 5270 deceat
1123 5209 1142 5243 ν
1166 5179 1867 5275 ιτὶίξδκξῗίξῗτ.ἕηδεῖδῗῗξς.)
1981 5183 2097 5275 -..ἐξ

271 5249 614 5346 Pais-lo’post
644 5265 799 5339 idem
821 5249 955 5337 —_nis.,
989 5276 1006 5308 t
1040 5258 1274 5314 invenies
1326 5261 1428 5299 eas
1461 5249 1614 5302 illll‘a-
1645 5267 1664 5301 ι
1704 5249 1872 5304 Libb.

1999 5251 2121 5303 tudi.
2153 5268 2172 5301 ι

2059 5338 2151 5346 .-ηι
2200 5338 2244 5346 --
2476 5336 2487 5346 ο
2525 5334 2556 5346 ο.
2642 5333 2654 5346 ι
2830 5330 2906 5346 σοι
2930 5328 2955 5346 1.
3027 5322 3150 5346 -.ἱειὲ
3230 5336 3247 5346 ρ
3284 5318 3407 5346 ..αξιρῖ

271 5323 429 5399 editi.
470 5323 492 5386 ἱ
531 5330 797 5386 invenias
824 5329 973 5378 imm-
1007 5346 1025 5377 ι
2051 5338 2158 5408 (l8)
2198 5338 2317 5400 ms.,
2363 5354 2381 5386 ι
2411 5333 2779 5402 ερίτίιιιιιιεε.»
2830 5328 2980 5384 Libh.
3023 5323 3180 5386 editi,
3228 5336 3247 5370 ι
3282 5323 3498 5386 spirita-

326 5427 460 5461 ιιιςὶ
509 5422 670 5461 mam
700 5430 831 5461 ηις.-
861 5431 880 5461 ι
914 5413 960 5461 in
987 5428 1151 5461 parm.
1192 5426 1214 5459 ι
1979 5406 2117 5461 liter.
2143 5426 2162 5459 ι

326 5427 460 5497 (15)
508 5422 670 5475 Idem
700 5430 831 5478 ms.,
861 5431 880 5462 ι
914 5413 960 5465 in
986 5428 1151 5480 parvo.
1192 5426 1229 5497 vi
1257 5492 1273 5497 _
1403 5488 1437 5497 η
1472 5491 1484 5497 _
1576 5494 1587 5497 _
1682 5492 1696 5497 Α

2001 5413 2162 5497 iter.)
2197 5491 2239 5497 υ
2434 5490 2472 5497 _
2712 5496 2715 5497 ν
2865 5480 2910 5497 ,ᾼ
2946 5480 3057 5497 *νη
3111 5487 3129 5497 ,
3155 5468 3243 5497 ιιι...
3290 5466 3370 5497 ωιῖ

696 5468 829 5564 "‘5';
862 5517 881 5548 ⁸
902 5468 1079 5587 ἷθρῐθοκ
1098 5522 1118 5553 ’
1147 5488 1861 5587 L1”E‘..‘?lf.‘.'.‘.:.f.“""i°2°..’
1946 5560 1951 5565 <
1982 5491 2367 5587 ξζέβ
2390 5490 2598 5587 ξ’σθτων
2623 5506 2642 5539 ³
2670 5496 2725 5543 ει
2761 5480 2917 5553 Paulo
2946 5480 3085 5543 Ροει.
3110 5487 3130 5520 ι
3155 5468 3266 5533 ille,
3289 5468 3497 5534 opinor,

270 5555 456 5641 1ιεῖιῖ
496 5555 660 5633 iiii};
697 5555 829 5634 ms.,
861 5584 878 5615 ι
904 5555 1038 5622 iuier
1062 5573 1212 5638 ipsos
1268 5555 1592 5615 ambulatio.
1623 5555 1656 5612 ι’
1681 5559 1863 5616 Libb.
1946 5555 2069 5631 'qui
2101 5555 2203 5617 non
2241 5562 2364 5615 exit.
2389 5577 2408 5609 ι
