3948 6274
334 292 426 343 451

1751 283 2059 337 ORIGENlS

3651 263 3778 317 £59..

333 402 540 456 didit-ile
575 415 692 454 esse
737 402 802 452 ad
839 400 1166 456 intellectum
1211 401 1341 471 (20).
1389 400 1518 454 Illud
1552 402 1692 454 enim
1725 377 1866 466 quod
1895 404 1939 456 Α
1967 413 2085 450 eum
2110 399 2130 429 ⁹
2168 414 2180 450 :
2221 416 2240 447 ‹
2269 396 2441 450 Locus
2493 396 2646 450 enim
2704 397 2762 450 in
2822 409 2957 463 quo
3023 399 3172 445 stas
3199 427 3220 452 ,
3277 394 3475 437 terra
3545 387 3772 434 sane“

331 494 595 546 edendum
630 491 780 551 dicit,
811 492 874 542 ad
907 499 1180 558 peccatum
1217 489 1405 543 referri
1453 490 1658 543 videtur
1687 510 1697 542 :
1730 489 1868 542 sicut

332 591 388 634 et
441 580 567 634 alibi
624 580 753 632 dicit
815 580 879 631 de
947 579 1322 632 sacerdotibus
1376 578 1700 646 propheta‘,
1745 576 1868 643 quia

339 689 358 722 ι
388 679 602 738 peccata
643 669 818 736 populi
863 669 966 720 mei
1018 667 1433 721 manducabunt.
1462 685 1481 717 ι
1513 667 1662 720 Unde
1697 675 1750 720 et
1782 665 1869 720 hic

334 760 570 814 ostendit
629 759 963 811 sacerdotem
1037 766 1314 824 peccatum
1367 755 1639 810 oﬁ‘erentis
1692 771 1870 810 come-

335 847 460 900 dere
497 847 714 898 debere.
745 845 894 912 Stepc
929 844 1258 897 ostendimus
1287 859 1352 896 ex
1395 844 1590 897 divinis
1625 844 1868 910 Scriptu—

337 937 432 997 ris,
461 935 733 987 Christum
789 949 906 988 esse
948 943 1000 988 et
1052 934 1279 987 hostiam
1330 949 1449 1001 quae
1499 949 1594 1000 pro
1650 943 1868 1002 peccato

337 1027 518 1079 mundi
562 1025 801 1086 oﬁ‘ertur,
832 1034 884 1078 et
912 1025 1246 1078 sacerdotem
1277 1025 1364 1091 qui
1399 1023 1585 1076 oﬂ‘erat
1617 1024 1865 1077 hostiam.

335 1114 485 1179 Quod
530 1128 634 1167 uno
685 1115 848 1166 Verbo
896 1111 1182 1180 Apostolus
1224 1113 1513 1180 explicavit
1557 1112 1702 1181 (2i),
1747 1127 1866 1166 cum

338 1203 544 1257 dicit':
579 1223 596 1254 ι
631 1205 730 1269 Qui
777 1205 1009 1271 seipsum
1047 1204 1241 1257 obtulit
1275 1206 1398 1256 Deo.
1424 1223 1442 1254 ι
1479 1204 1576 1257 llic
1617 1220 1742 1271 ergo
1787 1215 1870 1258 est

338 1293 608 1356 sacerdos,
633 1293 720 1360 qui
759 1301 973 1360 peccata
1025 1293 1202 1360 populi
1232 1295 1460 1346 comedit
1503 1303 1556 1345 et
1585 1295 1866 1360 consumit,

338 1381 404 1433 de
425 1397 530 1445 quo
561 1381 754 1432 dictum
788 1390 866 1432 est
893 1379 952 1431 ³ε
989 1398 1006 1429 ι
1039 1379 1114 1431 Tu
1149 1395 1206 1433 es
1238 1384 1486 1434 sacerdos
1532 1381 1584 1434 in
1615 1391 1868 1436 aeternum

339 1470 626 1522 secundmn
670 1470 908 1522 ordinem
958 1468 1414 1534 Melchisedech.»
1450 1471 1698 1524 Salvator
1743 1486 1869 1538 ergo

341 1567 395 1611 et
440 1558 694 1611 Dominus
739 1573 886 1611 meus
927 1568 1145 1624 peccata
1202 1559 1374 1625 populi
1420 1560 1548 1612 edit.
1593 1560 1871 1624 Quomodo

339 1648 448 1699 edit
502 1655 721 1714 peccata
781 1645 998 1713 populi?
1046 1647 1168 1698 audi
1224 1646 1350 1712 quid
1408 1646 1667 1713 scriptum
1725 1656 1866 1701 est:

345 1753 365 1785 ι
406 1735 571 1797 Deus,
617 1734 858 1802 inquit‘,
905 1745 1104 1796 uoster,
1144 1734 1278 1801 ignis
1339 1720 1658 1789 consumens
1707 1745 1810 1790 est.
1843 1755 1862 1788 ι

342 1824 476 1890 Quid
499 1824 762 1876 consumit
793 1823 930 1876 Deus
957 1823 1127 1889 ignis?
1157 1821 1398 1890 Nunquid
1430 1833 1535 1877 tam
1567 1825 1730 1893 inepti
1759 1827 1869 1894 (22)

343 1913 562 1975 erimus,
592 1920 648 1964 ut
689 1920 934 1978 putemus
958 1911 1096 1978 quod
1134 1911 1272 1964 Deus
1317 1912 1453 1977 ignis
1501 1913 1640 1982 ligna
1681 1929 1873 1968 consu-

344 2011 476 2064 mat,
505 2010 595 2053 aut
623 2000 894 2068 stipulam,
939 2008 1033 2053 aut
1071 2000 1283 2054 fenum?
1311 2001 1412 2055 Sed
1439 2003 1704 2057 consumit
1734 2004 1873 2056 Deus

347 2092 484 2160 ignis
519 2093 744 2144 humana
795 2099 1031 2158 peccata,
1081 2090 1167 2142 illa
1216 2093 1466 2153 absumit,
1509 2092 1597 2145 illa
1634 2094 1870 2156 devorat,

345 2180 432 2232 illa
479 2188 700 2248 purgat,
735 2178 1024 2232 secundum
1069 2181 1206 2246 quod
1249 2189 1300 2233 et
1344 2181 1467 2233 alibi
1499 2183 1628 2235 dicit
1657 2185 1718 2236 ἐ
1761 2202 1780 2233 ι
1812 2183 1876 2236 Et

342 2270 577 2337 purgabo
605 2277 656 2322 te
689 2267 794 2336 igni
851 2270 914 2320 ad
953 2283 1165 2334 purum.
1193 2287 1211 2319 ι
1261 2269 1372 2322 Hoc
1424 2278 1504 2323 est
1551 2273 1874 2326 manducare

348 2369 620 2426 peccatum
655 2356 769 2424 ejus
808 2357 897 2425 qui
933 2357 1088 2410 oﬂ'ert
1124 2357 1444 2434 sacrificium
1488 2373 1584 2424 pro
1628 2367 1870 2426 peccato.

343 2447 456 2514 Ipse
490 2447 629 2500 enim
667 2457 881 2515 peccata
913 2456 1092 2502 nostra
1129 2448 1380 2514 suscepit,
1408 2457 1461 2500 et
1499 2448 1552 2501 in
1583 2449 1874 2517 semetipso

341 2557 402 2595 ea
435 2548 686 2606 tanquam
726 2539 861 2607 ignis
896 2539 1127 2592 comedit
1164 2551 1216 2592 et
1244 2539 1498 2592 absumit.
1527 2540 1618 2593 Sic
1647 2540 1875 2607 denique

341 2627 649 2682 econtrario
686 2641 778 2679 eos
823 2628 912 2693 qui
962 2636 1276 2693 permanent
1322 2627 1373 2680 in
1423 2628 1684 2694 peccatis,
1733 2642 1876 2681 mors

338 2715 541 2768 dicitur
581 2715 901 2782 deglutisse,
947 2717 1086 2768 sicut
1135 2717 1396 2784 scriptum
1449 2723 1532 2768 est
1575 2729 1590 2766 :
1627 2731 1645 2763 ι
1682 2715 1873 2782 Deglu-

344 2803 440 2854 tiet
473 2801 582 2869 (23)
617 2816 761 2853 mors
791 2801 1098 2868 praevalens.
1130 2821 1146 2851 ι
1183 2803 1291 2856 lloc
1320 2811 1448 2870 puto
1493 2817 1611 2856 esse
1648 2804 1788 2869 quod
1822 2805 1873 2856 in

344 2890 627 2957 Evangelia
653 2889 897 2942 Salvator
926 2892 1177 2944 dicebat‘
1203 2909 1216 2944 :
1251 2911 1268 2942 ι
1298 2893 1473 2960 Ignem
1507 2891 1626 2943 veni
1663 2892 1876 2946 mittere

1968 496 2068 540 est.
2111 506 2130 538 ι
2169 485 2429 540 Similiter
2456 501 2587 554 ergo
2632 496 2690 539 et
2734 487 2792 539 in
2835 482 3137 538 Ecclesia
3191 477 3320 531 Dei
3371 473 3574 526 locus
3629 486 3776 524 san-

1967 583 2085 629 ctus
2117 583 2230 637 est,
2280 573 2413 626 ﬁdes
2448 573 2741 642 perfecta,
2791 570 3086 625 charitas
3149 566 3247 617 de
3315 559 3545 614 corde
3589 573 3771 627 puro,

1967 672 2020 718 et
2050 662 2382 716 conscientia
2409 663 2576 716 bona.
2617 660 2726 726 Qui
2763 663 2821 714 in
2863 661 2964 714 his
3008 666 3151 710 stat
3203 655 3279 706 in
3332 650 3676 711 Ecclesia,
3715 653 3772 700 in

1969 755 2085 807 loco
2119 761 2308 808 sancto
2332 763 2478 806 stare
2504 767 2565 806 se
2603 760 2911 821 agnoscat.
2947 749 3193 817 Neque
3240 745 3444 797 enim
3496 742 3565 794 in
3605 749 3774 794 terra

1970 842 2294 911 quaerendus
2333 851 2409 895 est
2446 842 2602 897 locus
2633 853 2901 903 sanctus,
2944 841 3008 892 in
3067 852 3305 905 quam
3370 831 3592 886 semel
3630 833 3777 883 data

1969 932 2236 986 sententia
2288 940 2370 984 est
2417 947 2445 983 a
2495 932 2607 985 Deo
2656 931 2888 984 dicente
2917 931 2964 960 ⁸ο
2998 945 3020 982 :
3075 948 3098 977 ι
3145 924 3547 979 Maledicta
3609 930 3776 974 terra

1969 1021 2022 1074 in
2056 1019 2311 1087 operibus
2346 1019 2451 1072 tuis
2483 1018 2622 1092 (25).
2653 1039 2672 1071 ι
2723 1020 2897 1074 Fides
2929 1010 3100 1086 ergo
3175 1017 3477 1084 integra
3517 1021 3590 1066 et
3641 1027 3782 1065 san-

1970 1120 2054 1165 cta
2088 1112 2452 1174 conversatio,
2497 1111 2653 1163 locus
2695 1121 2785 1164 est
2827 1119 3131 1164 sanctus.
3207 1106 3289 1159 In
3367 1106 3510 1158 hoc
3565 1105 3780 1172 itaque

1972 1203 2088 1255 loco
2159 1201 2370 1268 positus
2425 1201 2690 1253 sacerdos
2751 1199 3098 1260 Ecclesiae,
3172 1195 3438 1266 populi
3515 1204 3775 1263 peccata

1970 1296 2289 1350 consumat,
2333 1297 2393 1340 ut
2430 1287 2666 1340 hostiam
2713 1286 3008 1356 jugulans
3069 1287 3289 1338 verbi
3346 1283 3506 1346 Dei,
3557 1291 3628 1335 et
3666 1285 3774 1339 do-

1970 1380 2160 1432 ctrina:
2190 1393 2336 1432 same
2364 1378 2622 1430 victimas
2664 1376 2945 1440 oﬂ‘erens,
2973 1377 3209 1446 208
3267 1387 3535 1444 purget
3569 1391 3604 1429 a
3645 1391 3781 1446 pec-

1971 1468 2108 1521 catis
2150 1468 2516 1522 conscientias
2551 1467 2909 1520 auditorum.
2979 1467 3166 1520 Edet
3233 1466 3394 1534 (26)
3444 1483 3616 1534 ergo
3675 1482 3776 1520 sa-

1970 1557 2162 1611 cerdos
2192 1571 2386 1610 carnes
2418 1556 2678 1609 sacriﬁcii
2724 1557 2780 1608 in
2832 1557 2996 1610 atrio
3071 1556 3543 1611 tabernaculi
3603 1558 3780 1612 testi-

1974 1646 2176 1709 monii,
2220 1661 2343 1699 cum
2394 1643 2703 1711 intelligere
2753 1647 3035 1712 potuerit
3097 1661 3277 1714 qua:
3348 1649 3442 1699 sit
3494 1649 3665 1700 ratio
3719 1649 3778 1700 in

1971 1734 2075 1798 his,
2114 1749 2298 1802 quaeve
2346 1736 2644 1803 mysteria,
2689 1749 2819 1802 quae
2871 1736 3405 1791 describuntur
3459 1740 3545 1791 de
3602 1739 3779 1794 atriis

1972 1826 2302 1879 tabernaculi
2337 1827 2658 1881 testimonii.
2695 1827 2780 1879 Ad
2825 1826 2958 1880 haec
3009 1831 3224 1880 enim
3273 1829 3464 1881 atria
3525 1842 3774 1883 secreta

1972 1924 2026 1968 et
2071 1915 2344 1968 recondita
2386 1917 2566 1970 nullus
2597 1917 2854 1976 accedit,
2911 1916 3080 1969 nulli
3148 1919 3317 1971 haec
3377 1919 3512 1972 nisi
3557 1935 3776 1976 sacer-

1975 2004 2186 2058 dotibus
2219 2015 2472 2071 pateant:
2502 2007 2546 2058 si
2589 2013 2778 2058 tamen
2819 2014 3098 2072 pateant
3125 2046 3146 2072 ,
3210 2010 3274 2062 si
3319 2011 3616 2065 scicntia
3667 2028 3773 2066 sua

1976 2100 2029 2144 et
2070 2093 2341 2146 intellectu
2379 2095 2610 2163 mystico
2646 2095 2954 2159 potuerint
3005 2111 3278 2150 eorum
3346 2109 3625 2154 secreta
3666 2118 3769 2171 pe-

1977 2191 2207 2235 netrare.
2233 2183 2357 2236 Scio
2381 2195 2560 2236 autem
2585 2199 2712 2236 esse
2738 2193 2797 2236 et
2827 2185 2948 2237 alia
2977 2188 3335 2254 quasdam
3375 2192 3443 2242 in
3482 2191 3774 2247 Ecclesia

1975 2273 2226 2342 dogmata
2272 2276 2592 2341 secretiora,
2622 2293 2748 2344 qua:
2789 2279 2964 2332 adire
3019 2295 3166 2334 nec
3234 2282 3422 2350 ipsis
3466 2286 3770 2339 sacerdo-

1979 2360 2116 2415 tibus
2145 2363 2320 2414 liceat.
2346 2361 2439 2416 llla
2463 2365 2607 2427 dico,
2637 2366 2728 2418 ubi
2761 2381 2901 2420 arca
2938 2372 3405 2434 reconditur,
3441 2376 3556 2428 ubi
3589 2393 3772 2438 urna,

1977 2451 2066 2504 ubi
2121 2466 2314 2504 manna
2366 2461 2420 2506 et
2467 2454 2668 2507 tabula:
2727 2461 3133 2516 testamenti.
3227 2462 3409 2518 Illuc
3494 2480 3583 2520 ne
3626 2466 3772 2536 ipsis

1979 2541 2192 2606 quidem
2231 2543 2605 2596 sacerdotibus
2651 2546 2824 2599 datur
2861 2562 3244 2615 accessus,
3299 2556 3428 2608 sed
3473 2559 3587 2609 uni
3639 2569 3773 2611 tan-

1978 2633 2086 2676 tum
2135 2627 2411 2693 pontiﬁci,
2455 2638 2510 2680 et
2559 2629 2685 2684 huic
2729 2635 2914 2687 semel
2973 2636 3050 2690 in
3115 2654 3324 2693 anno
3382 2645 3596 2698 certis
3638 2647 3775 2715 qni-

1977 2711 2184 2780 busque
2209 2723 2263 2768 et
2292 2716 2536 2784 mysticis
2561 2721 3102 2786 puriticatiouibus
3135 2734 3582 2788 conceditur
3610 2711 3772 2789 istud

1980 2801 2182 2854 intrare
2213 2813 2504 2859 secretum.
2545 2805 2688 2860 Sunt
2729 2820 2789 2864 et
2835 2812 2950 2865 alia
2991 2815 3369 2875 Ecclesiae
3433 2823 3766 2892 dogmata,

1976 2889 2044 2940 ad
2097 2905 2216 2955 quae
2258 2902 2485 2959 possunt
2531 2899 2829 2961 pervenire
2871 2903 3084 2957 etiam
3145 2907 3458 2976 Levita,
3519 2889 3633 2968 {ea
3683 2916 3775 2968 in-

346 2981 400 3034 in
441 2988 658 3042 terram,
699 2989 754 3031 et
798 2993 956 3046 quam
1004 2980 1120 3032 volo
1165 2989 1222 3032 ut
1267 2980 1654 3032 accendatur.»
1702 2980 1948 3056 Atquec
1980 2979 2174 3032 feriora
2207 2991 2333 3034 sunt
2363 2983 2430 3034 ab
2480 2984 2566 3036 his
2617 3000 2743 3050 qua:
2792 2991 3298 3051 sacerdotibus
3363 3003 3565 3056 adire
3621 3018 3772 3056 con-

347 3069 550 3121 utinam
598 3076 652 3120 et
701 3083 817 3121 mea
863 3078 1002 3122 terra
1054 3071 1381 3122 accendatur
1423 3068 1528 3136 igni
1580 3067 1781 3131 divino,
1817 3078 1877 3121 ut

327 3156 483 3209 ~u|tra
517 3169 620 3207 non
667 3154 853 3207 aﬂ‘erat
889 3155 1145 3223 spinaset
1178 3155 1419 3208 tribulos.
1468 3153 1556 3208 Sic
1585 3153 1878 3222 intelligere

348 3243 508 3296 debes
545 3251 596 3294 ct
629 3241 780 3304 illud,
821 3243 964 3308 quod
1008 3242 1266 3308 scriptum
1319 3241 1443 3295 est"
1487 3259 1562 3295 :4
1605 3241 1743 3309 Ignis
1783 3258 1876 3296 ac-

347 3344 541 3384 census
584 3339 667 3383 est
712 3331 778 3383 ab
822 3331 899 3382 ira
940 3345 1077 3392 mea,
1109 3332 1355 3384 comedet
1394 3341 1589 3382 terram
1628 3339 1682 3383 et
1719 3346 1878 3399 gene-

345 3440 579 3495 rationes
611 3441 745 3508 ejus.
768 3458 786 3491 ι
843 3438 980 3492 Dicit
1029 3453 1156 3508 ergo
1197 3440 1283 3492 lex
1316 3441 1336 3470 ⁸
1367 3453 1381 3491 :
1417 3457 1435 3489 ι
1467 3439 1731 3493 Sacerdos
1783 3441 1876 3508 qui

343 3529 623 3592 obtulerit,
647 3529 769 3582 edet
812 3529 935 3581 illud
966 3528 1017 3579 in
1049 3528 1164 3582 loco
1197 3539 1403 3593 sancto,
1449 3530 1501 3581 in
1531 3529 1668 3582 atrio
1707 3528 1880 3581 taber-

346 3618 518 3672 naculi
556 3617 860 3672 testimonii.
891 3636 909 3668 ι
961 3618 1304 3686 Consequens
1348 3619 1488 3670 enim
1534 3626 1653 3682 est,
1696 3625 1753 3670 ut
1789 3631 1874 3670 se-

343 3709 574 3762 cundum
616 3708 898 3776 imaginem
933 3707 1048 3774 ejus
1088 3708 1179 3774 qui
1219 3707 1576 3759 sacerdotium
1628 3706 1878 3760 Ecclesia:

343 3800 510 3862 dedit,
548 3799 706 3852 etiam
744 3799 973 3852 ministri
1019 3807 1072 3850 et
1116 3797 1424 3850 sacerdotes
1469 3794 1578 3865 (24)
1630 3795 1878 3850 Ecclesiae

345 3897 562 3958 peccata
607 3888 784 3955 papuli
823 3887 1113 3953 accipiant,
1160 3893 1213 3938 et
1263 3884 1363 3951 ipsi
1412 3885 1680 3936 imitantes
1712 3884 1879 3951 magi-

345 3987 545 4040 strum,
588 3976 953 4029 remissionem
1000 3984 1341 4042 peccatorum
1387 3973 1577 4041 popqu
1623 3975 1877 4026 tribuant.

347 4064 550 4117 Debent
585 4079 710 4130 ergo
755 4072 807 4115 et
853 4063 952 4128 ipsi
1009 4063 1262 4114 Ecclesiae
1307 4064 1610 4116 sacerdotes
1643 4063 1716 4115 ita
1759 4077 1880 4130 per-

347 4151 466 4204 fecti
509 4165 645 4209 esse,
682 4161 733 4200 et
777 4150 830 4201 in
859 4149 1044 4202 otﬁeiis
1073 4165 1283 4217 semper
1313 4151 1733 4205 sacerdotalibus
1763 4167 1880 4206 eru-

344 4238 462 4300 diti,
500 4247 554 4288 ut
585 4246 798 4302 peccata
830 4237 1007 4302 populi
1049 4238 1101 4289 in
1141 4238 1253 4314 loco
1282 4249 1490 4304 saneto,
1537 4241 1589 4291 in
1621 4241 1773 4294 atriis
1802 4250 1876 4293 ta-

345 4326 616 4379 bernaculi
662 4326 1000 4390 testimonii,
1046 4328 1146 4396 ipsi
1207 4345 1312 4382 non
1363 4330 1629 4398 peccando
1678 4346 1872 4384 consu-

346 4420 514 4464 mant.
556 4411 690 4475 Quid
723 4423 896 4464 autem
925 4423 1006 4467 est
1049 4416 1100 4467 in
1153 4415 1268 4470 loco
1312 4430 1500 4471 sancto
1545 4420 1873 4473 manducare

346 4502 660 4572 peccatum?
707 4502 878 4555 Locus
923 4514 1039 4556 erat
1078 4517 1324 4570 sanctus,
1372 4509 1423 4560 in
1474 4524 1630 4576 quem
1680 4524 1868 4577 perve-

346 4599 500 4644 nerat
569 4589 808 4658 Moyses,
862 4597 1148 4648 secundum
1210 4597 1348 4663 quod
1407 4597 1605 4650 dictum
1663 4606 1747 4650 est
1805 4600 1869 4651 ad

417 4725 434 4755 ⁸
471 4723 596 4777 Ose.
625 4739 694 4789 tv,
724 4725 776 4780 8.

345 4807 516 4854 xxx",
549 4792 636 4844 22.
709 4794 730 4824 ⁸
767 4795 936 4847 Levit.
964 4811 1034 4861 vt,
1059 4792 1161 4851 9.6.
1221 4799 1242 4830 ’
1281 4797 1449 4851 Exod.
1476 4813 1568 4860 ιιι,
1599 4798 1653 4852 5.

345 4998 377 5051 ὁ
415 4928 526 4998 (ΞΟ)
566 4926 683 4991 Ms.,
713 4947 732 4979 ι
759 4928 1129 4985 intellectum.)
1159 4932 1312 4986 Libb.
1347 4930 1495 4991 editi,
1532 4947 1550 4979 ι
1575 4929 1870 5000 intelligen-

385 5013 491 5049 11111.
518 5015 534 5044 ι

385 5013 491 5049 11111.
518 5015 534 5044 ι

567 5063 689 5134 Ms.,
723 5084 741 5116 ι
767 5067 1014 5134 expliCut.
1039 5088 1057 5119 δ

437 5132 544 5202 221
567 5133 687 5195 Ms.,
711 5151 730 5183 ι
761 5131 977 5202 ittépliJ
1002 5135 1152 5189 Libb.
1173 5136 1318 5195 editi,
1347 5151 1364 5183 ι
1395 5131 1677 5202 imperiti.»
1709 5131 1872 5186 Paulo

344 5198 464 5266 post
499 5200 632 5269 idem
669 5217 788 5263 ms.,
823 5198 1108 5269 (stipulam
1136 5214 1226 5254 aut
1251 5202 1446 5254 fenum.
1486 5217 1503 5248 ι
1542 5198 1692 5250 Libb.
1713 5203 1863 5264 editi,

349 5283 371 5315 ι
394 5268 643 5334 stipulam
673 5279 762 5320 aut
788 5268 1043 5322 ferrum.»

414 5332 527 5401 (25)
566 5333 684 5401 Ms.,
716 5353 734 5384 ι
763 5335 1036 5395 άθιξιιιιίθι.
1065 5355 1084 5387 ι
1115 5336 1266 5388 Libb.
1295 5333 1443 5392 editi,
1473 5351 1492 5382 ι
1518 5332 1810 5400 dcglutivit.
1846 5354 1863 5385 ι

413 5400 526 5466 (ξι)
567 5400 719 5453 Libb.
757 5404 912 5464 editi,
951 5424 966 5450 ι
995 5403 1221 5454 ministri
1266 5406 1380 5468 ejus
1423 5403 1524 5451 sint
1548 5438 1562 5460 ,
1603 5411 1656 5452 et
1692 5417 1870 5453 succr-

345 5467 525 5541 dotes,
555 5483 573 5514 ›
629 5468 719 5519 sed
752 5469 804 5520 in
836 5471 1197 5536 manuscripto
1244 5467 1428 5522 cotlice
1479 5469 1658 5531 deest,
1707 5487 1723 5518 ‹
1756 5472 1869 5536 ejus

345 5543 474 5582 Slltl.
501 5548 521 5579 ι

852 4728 887 4798 ’_
911 4725 1168 4798 "ﬁliiﬁlii,
1196 4731 1315 4798 14.
1355 4731 1376 4760 ³
1415 4729 1552 4782 Psal.
1581 4745 1689 4791 δικ,
1727 4732 1779 4785 4.
1854 4735 1876 4766 ι
1915 4740 2069 4792 Deut.
2109 4751 2184 4798 iv,
2208 4736 2299 4789 24.

1749 4801 1790 4830 ³⁰
1829 4801 2025 4862 Cenes.
2060 4821 2142 4868 ιιι,
2174 4805 2261 4858 17.

1977 3081 2188 3156 cessum
2215 3078 2317 3122 est.
2348 3069 2474 3122 Scio
2499 3081 2556 3125 et
2586 3073 2696 3128 alia
2732 3091 2860 3130 esse
2891 3081 2972 3133 ad
3011 3098 3190 3150 quae
3239 3102 3548 3156 possunt
3595 3111 3774 3149 acce-

1977 3155 2102 3208 dere
2139 3157 2301 3208 etiam
2345 3157 2437 3210 ﬁlii
2479 3158 2672 3228 Israel,
2721 3167 2832 3218 hoc
2872 3177 3013 3230 est,
3077 3155 3312 3242 laici;
3365 3196 3507 3234 non
3567 3192 3773 3237 tamen

1975 3241 2321 3330 alienigenze,
2373 3247 2474 3299 nisi
2529 3251 2758 3314 ascripti
2807 3254 2934 3320 jam
2997 3241 3305 3320 fuerint
3361 3269 3433 3324 in
3478 3271 3771 3330 Ecclesia

1975 3329 2217 3399 Domini,
2265 3333 2606 3405 «Egyptins
2655 3343 2808 3394 enim
2867 3350 3070 3402 tertia
3152 3363 3627 3423 generatione
3683 3366 3768 3418 in-

1977 3445 2137 3546 t-rabit
2180 3446 2321 3546 £27)_
2354 3447 2405 3500 in
2449 3449 2752 3546 Ecclesiam
2779 3453 2912 3546 ADei
2943 3460 3032 3514 ἰ.
3078 3481 3105 3513 ι
3185 3467 3439 3527 Credo
3511 3486 3773 3546 propter

1978 3535 2134 3635 altern
2161 3536 2376 3610 .Patris,
2407 3548 2461 3591 et
2490 3539 2636 3602 Filii,
2673 3551 2726 3592 et
2773 3542 3065 3610 Spiritus
3125 3562 3407 3625 sancti,
3453 3535 3529 3617 ιη’
3583 3535 3769 3635 qi..."

1977 3627 2148 3678 credit
2197 3628 2372 3680 omnis
2407 3631 2499 3694 qui
2551 3632 2799 3685 sociatur
2839 3635 3180 3698 Ecclesia:
3263 3649 3444 3715 Dei,
3513 3627 3773 3710 [er-liam

1975 3807 2100 3858 dum
2145 3817 2259 3871 est,
2309 3809 2450 3874 quod
2502 3824 2569 3863 ex
2620 3810 2824 3866 hostiis
2883 3831 3034 3883 quae
3117 3825 3575 3902 offeruntur,
3629 3839 3777 3894 licet

1976 3896 2332 3986 conceduntur
2373 3900 2750 3954 sacerdotibus
2783 3904 2853 3954 ad
2906 3909 3316 3986 edendum,
3366 3939 3508 3978 non
3560 3896 3776 3982 inme"

1976 3981 2150 4034 omnia
2185 3983 2585 4050 conceduntur;
2635 3990 2730 4040 sed
2769 4005 2906 4057 pars
2960 4011 3054 4050 ex
3109 3981 3311 4072 ipsis.
3355 4014 3594 4086 aiiqua
3653 4021 3778 4077 Deo

1975 4073 2216 4168 σίζει-ων,
2258 4081 2310 4123 et
2363 4073 2553 4168 altaris
2609 4077 2834 4168 ignibus
2885 4089 3201 4147 traditur
3249 4117 3270 4152 :
3335 4114 3418 4156 ur,
3484 4073 3780 4168 going“;

1976 4163 2135 4216 etiam
2170 4175 2264 4214 nos
2311 4165 2455 4228 quod
2487 4175 2540 4217 et
2588 4167 2633 4219 si
2675 4172 3034 4228 conceditur
3107 4188 3333 4243 nobis
3407 4197 3641 4268 aliqua
3703 4163 3774 4259 ἐξ

1997 4250 2166 4268 ’σηεγ-9-
2203 4247 2399 4268 ομμεημ
2432 4253 2493 4268 ,,~,
2538 4267 2544 4268 ,
2703 4257 2714 4268 ι
2837 4259 2847 4268 -

1979 4250 2170 4302 divinis
2203 4247 2504 4317 Scripturis
2531 4257 2962 4321 apprehendere
3018 4278 3103 4322 et
3147 4247 3778 4350 agnosc‘eretﬂsttiii

1981 4349 2152 4392 tamen
2183 4338 2361 4404 aliqua
2404 4357 2526 4408 quae
2559 4343 2666 4397 Deo
2700 4357 3091 4410 reservanda
3141 4338 3326 4421 sunt
3362 4385 3383 4423 ε
3433 4338 3593 4445 (ιυέ

1977 4429 2381 4496 intelligentiam
2430 4443 2672 4485 nostram
2742 4451 3043 4504 superent
3119 4452 3335 4526 (28)⁹
3407 4429 3786 4540 εὲηξυξίῖξιέ

1976 4524 2905 4631 ῗῗῗῖἷῗῗΪῚῗῖῗεῖῗδῗ¹ξῖρῖ¹ῗῖίῗ¹¹θ
2947 4531 3171 4631 ³¹⁸¹ἳν
3224 4561 3264 4598 τ’
3314 4556 3529 4611 nobis
3584 4576 3781 4631 quam

1975 4622 2032 4660 se
2067 4608 2223 4660 habet
2254 4608 2483 4672 veritas,
2525 4609 2908 4680 proferantur,
2951 4627 3226 4688 melius
3276 4639 3426 4709 igni

3515 4783 3542 4814 ν

2049 4936 2329 5012 (‘25)_lils_..
2367 4957 2385 4990 ι
2415 4941 2674 5012 operibus
2713 4945 2845 5001 tuis.
2874 4965 2894 4998 ι
2961 4951 3095 5012 L1,

1979 5013 2090 5087 tuo:
2117 5024 2135 5056 ι
2170 5006 2332 5087 Paulo
2364 5006 2483 5075 post
2527 5011 2669 5064 idem
2717 5029 2846 5077 ms.,
2888 5035 2908 5067 ι
2937 5006 3062 5087 pec;

1976 5073 2132 5126 Libb.
2157 5075 2309 5138 editi,
2343 5073 2609 5145 (peccata
2645 5073 2952 5140 consumit:
2985 5073 3005 5139 ί

2201 5163 2326 5256 his"
2368 5184 2386 5216 ι
2409 5169 2554 5223 edet.
2578 5187 2597 5220 ι
2635 5169 2798 5226 Libb.
2822 5175 2998 5242 editi,
3050 5203 3076 5236 ι
3111 5195 3307 5254 edn,
3339 5223 3369 5256 ι

1990 5273 1994 5279 -
2045 5249 2161 5330 (2η
2201 5251 2334 5330 ms.,
2396 5273 2415 5307 ι
2446 5258 2708 5330 intravit.
2740 5279 2770 5330 ι
2812 5261 2944 5320 Mox
2999 5271 3146 5330 libb

1982 5321 2404 5410 :Ieredoﬁdettt
2446 5327 2624 5383 Patris
2653 5329 2882 5410 et_Fi|ii_,
2915 5319 2978 5390 et
3000 5319 3204 5410 ἔρἷιῖί
3222 5365 3243 5406 ι

1977 5392 2404 5476 quain—Acredttnt
2431 5414 2621 5457 omnes
2642 5401 2734 5472 qui
2764 5392 3167 5476 εοοίεηῑυντῗς

1981 5464 2170 5508 nOstro
2200 5469 2378 5520 textu.

2053 5543 2168 5612 (‘23)
2214 5549 2342 5622 δίδη
2381 5579 2400 5610 ι
2426 5575 2703 5637 superent.
2733 5583 2751 5617 ι
2796 5561 2958 5619 Libb.
3007 5572 3161 5626 editi

3071 4961 3178 5018 ’δ’
3248 4975 3470 5045 editi.
3524 5004 3550 5037 α
3589 5003 3792 5058 Opere

3071 5044 3242 5087 cata
3319 5060 3699 5087 anne-nu.-.
3763 5080 3781 5087 _

3199 5052 3242 5090 ξι
3319 5052 3733 5112 consumat.
3762 5080 3784 5111 ι

3253 5303 3487 5376 antea
3568 5307 3787 5376 editi,

3255 5373 3365 5436 us‘
3388 5379 3630 5427 sancti
3647 5419 3664 5436 ,
3721 5373 3786 5434 iri

3225 5432 3367 5484 Sed
3421 5454 3561 5494 ms.
3600 5432 3672 5497 ut
3709 5432 3770 5500 in

3174 5617 3197 5642 ⁹
3258 5601 3288 5635 ⁶
3331 5604 3719 5659 superam.
3756 5625 3780 5656 δ
