3948 6228
330 257 432 322 ι.δό

1528 296 1592 350 ΙΝ
1629 295 1992 352 LEVITICUM
2042 295 2322 352 HOMILIA
2374 297 2436 351 ν.

3477 301 3582 356 4ἴὸ

349 402 538 455 eamus
560 381 768 458 (‘19).Et
785 382 907 482 ideo
930 390 1135 482 etiam
1177 402 1248 459 in
1283 409 1399 466 hoc
1431 413 1570 477 loco,
1595 428 1712 482 quae
1741 413 1955 481 quidem
1985 415 2031 471 Α
2067 413 2298 475 renibus,
2335 422 2390 466 et
2433 411 2683 466 omnibus
2733 409 3071 467 interioribus
3117 413 3376 468 viscerum
3398 452 3416 478 ,
3461 422 3584 466 tunc

351 498 613 547 concessa
641 489 756 536 sunt
798 480 1145 544 hominibus
1188 496 1267 549 ad
1317 480 1628 565 edendum,
1657 480 1809 570 prout
1855 517 1951 569 po-

349 577 727 640 tuimusiutra
757 574 1196 635 tabernaculum
1237 586 1462 644 Domini
1505 591 1948 659 consumpsimus;

350 678 411 732 si
447 691 558 746 qua
585 687 701 728 vero
727 680 1036 738 supersunt.
1074 682 1140 726 et
1178 679 1276 729 vel
1312 695 1411 734 vos
1445 681 1494 732 in
1541 681 1825 740 audiendo,
1871 681 1952 733 vel

350 781 484 820 nos
533 769 782 833 superant
821 759 874 812 in
926 759 1209 826 dicendo,
1261 781 1544 821 servemus
1591 767 1696 836 igni
1747 767 1949 830 altaris,

361 865 660 926 tanquam
687 867 797 906 eam
824 859 1051 918 partem,
1072 866 1203 920 quae
1240 871 1342 924 pro
1372 866 1589 925 peccato
1613 872 1770 926 super
1787 858 1953 910 altare

346 942 612 998 Domini
643 941 848 1010 iubetur
874 937 1090 992 oﬂ'erri.

435 1031 505 1084 4.
557 1049 580 1080 ι
619 1031 685 1083 Ει
724 1031 831 1082 bzee
873 1037 984 1090 est,
1034 1029 1220 1095 inquit
1251 1031 1316 1093 ¹¹,
1365 1031 1448 1084 lex
1487 1031 1672 1084 arietis
1719 1032 1806 1098 qui
1855 1047 1954 1098 pro

351 1120 591 1174 delicto
624 1129 710 1171 est
735 1136 748 1169 :
777 1117 970 1168 Sancta
1023 1127 1370 1170 sanctorum.
1415 1118 1467 1169 In
1505 1119 1620 1172 loco
1652 1120 1703 1171 in
1740 1134 1843 1185 quo
1870 1119 1954 1186 ju-

350 1207 576 1274 gulant
614 1204 729 1272 ('50)
771 1203 1259 1264 holocaustomata,
1288 1203 1605 1271 jugulabunt
1643 1213 1696 1257 et
1736 1206 1949 1258 arietem

355 1293 467 1359 qui
513 1305 622 1358 pro
654 1291 854 1342 delicto
877 1297 959 1340 est
989 1298 1178 1340 contra
1217 1291 1522 1351 Dominum,
1549 1307 1568 1339 ι
1604 1300 1706 1343 etc.
1738 1290 1954 1342 Videtur

358 1377 619 1441 quidem
658 1375 713 1425 in
762 1375 1056 1440 Scripturis
1102 1375 1301 1426 divinis
1332 1375 1635 1441 frequenter
1681 1389 1950 1444 peccatum

357 1479 478 1531 pro
530 1464 768 1526 delicto,
822 1471 877 1516 et
913 1462 1162 1515 delictum
1197 1478 1294 1530 pro
1338 1473 1552 1530 peccato
1596 1463 1954 1516 indiﬂerentcr

357 1561 422 1604 et
457 1553 685 1618 absque
729 1551 910 1617 aliqua
950 1551 1297 1603 distinctione
1326 1551 1626 1604 nominari:
1663 1552 1712 1604 in
1747 1553 1844 1604 hoc
1878 1562 1955 1603 ta-

361 1656 504 1694 men
544 1641 673 1693 loco
719 1639 996 1692 invenitur
1039 1639 1151 1706 ('51)
1187 1654 1305 1692 esse
1332 1640 1633 1692 discretum.
1675 1638 1801 1691 Nam
1831 1654 1948 1693 cum

362 1731 646 1796 superius
706 1729 762 1780 in
826 1728 1005 1778 hostia
1059 1742 1157 1794 pro
1212 1739 1436 1794 peccato
1493 1729 1651 1781 ritum
1701 1730 1948 1782 sacriﬁcii

371 1826 550 1885 atque
581 1816 844 1870 ordinem
878 1815 1207 1876 tradidisset,
1241 1830 1380 1868 nunc
1409 1815 1695 1879 separatim
1736 1817 1950 1868 mandat

383 1905 724 1960 sacriﬁcium
756 1919 857 1971 pro
901 1902 1131 1964 delicto;
1191 1910 1243 1955 et
1281 1904 1520 1971 quamvis
1554 1903 1734 1956 eodem
1766 1905 1950 1958 ordine

382 2004 550 2062 atque
600 1994 800 2047 eadem
870 1992 1219 2044 observantia
1277 2001 1466 2044 cuncta
1521 1992 1850 2056 mandentur,
1898 2000 1950 2045 et

382 2083 545 2134 addat
579 2081 633 2132 in
673 2081 989 2132 novissimis
1015 2081 1097 2132 ¹³ε
1134 2097 1153 2128 ι
1184 2079 1328 2131 Sicut
1357 2079 1407 2132 id
1439 2079 1576 2146 quod
1609 2093 1705 2146 pro
1735 2089 1949 2146 peccato

381 2180 482 2231 est,
513 2171 590 2222 ita
634 2180 694 2223 et
730 2170 784 2222 id
815 2168 961 2235 quod
995 2183 1091 2236 pro
1127 2168 1325 2220 delicto
1354 2176 1450 2227 est,
1486 2167 1566 2220 lex
1597 2181 1698 2218 una
1729 2168 1832 2218 erit
1866 2183 1950 2220 eo-

384 2273 530 2320 rum;
558 2275 577 2306 ι
622 2266 814 2308 tamen
858 2255 1030 2306 voluit
1071 2256 1358 2306 ostendere
1407 2268 1522 2306 esse
1565 2254 1762 2321 aliquid
1804 2254 1949 2308 diffe-

381 2347 574 2398 rentiae
607 2345 662 2396 in
692 2344 803 2408 his,
833 2344 1035 2410 quibus
1071 2341 1335 2394 sacriﬁcia
1369 2341 1537 2395 divisa
1567 2343 1855 2398 mandavit.
1892 2343 1946 2395 In

379 2447 488 2500 quo
534 2447 639 2500 ego
689 2441 826 2500 puto
879 2431 1134 2482 delictutn
1177 2429 1389 2495 quidem
1437 2429 1780 2483 commissum
1830 2443 1949 2482 esse

380 2525 554 2578 levius
608 2525 917 2590 aliquanto,
951 2535 1113 2589 quam
1153 2529 1448 2587 peccatum.
1490 2519 1619 2572 Nam
1655 2521 1948 2575 invenimus

378 2617 447 2666 de
496 2623 728 2682 peccato
765 2611 896 2673 dici,
938 2609 1084 2677 quod
1116 2610 1187 2661 sit
1231 2618 1504 2675 peccatum
1537 2609 1601 2660 ad
1634 2619 1855 2662 mortem
1882 2609 1947 2662 “.

383 2703 461 2755 De
495 2701 700 2754 delicto
729 2716 840 2753 non
874 2699 1106 2767 legimus
1144 2698 1282 2764 quod
1315 2712 1432 2750 esse
1461 2699 1670 2750 dicatur
1698 2699 1763 2750 ad
1809 2713 1948 2751 mor-

378 2798 512 2842 tem.
544 2787 677 2840 Scio
714 2797 897 2838 tamen
938 2794 994 2837 et
1045 2783 1192 2834 illam
1233 2783 1608 2849 tliﬂereutiam,
1650 2799 1769 2851 qua:
1812 2799 1945 2837 non-

375 2877 542 2929 nullis
574 2875 914 2942 sapientium
960 2875 1078 2926 visa
1109 2881 1215 2935 est,
1254 2873 1394 2938 quod
1443 2873 1690 2926 delictum
1739 2874 1945 2940 quidem

2054 517 2175 555 vere
2203 512 2454 570 purgatus
2479 502 2620 554 omni
2651 501 2780 554 vitio
2814 504 3047 556 libidinis
3069 505 3322 572 jugulasti
3355 505 3580 557 hostiam

2051 600 2146 649 pro
2173 587 2385 649 delicto,
2423 596 2474 638 et
2503 587 2739 640 obtulisti
2780 590 3100 642 sacriﬁcium
3143 592 3248 644 Deo
3276 591 3327 642 in
3362 592 3579 645 odorem

2051 674 2346 726 suavitatis.
2387 692 2402 722 ι
2431 673 2764 738 Sacerdotis,
2797 675 2966 742 inquit
2995 677 3059 741 η,
3089 677 3176 744 qui
3209 677 3392 732 olferet
3417 688 3469 732 et
3499 694 3584 731 re-

2049 761 2356 826 propitiahit
2404 761 2528 812 illud
2575 760 2704 829 (32),
2740 762 2902 828 ipsius
2937 765 3058 815 erit.
3089 781 3107 812 ι
3160 764 3372 817 Discant
3403 781 3584 819 sacer-

2050 846 2202 900 dotes
2244 847 2470 910 Domini,
2498 848 2585 913 qui
2617 848 2870 902 Ecclcsiis
2903 859 3156 917 praesunt,
3183 851 3305 916 quia
3346 867 3466 918 pars
3503 853 3584 905 eis

2051 935 2168 988 data
2205 944 2285 988 est
2319 951 2440 986 cum
2472 935 2574 997 his,
2612 950 2834 1002 quorum
2865 938 3056 990 delicta
3090 938 3579 1004 repropitiaverint.

2051 1021 2184 1086 Quid
2231 1031 2410 1076 autem
2443 1034 2525 1076 est
2559 1025 2910 1092 repmpitiare
2953 1025 3241 1078 delictum?
3276 1023 3331 1076 Si
3381 1040 3586 1080 assum-

2050 1112 2220 1178 pseris
2262 1121 2626 1178 peccatorem,
2688 1121 2742 1165 et
2790 1115 3086 1176 monendo,
3137 1114 3431 1176 hortando,
3490 1115 3586 1167 do-

2050 1201 2236 1262 cendo,
2270 1200 2598 1262 instruendo,
2623 1200 2907 1252 adduxeris
2935 1216 3051 1253 eum
3088 1201 3152 1253 ad
3185 1201 3576 1268 pmnitenliam,

2051 1284 2116 1336 ab
2147 1298 2330 1336 errore
2372 1287 2686 1347 correxeris,
2719 1301 2748 1338 a
2785 1288 2930 1339 vitiis
2958 1288 3346 1348 emendaveris,
3375 1297 3427 1340 et
3461 1288 3585 1340 etre-

2049 1373 2189 1426 ceris
2217 1389 2335 1425 eum
2375 1374 2553 1437 talem,
2584 1385 2638 1425 ut
2665 1376 2712 1426 ei
2754 1389 3011 1428 converso
3042 1378 3298 1444 propitius
3327 1377 3412 1429 ﬁat
3445 1378 3582 1431 Deus

2050 1476 2143 1527 pro
2189 1460 2413 1523 delicto,
2470 1461 2847 1528 repropitiasse
2917 1463 3130 1516 diceris.
3179 1463 3233 1516 Si
3282 1479 3408 1532 ergo
3457 1465 3577 1518 talis

2052 1547 2214 1600 fueris
2272 1547 2546 1609 sacerdos,
2610 1556 2661 1600 et
2715 1547 2835 1600 talis
2892 1547 3052 1601 fuerit
3111 1549 3350 1602 doctrina
3399 1562 3486 1604 tua
3530 1560 3584 1604 et

2051 1649 2225 1687 sermo
2271 1643 2409 1697 tuus,
2447 1649 2568 1700 pars
2601 1635 2695 1688 tibi
2740 1636 2895 1688 datur
2926 1637 3034 1705 (53)
3070 1651 3251 1691 eorum
3294 1654 3428 1706 quos
3459 1655 3578 1694 cor-

1983 1715 2022 1766 Β
2053 1724 2280 1786 rexeris;
2327 1733 2382 1776 ut
2428 1723 2631 1776 illorum
2688 1726 2935 1778 meritum
2983 1736 3068 1778 tua
3128 1742 3330 1781 merces
3374 1729 3476 1792 sit,
3521 1738 3578 1782 et

2049 1810 2208 1878 209
2251 1812 2458 1864 illorum
2519 1812 2662 1866 salus
2696 1823 2780 1864 tua
2829 1814 3014 1881 gloria.
3062 1814 3168 1868 Aut
3217 1831 3319 1868 non
3358 1827 3410 1870 et
3443 1819 3582 1886 Apo-

2057 1903 2225 1954 stolus
2247 1904 2356 1956 hare
2383 1904 2631 1965 ostendit,
2659 1903 2743 1955 tibi
2777 1904 2901 1956 dicit
2933 1903 2994 1967 ³⁷,
3019 1906 3138 1972 quia
3172 1923 3190 1955 ι
3229 1907 3366 1972 quod
3401 1922 3582 1975 supcr-

2047 1992 2383 2044 mdiﬁeavcrit
2454 1993 2571 2057 quis
2629 1993 2924 2044 mercedem
2989 1993 3252 2060 accipiet?
3303 2012 3322 2044 ι
3380 1994 3580 2049 Intelli-

2046 2079 2350 2147 gantigitur
2383 2081 2688 2134 sacerdotes
2733 2081 2960 2143 Domini,
3004 2081 3090 2133 ubi
3121 2083 3198 2134 eis
3225 2083 3344 2134 data
3403 2086 3578 2151 portio

2047 2175 2149 2227 est,
2179 2177 2228 2219 et
2260 2168 2309 2218 in
2349 2169 2448 2221 hoc
2475 2177 2663 2220 vacent
2687 2178 2845 2235 atque
2898 2169 2980 2221 his
3026 2183 3236 2237 operam
3283 2175 3426 2226 dent.
3464 2172 3577 2226 Non

2047 2257 2397 2311 se'inanibus
2441 2266 2495 2310 et
2540 2258 2820 2324 superﬁuis
2883 2258 3087 2311 actibus
3143 2259 3432 2326 implicent,
3483 2263 3575 2315 sed

2047 2343 2217 2394 sciant
2243 2358 2298 2396 se
2330 2346 2381 2396 in
2413 2345 2554 2397 nullo
2576 2346 2677 2397 alio
2703 2355 2904 2413 partem
2935 2345 3208 2398 habituros
3224 2347 3360 2413 apud
3383 2348 3574 2413 Deum,

2046 2430 2145 2482 nisi
2168 2431 2218 2482 in
2244 2445 2306 2482 co
2335 2433 2472 2498 quod
2505 2430 2734 2484 oﬂ'erunt
2791 2430 2898 2500 (54)
2954 2445 3053 2498 pro
3097 2434 3362 2500 peccatis,
3396 2434 3445 2486 id
3475 2445 3576 2501 est,

2046 2520 2182 2585 quod
2217 2534 2246 2571 a
2273 2520 2352 2572 via
2376 2521 2572 2587 peccati
2610 2521 2966 2574 converterint
2995 2531 3318 2587 peccatores.
3363 2523 3572 2576 Notan-

2045 2609 2167 2659 dum
2198 2609 2355 2660 eliam
2384 2609 2506 2662 illud
2534 2619 2638 2674 est,
2669 2610 2806 2675 quod
2837 2625 2952 2676 qute
2999 2609 3292 2663 offeruntur
3329 2613 3381 2664 in
3429 2613 3576 2666 holo-

2045 2707 2303 2758 caustum,
2359 2697 2609 2749 interiora
2659 2708 2817 2770 sunt;
2851 2698 2989 2764 qttod
3021 2711 3148 2749 vero
3183 2700 3422 2752 exterius
3472 2711 3575 2766 est,
3635 2751 3642 2754 _

2045 2781 2266 2836 Domino
2321 2799 2422 2835 non
2455 2782 2688 2836 oﬂ‘ertur.
2725 2785 2882 2837 Pellis
2933 2783 3153 2837 Domino
3202 2801 3305 2837 non
3336 2786 3576 2853 oﬂ‘ertur,

2046 2887 2140 2924 nec
2161 2873 2299 2925 cedit
2328 2872 2379 2924 in
2411 2871 2874 2926 holocaustomata.
2908 2871 3052 2924 Talis
3099 2870 3208 2940 (55)
3255 2872 3354 2926 fuit
3385 2885 3439 2928 et
3487 2875 3577 2928 ille

372 2970 470 3031 sit,
515 2981 647 3021 cum
706 2980 817 3018 non
863 2962 1096 3016 facimus
1140 2975 1201 3013 ea
1268 2973 1385 3025 qua;
1436 2958 1608 3012 facere
1658 2959 1943 3020 debemus;
1975 2999 2016 3054 Ο
2051 2963 2188 3014 ﬁlius
2211 2961 2364 3026 Juda,
2393 2963 2478 3028 qui
2513 2962 2912 3016 dicebaturller
2943 2962 3003 3027 ιθ,
3027 2965 3165 3028 quod
3195 2963 3572 3030 interpretatur

373 3071 670 3128 peccatum
703 3070 839 3109 vero
881 3056 974 3115 sit;
999 3067 1121 3105 cum
1159 3051 1537 3102 committimus
1567 3064 1627 3103 ea
1661 3064 1773 3117 qua)
1809 3065 1946 3102 com-

375 3152 600 3204 mittere
631 3162 743 3200 non
780 3145 1062 3198 debemus.
1091 3141 1196 3192 Sed
1234 3140 1345 3192 hinc
1375 3139 1623 3207 quoniam
1672 3155 1774 3191 non
1807 3154 1944 3191 sem-

368 3255 464 3308 per
497 3241 556 3291 in
598 3233 914 3302 Scripturis
954 3229 1150 3282 divinis
1192 3227 1290 3279 sub
1337 3227 1435 3278 ista
1484 3226 1826 3279 distinctione
1861 3226 1942 3276 ir.-

364 3330 650 3388 venimus,
698 3324 912 3376 idcirco
947 3316 1274 3388 generaliter
1304 3313 1567 3368 aﬂirmare
1613 3329 1714 3366 non
1757 3329 1945 3380 possu-

364 3434 506 3472 mus.
558 3415 740 3483 lgitur
780 3410 977 3464 eodem
1024 3406 1180 3458 modo
1227 3415 1382 3469 atque
1425 3403 1610 3456 eadem
1663 3403 1944 3454 traditione

361 3508 421 3561 de
459 3502 757 3558 sacriﬁcio
812 3499 958 3567 quod
1012 3509 1110 3564 pro
1157 3493 1351 3547 delicto
1399 3491 1643 3553 oﬂ‘ertur,
1677 3491 1941 3558 accipien-

358 3598 484 3648 dum
525 3602 640 3654 est,
671 3604 784 3657 quo
809 3597 866 3648 et
894 3601 1054 3654 supra
1089 3584 1435 3652 exposuimus
1483 3583 1547 3634 de
1578 3595 1642 3633 eo
1675 3581 1813 3646 quod
1846 3593 1942 3646 pro

353 3691 599 3752 peccato
633 3688 743 3733 est.
783 3675 1052 3729 Similiter
1094 3673 1235 3726 enim
1279 3671 1534 3740 jubentur
1574 3667 1756 3734 adipes
1801 3665 1942 3719 arie-

352 3773 442 3836 tis,
481 3772 527 3823 ii
563 3767 669 3836 qui
705 3766 857 3819 circa
901 3776 1058 3816 renes
1088 3769 1233 3824 sunt,
1263 3769 1317 3812 et
1360 3758 1392 3810 ii
1423 3757 1509 3825 qui
1547 3756 1793 3808 interiora
1819 3768 1943 3819 ope-

348 3863 538 3921 riunt,
577 3855 793 3922 imponi
827 3867 990 3920 super
1034 3851 1242 3904 altare:
1279 3856 1336 3900 ut
1375 3857 1429 3900 et
1474 3858 1527 3898 tu
1570 3846 1658 3911 qui
1707 3846 1818 3896 haec
1847 3858 1942 3894 au-

343 3953 446 4015 dis,
488 3949 652 4002 scias
684 3957 850 3996 omne
882 3942 1022 4009 quod
1053 3949 1131 3994 est
1162 3941 1298 3991 intra
1327 3947 1378 3990 te
1403 3936 1640 3989 crassius
1687 3943 1742 3986 et
1773 3933 1942 4000 operit

339 4039 639 4094 interiora
677 4043 796 4096 tua,
818 4031 1018 4083 debere
1048 4038 1096 4081 te
1124 4027 1318 4080 oﬂ'erre
1350 4025 1457 4094 igni
1495 4023 1704 4086 altaris,
1733 4032 1789 4075 ut
1822 4036 1939 4089 pur-

335 4138 564 4196 gentur
591 4122 786 4175 omnia
825 4117 1083 4170 interiora
1119 4125 1230 4175 tua,
1258 4122 1312 4166 et
1340 4114 1484 4164 dicas
1522 4121 1577 4164 et
1607 4119 1680 4174 ιιι,
1721 4109 1856 4161 sicut
1884 4116 1938 4160 et

337 4216 534 4271 David
571 4211 804 4266 dicebat
830 4208 874 4238 “
896 4227 910 4266 ;
942 4224 959 4255 ι
989 4204 1236 4268 Benedic,
1263 4203 1440 4255 anima
1467 4214 1606 4262 mea,
1638 4199 1933 4257 Dominum,

2049 3051 2221 3116 pellis.
2265 3051 2546 3117 Propterea
2581 3059 2632 3104 et
2657 3049 2888 3118 Iler(56)
2912 3051 3170 3117 pessimus
3191 3059 3324 3112 erat,
3349 3059 3402 3104 et
3434 3051 3576 3105 occi-

2044 3139 2120 3192 dit
2149 3154 2266 3192 eum
2297 3140 2451 3202 Deus,
2472 3141 2589 3206 quia
2621 3139 2703 3193 isti
2729 3139 2855 3192 tales
2887 3139 3109 3194 Domino
3133 3155 3233 3192 non
3260 3139 3572 3196 offeruntur.

2111 3227 2164 3280 5.
2195 3245 2213 3277 ι
2245 3227 2306 3278 Et
2331 3241 2485 3280 omne
2525 3228 2841 3280 sacriﬁcium
2887 3228 3023 3294 quod
3053 3229 3142 3281 ﬁet
3181 3228 3232 3280 in
3261 3227 3491 3294 clibano,
3520 3239 3573 3280 et

2042 3329 2195 3367 omne
2217 3316 2353 3382 quod
2382 3318 2471 3366 ﬁet
2505 3315 2556 3366 in
2597 3315 2870 3378 craticula,
2914 3315 2992 3367 vel
3045 3316 3097 3368 in
3154 3317 3448 3382 sartagine,
3487 3331 3572 3368 sa.

2043 3403 2270 3455 cerdotis
2294 3403 2382 3475 qui
2408 3400 2595 3454 oll'eret
2633 3403 2755 3454 illud
2781 3404 2942 3470 ipsius
2979 3406 3080 3457 erit
3108 3407 3168 3455 ¹⁹.
3205 3423 3222 3455 ι
3261 3405 3395 3469 Quid
3433 3405 3566 3458 dici-

2041 3488 2531 3542 mus?Putamusne
2569 3490 2705 3555 quod
2757 3492 3094 3558 omnipotens
3144 3491 3280 3545 Deus
3338 3493 3427 3560 qui
3487 3509 3572 3547 re-

2043 3596 2235 3649 sponsa
2263 3581 2426 3649 Moysi
2457 3583 2667 3635 caelitus
2685 3583 2860 3646 dabat,
2886 3583 2948 3636 de
2965 3584 3190 3647 clibano,
3214 3590 3266 3635 et
3290 3584 3563 3645 craticula,

2041 3678 2094 3722 et
2123 3670 2389 3736 sartagine
2423 3669 2728 3737 praeceperit
2768 3671 2907 3737 (57);
2955 3681 3013 3722 ut
3066 3672 3296 3722 disceret
3341 3669 3564 3737 populus

2039 3773 2132 3824 per
2155 3757 2388 3826 Moysen,
2418 3759 2540 3824 quia
2569 3772 2662 3824 per
2690 3759 2802 3810 haec
2834 3761 2970 3812 Deus
2992 3760 3069 3811 eis
3103 3759 3359 3826 pronitius
3383 3759 3495 3820 ﬁet,
3519 3761 3562 3812 si

2041 3847 2278 3912 qumdam
2310 3846 2360 3898 in
2392 3845 2658 3913 sartagine
2708 3846 2970 3910 frixerint,
2999 3848 3234 3913 quaedam
3263 3846 3316 3898 in
3357 3847 3566 3900 clibano

2039 3936 2296 3997 coxerint,
2326 3935 2562 4001 quaedam
2591 3936 2642 3987 in
2677 3935 2930 3988 craticula
2968 3935 3301 3987 assaverint?
3331 3933 3435 3988 Sed
3461 3951 3564 3988 non

2038 4024 2109 4076 ita
2136 4023 2386 4076 Ecclesiae
2413 4021 2560 4089 pueri
2594 4023 2862 4074 Christum
2915 4021 3234 4084 didicerunt,
3275 4036 3372 4076 nec
3410 4025 3482 4076 ita
3511 4025 3563 4076 in

2037 4127 2155 4165 eum
2187 4125 2280 4179 per
2309 4111 2573 4177 apostolos
2595 4110 2786 4164 eruditi
2813 4117 2959 4170 sunt,
2987 4119 3044 4160 ut
3076 4110 3140 4161 de
3181 4111 3405 4163 Domino
3451 4126 3564 4162 ma-

2031 4201 2236 4267 jestatis
2267 4200 2462 4266 aliquid
2494 4208 2598 4251 tam
2647 4198 2846 4252 humile
2882 4206 2935 4250 et
2974 4209 3078 4250 tam
3109 4198 3210 4252 vile
3252 4199 3560 4266 suscipiant.

331 4270 390 4360 et
432 4302 658 4358 omnia
711 4296 971 4351 interiora
1023 4308 1136 4346 mea
1201 4305 1392 4344 nomen
1455 4299 1694 4343 sanctum
1745 4287 1879 4354 ejus.
1909 4305 1926 4337 ι
1966 4291 2006 4342 D
2035 4288 2170 4352 Quin
2214 4287 2385 4354 potius
2429 4286 2716 4339 secundum
2773 4270 3062 4353 spiritalem
3107 4299 3355 4349 sensum,
3404 4304 3560 4357 quem

327 4393 454 4447 Nisi
517 4388 684 4442 enim
729 4383 910 4437 ablata
956 4381 1116 4434 fuerit
1169 4379 1467 4432 crassitudo
1500 4378 1586 4430 illa
1632 4391 1749 4443 quae
1802 4375 1931 4443 tegit

325 4480 636 4537 interiora
683 4483 814 4534 tua,
852 4487 956 4524 non
1003 4477 1224 4538 possunt
1270 4467 1512 4520 subtilem
1554 4475 1607 4518 et
1640 4464 1932 4533 spiritalem

322 4582 557 4640 capere
587 4576 843 4620 sensum,
873 4574 970 4612 nec
1002 4566 1224 4626 possunt
1257 4555 1580 4608 intellectum
1621 4569 1811 4622 capere
1851 4567 1933 4604 sa-

322 4655 607 4728 pientis,
651 4661 708 4704 et
759 4649 880 4701 ideo
933 4646 1220 4700 Dominum
1273 4645 1487 4697 laudare
1532 4658 1634 4696 non
1691 4650 1934 4710 possunt.

319 4746 504 4816 Quod
554 4743 607 4796 si
659 4740 905 4792 ablatum
937 4737 1100 4790 fuerit
1133 4748 1296 4787 omne
1333 4733 1470 4800 quod
1522 4733 1715 4800 pingue
1743 4740 1825 4784 est
1868 4733 1933 4786 de

395 4858 455 4889 ι’
506 4847 704 4905 Levit.
733 4860 831 4910 vn,
862 4845 914 4896 1.
1031 4843 1074 4873 ⁸³
1114 4841 1263 4910 ibid._
1289 4841 1338 4891 7.
1443 4837 1676 4910 {‘lJoan.
1722 4852 1773 4890 ν.

319 4927 363 4960 ιι
397 4924 646 4978 Genes.
677 4907 908 4988 xxxviii,
935 4911 988 4963 6.
1067 4911 1111 4946 "
1139 4908 1412 4970 Levit.v1t,
1441 4907 1494 4961 9.

395 5010 541 5081 (29)
591 5005 702 5058 Ms.
726 5042 742 5066 ,
780 5021 799 5053 ι
838 5003 939 5056 ista
991 5012 1299 5054 servamus.
1329 5015 1348 5047 ι
1391 4997 1540 5051 Libb.
1582 4997 1737 5063 editi,
1779 5017 1798 5050 ι
1835 5000 1932 5053 ista

312 5089 672 5138 servemus.
702 5090 722 5122 ι

394 5131 541 5218 (592
564 5141 697 5218 “in
733 5157 751 5188 ε
775 5137 1132 5218 iussum-.1
1146 5131 1324 5218 Pi‘i‘):
1348 5131 1930 5218 θξέἓξὶκξὶνδηιαηνιτιι

596 5199 1168 5280 Ῠιιέηίπίην-ιςιιὶιυι·
1213 5214 1328 5280 esse
1375 5199 1676 5250 discretum.
1707 5217 1725 5249 ι
1779 5201 1932 5256 Libb.

307 5271 494 5341 editi.
528 5271 563 5329 ’ς
591 5277 915 5341 invenietur
947 5271 1396 5341 disert-tumin]
1434 5333 1445 5341 ι
1469 5332 1480 5341 “

391 5331 530 5418 ea
573 5347 700 5418 Man
740 5331 1927 5418 ι,ει-ςέιςιξειξξξξιξιξηράν..ιτειιυο

308 5398 548 5475 edi‘lvirla
576 5398 748 5472 σπάνι
795 5405 941 5460 illud
994 5409 1063 5475 et.
1117 5398 1481 5475 retirtipitiabit
1522 5401 1928 5475 pro__t_lelicto._i

311 5460 484 5542 {Si};
508 5460 743 5542 .;.;.”."«'
771 5460 1196 5542 repronitjpre‘
1221 5463 1479 5542 delictum.
1512 5460 1536 5515 ἰ
1577 5465 1717 5520 Libb.
1765 5471 1932 5534 editi,

315 5524 925 5628 2"}éiir35iia’aée'b'ro
962 5524 1202 5584 ἶιυιὶειοο
1228 5546 1246 5578 ι
1299 5528 1448 5584 Paulo
1487 5543 1590 5599 post
1634 5549 1758 5597 ms.,
1803 5555 1822 5589 ς
1851 5524 1932 5593 τοὶ

1882 4837 1925 4869 ⁸⁸
1965 4837 2098 4889 Psal.
2137 4851 2250 4901 cm,
2305 4838 2355 4889 1.

2037 4376 2255 4442 Spiritus
2293 4374 2454 4426 donat
2505 4373 2772 4436 Ecclesiae,
2800 4374 3076 4427 videamus
3117 4375 3254 4442 quod
3301 4375 3369 4428 sit
3421 4377 3560 4428 istud

2037 4462 2372 4524 sacriﬁcium,
2396 4462 2536 4528 quod
2568 4470 2826 4528 coquatur
2857 4460 2909 4513 in
2945 4462 3178 4524 clibano,
3208 4461 3289 4514 vel
3308 4464 3426 4528 quis
3457 4464 3555 4518 iste

2037 4553 2270 4606 clibanus
2305 4551 2528 4618 intelligi
2569 4541 2776 4606 debeat.
2824 4550 2926 4604 Sed
2966 4552 3052 4604 ubi
3100 4552 3361 4604 inveniam
3401 4553 3559 4606 modo

2038 4642 2101 4693 ad
2137 4640 2364 4692 subitum
2390 4638 2714 4706 Scripturam
2767 4639 3023 4704 divinam,
3073 4654 3193 4706 qua:
3244 4655 3326 4692 me
3381 4641 3562 4694 doceat

2035 4729 2160 4796 quid
2196 4725 2302 4795 (58)
2331 4727 2694 4780 sitclibauus?
2727 4726 3003 4779 Dominum
3047 4743 3218 4782 meum
3255 4727 3432 4782 Jesum
3476 4729 3559 4781 in-

2459 4835 2504 4866 “
2542 4833 2709 4888 Levit.
2751 4849 2847 4900 vn,
2888 4836 2941 4890 9.
3049 4837 3093 4867 "
3133 4834 3154 4888 ι
3187 4836 3309 4890 Cor.
3350 4850 3430 4902 tn,
3472 4835 3556 4890 14.

2038 4995 2354 5077 propitiasse
2389 4995 2631 5048 diceris.»
2661 4993 2818 5050 Libb.
2853 4995 3000 5060 editi,
3033 5013 3050 5046 ι
3082 4996 3432 5064 repmpitiare
3477 4994 3556 5047 di-

2039 5080 2367 5199 ce{3lf’>.)’M-s.,
2403 5147 2421 5180 ι
2451 5129 2626 5199 datur.
2647 5148 2663 5178 ι
2699 5129 2852 5199 Libb.
2879 5131 3027 5192 editi,
3063 5150 3080 5180 ι
3103 5131 3329 5199 dabitur.
3354 5147 3372 5180 ι

2098 5196 2204 5270 (54)
2235 5199 2353 5270 bis,
2399 5198 2704 5270 ¢_oll_crt_tnt.
2751 5216 2768 5246 ι
2815 5198 2964 5270 Libb.
2997 5199 3145 5270 editi,
3197 5213 3215 5246 ι
3259 5196 3496 5250 oﬂertur.
3525 5210 3546 5243 ι

2099 5264 2206 5337 (55)
2241 5267 2372 5337 bim,
2391 5283 2409 5314 ι
2441 5265 2848 5337 iii_ltolocattsto.
2876 5265 3002 5316 Nam
3030 5264 3170 5316 talis.
3208 5281 3229 5313 ι

2099 5331 2208 5402 (56)
2239 5334 2298 5384 Et
2325 5331 2449 5384 "er.
2487 5333 2640 5383 Deest
2665 5332 2838 5402 intus.
2893 5396 2912 5402 _
2938 5397 2967 5402 η
2994 5397 3005 5402 _
3137 5397 3165 5402 __
3197 5395 3208 5402 _
3505 5393 3518 5402 _
3611 5389 3620 5396 ,

2099 5393 2208 5473 (57)
2238 5402 2357 5462 Ms.,
2395 5417 2412 5449 ι
2458 5397 2785 5466 praeceperit.
2825 5415 2842 5448 ι
2891 5396 3044 5449 Libb.
3084 5395 3233 5458 editi,
3288 5411 3308 5444 ι
3366 5393 3552 5460 ιπερὶ·-

2031 5483 2206 5610 Ρθῖἓὲ)
2236 5489 2358 5600 ἱιβ..
2388 5553 2406 5586 ι
2440 5533 2586 5602 quid.
2623 5547 2640 5580 ι
2680 5529 2827 5583 Libb.
2859 5527 3007 5585 editi.
3045 5543 3064 5577 ι
3099 5528 3239 5596 quis.
3278 5543 3297 5576 ι
