3948 6244
330 307 432 363 455

333 509 469 572 nire,
497 513 551 559 et
581 504 810 573 pulsanti
833 501 1060 571 aperiat,
1095 506 1152 551 ut
1178 499 1444 552 inveniam
1484 497 1536 551 in
1575 495 1864 563 Scripturis

328 599 618 660 elibauum,
653 595 743 649 ubi
792 595 1000 665 possim
1044 605 1271 659 coquere
1321 587 1636 643 sacriﬁcium
1669 600 1863 646 meum,

330 686 666 754 utsuscipiat
696 684 821 738 illud
863 685 1023 737 Deus.
1078 681 1140 735 Et
1185 681 1403 748 quidem
1456 679 1725 733 invenisse
1781 690 1865 730 me

333 786 458 844 puto
498 776 551 829 in
581 774 714 828 Osee
761 773 1016 841 propheta
1050 771 1137 824 ubi
1176 770 1308 824 dicit
1331 772 1376 802 ⁸ο
1405 786 1418 824 :
1450 787 1470 820 ι
1515 768 1712 823 Omnes
1738 780 1868 823 mte-

334 869 579 927 chantes,
625 862 763 916 sicut
805 860 1047 914 clibanus
1090 871 1384 911 succensus
1425 857 1489 910 ad
1549 856 1868 909 comburen-

334 955 479 1008 dum.
525 951 644 1015 [Et
686 951 879 1004 iterum
908 950 994 1003 “z
1028 966 1046 999 ι
1079 947 1437 1008 lncaluerunt,
1485 945 1682 1012 inquit,
1731 944 1870 996 sicut

334 1043 572 1097 clibanus
594 1040 752 1094 corda
783 1053 986 1092 eorum.
1022 1057 1040 1089 ι
1073 1038 1179 1091 Cor
1208 1050 1337 1104 ergo
1378 1042 1462 1088 est
1495 1033 1724 1087 hominis
1772 1031 1869 1085 cli-

337 1137 523 1188 banus.
555 1132 696 1185 Istud
726 1139 900 1184 autem
957 1143 1050 1182 cor
1090 1128 1135 1181 si
1167 1125 1296 1179 vitia
1347 1122 1734 1185 succenderint,
1787 1119 1871 1172 vel

337 1222 574 1277 diabolus
602 1221 711 1292 (39)
735 1216 1161 1281 inllammaverit,
1198 1229 1302 1268 non
1337 1221 1551 1281 coquet,
1610 1212 1699 1264 sed
1738 1225 1871 1263 exu-

338 1320 438 1365 ret.
458 1310 514 1364 Si
542 1324 668 1364 vero
694 1308 855 1362 illeid
887 1304 1240 1368 succenderit,
1268 1302 1359 1370 qui
1388 1299 1522 1355 dixit
1541 1302 1619 1351 “z
1649 1317 1666 1350 ι
1693 1300 1869 1366 ignem

337 1400 457 1453 veni
498 1399 707 1452 mittere
732 1397 785 1449 in
828 1404 1044 1459 terram,
1083 1411 1101 1443 ι
1142 1405 1307 1461 panes
1359 1389 1754 1456 Seripturarum
1802 1387 1876 1439 di-

340 1490 583 1541 vinarum
622 1496 674 1540 et
697 1498 1000 1539 sermonum
1036 1482 1151 1547 Dei,
1182 1495 1321 1549 quos
1344 1481 1396 1533 in
1423 1479 1585 1532 corde
1624 1477 1871 1545 suscipio,

343 1591 446 1628 non
495 1589 663 1628 exuro
712 1573 778 1624 ad
812 1569 1182 1639 perditionem,
1220 1569 1311 1621 sed
1359 1581 1528 1633 coquo
1569 1565 1634 1616 ad
1674 1564 1877 1617 sacriﬁ-

343 1665 506 1718 cium.
537 1663 601 1728 Et
625 1660 863 1714 fortassis
907 1659 994 1711 illa
1041 1657 1196 1724 coqui
1238 1657 1489 1710 dicuntur
1536 1653 1586 1704 in
1645 1652 1872 1709 clibano,

342 1768 460 1821 qua!
486 1750 738 1805 interiora
759 1757 885 1801 sunt
915 1756 969 1801 et
998 1744 1294 1809 recondita,
1320 1756 1418 1796 nec
1448 1739 1671 1809 proferri
1720 1737 1876 1790 facile

342 1840 407 1893 ad
433 1838 619 1906 vulgus
645 1844 866 1906 possunt
899 1850 914 1898 ;
954 1841 1076 1888 sunt
1102 1832 1242 1886 enim
1280 1829 1444 1882 multa
1488 1829 1540 1879 in
1584 1825 1878 1893 Seripturis

345 1926 540 1981 divinis
580 1922 904 1991 huiusmodi,
942 1922 1082 1975 sicut
1115 1920 1251 1987 apud
1283 1915 1612 1970 Ezec‘hielem
1651 1914 1716 1978 ",
1758 1928 1878 1966 cum

345 2016 427 2070 vel
451 2016 515 2069 de
536 2013 829 2077 cherubim,
876 2010 963 2065 vel
1014 2011 1078 2063 de
1119 2009 1228 2062 Deo
1278 2008 1427 2061 etde
1477 2005 1565 2057 illa
1600 2003 1879 2071 magniﬁca

347 2105 550 2157 visione
578 2101 912 2156 describitur.
940 2098 1066 2152 Haec
1092 2098 1137 2150 si
1169 2096 1221 2149 in
1262 2095 1471 2149 clibano
1508 2107 1609 2145 non
1653 2106 1883 2157 coquan-

349 2202 457 2256 tur,
488 2191 693 2245 comedi
734 2189 806 2244 ita
836 2198 893 2241 ut
927 2197 1050 2242 sunt
1079 2187 1240 2240 cruda
1280 2198 1382 2237 non
1424 2191 1665 2251 possunt.
1697 2179 1884 2249 Neque

348 2283 492 2335 enim
516 2280 848 2333 credendum
880 2286 981 2338 est,
1010 2276 1150 2345 quod
1190 2276 1259 2329 sit
1297 2273 1494 2327 animal
1533 2272 1797 2340 quoddam
1830 2271 1883 2323 in

349 2370 518 2423 forma
542 2368 714 2422 leonis
750 2369 1003 2437 positum,
1025 2381 1132 2436 quo
1161 2367 1385 2419 vehatur
1424 2364 1580 2426 Deus,
1625 2364 1706 2415 vel
1745 2360 1885 2414 aliud

350 2461 404 2512 in
432 2457 601 2512 forma
624 2457 772 2511 vituli
801 2456 935 2526 (40),
959 2467 1049 2508 aut
1081 2455 1289 2523 aquilae.
1320 2452 1441 2505 llaec
1472 2466 1601 2519 ergo
1625 2459 1679 2503 et
1711 2451 1753 2503 si
1785 2465 1887 2518 qua

353 2546 650 2614 huiusmodi
672 2553 813 2609 sunt,
841 2562 944 2598 non
975 2553 1099 2598 sunt
1130 2543 1291 2597 cruda
1321 2539 1662 2610 proferenda,
1698 2540 1791 2593 sed
1827 2540 1884 2592 in

354 2635 530 2689 cordis
575 2635 785 2686 clibano
827 2642 950 2687 sunt
1001 2632 1296 2700 coquenda.
1345 2630 1469 2684 Tria
1532 2629 1710 2696 itaque
1767 2640 1889 2682 sunt

356 2727 488 2787 haec,
517 2724 567 2777 in
596 2723 787 2791 quibus
812 2722 941 2776 dicit
970 2721 1231 2775 sacriﬁcia
1255 2719 1446 2772 debere
1481 2716 1793 2784 praeparari,
1837 2717 1887 2768 in

355 2813 586 2875 clibano,
628 2810 680 2863 in
713 2809 1007 2875 sartagine,
1046 2810 1096 2860 in
1143 2805 1398 2860 craticula
1432 2822 1444 2857 :
1480 2811 1533 2856 et
1568 2812 1699 2871 puto
1747 2805 1890 2869 quod

354 2903 596 2957 clibanus
623 2901 911 2956 secundum
952 2900 1035 2955 sui
1060 2897 1286 2953 formam
1314 2895 1685 2968 profundiora,
1730 2904 1783 2948 et
1827 2909 1890 2948 ea

355 3007 472 3060 qua:
495 3000 616 3045 sunt
642 2989 1018 3044 inenarrabilis
1049 2964 1394 3055 signiﬁcet-in
1425 2986 1719 3054 Scripturis
1743 2984 1883 3039 divi-
1915 3007 1957 3063 ε
1994 2990 2180 3029 sensus
2206 2971 2432 3035 Chrisli.
2464 2971 2632 3024 cliam
2669 2985 2775 3040 ego
2808 2971 2867 3024 in
2925 2972 3027 3026 his
3084 2973 3398 3030 dicerem
3441 2964 3505 2995 ⁸⁵
3549 2980 3574 3017 ἶ

356 3082 460 3135 nis.
487 3080 711 3150 Sartago
761 3095 886 3134 vero
935 3094 997 3133 ea
1044 3093 1164 3145 quae
1207 3078 1251 3130 si
1298 3076 1605 3143 frequenter
1638 3089 1701 3129 ac
1752 3089 1892 3141 strpe

355 3179 662 3235 versentur,
702 3169 923 3239 intelligi
960 3178 1014 3222 et
1055 3167 1310 3235 explicari
1346 3173 1586 3233 possunt.
1632 3164 1895 3218 Craticula

358 3266 534 3312 autem
562 3274 622 3312 ea
653 3273 773 3326 qua:
804 3258 980 3327 palam
1025 3265 1168 3322 sunt,
1194 3264 1248 3308 et
1285 3255 1484 3322 absque
1524 3253 1696 3319 aliqua
1748 3252 1899 3307 obte-

358 3348 536 3401 ctione
564 3357 868 3402 cernuntur.
925 3344 1211 3414 Triplicem
1258 3357 1486 3410 namque
1514 3342 1565 3394 in
1610 3340 1900 3408 Scripturis

368 3436 560 3489 divinis
598 3436 954 3505 intelligentia:
980 3435 1207 3488 inveniri
1234 3448 1377 3501 smpe
1398 3432 1629 3485 diximus
1666 3431 1899 3490 modum,

371 3526 703 3591 historicum,
739 3525 991 3579 moralem
1018 3533 1073 3578 et
1123 3523 1429 3592 mysticum.
1462 3520 1614 3574 Unde
1638 3526 1691 3571 et
1714 3532 1903 3586 corpus

371 3615 548 3668 inesse
592 3614 661 3678 ei,
710 3625 763 3667 et
803 3614 1056 3676 animam,
1108 3626 1172 3666 ac
1227 3611 1471 3680 spiritum
1520 3608 1900 3662 intelleximus.

364 3705 524 3771 Cujus
554 3703 913 3771 intelligentiae
943 3701 1203 3769 lt‘ipliCetn
1254 3700 1478 3752 formam
1521 3696 1901 3752 sacriﬁciorum

362 3795 554 3867 triplex
579 3793 663 3847 hic
695 3802 978 3860 apparatus
1012 3791 1267 3845 ostendit.
1303 3788 1411 3842 Sed
1434 3797 1488 3842 et
1520 3787 1644 3840 alibi
1694 3786 1903 3839 inveni-

373 3900 508 3945 mus,
534 3885 585 3936 id
606 3890 688 3935 est
721 3882 773 3934 iu
812 3881 895 3934 his
941 3882 1091 3949 ipsis,
1132 3893 1249 3947 qua:
1289 3878 1355 3932 de
1386 3876 1663 3931 sacriﬁciis
1705 3888 1907 3928 memo-

372 3983 576 4037 rantur,
626 3972 729 4025 dici
788 3971 1084 4024 canistrum
1131 3978 1380 4021 sanctum
1437 3965 1805 4034 perfectionis,
1853 3965 1904 4015 in

371 4078 475 4130 quo
507 4072 613 4114 tres
643 4073 805 4128 panes
837 4059 1016 4111 haberi
1050 4058 1394 4109 mandantur.
1428 4057 1585 4110 Vides
1614 4067 1908 4108 consonare

373 4152 476 4206 sibi
529 4157 981 4204 sacramentorum
1031 4146 1270 4197 omnium
1325 4145 1562 4199 formas?
1602 4144 1906 4198 Cauistrum

374 4236 736 4308 perfectionis,
773 4235 827 4286 in
854 4249 958 4301 quo
988 4244 1095 4288 tres
1118 4250 1281 4303 panes
1310 4236 1434 4304 poni
1480 4235 1754 4305 iubentur,
1781 4232 1907 4299 quid

1619 316 1641 336 ο
1716 280 2020 344 ORIGENIS

330 431 519 474 vocare
542 427 625 470 me
652 422 887 484 oportet,
929 420 988 467 ut
1030 418 1353 480 qutcrentem
1386 422 1471 464 me
1504 406 1666 461 faciat
1711 404 1862 459 inve-
1892 411 1935 463 Α
1963 401 2159 455 ostium
2205 395 2338 464 ejus,
2388 400 2442 447 et
2464 460 2471 465 ι
2494 392 2572 447 ait
2607 391 2659 424 ’⁵
2707 407 2721 443 :

3572 250 3700 304 656

2776 404 2801 439 ι
2841 382 3099 443 Amice,
3141 374 3477 431 commoda
3536 365 3707 420 mihi

1966 500 2072 544 tres
2101 500 2283 556 panes,
2312 460 2567 552 quoniam
2598 480 2828 534 amicus
2852 471 3011 528 mihi
3039 464 3406 536 supervenit.
3443 460 3537 513 de
3565 458 3700 519 via,

1962 589 2017 633 et
2072 550 2178 631 non
2220 550 2390 629 habeo
2448 571 2594 640 quod
2647 578 2947 637 apponam
2995 559 3085 614 ei.
3136 574 3162 607 ι
3202 553 3268 606 In
3311 550 3600 640 quibus,
3637 554 3713 599 ut

1964 668 2199 722 breviter
2220 662 2678 732 perstringamus,
2720 669 2839 709 nox
2891 659 2994 705 est
3034 657 3286 712 tempus
3326 645 3477 698 hoc
3531 638 3716 700 vita,

1966 765 2020 810 et
2066 764 2174 808 tres
2212 725 2380 821 panes
2418 725 2569 810 sunt,
2605 759 2756 799 unus
2794 742 2899 810 qui
2931 738 2994 792 iu
3026 734 3297 795 clibano,
3356 730 3552 782 alius
3600 725 3717 794 qui

1967 846 2018 898 in
2049 843 2339 909 sartagine,
2374 837 2569 892 tertius
2598 835 2693 903 qui
2739 834 2795 885 in
2826 824 3145 884 craticula
3187 823 3525 891 coquitur.

2035 932 2092 986 6.
2134 907 2265 984 Post
2317 931 2432 981 inec
2479 925 2661 993 inquit
2691 925 2788 973 ηε
2834 939 2855 970 ι
2909 918 2989 970 Et
3050 926 3253 968 omne
3291 907 3723 967 sacriﬁcium

1970 1019 2169 1071 iactum
2215 1018 2267 1068 in
2312 1015 2455 1072 oleo,
2502 1014 2622 1066 sive
2669 1026 2783 1063 non
2842 1007 3117 1069 factum,
3180 1003 3484 1054 omnibus
3568 993 3729 1048 ﬁliis

1969 1111 2145 1163 Aaron
2174 1108 2281 1161 erit
2312 1104 2542 1174 singulis
2582 1101 2918 1169 aequaliter.
2978 1115 3001 1147 ι
3056 1091 3244 1159 Quod
3293 1086 3726 1145 sacrificium

1975 1199 2174 1252 factum
2200 1202 2283 1248 est
2310 1196 2362 1247 in
2394 1169 2539 1257 oleo,
2568 1190 2654 1244 vel
2683 1191 2839 1254 quod
2869 1195 2963 1238 est
2984 1198 3113 1236 non
3147 1180 3369 1233 factum
3414 1179 3491 1231 in
3531 1169 3734 1228 oleo?

1972 1286 2308 1341 Sacriﬁcium
2345 1283 2586 1338 salutare
2616 1278 2731 1349 (42)
2779 1277 2836 1328 in
2862 1274 3003 1327 oleo
3046 1269 3187 1324 ﬁeri
3213 1270 3507 1336 iubetur,
3551 1263 3731 1316 sicut

1973 1389 2129 1444 Supra
2159 1377 2270 1444 jam
2322 1373 2583 1426 diximus.
2625 1365 3000 1422 Sacriﬁcium
3055 1374 3208 1413 vero
3261 1374 3365 1427 pro
3432 1358 3733 1424 peccato

1974 1440 2077 1519 non
2113 1440 2244 1516 ﬁtiu
2287 1462 2431 1515 oleo.
2466 1460 2608 1512 Dicit
2643 1456 2795 1510 enim
2833 1452 2884 1483 ³⁸
2921 1470 2937 1503 :
2979 1470 3001 1501 ι
3047 1449 3189 1502 Non
3218 1452 3634 1516 superponel
3664 1440 3729 1494 ei

1975 1556 2172 1616 oleum,
2206 1552 2459 1619 quoniam
2497 1564 2598 1616 pro
2621 1553 2861 1614 peccato
2902 1550 3033 1593 est.
3071 1559 3093 1589 ι
3144 1539 3304 1602 Quod
3361 1548 3548 1602 ergo
3606 1544 3732 1599 pro

1976 1654 2197 1712 peccato
2226 1651 2328 1702 est,
2357 1654 2457 1692 nec
2495 1638 2677 1691 oleum
2710 1634 2937 1687 laetitia:
2997 1631 3083 1691 ei,
3127 1642 3243 1681 nec
3282 1627 3442 1677 thus
3484 1619 3732 1675 suavi-

1908 1713 1949 1765 B
1984 1735 2108 1787 tatis
2131 1731 2450 1800 imponitur.
2494 1720 2578 1780 De
2604 1723 3003 1794 peccantibus
3034 1721 3208 1774 enim
3239 1716 3386 1769 dicit
3426 1713 3736 1781 Aposto-

1979 1823 2062 1875 lus
2089 1821 2133 1852 "
2167 1835 2181 1871 :
2221 1836 2240 1866 ι
2280 1817 2347 1870 Et
2374 1816 2589 1883 lugeam
2628 1828 2750 1874 eos,
2794 1810 2897 1877 qui
2951 1817 3104 1860 ante
3162 1810 3613 1873 peccaverunt
3666 1806 3736 1850 et.

1981 1923 2087 1962 non
2115 1915 2341 1976 egerunt
2366 1900 2775 1970 paenitentiam.
2815 1917 2837 1949 ι
2890 1897 3021 1949 Nec
3052 1896 3219 1949 odor
3254 1894 3301 1946 iu
3347 1906 3446 1944 co
3499 1885 3740 1942 suavi-

1985 1998 2108 2051 tatis
2146 1974 2245 2058 est,
2281 1994 2443 2061 210
2485 1991 2615 2060 quia
2661 2004 2731 2042 ex
2784 2002 3053 2057 persona
3138 1981 3512 2053 peccatoris
3566 1974 3737 2029 dici-

1986 2098 2070 2141 tur
2092 2086 2139 2118 "
2169 2103 2182 2139 :
2214 2105 2232 2136 ι
2268 2085 2747 2150 Computrueruut
2777 2088 2840 2132 et
2886 2086 3209 2142 corrupta:
3248 2082 3393 2129 sunt
3450 2064 3736 2122 cicatri-

1984 2192 2074 2232 ces
2100 2189 2252 2229 mere.
2290 2191 2309 2223 ι
2354 2170 2725 2226 lizecinterim
2756 2184 2785 2220 a
2821 2168 3004 2221 nobis
3041 2168 3378 2220 observata
3431 2167 3605 2215 sunt
3654 2157 3735 2209 de

1986 2262 2248 2332 superiori
2281 2258 2540 2328 capitulo,
2586 2257 2679 2310 ubi
2734 2255 2826 2309 lex
2872 2253 3183 2308 sacrificii
3232 2250 3559 2306 scribitur
3617 2257 3737 2314 pro

1987 2352 2202 2405 delicto.
2245 2348 2362 2402 Non
2407 2356 2590 2400 autem
2632 2346 2834 2400 dubito
2896 2345 3103 2397 multa
3167 2359 3322 2407 esse,
3397 2352 3573 2407 quae
3614 2349 3734 2390 nos

1988 2443 2214 2503 lateant,
2258 2447 2311 2493 et
2353 2452 2571 2492 sensum
2645 2444 2911 2488 nostrum
2979 2445 3291 2503 superent
3331 2428 3524 2501 (45).
3594 2425 3736 2478 Non

1989 2533 2129 2585 enim
2155 2544 2339 2583 sumus
2370 2528 2516 2581 illius
2562 2525 2774 2588 meriti,
2809 2534 2876 2578 ut
2933 2534 2999 2579 et
3043 2540 3170 2578 nos
3230 2524 3443 2578 dicere
3514 2515 3732 2586 possi-

1989 2635 2107 2674 mus
2133 2620 2177 2651 ¹⁹
2212 2637 2226 2673 :
2262 2635 2281 2668 ι
2318 2615 2425 2669 Nos
2460 2627 2641 2669 autem
2697 2629 2944 2668 sensum
3004 2614 3267 2668 Christi
3304 2612 3665 2667 habemus.
3708 2619 3734 2654 ο

1991 2711 2108 2779 Ipse
2149 2708 2292 2762 enim
2326 2707 2471 2761 solus
2515 2713 2603 2759 est.
2651 2719 2882 2768 sensus,
2912 2705 3015 2758 cui
3081 2714 3338 2774 pateant
3392 2698 3737 2755 universa.

1989 2813 2107 2868 quae
2134 2799 2185 2851 in
2219 2796 2423 2864 legibus
2453 2793 2869 2847 sacriﬁciorum
2906 2792 3081 2847 intra
3121 2795 3351 2850 littera:
3390 2786 3749 2843 continen-

1996 2900 2078 2940 tur
2106 2899 2383 2938 arcanum.
2433 2883 2490 2936 Si
2540 2882 2689 2936 enim
2748 2896 3028 2937 mererer
3097 2900 3179 2938 υι
3252 2886 3528 2940 daretur
3603 2870 3754 2926 mihi

3621 2960 3769 3013 (Ut

1999 3065 2230 3118 sciamus
2251 3077 2368 3130 quae
2399 3075 2427 3112 a
2454 3060 2562 3114 Deo
2595 3062 2799 3115 donata
2834 3069 2982 3115 sunt
3037 3064 3301 3133 nobis,
3371 3067 3528 3123 qua
3577 3062 3644 3106 et
3692 3049 3781 3102 ie-

1999 3155 2235 3221 quimur.
2303 3169 2322 3202 ι
2390 3151 2498 3203 Sed
2556 3164 2704 3203 nunc
2764 3154 3047 3207 contenti
3114 3158 3487 3225 parvitate
3561 3160 3786 3208 sensus

1999 3241 2193 3304 nostri,
2233 3238 2449 3293 secundi
2476 3239 2702 3307 capituli
2734 3238 3059 3298 videamus
3100 3246 3534 3313 exordium.

2070 3331 2121 3385 7.
2154 3348 2173 3382 ι
2210 3329 2331 3384 Herc
2368 3337 2473 3394 est,
2528 3329 2706 3397 inquit
2752 3330 2830 3395 “,
2882 3331 2978 3386 lex
3018 3339 3395 3402 sacriﬁcii
3444 3346 3769 3408 salutaris,

2003 3421 2145 3489 quod
2201 3419 2424 3472 (.ﬁ‘erent
2472 3418 2727 3473 Domino.
2797 3420 3135 3490 Siquidem
3201 3444 3337 3496 pro
3382 3435 3753 3489 laudatione

2002 3510 2190 3564 offeret
2236 3510 2385 3572 illud,
2423 3517 2479 3562 et
2528 3505 2726 3562 aﬂeret
2773 3511 2898 3580 (44)
2947 3514 3023 3565 ad
3099 3521 3515 3578 sacriﬁcium
3555 3534 3746 3590 panes

2003 3600 2324 3653 laudationis
2382 3613 2448 3651 ex
2499 3599 2685 3651 simila
2743 3600 2934 3653 factos
2991 3605 3057 3655 in
3141 3607 3329 3675 oleo,
3389 3623 3465 3665 et
3524 3611 3745 3676 lagana

2005 3702 2194 3756 azyma
2232 3694 2390 3737 uncta
2418 3684 2562 3748 oleo,
2622 3695 2680 3739 et
2722 3688 3139 3758 simiiaginem
3207 3712 3627 3766 conspersam
3687 3697 3748 3745 ia

2004 3776 2142 3830 oleo.
2172 3776 2341 3842 Super
2365 3789 2526 3840 panes
2569 3775 2945 3832 fermentatos
2991 3781 3251 3839 offeret
3309 3801 3569 3841 munera
3611 3794 3747 3839 sua.

2007 3867 2129 3932 quia
2169 3863 2489 3917 sacriﬁcium
2526 3863 2869 3919 laudationis
2915 3869 3251 3930 salutaris
3320 3877 3460 3947 eius
3518 3877 3664 3927 est:
3695 3877 3763 3916 εκ

2008 3953 2195 4008 oﬁ’eret
2239 3952 2401 4004 abeo
2433 3967 2605 4005 unum
2666 3953 2735 4006 de
2784 3956 3077 4012 omnibus
3142 3958 3577 4025 ωυηυεὼκιε
3635 3952 3797 4008 su‘ts,

2009 4044 2394 4112 scparationem
2432 4041 2697 4107 Domino;
2744 4046 3050 4100 sacerdoti
3099 4057 3245 4119 qui
3306 4042 3626 4116 egundet
3679 4052 3820 4099 sam,

1940 4198 1947 4201 ι
2010 4134 2220 4202 guinem
2274 4126 2563 4191 salutaris,
2610 4139 2664 4182 et
2716 4144 2922 4186 carnes
2973 4143 3364 4206 sacriﬁcii
3428 4130 3803 4189 laudationis

2013 4218 2293 4276 Salutaris,
2329 4216 2425 4282 ipsi
2457 4227 2640 4282 erunt,
2666 4229 2718 4271 et
2753 4220 2808 4271 in
2838 4236 2955 4288 qua
2990 4224 3103 4280 die
3159 4233 3472 4296 donum
3520 4226 3798 4288 οΠεΓιυΓν

376 4327 518 4380 aliud
547 4325 800 4378 debemus
845 4323 1107 4391 accipere,
1157 4325 1258 4378 nisi
1306 4300 1613 4393 Scripturas
1669 4321 1874 4374 divinas

1983 4328 1985 4337 ν
2016 4307 2506 4367 manducabunt,et
2535 4321 2641 4358 non
2667 4308 3088 4371 derelinquent
3121 4334 3224 4374 ex
3279 4344 3393 4385 co
3437 4322 3500 4375 ίη
3541 4333 3743 4374 mane.
3774 4334 3793 4367 ι

376 4416 526 4468 cibos
555 4412 882 4464 auditoribus
905 4412 1184 4479 tripliciter
1210 4412 1576 4483 apponentes?
1611 4411 1700 4463 Vis
1729 4410 1819 4463 tibi
1856 4422 1911 4460 et

377 4504 447 4556 de
476 4499 774 4567 Evangeliis
799 4500 986 4553 similis
1010 4504 1251 4571 mysterii
1273 4503 1604 4569 proferamus
1636 4498 1912 4565 exempla?

381 4589 691 4643 Recolamus
723 4588 930 4641 Domini
980 4604 1188 4655 vocem,
1246 4592 1331 4644 ubi
1388 4591 1540 4652 dicit,
1583 4589 1706 4657 quia
1740 4587 1909 4638 inedia

382 4691 535 4735 nocte
564 4676 672 4746 (ιιι)
707 4677 849 4730 venit
876 4678 1088 4745 quidam
1122 4682 1184 4733 ad
1219 4681 1449 4734 amicum
1493 4693 1650 4733 suum
1692 4677 1908 4743 pulsans

454 4813 500 4847 ⁹⁰
524 4809 675 4865 Osee.
703 4824 799 4879 vlt,
824 4809 876 4864 4.
947 4810 991 4841 ’⁸
1019 4809 1145 4879 ibid.
1175 4810 1228 4863 6.
1294 4811 1345 4879 ξ’
1364 4809 1492 4879 Luc.
1520 4821 1617 4866 xu,
1646 4804 1757 4879 L9.“
1807 4803 1888 4879 ’Ἣ

1983 4801 2069 4879 ch.
2099 4814 2154 4850 x.
2226 4794 2435 4879 ζιηιυιελ
2456 4796 2605 4879 {1.5},
2633 4795 2698 4879 ,ὃς
2779 4797 3048 4879 ’,ἦιίενίμ
3084 4824 3225 4879 vn,
3274 4821 3404 4878 ίο,

2018 4393 2351 4448 Sacriﬁcith
2382 4394 2518 4454 hoc,
2552 4394 2696 4460 quod
2724 4395 2983 4451 salutare
3020 4412 3336 4473 appella
3355 4425 3491 4476 tur,
3544 4410 3605 4463 in
3652 4407 3797 4462 duas

2019 4484 2203 4540 dividit
2233 4489 2435 4549 partes,
2473 4491 2528 4535 et
2571 4498 2733 4535 unam
2772 4487 3011 4552 quidem
3066 4493 3538 4561 laudationis
3602 4498 3794 4554 ηοιηί-

2017 4582 2129 4637 nat,
2156 4572 2376 4624 alteram
2408 4573 2541 4634 voti,
2573 4582 2877 4641 utrumque
2914 4586 3135 4636 tamen
3171 4592 3657 4655 sacrificium.
3693 4604 3790 4641 θεῖ’

2019 4663 2188 4715 lutare
2233 4662 2563 4714 nominatur.
2604 4660 2811 4714 Verum
2870 4668 3178 4735 quoniam
3254 4699 3413 4741 ηομ
3479 4694 3579 4737 ρει
3616 4680 3788 4735 nobis

3498 4821 3555 4853 ”
3589 4819 3779 4876 Levit.

316 4864 325 4871 ’
387 4898 440 4949 v,
465 4863 585 4932 l2:
623 4879 665 4910 ³⁷
692 4878 733 4930 ιι
756 4863 877 4932 Cor.
915 4892 1010 4942 xu,
1046 4878 1136 4931 2i.
1210 4879 1254 4910 "
1292 4877 1428 4932 Psal.
1466 4863 1694 4934 Χιςνίιι,
1728 4873 1779 4927 5.
1853 4873 1888 4902 ἐ

1983 4872 2100 4923 δοτο
2140 4880 2199 4930 ¹¹ν
2231 4863 2315 4916 ίθ·
2391 4864 2436 4895 ⁸⁸
2465 4866 2596 4918 “M-
2629 4865 2715 4919 η·
2796 4866 2842 4898 ³⁸
2877 4870 3073 4929 Levit.
3117 4863 3404 4952 viL-ivl'
3431 4898 3500 4944 et

458 5011 565 5083 (39)
596 5009 782 5083 Ms.,_v
826 5011 1087 5066 diabolus.
1132 5030 1150 5063 ι
1207 5010 1376 5083 Libb._
1403 5006 1552 5065 editi,
1589 5021 1609 5053 ι
1664 5003 1907 5083 libido...

390 5071 556 5135 Paulo
579 5071 855 5146 postidem
886 5095 1009 5143 ms.,
1042 5097 1061 5128 ι
1096 5093 1256 5147 panes
1276 5078 1681 5143 scripturarum.
1716 5089 1734 5120 ι
1759 5071 1913 5125 Libb.

390 5149 540 5207 editi,
577 5164 595 5195 ι
632 5160 838 5212 panem,
876 5167 894 5199 ι
935 5158 1040 5200 etc.

460 5204 573 5282 (ω)
601 5204 726 5282 _llis.,
760 5232 778 5263 ι
808 5204 891 5267 vel
920 5214 1113 5279 aliquid
1148 5213 1197 5262 iu
1227 5204 1593 5282 formavituii:
1613 5223 1649 5282 ἰ

459 5271 572 5351 (4i)
599 5271 767 5351 Ms_.,_¢
806 5283 977 5334 media
1011 5271 1193 5331 'uocte.
1245 5295 1263 5326 ι
1307 5275 1459 5351 Libh.
1500 5273 1649 5331 editi,
1687 5290 1704 5319 ο
1750 5271 1922 5350 medio

324 5379 331 5385 -
393 5340 587 5399 noctis.
616 5364 635 5395 ι
671 5340 811 5400 Infra
854 5351 992 5401 idem
1039 5360 1162 5405 ms.,
1210 5360 1228 5391 ι
1282 5341 1422 5409 quod
1466 5354 1725 5407 apponam
1774 5340 1843 5391 ei.
1899 5357 1916 5389 ο

393 5413 726 5481 Libb._ed_iti,
756 5432 775 5464 ι
809 5416 947 5480 quod
972 5427 1161 5481 ponam
1185 5410 1253 5481 ei:
1280 5427 1298 5481 ρ

462 5477 578 5542 (42)
612 5472 744 5543 513.,
791 5472 1111 5534 c'salu'tare.
1164 5495 1182 5527 ι
1234 5475 1390 5529 Libb.
1445 5474 1609 5540 editi,
1660 5493 1680 5525 ‹
1726 5472 1924 5529 saluta-

394 5544 489 5595 ris.
534 5559 555 5590 ι

2093 4996 2383 5069 (45)ῐ.ἱι›1).
2433 5007 2593 5053 antea
2628 4999 2808 5069 editi,
2855 4983 3139 5066 “latent.

2115 5032 2181 5051 ’.υ
2228 5032 2383 5050 ΙΛΙΙΙΙΙΟ
2433 5032 2593 5053 ’.διεδ
2649 5032 2782 5053 Gul"
2897 5046 2912 5058 ε
2956 5032 2965 5038 ’

2028 5032 2200 5150 “iuni
2241 5078 2539 5150 metu":
2568 5068 2689 5150 Lm
2721 5032 2893 5150 ι’ξιῖιιῖι
2932 5032 3171 5146 ἓῖἶῖἷῖισ
3198 5032 3623 5150 ῗὶεῗθὲᾗῗῖἓ
3650 5038 3779 5150 οῗεέ

3232 5094 3383 5175 ips}
3437 5096 3612 5147 enim
3650 5094 3780 5175 plus

2025 5211 2139 5254 ιιοςι
2150 5215 2208 5252 1³0
2235 5209 2316 5253 lex
2327 5211 2404 5254 ιιι.

2096 5267 2207 5349 (ἐξ)
2226 5267 2404 5349 ms.,:
2435 5272 2634 5349 oﬁ‘eret
2656 5277 2814 5344 illud,
2856 5293 2914 5339 et
2955 5288 3166 5348 afferet

2035 5336 2520 5427 ξητξίξεῗίέζῖυιὲἕιυάτ.
2539 5358 2598 5400 ει
2619 5331 2914 5427 οίῖετεῖξιῗ
2931 5331 3207 5419 ι”ἰὶἶὲιῗὲξῖ
3221 5331 3588 5427 αἱπειῖ
3604 5331 3770 5427 ἵᾜίξ

2111 5386 2116 5387 γ
2177 5386 2189 5388 ,
2264 5386 2598 5425 vna—ua».
2620 5386 2881 5407 νιιυιυιιι.
2933 5386 2954 5410 1
2998 5386 3156 5416 lltll'il
3483 5406 3495 5419 ο
3546 5409 3557 5421 ο

2029 5405 2287 5507 ῇξῖ¹¹¹1⁴¹ἒέη
2322 5423 2760 5507 δὲξξὲξδέιὶεξιιξ-.ε
2816 5424 2990 5482 ιαῖιιυ-
3052 5386 3391 5501 εαίιῖῗθὶ⁰
3420 5386 3537 5507 «insi
3570 5386 3774 5494 ὶῖιλιῗιῗί

2071 5476 2079 5483 .
2670 5474 2716 5506 π
2820 5474 2990 5482 ηπ-
3054 5474 3199 5490 νυ...
3321 5474 3346 5497 ,ι
3579 5474 3774 5494 πη..-

2031 5475 2183 5593 iiiiib'.
2201 5474 2858 5593 ἵιῗῑίῑιῗῗηιῗτνὲῗίῘΫῘῨῘἏ
2881 5515 3091 5593 9151:?
3129 5479 3335 5569 “’90
3376 5474 3467 5568 ίιῖι
3499 5525 3709 5563 ⁸¹¹³¹¹θ⁸
3752 5524 3776 5562 ³

2081 5552 2183 5593 ιυυ.
2211 5552 2375 5610 cum,
2416 5564 2439 5600 ι
2479 5552 2565 5611 ρι’
2591 5576 2661 5620 eo
2689 5581 2863 5640 uSquc
2887 5552 3204 5635 inmane:
3246 5552 3275 5634 ἶ

3275 5319 3302 5352 ι
3356 5300 3547 5360 Libb.
3604 5301 3775 5362 editi,
