3948 6280
270 336 293 383 ι
305 331 369 382 δ’.)

276 533 391 585 istis
419 529 652 581 imbutus
694 519 982 589 mysteriis,
1018 517 1131 569 haec
1173 512 1429 579 propheta
1487 506 1798 574 loquebatur

277 625 340 674 ad
374 619 671 677 Dominum,
699 613 819 679 quia
853 624 952 660 non
985 608 1053 659 ita
1085 603 1321 669 abjcctus
1347 611 1398 654 et
1425 600 1655 665 degener
1680 607 1795 645 sum

279 709 548 768 sacerdos,
582 713 643 756 ut
686 698 973 756 hesternis,
1009 694 1059 746 id
1100 701 1181 745 est
1228 690 1500 742 Veteribus
1554 683 1803 736 carnibus

282 810 484 850 vescar.
518 791 710 845 Audite
741 789 872 848 hrec,
914 797 1099 837 omnes
1136 778 1340 833 Domini
1396 774 1720 832 sacerdotes,
1752 777 1806 823 et

281 885 529 939 attentius
554 878 833 942 intelligite
857 889 972 941 quae
1019 872 1287 923 dicuntur.
1312 865 1451 918 Caro
1483 878 1598 927 qua:
1631 875 1693 912 ex
1724 872 1808 911 sa-

281 973 497 1028 criﬁciis
516 966 881 1023 sacerdotibus
905 962 1204 1028 deputatur,
1223 956 1440 1008 verbum
1461 952 1548 1002 Dei
1577 958 1655 1001 est
1670 945 1806 1014 quod

285 1061 335 1113 in
369 1056 601 1112 Ecclesia
637 1055 851 1107 docent.
879 1047 981 1100 Pro
1029 1046 1130 1098 hoc
1162 1057 1289 1111 ergo
1340 1038 1521 1108 ﬁguris
1574 1033 1812 1102 mysticis

285 1154 703 1203 commonentur,
740 1148 797 1192 ιιι
823 1152 942 1191 cum
976 1134 1211 1201 proferre
1247 1130 1309 1183 ad
1338 1127 1585 1196 populum
1613 1135 1815 1176 sermo-

288 1252 405 1293 nem
452 1234 731 1301 emperint,
761 1242 864 1281 non
905 1226 1149 1277 hesterna
1178 1219 1469 1289 proferant,
1500 1229 1603 1267 non
1636 1220 1813 1262 vetera

290 1340 406 1393 quin
434 1299 562 1381 sunt
593 1321 882 1376 secundum
912 1316 1141 1367 litteram
1176 1308 1577 1376 proloquantur,
1603 1299 1692 1353 sed
1724 1310 1818 1364 per

291 1415 511 1482 gratiam
550 1411 639 1463 Dei
675 1422 808 1461 nova
848 1417 1056 1470 semper
1107 1397 1421 1467 proferant,
1476 1400 1528 1443 et
1562 1384 1818 1455 spiritalia

291 1518 497 1569 semper
543 1497 833 1552 inveniant.
871 1494 925 1546 Si
961 1491 1101 1544 enim
1142 1502 1206 1540 ea
1237 1498 1355 1551 quae
1383 1478 1637 1534 didiceris
1670 1492 1697 1527 a
1724 1473 1810 1527 .lu-

291 1592 421 1646 dwis
452 1591 723 1648 hesterno,
753 1585 867 1636 haec
899 1580 1052 1634 hodie
1086 1577 1137 1628 in
1169 1570 1403 1627 Ecclesia
1435 1568 1696 1635 proferas,
1724 1563 1822 1613 hoc

294 1680 688 1731 csthesternam
708 1684 919 1724 carnem
937 1662 1185 1719 sacriﬁcii
1204 1660 1385 1713 edere.
1413 1655 1468 1707 Si
1489 1652 1821 1708 meministis,

298 1767 454 1823 etiam
483 1766 535 1818 in
561 1762 831 1817 oblatione
853 1756 962 1827 (48)
991 1751 1343 1822 pritnitiarum
1375 1746 1557 1800 eodem
1585 1753 1826 1796 sermone

303 1872 427 1916 usus
445 1865 525 1908 est
544 1851 835 1919 legislator,
866 1856 922 1899 ut
951 1844 1077 1901 sint,
1107 1840 1303 1906 inquit,
1330 1850 1462 1889 nova
1492 1843 1544 1886 et
1574 1831 1826 1885 recentia.

307 1944 465 1998 Vides
494 1942 688 2008 ubique
716 1953 802 2001 ea,
840 1948 956 2004 qua:
982 1933 1046 1986 ad
1074 1930 1254 1983 laudes
1287 1923 1374 1977 Dei
1403 1923 1673 1991 pertinent
1706 1919 1831 1986 (hoc

304 2035 444 2088 enim
475 2040 557 2085 est
581 2026 903 2083 sacriﬁcium
938 2018 1129 2086 laudis)
1165 2031 1322 2081 nova,
1353 2022 1406 2065 et
1442 2009 1673 2064 recentia
1712 2021 1832 2060 esse

306 2121 531 2183 debere,
582 2131 647 2169 ne
677 2114 815 2167 forte
862 2125 980 2164 cum
1027 2116 1208 2162 vetera
1253 2102 1460 2172 profers
1494 2101 1544 2153 in
1578 2096 1832 2157 Ecclesia,

307 2209 445 2263 labia
483 2216 572 2259 tua
610 2205 913 2269 loquantur,
947 2206 1001 2250 et
1024 2211 1172 2249 mens
1217 2203 1304 2246 tua
1362 2192 1477 2244 sine
1533 2190 1705 2238 fructu
1740 2185 1833 2237 sit.

310 2296 413 2351 Sed
448 2294 567 2347 audi
598 2292 722 2359 quid
756 2289 885 2342 dicit
923 2284 1245 2353 Apostolus:
1283 2300 1300 2331 ι
1338 2281 1418 2340 Si,
1454 2278 1624 2345 inquit
1652 2278 1718 2338 ⁸⁵,
1751 2275 1833 2327 Ιο-

311 2402 445 2455 quar
497 2382 710 2451 linguis,
746 2378 968 2447 spiritus
1011 2390 1159 2428 meus
1209 2382 1344 2433 orat,
1383 2370 1475 2423 sed
1520 2380 1667 2419 mens
1724 2378 1838 2416 mea

301 2453 425 2533 sine
450 2473 620 2529 limata
643 2479 745 2526 est".
776 2468 910 2534 Quid
939 2468 1100 2535 igitur
1128 2462 1244 2515 est?
1268 2460 1464 2519 Oraho,
1504 2455 1696 2522 inquit,
1733 2453 1842 2519 spi-

313 2570 438 2631 ritu,
462 2563 633 2619 orabo
664 2569 718 2613 et
775 2566 989 2611 mente:
1023 2552 1239 2618 psallam
1271 2549 1488 2617 spiritu,
1538 2543 1755 2613 psallam
1789 2552 1843 2594 et

314 2663 512 2709 mente.
550 2667 570 2702 ι
602 2647 675 2700 Ita
709 2659 835 2712 ergo
872 2650 925 2695 et
956 2649 1007 2691 tu
1036 2638 1079 2690 si
1105 2651 1205 2687 non
1242 2649 1306 2686 ex
1353 2630 1647 2683 eruditione
1681 2623 1843 2692 spirio

318 2743 407 2798 tali
436 2739 569 2812 (ιθ),
595 2751 661 2790 ex
694 2731 936 2787 doctrina
968 2727 1151 2794 gratim
1184 2722 1275 2776 Dei
1318 2727 1625 2788 praesentem
1657 2722 1712 2768 et
1760 2725 1847 2765 re-

319 2839 527 2885 centem
563 2821 847 2894 protuleris
880 2828 1179 2870 sermonem
1216 2813 1267 2863 in
1303 2806 1548 2860 laudibus
1591 2802 1681 2855 Dei
1719 2840 1734 2863 ,
1784 2814 1846 2854 os

318 2917 530 2987 quidem
562 2891 705 2964 tuum
752 2908 910 2962 offert
963 2901 1287 2957 sacriﬁcium
1338 2894 1532 2954 laudis,
1564 2891 1658 2943 sed
1697 2902 1847 2942 mens

321 3015 409 3057 tua
435 3016 531 3071 pro
558 2997 839 3053 sterilitate
892 2993 1156 3044 hesternae
1184 2983 1361 3039 carnis
1405 2980 1665 3048 arguitur.
1714 2976 1845 3030 Nam

320 3102 375 3147 et
400 3067 651 3144 Dominus
688 3096 900 3151 panem,
933 3092 1089 3145 quem
1137 3070 1409 3140 discipulis
1455 3069 1632 3129 dabat,
1679 3076 1733 3120 et
1763 3067 1848 3120 di-

321 3179 477 3233 cebat
496 3173 580 3227 eis
605 3170 650 3202 “
678 3186 691 3223 :
732 3186 752 3218 ι
781 3166 1018 3231 Accipite
1049 3170 1104 3215 et
1134 3160 1470 3220 ntandncate,
1502 3172 1521 3204 ι
1549 3168 1653 3205 non
1683 3153 1851 3205 distu-

323 3268 403 3327 lit,
438 3277 535 3318 nec
569 3258 770 3314 servari
806 3254 968 3322 jussit
1017 3254 1068 3304 in
1099 3247 1423 3304 crastinum.
1483 3242 1594 3296 Hoc
1624 3240 1851 3294 fortasse

326 3350 566 3424 mysterii
590 3347 893 3403 continetur
916 3342 1076 3395 etiam
1108 3340 1159 3390 in
1185 3352 1250 3390 eo
1276 3334 1415 3404 quod
1441 3345 1629 3401 panem
1651 3329 1849 3398 portari

325 3419 428 3496 non
447 3438 594 3507 jubet
625 3436 676 3488 in
708 3433 793 3485 via
830 3441 886 3483 ut
911 3441 1124 3495 semper
1156 3431 1416 3484 recentes,
1469 3432 1602 3487 quos
1633 3419 1771 3469 intra
1804 3425 1854 3469 te

327 3530 485 3601 geris,
510 3525 660 3579 verbi
688 3522 784 3575 Dei
814 3533 976 3587 panes
1000 3517 1261 3584 proferas.
1286 3511 1519 3577 Denique
1547 3506 1853 3561 Gabaoaitte

327 3619 403 3673 illi
436 3621 715 3686 propterea
742 3608 1182 3665 condemnantur,
1212 3610 1267 3655 et
1293 3600 1417 3666 ligni
1462 3608 1689 3649 cmsores
1715 3633 1729 3657 ,
1771 3593 1854 3646 vel

333 3680 484 3772 aqua:
510 3680 804 3769 gestatores
833 3696 965 3747 ﬁunt
1002 3693 1091 3760 qui
1125 3704 1289 3757 panes
1335 3698 1539 3739 veteres
1587 3680 1856 3735 ad‘lsrae—

330 3770 457 3847 litas
479 3787 818 3843 detulerunt,
850 3781 1044 3849 quibus
1088 3778 1169 3829 lex
1200 3774 1459 3840 spiritalis
1480 3770 1697 3836 jubebat
1718 3783 1856 3821 sem-

333 3896 428 3951 per
461 3880 535 3933 uti
568 3876 869 3929 recentibus
892 3879 946 3923 et
980 3871 1130 3921 novis
1156 3867 1218 3918 ⁵⁷.
1252 3864 1366 3917 Alia
1394 3875 1521 3914 sane
1553 3871 1859 3911 sacramen-

336 3946 509 4025 iorum
551 3965 714 4033 ﬁgura
740 3970 860 4024 est,
893 3973 1009 4025 qum
1060 3956 1208 4023 jubet
1253 3951 1414 4005 etiam
1443 3949 1495 4001 in
1553 3947 1714 3999 altera
1748 3946 1855 4008 die,

334 4054 476 4124 quod
520 4048 839 4117 superfuerit
889 4046 974 4097 edi
1003 4081 1020 4106 ,
1052 4042 1183 4094 nihil
1218 4052 1344 4092 vero
1375 4037 1427 4089 in
1478 4034 1684 4087 tertiam
1720 4033 1856 4085 diem

334 4118 621 4197 reservari,
649 4135 845 4198 de.qua
868 4131 979 4182 suis
1004 4129 1135 4182 locis
1160 4126 1470 4179 videbimus.
1500 4120 1604 4174 Sed
1641 4135 1708 4172 ne
1732 4118 1857 4171 illud

338 4226 548 4293 quidem
572 4233 669 4274 nos
683 4218 856 4279 lateat,
868 4228 982 4268 esse
994 4212 1250 4281 quoddam
1264 4222 1488 4282 tempus,
1501 4209 1552 4261 in
1569 4222 1673 4276 quo
1702 4207 1859 4258 bene-

1681 293 1994 356 ORIGEMS

275 459 391 497 nam
428 432 761 491 manducavi.
795 428 924 490 Sed,
949 436 1006 479 ut
1037 424 1211 487 video,
1243 421 1370 474 hinc
1398 420 1636 480 edoctus,
1660 424 1711 466 et
1736 429 1796 465 ex
1829 415 1872 468 Α
1967 407 2018 459 9.
2051 402 2253 456 Dicitur
2282 410 2413 463 ergo
2459 393 2519 446 in
2555 384 2922 456 scqnentibu

1901 507 2011 549 tum
2044 493 2222 550 fuerit,
2255 495 2347 537 aut
2377 485 2421 536 si
2453 478 2858 535 voluntarium
2888 455 3433 522 sacrificaverit
3477 461 3746 501 munus

1899 598 2054 639 suum
2081 620 2095 645 ,
2136 587 2459 647 quacunque
2486 571 2577 623 die
2616 561 2911 621 obtulerit
2951 547 3423 609 sacriﬁcium
3498 549 3745 596 suum,

1901 626 2095 728 edetut:
2114 626 2168 721 ei
2195 626 2504 717 altera-die.
2537 658 2607 711 Et
2641 652 2799 721 quod
2841 638 3278 713 superfuerit
3343 632 3445 684 de
3503 626 3753 682 carni-

1901 764 2003 816 bus
2033 754 2284 813 sacriﬁcii
2320 762 2497 817 usque
2539 747 2593 797 in
2653 743 2809 795 diem
2850 735 3153 791 tertium,

1905 850 2070 902 hitur.
2102 844 2156 897 Si
2185 849 2364 894 autem
2400 834 2753 889 manducans
2780 816 3331 881 manducaverit
3377 826 3473 865 ex
3515 805 3763 859 carni-

1907 940 2007 993 bus
2029 937 2114 988 die
2144 931 2329 991 tertia,
2365 941 2471 980 non
2503 922 2614 976 erit
2645 928 2961 985 acceptum
3005 911 3102 970 ei,
3176 903 3320 973 qni
3404 896 3632 952 offert
3678 892 3758 945 il-

1913 1028 2021 1090 lud,
2058 1038 2161 1076 non
2198 1015 2541 1086 reputabitur
2589 1010 2666 1072 ei,
2720 998 3190 1072 coinquinatio
3255 999 3419 1047 est.
3488 988 3753 1042 Anima

1913 1125 2089 1168 autem
2119 1113 2161 1163 si
2201 1123 2305 1175 qua
2341 1098 2767 1158 manducaverit
2800 1110 2880 1148 ex
2920 1106 3025 1155 eo,
3074 1088 3503 1156 peccatum
3575 1075 3767 1129 acci-

1915 1204 2043 1270 piet.
2083 1217 2101 1249 »
2154 1165 2269 1249 ιιςίο
2317 1201 2403 1246 est
2436 1189 2701 1243 nimirum
2740 1179 2903 1250 quod
2953 1186 3023 1229 et
3096 1170 3352 1227 David
3430 1165 3620 1221 dicit
3697 1166 3765 1217 in

1914 1288 2147 1346 Psalmis
2169 1286 2252 1336 ⁵ος
2281 1301 2298 1332 ι
2330 1282 2452 1334 Fiat
2474 1279 2657 1331 oratio
2680 1276 2808 1340 ejus
2834 1270 2896 1322 in
2930 1271 3374 1336 peccatum.
3415 1276 3444 1308 ι
3482 1254 3770 1323 quando

1918 1395 2023 1434 non
2052 1377 2225 1432 solum
2257 1371 2390 1425 nihil
2425 1365 2637 1427 meriti,
2662 1362 2764 1416 sed
2793 1358 2987 1413 etiam
3023 1353 3280 1417 culpze
3317 1347 3649 1401 multum
3685 1359 3769 1398 cx

1918 1466 2200 1523 sacriﬁciis
2236 1462 2523 1530 qttzeritur.
2590 1453 2771 1507 Audis
2832 1450 3003 1503 enim
3064 1444 3605 1512 legislatorem
3650 1440 3773 1490 de-

1922 1568 2167 1616 cernere,
2203 1550 2330 1619 quia
2359 1547 2405 1600 si
2443 1546 2569 1614 quis
2603 1537 3080 1595 manducaverit
3131 1549 3233 1587 ex
3289 1546 3386 1586 eo
3427 1529 3627 1598 quod
3658 1543 3774 1580 sn-

1921 1618 2257 1713 perfueritiin
2293 1637 2512 1691 tertiam
2544 1633 2715 1692 diem,
2753 1635 3102 1697 peccatum
3150 1621 3529 1689 accipiet.
3578 1618 3776 1672 Unde

1857 1713 1899 1771 Β
1927 1732 2353 1802 cognoscendum
2393 1735 2476 1780 est
2504 1731 2715 1791 quanta
2772 1720 3082 1774 humana:
3125 1710 3567 1768 conditioni
3615 1723 3777 1778 pec-

3599 245 3742 299 ιω

2930 376 3079 439 3'”,-
3126 390 3158 422 ι
3210 359 3428 435 quod
3502 356 3565 412 si
3610 371 3743 408 vo-

3233 726 3420 793 igne
3464 727 3757 770 crema-

1928 1833 2166 1877 catorum
2193 1817 2341 1871 labes
2376 1815 2668 1867 immineat
2700 1848 2717 1873 ,
2759 1822 2900 1861 cum
2935 1806 3232 1858 oriatur
3302 1803 3548 1855 etiam
3617 1801 3777 1850 inde

1928 1919 2232 1980 peceatum,
2267 1904 2410 1956 unde
2439 1900 2618 1953 hostia
2656 1893 3155 1965 propitiationis
3201 1890 3563 1943 oﬂ’ertnr.
3622 1887 3776 1942 llaec

1931 1996 2089 2053 credo
2118 1992 2280 2060 212
2332 1986 2689 2042 considerans
2724 1982 2941 2034 beatus
2981 1979 3227 2031 David
3272 2004 3299 2040 ς
3344 1974 3641 2029 dicebat
3708 1975 3774 2024 in

2044 2085 2156 2138 linis
2185 2083 2229 2113 ⁸¹
2259 2097 2274 2135 :
2314 2097 2333 2130 ι
2368 2079 2599 2131 Peccata
2650 2073 2782 2142 quis
2812 2068 3132 2136 intelligit
3161 2067 3199 2119 τ
3255 2085 3283 2117 ι
3344 2066 3517 2117 Vnti
3570 2063 3779 2131 igitur

1933 2185 1987 2231 et
2013 2171 2305 2227 voluntatis
2326 2165 2662 2221 sacrificium
2683 2170 2799 2223 est,
2828 2172 2956 2226 quo
2983 2166 3058 2209 et
3097 2155 3463 2210 secunda
3496 2154 3777 2221 quidem

1935 2266 2021 2318 die
2049 2261 2191 2315 vesci
2224 2258 2307 2310 fas
2333 2264 2435 2317 est,
2479 2251 2702 2320 penitus
2732 2258 2878 2301 Vero
2913 2245 3317 2314 abjuratur
3350 2245 3432 2296 in
3472 2243 3776 2296 tertiam.

1939 2353 2043 2406 Sed
2078 2350 2172 2403 dat
2209 2344 2508 2400 remedium
2548 2334 3017 2407 negligentibus.
3061 2334 3188 2399 Si,
3246 2334 3544 2402 inquit,
3590 2334 3784 2384 inva-

1941 2441 2079 2497 lidus
2102 2436 2290 2494 fueris,
2325 2442 2380 2487 et
2402 2445 2509 2483 non
2543 2427 2805 2496 pomeris
2832 2438 3071 2477 omnes
3104 2437 3409 2477 carnes
3448 2421 3779 2475 sacrificii

1941 2527 2172 2586 secunda
2209 2523 2365 2576 ﬁnire
2395 2520 2505 2580 die,
2537 2515 2677 2570 nihil
2704 2515 2777 2568 de
2831 2514 2937 2567 his
2978 2514 3050 2566 in
3089 2514 3231 2566 die
3294 2515 3525 2566 tertia
3562 2528 3788 2567 corne-

1942 2618 2058 2678 das‘,
2093 2613 2184 2667 sed
2224 2610 2331 2679 igni
2370 2610 2523 2661 trade
2556 2603 2707 2673 quod
2746 2611 3073 2671 superest.
3122 2605 3219 2656 Si
3271 2604 3490 2657 extim
3553 2604 3788 2657 volne-

1942 2706 2018 2763 ris
2044 2710 2162 2772 post
2193 2701 2325 2752 duos
2350 2697 2466 2750 dies
2499 2695 2857 2745 manducare
2888 2691 2972 2744 de
3042 2693 3259 2745 sacri
3273 2693 3489 2758 ficio,
3529 2707 3782 2760 pecca-

1945 2805 2056 2849 tum
2093 2790 2348 2858 accipies.
2381 2786 2514 2853 Ego,
2552 2792 2721 2851 prout
2754 2796 2985 2834 sensus
3025 2781 3181 2833 mei
3231 2784 3631 2851 capacitas
3663 2784 3786 2836 ha-

1945 2884 2058 2945 bet,
2110 2881 2162 2934 in
2199 2880 2305 2932 hoc
2333 2875 2497 2929 biduo
2524 2878 2656 2938 puto
2689 2869 2803 2923 duo
2838 2878 3287 2924 testamenta
3340 2872 3683 2944 intelligi,
3722 2873 3789 2927 in

1948 2971 2143 3040 quibus
2172 2968 2334 3021 liceat
2362 2975 2526 3017 omne
2552 2961 2787 3013 verbum
2819 2962 2982 3026 quod
3029 2962 3121 3014 ad
3178 2962 3435 3016 Deum
3488 2966 3794 3032 pertinet

1954 3061 2102 3132 (hoc
2138 3058 2278 3111 enim
2313 3060 2391 3107 est
2437 3048 2814 3120 sacriﬁcium)
2877 3051 3133 3117 requiri
3193 3092 3222 3116 ,
3312 3064 3395 3108 et.
3475 3055 3789 3118 discuti,

1954 3157 2115 3214 atque
2136 3158 2216 3217 ἐκ
2259 3141 2387 3210 ipsis
2422 3151 2643 3191 omnem
2700 3149 2900 3187 rerum
2964 3135 3389 3193 scientiam
3438 3141 3636 3208 capi,
3719 3138 3792 3193 Si

1955 3234 2081 3304 quid
2127 3240 2304 3285 autem
2353 3224 2727 3294 superfuerit,
2782 3223 2952 3290 quod
3014 3239 3173 3280 non
3266 3228 3541 3283 divina
3603 3229 3795 3284 Scri-

1961 3332 2117 3393 ptura
2149 3321 2438 3381 decernat,
2468 3313 2675 3367 nullam
2725 3310 2906 3363 aliam
2957 3314 3269 3369 tertiam
3356 3320 3795 3388 scripturam

1958 3411 2152 3464 debere
2181 3406 2245 3459 ad
2285 3402 2669 3457 auctoritatem
2692 3399 2965 3453 scientia:
3014 3404 3361 3474 suscipi,
3414 3410 3595 3478 quia
3652 3411 3795 3464 haec

1959 3499 2072 3551 dies
2124 3494 2278 3550 tertia
2325 3491 2688 3550 nominatur,
2738 3487 2847 3541 sed
2906 3488 3048 3557 igni
3109 3497 3536 3553 tradamus
3616 3500 3795 3570 quod

1960 3593 2224 3655 superest,
2254 3583 2305 3636 id
2337 3589 2424 3635 eSt
2474 3580 2586 3632 Deo
2637 3591 3059 3632 reservemus.
3122 3579 3414 3652 Neque
3467 3594 3668 3643 enim
3735 3592 3800 3644 in

1959 3671 2211 3745 praesenti
2238 3669 2345 3721 vita
2384 3667 2524 3718 Deus
2551 3664 2697 3717 scire
2725 3677 2833 3716 nos
2867 3667 3099 3720 omnia
3158 3672 3449 3738 voluit,
3499 3679 3807 3733 maxime

1961 3778 2081 3819 cum
2098 3759 2214 3814 etid
2229 3754 2515 3826 Apostolus
2539 3753 2690 3806 dicat
2712 3751 2761 3784 "
2790 3767 2810 3805 :
2846 3771 2867 3803 ι
2905 3753 3078 3820 Quia
3112 3773 3218 3812 ex
3260 3775 3493 3829 parte
3516 3770 3778 3822 scimus

1963 3806 2393 3826 ..υ-.-η-γ-ντη-
2504 3806 2507 3807 ν
2918 3806 2957 3820 ..
3120 3806 3218 3812 ---
3296 3806 3493 3820 ν---ν
3516 3806 3573 3819 ..-
3603 3806 3617 3817 .

1962 3862 2016 3908 et
2042 3865 2106 3903 ex
2134 3853 2289 3915 parte
2323 3844 2739 3912 prophetamus.
2778 3841 2931 3895 Cum
2969 3806 3293 3904 venerit.r
3320 3808 3596 3912 auten;

1963 3936 2251 4007 perfectum
2282 3941 2384 3995 est,
2413 3931 2771 3983 destruentur
2803 3929 2902 3981 illa
2930 3945 3089 3998 qua:
3124 3951 3226 3992 ex

1964 4027 2069 4081 Iste
2095 4037 2175 4080 eSt
2204 4035 2332 4089 ergo
2360 4018 2524 4088 ignis,
2553 4018 2643 4069 cui
2670 4031 2798 4082 quae
2832 4017 2892 4070 in
2936 3988 3247 4080 tertitnn
3539 3988 3807 4105 “sup—er.-

1965 4114 2202 4173 fuerint,
2238 4121 2456 4162 servare
2491 4105 2779 4165 debemus,
2811 4113 2874 4156 et
2929 4122 3064 4161 non
3119 4120 3585 4179 temeritate
3629 4144 3806 4181 nne-

1965 4144 2162 4171 ιυῢιιιιι
2187 4151 2202 4173 9
2238 4144 2456 4162 δν¹¹¹¹⁵ν
2492 4144 2779 4204 “ννν”.¹’“’“¹1
2812 4144 2874 4156 ν’
2929 4144 3064 4161 ⁵³¹¹¹⁸
3120 4144 3585 4179 ιτῖΙΙΙζΞΓΙιἎΙΒ
3629 4144 3806 4195 [Πτε-

1964 4211 2167 4266 sumpta
2182 4208 2517 4251 assumamus
2532 4192 2691 4245 nobis
2708 4204 3080 4250 cunctorum
3107 4205 3340 4260 scier)
3355 4211 3568 4276 tiam,
3594 4228 3672 4274 ut
3699 4236 3828 4276 mc-

341 4313 505 4369 dietio
557 4308 625 4362 sit
671 4303 936 4357 veteribus
971 4301 1130 4355 vesci.
1176 4299 1305 4352 Nam
1337 4279 1565 4352 deanno
1612 4296 1837 4360 septimo

2044 4307 2066 4343 o
2081 4289 2231 4342 nobis
2244 4288 2451 4339 dicatur
2467 4282 2534 4333 ah
2546 4279 2738 4333 eodem
2752 4280 3053 4348 Apostoln
3064 4286 3158 4345 "z
3177 4311 3208 4343 ε
3245 4279 3686 4360 ηεεαῑειζίεε
3710 4326 3817 4361 ηρ-

341 4400 430 4469 qui
452 4392 781 4451 remissionis
807 4405 976 4442 annus
1002 4388 1084 4442 vel
1106 4387 1407 4439 sabbatieus
1440 4382 1762 4441 nominatur,
1790 4381 1859 4433 ita

344 4487 539 4538 dicitur
565 4480 609 4514 ⁵⁸
637 4498 652 4533 :
690 4496 708 4529 ι
749 4476 1108 4539 Manducabis,
1152 4475 1345 4541 inquit,
1372 4480 1567 4534 vetera,
1602 4478 1652 4523 et
1684 4479 1862 4521 vetera

343 4570 601 4628 veterum.
646 4586 665 4618 ι
697 4565 845 4618 ‘l‘une
870 4565 968 4617 sub
994 4563 1202 4628 septimi
1240 4561 1361 4614 anni
1401 4559 1672 4628 mysterio,
1701 4567 1755 4608 ut
1783 4557 1866 4608 di-

343 4660 538 4718 ximus,
568 4651 867 4709 benedictio
895 4658 976 4702 est
1006 4657 1181 4701 vetera
1208 4646 1546 4708 manducare,
1575 4655 1716 4694 nunc
1739 4654 1866 4692 vero

345 4744 681 4817 prohibetur.
720 4740 826 4793 Sed
855 4738 1049 4791 multus
1094 4746 1177 4790 est
1211 4746 1462 4787 eseessns
1512 4731 1718 4782 haerere
1772 4740 1866 4792 per

347 4816 462 4890 haec
489 4829 695 4899 singula
746 4825 853 4898 (50)
883 4865 899 4892 ,
949 4834 1003 4881 et
1031 4841 1094 4880 ex
1123 4823 1400 4878 occasione
1446 4816 1864 4870 testimoniorum

349 4924 557 4993 longius
581 4918 790 4987 evagari
813 4956 828 4983 ,
858 4930 977 4970 cum
1001 4912 1304 4982 explanatio
1329 4921 1469 4963 nunc
1489 4905 1866 4958 sacriﬁciorum

349 5014 607 5068 habeatur
641 5007 696 5063 in
736 5006 997 5060 manibus.

451 5146 497 5182 ³³
526 5143 692 5200 ICor.
717 5135 808 5197 inv
831 5179 846 5205 ,
874 5141 962 5196 M.

345 5216 395 5251 ⁸⁸
422 5199 566 5272 Psal.
588 5199 714 5277 ﬁcu,
741 5211 799 5265 7.
834 5199 843 5205 ⁷
906 5209 951 5241 ’ί
975 5205 1121 5261 Psal.
1169 5217 1318 5266 xvnt,
1348 5199 1432 5252 15.

415 5348 526 5483 ξω)
554 5346 674 5409 ω..
695 5364 718 5399 ι
746 5343 1060 5400 oblatione.»
1080 5339 1234 5395 Libb.
1254 5334 1406 5396 editi,
1432 5347 1450 5381 ι
1470 5327 1817 5382 oblationem.
1843 5343 1862 5375 ι

448 5416 531 5483 i9“)
564 5415 717 5483 Lihb.
745 5420 899 5467 antea
921 5410 1073 5471 editi,
1111 5423 1129 5455 ι
1156 5404 1430 5483 Ρειαιιιιιιιη
1455 5399 1633 5483 dicant
1656 5395 1862 5483 spiritu:

745 5395 905 5467 siuei
919 5395 1073 5471 editi,
1111 5423 1129 5455 ι
1156 5404 1428 5484 Psalmnm
1455 5399 1627 5484 dicant
1656 5395 1868 5471 spiritu,

352 5461 907 5545 psalmum—dicamve].
931 5461 1166 5545 vmente:
1196 5470 1271 5522 lta
1311 5481 1439 5545 ergo
1481 5474 1561 5545 et“
1584 5471 1635 5540 tu
1665 5461 1872 5524 sive‘ex

354 5530 928 5615 ἓὲιῖὶιίιιδὶὶέέῇιῖἰιειι,
956 5554 1008 5598 et
1035 5558 1102 5597 ex
1136 5541 1275 5593 dono
1306 5530 1488 5603 gratia:
1528 5530 1639 5595 Dei,
1674 5545 1690 5577 ι
1726 5536 1830 5580 etc.
1857 5543 1872 5592 ;

1069 5138 1115 5169 “
1144 5136 1329 5189 Matth.
1380 5144 1540 5189 xxvr,
1577 5125 1668 5179 26.

1773 5123 1817 5155 ⁸⁷
1846 5121 1960 5176 Jos.
1992 5137 2069 5174 Ix.

1542 5196 1587 5226 δ’
1627 5193 1648 5245 ι
1691 5191 1812 5246 Cor.
1847 5190 2022 5254 xtn,9.

1966 4395 2067 4450 que
2083 4391 2197 4445 quae
2214 4375 2709 4442 loquuntur,neque
2723 4376 2791 4427 de
2810 4379 3041 4444 quibus
3059 4382 3316 4442 afﬁrm
3329 4405 3463 4446 ant
3476 4436 3499 4451 .
3522 4414 3548 4446 ι
3564 4394 3662 4453 Ne
3692 4399 3821 4452 for-

1969 4481 2019 4523 te
2046 4480 2171 4533 ergo
2189 4479 2291 4517 non
2319 4462 2713 4528 ﬁatacceptuin
2731 4468 3117 4522 sacriﬁcium
3152 4436 3662 4542 nos—i;;;..nv_.;

1970 4504 2019 4523 ,υ
2046 4504 2291 4533 ,ηονηυη
2319 4504 2713 4561 ..-ηυῗνηηυηῐ
2732 4504 2852 4518 -..ω
2872 4504 3117 4522 ...ω-...ι
3152 4504 3529 4537 "usta-tun
3589 4504 3661 4542 et
3690 4504 3820 4543 nec

1969 4560 2136 4624 ipsum
2151 4552 2366 4619 quodex
2383 4550 2578 4603 dmnis
2593 4549 2909 4617 Scrtpturis
2924 4560 3153 4624 enpiu'.
3167 4579 3271 4621 us
3290 4527 3697 4631 scient’iam
3717 4596 3820 4631 (εἰ-

1971 4596 2292 4664 ,γ,,,....ῗ,...---
2307 4596 2365 4604 ..--
2386 4596 2431 4603 ..-
2448 4596 2460 4603 -
2476 4596 2577 4649 tu:
2595 4596 2654 4603 η-
2669 4596 2685 4602 -
2701 4596 2843 4617 -.—---
2862 4596 2909 4607 -υ
2926 4596 3153 4624 ν--ι---ιι
3169 4596 3271 4621 ua
3290 4596 3697 4632 autenuam
3717 4596 3825 4633 (:3-

1971 4656 2117 4710 pere,
2132 4647 2369 4692 vertatur
2385 4639 2540 4689 nobis
2553 4652 2604 4689 in
2624 4646 3364 4710 peccatum,servemns
3387 4676 3524 4717 eas
3542 4682 3824 4719 ruens".

1973 4685 2117 4710 ""'"
2143 4685 2211 4692 ’““
2229 4685 2358 4736 ““⁷“ξ
2386 4685 2536 4689 """
2555 4685 2607 4735 “⁷;
2624 4685 2649 4703 τ
2668 4685 3058 4705 ””“““”“”“’“”·
3089 4685 3364 4710 ’νυ-ηδ
3387 4685 3524 4717 cas
3542 4685 3824 4721 luens".

1972 4740 2216 4794 ras,quas
2233 4727 2386 4778 nolns
2398 4738 2492 4791 per
2507 4723 2887 4792 legislatorem
2909 4728 3006 4783 lex
3031 4736 3429 4801 spiritalis
3453 4756 3821 4812 enuntiat.

2044 4812 2130 4865 l0.
2187 4828 2205 4859 ι
2260 4812 2324 4861 Et
2373 4824 2567 4863 carnes
2618 4824 2986 4881 quacunque
3060 4830 3301 4883 tacta:
3360 4832 3566 4891 {ueri

2049 4847 2130 4865 ιν.
2188 4847 2205 4859 -
2260 4847 2324 4861 υ.
2374 4847 2567 4863 ιαμ-...υ
2619 4847 2860 4878 quam...
2910 4847 2986 4868 ..υ
3061 4847 3127 4873 ιε,
3161 4847 3176 4854 -
3229 4847 3244 4856 .
3551 4847 3565 4852 -

2044 4898 2122 4950 ιιιί
2159 4896 2456 4990 imntundo,
2488 4911 2592 4947 non
2628 4847 3825 4990 ιιιίιιιιιυεῗιδιιιιιυζῖὢὶἐιῗίεἳῗὲιιιῗιὺ

1978 4987 2197 5040 buntur.
2228 4981 2421 5037 Omnis
2449 4985 2684 5038 mundus
2713 4988 3109 5046 manducabit
3155 4996 3258 5056 (εει
3272 4981 3467 5067 rges
3548 4981 3794 5075 8⁷(ἇῶ

3475 5055 3499 5075 .

3475 5055 3499 5081 ﬁ
3549 5054 3626 5072 νο
3670 5054 3829 5075 uul-

2129 5118 2223 5238 ut:
2622 5120 2716 5175 22,
2829 5123 2877 5154 δ’
2913 5121 3123 5182 Levit.
3158 5147 3316 5194 vn.
3364 5145 3507 5214 16,
3556 5152 3680 5220 ΓΙ,
3712 5156 3831 5216 18.

1972 5323 2066 5378 sed
2101 5338 2203 5375 ms.
2240 5330 2301 5375 ut
2332 5323 2386 5377 in
2424 5333 2616 5380 nostro
2651 5334 2833 5382 textu.

2009 5460 2018 5469 -
2048 5390 2158 5469 (50)
2187 5389 2336 5469 Μς).ζ
2359 5412 2377 5443 ι
2410 5395 2767 5469 ιιιιιιιιιιιιῌᾳει
2790 5413 3070 5454 excessus
3107 5404 3321 5465 habe

2009 5435 2131 5469 ην-
2187 5435 2310 5454 -.-_-,
2362 5435 2377 5443 -
2679 5435 3070 5454 causam.“
3158 5435 3175 5457 ε

1977 5435 2205 5526 singuia.
2242 5460 2470 5541 smPanlo
2494 5474 2617 5541 post
2639 5465 2788 5541 libb.
2815 5470 2976 5541 editi,
3014 5487 3035 5518 ε
3077 5435 3425 5541 οἰᾘτζωξξ

1981 5541 2102 5580 nem
2136 5529 2538 5586 sacriﬁciorum
2567 5534 2875 5592 habeamus
2907 5529 2970 5592 in
2996 5553 3171 5596 utaut

3584 5446 3623 5483 r
3675 5433 3831 5490 haec

3184 5504 3830 5601 δ’..ξκεπεηιε-ιίοο

3244 5567 3378 5611 lls.
3440 5581 3471 5613 ι
