3948 6260
297 284 390 345 ⁴⁶¹
1513 310 1584 372 ΙΝ
1621 313 1986 372 LEVITICUM
2022 310 2304 368 IlOMlLlA
2342 315 2406 368 v.

3441 323 3549 379 461

299 418 382 460 ma
406 416 746 475 quaecunque
773 420 1240 479 manducaverit
1272 442 1462 483 carnes
1490 431 1740 484 sacriﬁcii
1775 429 1918 501 salu-
1945 424 1987 480 A
2018 426 2333 479 sanctiﬁcati
2367 432 2547 478 essent
2571 419 2720 491 prius
2751 429 2803 475 et
2832 432 3008 483 mundi
3037 430 3228 496 etlecti,
3256 449 3441 491 carnes
3463 438 3548 492 eis

302 497 441 587 ξπίῆ
460 497 707 563 quodest
747 501 1001 559 θοιιὶῖηο
1032 548 1050 571 .
1132 523 1191 568 et
1248 518 1583 573 immunditia
1614 520 1729 587 ejus
1765 497 1817 571 in
1851 533 1916 573 eo

311 581 495 648 fuerit,
526 588 729 654 peribit
758 591 956 645 anima
1016 598 1121 652 illa
1158 604 1228 657 de
1265 605 1460 672 populo
1489 622 1605 660 suo.
1639 581 1703 660 lit
1737 607 1915 659 anima

314 690 655 746 quaecunque
690 683 953 752 tetigerit
984 704 1223 746 omnem
1277 710 1391 748 rem
1422 696 1744 750 immundam
1768 734 1784 762 ,
1833 697 1915 751 vel

322 771 396 823 ab
427 769 767 826 immunditia
799 774 1082 841 hominis,
1117 782 1205 836 vel
1245 785 1647 851 quadrupedum
1681 786 1913 838 immuna-

330 859 548 922 dorum,
580 858 668 912 vel
703 862 774 916 ab
808 867 968 919 omni
1000 869 1449 925 abominamento
1478 871 1588 942 (5i)
1619 872 1909 939 immundo,

340 958 402 1002 et
449 947 858 1004 manducaverit
918 968 991 1007 ex
1046 957 1308 1011 carnibus
1356 958 1602 1032 sacrificii
1662 958 1913 1013 salutaris

340 1040 486 1106 quod
547 1050 632 1094 est
661 1039 903 1108 Domini,
957 1045 1161 1111 peribit
1216 1047 1395 1100 anima
1467 1047 1556 1101 illa
1606 1050 1672 1102 de
1722 1049 1914 1117 populo

338 1143 444 1184 suo
466 1128 547 1184 “.
576 1148 594 1181 ι
627 1128 893 1198 Triplices
916 1132 1290 1189 immunditiae
1311 1151 1499 1190 causas
1523 1138 1607 1191 hic
1643 1138 1915 1207 legislator

336 1220 625 1286 exposuit.
658 1212 855 1285 Unam,
886 1236 959 1275 ne
988 1237 1187 1277 carnes
1213 1224 1593 1280 sacriﬁciorum
1618 1227 1791 1296 aliqua
1821 1229 1917 1280 im-

334 1310 617 1362 munditia
641 1311 1052 1378 contingantur.
1085 1314 1284 1377 Aliam,
1306 1332 1370 1370 ne
1390 1317 1433 1370 is
1462 1317 1549 1384 qui
1578 1318 1686 1370 edit
1719 1332 1912 1372 carnes

334 1398 610 1451 sacriﬁcii
647 1400 962 1455 immundus
994 1402 1087 1464 sit,
1128 1413 1184 1456 et
1215 1404 1544 1457 immundilia
1569 1404 1686 1473 ejus
1709 1407 1760 1457 in
1794 1406 1910 1475 ipso

338 1488 435 1541 sit.
481 1487 762 1551 Tertiam,
813 1493 956 1558 quod
1014 1493 1114 1546 etsi
1173 1508 1361 1547 carnes
1411 1495 1617 1548 mundae
1660 1497 1806 1558 sint,
1858 1507 1914 1551 et

336 1572 460 1643 ipse
486 1576 587 1643 qui
646 1578 763 1631 edit
791 1580 1031 1633 mundus
1062 1581 1152 1646 sit,
1192 1590 1362 1635 tamen
1392 1597 1459 1637 ne
1491 1586 1770 1652 contigerit
1820 1588 1914 1639 ali-

330 1664 464 1731 quid
496 1666 873 1730 immundum,
897 1669 981 1721 vel
1010 1684 1036 1720 a
1062 1671 1346 1737 pecoribus
1372 1672 1456 1724 vel
1474 1674 1540 1726 ab
1565 1675 1754 1728 avibus
1778 1676 1910 1747 (δί),

2016 530 2118 567 non
2145 516 2296 568 daret
2334 516 2495 569 Dens.
2548 508 2696 566 Bene
2727 522 2905 569 autem
2956 521 3283 578 clementiam
3330 526 3542 581 Domini

2013 603 2286 670 legislator
2316 605 2575 667 ostendit,
2612 611 2668 655 ut
2700 617 2804 656 non
2830 607 3033 663 diceret
3063 614 3185 679 quia
3231 629 3331 667 non
3388 633 3542 671 man-

2013 692 2171 747 ducet
2217 708 2404 748 carnes
2457 695 2509 748 in
2561 710 2666 763 quo
2721 694 2821 749 fuit
2872 696 3244 768 immunditia,
3288 707 3379 760 sed
3429 709 3541 771 ait,

2013 780 2065 833 in
2094 797 2198 849 quo
2245 784 2573 838 immunditia
2599 783 2715 851 ejus
2745 785 2794 837 in
2841 787 2956 854 ipso
2986 799 3087 843 est.
3135 789 3301 844 Nemo
3340 797 3538 848 etenim

2014 871 2125 927 fere
2182 874 2492 939 invenitur,
2538 875 2587 927 in
2612 888 2716 941 quo
2749 888 2851 927 non
2882 875 2980 928 fuit
3007 877 3357 933 immunditia.
3394 882 3544 936 Inre-

2013 960 2113 1012 niri
2148 970 2320 1015 autem
2346 968 2538 1030 potest,
2576 962 2627 1015 in
2657 978 2761 1031 quo
2785 963 2948 1018 fuerit
2976 966 3206 1033 quidem,
3240 968 3330 1021 sed
3359 971 3540 1024 audita

2013 1048 2131 1117 lege
2157 1050 2363 1104 Domini
2392 1055 2528 1103 ultra
2561 1049 2673 1117 jam
2729 1066 2830 1105 non
2857 1053 2948 1107 sit.
2983 1053 3132 1119 Quod
3177 1055 3221 1108 si
3267 1067 3544 1123 permanet

2013 1137 2063 1189 in
2091 1151 2154 1190 eo
2188 1138 2522 1191 immnnditia
2556 1153 2672 1205 sua,
2724 1149 2779 1192 et
2825 1141 2909 1194 liis
2938 1142 3133 1196 auditis
3161 1146 3399 1199 converti
3437 1162 3542 1203 non

2013 1222 2125 1274 vult
2164 1232 2216 1276 et
2245 1226 2556 1289 emendari,
2583 1227 2811 1294 peribit,
2865 1230 3078 1296 inquit,
3137 1233 3311 1285 anima
3363 1234 3449 1287 illa
3479 1236 3544 1290 de

2012 1312 2203 1380 populo
2231 1328 2347 1366 suo.
2380 1314 2559 1367 Tertia
2591 1325 2673 1368 est
2717 1318 3064 1371 immunditiie
3110 1323 3333 1388 species.
3364 1338 3466 1391 qua
3497 1326 3544 1381 is

2010 1402 2099 1467 qni
2124 1400 2353 1455 mundus
2377 1411 2476 1465 est,
2505 1403 2551 1455 si
2579 1403 2778 1471 aliquid
2808 1407 3030 1474 contigit
3061 1407 3412 1476 immundum,
3434 1428 3538 1467 non

2014 1498 2119 1540 tam
2145 1502 2241 1542 suo
2271 1500 2508 1557 peccato,
2533 1506 2690 1558 quam
2716 1494 2886 1546 aliena
2916 1497 3235 1564 contagione
3255 1498 3537 1565 polluitur;

2011 1585 2067 1627 ut
2095 1586 2217 1642 puta
2248 1578 2292 1629 si
2323 1579 2443 1644 quis
2479 1581 2715 1633 societur
2746 1583 3000 1636 amicitiis
3043 1593 3096 1637 et
3122 1588 3391 1641 consortio
3439 1587 3538 1641 bo-

2013 1664 2169 1718 minis
2197 1666 2367 1729 lividi,
2403 1667 2483 1720 vel
2513 1669 2781 1735 iracundi,
2808 1673 2889 1726 vel
2935 1674 3180 1740 adulteri,
3209 1685 3263 1731 et
3287 1678 3398 1745 ipse
3425 1680 3540 1745 qui-

330 1750 419 1803 vel
449 1767 523 1805 ex
558 1753 831 1807 omnibus
880 1769 998 1822 quin
1037 1736 1310 1811 immunda
1365 1762 1701 1825 pronuntiata
1762 1736 1905 1819 sunt.
1942 1736 1982 1790 Β
2011 1754 2126 1806 del“
2185 1757 2416 1822 Propriis
2474 1759 2680 1813 acubus
2729 1776 2832 1814 ιιοη
2911 1762 3178 1818 inseram?
3247 1768 3538 1822 sceleribus

330 1836 398 1892 Et
435 1840 559 1893 iniec
600 1842 832 1909 quidem
871 1843 1120 1897 voluntas
1147 1856 1226 1899 est
1254 1834 1575 1915 legislatoris
1603 1852 1665 1903 de
1692 1852 1795 1905 ritu
1823 1868 1906 1907 sa-

325 1928 682 1982 criﬁciorum
726 1932 1095 1998 corporalium
1137 1934 1443 1987 sancientis.
1478 1936 1775 1991 Secundum
1811 1956 1907 1993 no-

326 2027 458 2071 stra:
491 2032 639 2071 vero
669 2019 1037 2085 expositionis
1063 2022 1330 2089 ordinem,
1373 2025 1458 2078 ubi
1491 2041 1682 2079 carnes
1711 2039 1911 2082 sanctae

327 2109 500 2160 verba
540 2107 940 2177 intelliguntur
966 2107 1075 2178 (53)
1102 2125 1220 2164 esse
1250 2111 1450 2176 divina,
1484 2115 1780 2182 bujusmodi
1820 2118 1912 2168 lia-

324 2193 514 2251 benda
561 2204 655 2250 est
687 2199 1010 2251 observatio
1038 2236 1053 2261 ,
1089 2200 1210 2266 quia
1246 2215 1385 2267 saepe
1441 2204 1634 2256 accidit
1689 2206 1910 2258 mundas

319 2298 535 2339 carnes
565 2287 822 2353 contingi
850 2288 921 2339 ab
949 2286 1128 2353 aliquo
1153 2287 1440 2352 immundo,
1470 2300 1545 2353 ut,
1578 2293 1723 2346 verbi
1751 2308 1908 2346 causa

316 2376 602 2441 dixerim,
649 2377 695 2430 si
730 2378 856 2445 quis
910 2377 979 2430 de
1037 2377 1141 2431 Deo
1175 2378 1331 2433 Patre
1355 2418 1369 2443 ,
1406 2395 1469 2432 ac
1508 2380 1574 2432 de
1630 2382 1912 2450 linigenito

315 2465 484 2533 ejus,
530 2475 592 2520 et
648 2465 860 2534 Spiritu
895 2477 1118 2534 sancto,
1173 2471 1331 2538 digno
1380 2470 1596 2524 deitatis
1657 2476 1911 2541 mysterio

312 2569 541 2622 purum
581 2556 754 2609 faciat
783 2557 1172 2627 sincerumque
1208 2574 1506 2613 sermonem
1529 2601 1545 2626 ,
1582 2561 1831 2621 similiter
1858 2570 1911 2615 et

309 2644 376 2697 de
413 2644 701 2699 omnibus
752 2646 1025 2699 creaturis
1057 2647 1405 2701 rationalibus
1436 2657 1689 2716 tanquam
1719 2665 1749 2702 a
1804 2651 1910 2704 Deo

305 2732 498 2787 factis
528 2731 600 2783 ad
632 2731 738 2786 hoc
772 2744 833 2787 ut
858 2744 1129 2802 caperent
1153 2744 1207 2789 et
1240 2736 1603 2803 intelligerent
1627 2752 1769 2803 eum,
1803 2754 1907 2793 non

299 2831 523 2875 autem
564 2823 931 2890 consequenti
984 2824 1245 2890 mysterio
1278 2822 1468 2877 all‘erat
1505 2825 1667 2878 etiam
1729 2828 1911 2880 carnis

297 2909 834 2967 resurrectionem.
877 2911 1094 2965 Primus
1141 2911 1358 2978 quidem
1411 2910 1525 2978 ejus
1576 2928 1750 2966 sermo
1778 2928 1913 2981 quo-

2008 1844 2142 1911 ejus,
2191 1844 2365 1898 videat
2416 1855 2589 1899 tamen
2619 1863 2762 1913 eum,
2801 1860 2856 1903 et
2901 1853 3158 1924 intelligat
3195 1856 3353 1926 213
3404 1872 3537 1925 quo-

2009 1933 2164 1985 modo
2236 1931 2453 1987 fratrem
2531 1950 2685 1989 suum
2754 1940 2866 1991 odit
2945 1950 3000 1994 et
3080 1945 3346 1998 homicida
3416 1957 3538 2009 est,

2008 2021 2089 2073 vel
2121 2024 2385 2088 quomodo
2424 2023 2705 2078 insidiatur
2757 2028 2946 2083 aliena:
2990 2032 3199 2085 mulieri
3229 2043 3282 2087 et
3326 2035 3537 2089 adulter

2009 2118 2112 2174 est,
2148 2111 2231 2164 vel
2272 2114 2537 2179 quomodo
2573 2114 2623 2167 in
2649 2119 2862 2171 caneris
2905 2120 3204 2187 quibusque
3243 2124 3536 2191 sacrilegus

2007 2210 2106 2258 est,
2145 2214 2242 2252 nec
2266 2201 2612 2267 deprehensis
2640 2203 2722 2257 bis
2757 2205 3077 2259 discedatab
3101 2207 3215 2273 ejus
3242 2212 3535 2276 consortio,

2010 2287 2110 2340 iste
2136 2297 2217 2341 est
2268 2290 2357 2356 qui
2391 2293 2613 2359 contigit
2653 2294 3003 2359 immundum,
3045 2297 3128 2351 vel
3178 2299 3398 2366 animal,
3451 2302 3536 2355 vel

2008 2391 2181 2439 avem,
2230 2377 2313 2430 vel
2360 2379 2717 2447 morticinum,
2750 2391 2802 2434 et
2837 2381 3008 2435 aliena
3060 2384 3393 2442 immunditia
3423 2390 3537 2458 ipse

2008 2465 2236 2532 pollutus
2257 2475 2359 2520 est.
2393 2467 2464 2521 De
2490 2468 2889 2525 diversitatibus
2920 2482 3093 2528 autem
3121 2476 3536 2546 immnndorum.

2007 2559 2163 2619 prout
2213 2567 2495 2607 occurrere
2543 2557 2734 2622 potuit,
2785 2557 2837 2611 in
2884 2560 3246 2628 superioribus
3275 2565 3534 2623 diximus.

2006 2644 2112 2694 Aut
2138 2656 2240 2695 non
2268 2650 2321 2696 et
2343 2643 2622 2710 Apostolus
2646 2648 2932 2702 secundum
2967 2650 3106 2706 lianc
3133 2654 3373 2708 eamdem
3403 2672 3537 2724 prie-

2009 2730 2149 2798 cepit
2169 2731 2417 2797 formam,
2435 2748 2553 2786 cum
2576 2735 2757 2788 dicit"
2781 2752 2796 2790 :
2821 2754 2839 2786 ι
2856 2735 3013 2793 Nunc
3039 2748 3213 2796 autem
3234 2744 3407 2798 scribo
3424 2745 3538 2817 (55)

2008 2819 2161 2874 vobis
2187 2820 2239 2874 in
2278 2821 2520 2889 epistola,
2554 2832 2612 2875 ut
2658 2839 2759 2877 non
2792 2828 3254 2885 commisceamini
3305 2835 3539 2889 fornica-

2009 2906 2124 2971 riis,
2153 2908 2198 2961 si
2225 2908 2343 2974 quis
2375 2908 2540 2963 frater
2587 2912 2893 2966 nominatur
2941 2914 3256 2986 fornicator,
3293 2930 3386 2974 aut
3413 2935 3541 2975 ava-

295 3002 469 3054 niam
518 2999 647 3067 (54)
683 2998 929 3066 perfecte
969 3007 1020 3053 et
1054 3008 1245 3051 sancte
1299 2999 1572 3064 disseruit,
1604 3002 1806 3055 solidus
1833 3003 1909 3055 ci-

2011 3008 2123 3059 rus,
2158 3006 2250 3048 aut
2293 2997 2447 3051 idolis
2490 3001 2751 3067 serviens,
2803 3011 2897 3055 aut
2928 3004 3192 3069 ebriosus,
3223 3014 3319 3059 aut
3354 3022 3540 3076 rapax,

290 3091 398 3145 lius
433 3100 568 3153 est,
596 3105 798 3142 carnes
835 3099 1043 3143 sanctae
1074 3099 1219 3147 sunt,
1253 3089 1353 3142 hoc
1381 3105 1508 3143 vero
1529 3093 1669 3157 quod
1703 3092 1786 3146 liis
1817 3095 1910 3145 ad-

289 3179 499 3241 ditur.
541 3178 1022 3231 resurrectionem
1066 3180 1250 3233 carnis
1300 3180 1561 3246 negando,
1598 3179 1722 3246 quia
1777 3179 1908 3232 alie-

285 3283 433 3325 num
485 3283 526 3321 ει
561 3267 677 3320 [ide
704 3277 815 3330 est,
849 3268 1231 3335 superioribus
1270 3269 1517 3335 junctum
1556 3269 1806 3337 perfectis
1857 3279 1909 3323 et

284 3357 591 3413 ﬁdelibus
660 3357 846 3410 verbis
875 3395 892 3420 ,
937 3368 1157 3410 sanctas
1215 3372 1404 3411 carnes
1435 3360 1819 3412 contaminavit
1856 3368 1910 3412 et

283 3451 541 3517 polluit.
577 3447 714 3500 Ideo
739 3462 871 3516 ergo
904 3448 1165 3516 praecepit
1193 3447 1466 3517 legislator
1493 3464 1556 3502 ne
1587 3451 1911 3504 manducen-

285 3551 383 3594 tur
423 3536 780 3605 bujusmodi
817 3552 1034 3601 carnes,
1065 3539 1262 3604 quibus
1297 3539 1633 3593 immunditia
1685 3539 1909 3592 inﬁdeli-

283 3631 434 3684 tatis
500 3626 754 3693 alicujus
802 3625 1136 3693 adjungitur.
1188 3625 1474 3694 Propterea
1521 3636 1573 3680 et
1626 3628 1907 3697 Apostolus

281 3720 440 3773 dicit
480 3718 581 3769 "z
631 3732 651 3765 ι
681 3715 902 3768 Etenim
936 3716 1079 3767 diem
1129 3715 1332 3767 festum
1370 3715 1702 3769 celebremus
1725 3733 1825 3769 non
1855 3719 1905 3769 iu

283 3809 609 3863 fermento
646 3806 846 3868 veteri;
883 3819 1060 3871 neque
1090 3805 1142 3857 in
1176 3804 1443 3858 fermento
1475 3806 1692 3859 malitia:
1728 3818 1782 3860 et
1815 3823 1907 3860 ne-

283 3897 535 3967 quitiae,
560 3895 667 3948 sed
696 3896 750 3946 in
782 3894 994 3962 azymis
1023 3893 1361 3947 sinceritatis
1384 3904 1438 3947 et
1466 3895 1730 3949 veritatis.
1762 3914 1779 3946 ι
1816 3898 1909 3949 Se-

282 3984 566 4039 cundum
596 3981 968 4032 iniinuuditia:
996 3992 1163 4048 genus
1197 3990 1302 4041 est,
1341 3996 1406 4034 ne
1438 3983 1550 4049 ipse
1601 3983 1688 4049 qni
1721 3997 1909 4035 carnes

283 4076 441 4136 edit,
486 4070 825 4124 immundus
857 4067 950 4132 sit,
980 4077 1036 4121 et
1068 4068 1412 4122 immunditia
1442 4069 1560 4136 ejus
1589 4072 1638 4123 in
1673 4072 1789 4139 ipso
1815 4072 1906 4134 sit,

284 4162 454 4232 quod
494 4162 612 4213 hoc
644 4157 812 4211 modo
842 4154 1067 4223 intelligi
1104 4164 1306 4222 potest,
1338 4159 1489 4211 verbi
1529 4160 1723 4226 gratia,
1764 4160 1806 4212 si
1840 4159 1909 4212 sit

285 4250 524 4320 aliquis
551 4259 777 4303 naturae
808 4246 1056 4300 ﬂorentis
1076 4287 1094 4310 ,
1132 4256 1188 4300 et
1219 4246 1462 4300 ardentis
1513 4248 1706 4317 ingenii
1735 4286 1751 4311 ,
1802 4263 1904 4301 non

295 4315 594 4397 continuo
628 4346 794 4405 aptus
826 4336 1099 4389 videbitur
1143 4335 1212 4388 ad
1264 4315 1607 4404 suscipienda
1635 4338 1782 4391 verbi
1814 4338 1901 4390 Dei
1940 4315 1979 4367 υ

314 4429 622 4501 mysteria,
671 4427 768 4479 sed
797 4426 1069 4494 quaeritur
1098 4425 1263 4477 etiam
1300 4424 1423 4486 lioc,
1459 4434 1517 4477 nt
1541 4427 1688 4491 prius
1713 4441 1741 4478 a
1783 4442 1907 4493 pro-

312 4522 463 4574 Ianis
501 4517 756 4577 actibus,
787 4510 845 4565 et
886 4510 1185 4565 immundis
1222 4510 1480 4575 operibus
1508 4520 1807 4578 separetur,
1858 4521 1911 4565 et

314 4613 388 4663 ita
441 4609 682 4663 demum
731 4599 1057 4655 eruditionis
1089 4612 1264 4665 capax
1316 4600 1430 4659 tiat,
1470 4598 1514 4651 si
1567 4600 1714 4666 prius
1740 4614 1909 4667 capax

310 4700 483 4755 luerit
535 4692 878 4751 sanctitatis.
939 4689 1133 4743 Simile
1182 4688 1268 4741 bis
1302 4688 1357 4740 in
1413 4687 1659 4741 Numeris
1689 4689 1912 4757 legimus

311 4790 619 4856 scriptum,
653 4782 745 4835 ubi
795 4779 1072 4833 Dominus
1119 4789 1314 4830 carnes
1354 4776 1569 4829 etelitus
1601 4776 1745 4830 dedit
1791 4778 1914 4831 ﬁliis

308 4877 483 4934 Israel
521 4883 586 4930 et
632 4872 772 4925 dicit
814 4870 902 4923 l":
943 4885 964 4918 ι
1019 4865 1456 4920 Sanctiﬁcamini
1495 4864 1546 4916 in
1577 4866 1902 4931 crastinum,

308 4980 369 5022 ut
399 4960 766 5019 manducetis
797 4969 1027 5018 carnes,
1064 4970 1086 5004 ι
1126 4955 1229 5007 hoc
1257 4950 1564 5014 ostendens,
1619 4951 1760 5021 quod
1801 4955 1902 5007 nisi

373 5084 424 5115 ιι
455 5079 650 5135 ιεγίι,
690 5090 787 5137 cu,
818 5072 890 5125 19
921 5079 980 5121 et
1007 5080 1170 5134 seqq.
1246 5064 1291 5095 ⁵⁵
1325 5063 1344 5115 l
1391 5063 1511 5117 Cor.
1547 5082 1593 5131 ι’,
1624 5068 1676 5119 5.

376 5218 495 5288 (5i)
526 5211 660 5274 315.,
704 5226 725 5260 ι
758 5203 1243 5262 aboniinamento.
1276 5214 1295 5244 ι
1345 5194 1494 5250 Libb.
1527 5202 1668 5266 editi,
1711 5217 1731 5250 ι
1768 5202 1906 5254 abo-

304 5290 541 5340 minuto.
579 5301 599 5333 ο

687 5363 708 5396 ι
745 5359 796 5422 2.
826 5341 1041 5394 bobus-
1086 5351 1106 5382 ⁸
1168 5330 1230 5382 El
1258 5327 1415 5396 Paulo
1466 5345 1596 5403 post,
1637 5355 1659 5388 ι
1699 5336 1844 5406 legis
1883 5356 1903 5390 ι
1940 5342 1951 5353 ’

332 5419 930 5559 Ὗόἒὶιεῧὶῗξωξιῗξεξι
955 5461 1162 5559 editi:
1177 5462 1188 5511 i
1197 5476 1225 5559 it
1237 5446 1549 5559 Igiliiltur.
1587 5492 1604 5522 ι

715 5543 888 5601 editi,
930 5554 950 5586 ι
983 5543 1170 5599 quem.
1197 5544 1215 5576 ι
1245 5527 1305 5576 Et
1331 5533 1495 5591 paulo
1519 5550 1657 5606 post,
1700 5558 1719 5589 ι
1756 5541 1910 5607 quod

2009 3098 2127 3137 cum
2181 3084 2478 3151 bujusmodi
2529 3105 2628 3144 nec
2671 3093 2846 3144 cibum
2891 3093 3140 3147 sumere?
3186 3112 3206 3145 ι
3240 3093 3296 3147 In
3348 3095 3555 3161 quibus

2007 3172 2247 3226 omnibus
2268 3175 2392 3240 quid
2428 3185 2508 3228 est
2533 3176 2679 3229 aliud
2704 3178 2848 3245 quod
2877 3179 3147 3246 praecepit,
3184 3181 3284 3233 nisi
3315 3193 3382 3234 ne
3407 3180 3541 3235 alie-

2008 3261 2088 3314 nis
2114 3264 2345 3327 peccatis
2369 3272 2422 3316 et
2446 3265 2797 3319 immunditiis
2825 3266 3158 3333 polluantur?

2077 3352 2161 3403 ll.
2198 3369 2216 3400 ι
2252 3351 2317 3403 Ει
2342 3354 2545 3406 locutus
2573 3364 2674 3420 est,
2710 3355 2881 3422 inquit
2908 3354 2978 3418 υ,
3015 3356 3269 3410 Dominus
3297 3359 3362 3412 ad
3390 3359 3538 3431 Moy-

2007 3454 2099 3494 sen
2136 3440 2359 3493 dicens:
2389 3440 2628 3509 Loquere
2671 3441 2797 3494 [iliis
2843 3440 3009 3495 Israel
3058 3443 3243 3500 dicens
3275 3467 3287 3500 :
3314 3446 3536 3502 Omnem

2007 3529 2211 3595 adipem
2239 3530 2416 3591 boum,
2441 3539 2494 3582 et
2520 3531 2717 3594 ovium,
2751 3540 2806 3584 et
2854 3547 3161 3599 caprarum,
3212 3550 3317 3589 non
3343 3537 3534 3601 edetis,

2005 3624 2060 3670 et
2086 3619 2246 3684 adeps
2279 3619 2702 3684 morticinorum,
2732 3628 2787 3672 et
2810 3635 2838 3671 a
2865 3619 2975 3673 fera
3008 3631 3283 3688 captorum
3309 3638 3410 3677 non
3434 3627 3539 3678 erit
3592 3672 3597 3677 ,

2008 3707 2073 3759 ad
2099 3721 2256 3760 omne
2283 3722 2438 3774 opus,
2482 3716 2535 3759 et
2563 3709 2616 3761 in
2665 3721 2787 3761 esca
2832 3723 2941 3762 non
2990 3709 3196 3763 edetur.
3242 3710 3425 3765 Omnis
3448 3713 3536 3780 qui

2008 3797 2216 3862 adipem
2247 3798 2369 3849 edet
2404 3811 2469 3848 ex
2508 3797 2791 3862 pecoribus
2823 3811 2888 3850 ex
2921 3798 3113 3865 quibus
3137 3798 3341 3854 oll‘ertis
3366 3800 3432 3854 ab
3459 3801 3539 3855 eis

2008 3887 2231 3939 hostiam
2264 3887 2507 3947 Domino,
2542 3885 2739 3953 peribit
2764 3875 2938 3939 anima
2969 3887 3056 3941 illa
3099 3889 3164 3941 de
3196 3890 3389 3957 populo
3417 3904 3534 3946 suo.

2009 3976 2072 4028 Et
2100 3990 2308 4028 omnem
2352 3976 2662 4043 sanguinem
2696 3989 2797 4028 non
2840 3976 3010 4029 edetis
3049 3977 3100 4030 in
3149 3979 3292 4030 omni
3331 3978 3538 4032 habita-

2010 4067 2149 4118 tione
2203 4073 2374 4116 vestra
2416 4079 2443 4113 ιι
2499 4063 2798 4130 pecoribus,
2849 4072 2902 4115 et
2929 4080 2956 4115 a
2998 4064 3320 4120 volatilibus.
3353 4068 3540 4122 Omnis

2009 4153 2180 4204 anima
2212 4166 2536 4219 quicumque
2568 4152 2967 4205 manducaverit
2992 4155 3326 4220 sanguinem,
3347 4156 3540 4223 peribit

2011 4242 2184 4293 anima
2230 4241 2317 4293 illa
2344 4242 2407 4293 de
2454 4242 2644 4308 populo
2687 4257 2802 4296 suo.
2840 4261 2858 4293 ι
2896 4243 3090 4310 Adipes
3118 4243 3329 4311 quidem
3350 4258 3537 4297 eorum

2011 4331 2340 4393 animalium,
2378 4346 2496 4399 quae
2532 4333 2586 4384 in
2634 4333 2916 4387 sacrificiis
2961 4332 3272 4396 oll'eruntur,
3304 4344 3361 4387 et
3405 4334 3538 4390 alio-

2012 4436 2130 4473 rum
2172 4420 2540 4473 nonnullorum
2588 4422 2670 4475 edi
2720 4422 2803 4475 vel
2851 4421 2903 4475 in
2952 4437 3049 4476 usu
3094 4423 3278 4477 baberi
3314 4426 3542 4493 abnegat

2012 4508 2304 4574 legislator,
2352 4507 2663 4575 sanguinem
2719 4521 2847 4561 vero
2891 4508 3068 4563 omnis
3106 4508 3287 4561 carnis
3337 4509 3539 4562 comedi

2012 4609 2170 4652 vetat.
2205 4597 2261 4649 In
2294 4597 2658 4667 superioribus
2680 4596 2853 4650 locum
2884 4599 3165 4667 mysticum
3208 4608 3540 4667 pertractan-

2011 4694 2110 4749 tes,
2135 4686 2221 4738 ubi
2250 4686 2441 4737 vitulus
2473 4686 2524 4736 in
2573 4665 2951 4739 holocaustum
2965 4686 3191 4739 dabatur
3213 4665 3320 4754 pro
3356 4703 3543 4755 pecca-

2013 4787 2088 4841 to,
2116 4785 2169 4830 et
2201 4776 2382 4843 adipes
2415 4775 2825 4842 imponebantnr
2853 4775 3032 4841 altari,
3061 4777 3378 4843 sanguinein
3425 4778 3542 4844 qui-

2011 4865 2129 4917 dem
2157 4877 2262 4931 quo
2291 4876 2352 4916 ex
2388 4871 2535 4929 parte
2563 4861 2740 4929 aliqua
2779 4877 2978 4916 cornua
3036 4863 3375 4923 liniebantur,
3420 4863 3541 4917 reli-

2010 4968 2142 5022 quus
2171 4967 2299 5007 vero
2323 4952 2388 5005 ad
2418 4951 2586 5005 basim
2631 4951 2995 5007 elIundebatur
3039 4952 3249 5012 altaris.
3273 4952 3325 5003 in
3357 4967 3540 5009 eorum

1755 5066 1801 5097 “
1830 5067 1988 5122 Num.
2028 5086 2102 5131 xi,
2136 5070 2220 5122 i3.
2284 5054 2338 5097 ’⁸⁷
2400 5066 2414 5118 l
2449 5065 2570 5120 Cor.
2594 5079 2648 5130 v,
2674 5065 2728 5119 9.
2801 5065 3034 5118 "Levit.
3076 5077 3171 5125 vn,
3205 5060 3279 5111 22
3308 5070 3365 5110 et
3393 5074 3544 5124 seqq.

2008 5207 2090 5258 bis
2120 5205 2286 5268 addit,
2323 5202 2731 5255 resurrectionis
2761 5204 2937 5253 carnis
2990 5193 3237 5262 negando
3293 5188 3547 5254 gloriam.

2008 5275 2154 5342 quia,
2188 5292 2205 5323 ι
2238 5284 2375 5342 etc.;
2409 5272 2633 5342 sed‘ins.
2667 5278 2724 5342 ut
2748 5270 2813 5342 _i_n_
2838 5278 3020 5342 nostro
3058 5271 3232 5342 textu:

2220 5315 2343 5399 iis:
2362 5315 3021 5413 ’.ζετρῑίιλξξίιίβυϊζςξέιίιί
3043 5345 3119 5413 ,ηε
3411 5315 3554 5413 alii“

2015 5388 2352 5463 deludit—vius.
2581 5388 2605 5455 ὶ
2642 5401 2960 5472 fornicariis.
2999 5388 3564 5472 ι’ζιῖιδιιιοηῇξζδξώιιὲδλε

2022 5459 2173 5531 ἷιῖἰεί
2202 5459 2281 5528 ne
2326 5459 2587 5535 alienisﬁ
2625 5479 2730 5525 etc.
2780 5466 2930 5520 Libb.
2981 5460 3128 5520 editi,
3161 5471 3180 5502 ι
3224 5459 3332 5501 ιιιει
3371 5460 3441 5503 ne
3464 5459 3571 5501 nos

2016 5547 2083 5599 ab
2109 5546 2320 5609 alienis,
2353 5561 2369 5590 ι
2403 5550 2505 5594 etc.
