3948 6254
312 358 413 414 465

314 472 610 541 accepimus
638 466 749 538 (56)
774 465 1018 533 ﬁguram,
1050 462 1138 529 qui
1165 461 1411 515 residuus
1439 457 1633 511 dicitur
1654 454 1833 515 Israel,
1865 457 1909 510 Α

316 575 369 617 ct
391 569 667 630 postquam
693 554 962 624 plenitudo
1004 552 1239 627 gentium
1284 548 1666 605 subiutroierit,
1694 545 1835 597 salu-

319 665 419 705 tem
450 652 500 702 in
531 646 831 702 novissimis
860 652 1058 709 sperat.
1084 640 1280 706 Adipes
1305 651 1430 689 vero
1456 636 1682 687 animam
1706 632 1842 684 dixi-

321 755 436 796 mus
473 737 695 801 Christi,
727 749 842 802 quae
872 744 954 787 est
995 730 1225 783 Ecclesia
1255 726 1550 779 amicorum
1586 722 1719 789 ejus,
1748 734 1840 786 pro

322 830 509 897 quibus
540 827 771 880 animam
802 836 950 876 suam
978 819 1167 883 posuit.
1200 816 1379 868 Potest
1408 828 1534 879 ergo
1560 811 1670 863 ﬁeri
1707 820 1760 862 et
1789 809 1840 861 in

323 922 422 972 hoc
446 917 579 977 loco,
609 922 667 966 ut
689 912 827 980 quod
850 909 1125 961 mandatur
1155 921 1219 957 ne
1248 903 1369 970 quis
1413 901 1591 965 adipes
1622 898 1743 950 edat
1776 911 1840 948 ex

327 1007 410 1060 his
433 1019 549 1073 quae
577 1000 794 1055 Domino
829 995 1138 1057 offeruntur,
1189 993 1287 1044 hoc
1314 992 1384 1042 sit
1410 987 1546 1054 quod
1585 995 1637 1037 et
1666 984 1845 1037 Domi-

326 1109 424 1147 nus
456 1089 583 1145 dicit
607 1089 654 1121 ⁸⁹
685 1105 698 1138 :
728 1087 801 1139 Ne
831 1086 949 1153 quis
991 1080 1316 1136 scandalizet
1367 1091 1527 1127 unum
1558 1089 1615 1126 ex
1646 1072 1726 1125 liis
1759 1072 1847 1122 Illi-

328 1180 505 1242 nimis,
539 1178 630 1245 qui
656 1175 878 1229 credunt
906 1172 955 1221 in
983 1186 1081 1221 inc.
1107 1166 1258 1231 Quod
1289 1173 1468 1217 autem
1500 1162 1715 1228 sanguis
1734 1157 1850 1210 nul-

329 1270 430 1321 lius
459 1263 702 1318 animalis
725 1262 808 1315 edi
834 1260 1064 1327 iubetur,
1096 1255 1223 1308 illud
1253 1252 1477 1305 fortasse
1509 1251 1595 1311 sit,
1631 1248 1767 1315 qttod
1785 1247 1850 1298 de

331 1355 588 1411 lsraeiitis
618 1352 742 1406 dicit
767 1348 1053 1417 Apostolus
1080 1344 1122 1374 '°
1152 1360 1165 1394 :
1207 1360 1223 1392 t
1264 1341 1404 1394 Dicis
1435 1354 1580 1407 ergo,
1617 1338 1661 1389 si
1694 1335 1848 1387 fracti

331 1454 454 1500 sunt
474 1441 684 1506 rami,ut
708 1452 805 1505 ego
836 1438 1057 1489 inserar.
1083 1432 1461 1498 Beue,propter
1512 1424 1854 1479 incredulita-

330 1546 437 1590 tem
470 1530 624 1584 l‘racti
650 1536 793 1583 sum.
829 1524 905 1577 Tu
933 1534 1104 1576 autem
1138 1521 1238 1572 ﬁde
1276 1528 1385 1571 stas
1410 1516 1537 1584 (57),
1566 1514 1667 1568 noli
1692 1513 1853 1565 altum

333 1635 542 1690 sapere,
572 1618 665 1672 sed
711 1620 854 1669 time.
902 1631 922 1663 t
958 1612 1020 1664 Et
1060 1610 1254 1662 iterum
1301 1608 1341 1636 ει
1378 1622 1391 1655 :
1433 1623 1451 1654 ι
1498 1602 1612 1656 Noli
1645 1599 1854 1669 gloriari

335 1712 589 1766 adversus
619 1720 821 1775 ramos,
848 1720 865 1754 ι
897 1716 1000 1768 quo
1026 1697 1229 1753 scilicet
1265 1696 1412 1748 casui
1453 1706 1633 1746 eorum
1680 1688 1855 1740 nullus

1713 325 2024 385 ORlGENiS

3576 287 3702 341 464

1935 451 2068 517 ejus,
2112 448 2161 500 id
2212 452 2292 499 est
2321 455 2488 510 Opera
2529 438 2694 509 ejus?
2739 435 2939 503 Opera
2998 437 3289 492 namque
3327 427 3518 480 sunt,
3558 433 3698 483 quae

1942 537 2320 594 commendant
2341 533 2584 586 hostiam
2613 531 2751 584 Deo.
2786 526 2849 578 Si
2898 522 3067 575 enim
3104 520 3408 569 attracta
3450 508 3532 560 sit
3573 520 3703 555 ma-

1945 643 2045 681 nus
2091 635 2180 680 tua
2206 624 2271 677 ad
2318 623 2583 681 dandum,
2639 627 2699 671 et
2732 625 3005 682 expansa
3056 608 3140 662 ad
3193 597 3705 665 accipiendum,

1946 719 2081 770 intra
2131 726 2183 768 te
2227 720 2305 766 est
2337 712 2515 764 adhuc
2563 709 2719 774 lepra
2773 716 2897 765 tua,
2954 709 3018 756 et
3056 697 3314 753 offerre
3349 707 3485 745 non
3524 698 3711 756 potes

1946 802 2172 857 hostiam
2202 798 2476 853 salutaris.
2512 795 2711 848 Manus
2744 807 2887 860 ergo
2921 791 3059 858 ejus
3116 783 3420 837 offerent
3456 778 3708 831 sarriti-

1948 892 2085 945 cium
2110 888 2387 950 salutaris,
2422 894 2476 940 et
2510 900 2710 938 manus
2750 884 2879 950 ejus
2909 878 3196 932 offerent
3234 888 3354 934 ea,
3391 884 3548 938 qttre
3589 869 3713 918 lto-

1950 982 2095 1033 mitto
2127 978 2406 1031 oﬂ‘ereuda
2452 985 2606 1036 sunt,
2667 974 2721 1025 id
2767 982 2857 1025 est
2888 969 3146 1035 adipem
3202 962 3326 1029 qui
3364 974 3572 1027 super
3603 972 3713 1026 pe-

1951 1069 2247 1123 ctusculum
2275 1077 2381 1130 est,
2420 1076 2475 1117 et
2515 1064 2742 1131 pinnam
2786 1059 3050 1127 jecoris.
3117 1052 3195 1107 In
3244 1052 3385 1105 hoc
3421 1049 3571 1101 loco
3604 1048 3706 1098 ubi

1954 1174 2050 1211 nos
2079 1159 2358 1219 habemus,
2401 1173 2419 1205 ι
2475 1166 2671 1206 manus
2726 1151 2854 1218 ejus
2907 1146 3203 1200 offerent.
3252 1139 3559 1194 hostium
3602 1137 3721 1190 Do-

1955 1248 2123 1310 mino,
2155 1265 2173 1297 ι
2203 1246 2254 1298 in
2278 1244 2480 1297 Graecis
2505 1245 2867 1308 habeturpro
2896 1237 3105 1291 hostia
3130 1229 3719 1302 ὁλοκαρπώματει,

1954 1337 2094 1403 quod
2118 1335 2434 1404 intelligitur
2462 1347 2688 1386 omnem
2734 1332 3004 1383 fructum
3040 1347 3054 1381 :
3105 1340 3240 1393 per
3279 1322 3468 1390 quod
3514 1330 3723 1374 osten-

1956 1430 2033 1482 dit
2059 1445 2160 1482 non
2192 1441 2353 1495 posse
2384 1425 2611 1478 Domino
2652 1419 2865 1475 oﬁ‘erre
2914 1430 3192 1471 omnem
3240 1414 3553 1466 fructum
3583 1427 3721 1465 eum

1958 1522 2046 1589 qui
2075 1520 2441 1572 infructuosus
2479 1525 2585 1579 est,
2634 1514 2731 1581 qui
2775 1526 2896 1564 non
2934 1509 3127 1562 affert
3166 1506 3489 1560 fructum
3544 1503 3725 1574 justi-

1963 1612 2065 1671 tite,
2096 1608 2330 1660 fructum
2373 1602 2798 1664 misericordize,
2832 1601 2928 1651 vel
2960 1599 3168 1652 etiam
3210 1597 3498 1649 fructus
3537 1595 3724 1662 Spiri-

1963 1709 2066 1759 tus,
2101 1711 2237 1763 quos
2269 1700 2556 1747 enumerat
2584 1688 2893 1757 Apostolus
2917 1688 2997 1753 ⁸⁸,
3030 1686 3500 1743 cltaritatem,
3573 1697 3725 1750 gau-

337 1800 574 1855 insultet.
604 1795 683 1851 Ne
715 1766 853 1847 forte
878 1766 1016 1844 sicut
1054 1789 1188 1840 idem
1230 1782 1512 1851 Apostolus
1541 1780 1691 1843 dicit,
1727 1788 1778 1829 et
1804 1788 1857 1828 ttt
1894 1768 1896 1818 ἶ

2164 1798 2368 1852 pacem,
2399 1781 2759 1850 patientiam,
2797 1778 3359 1837 unanimitatem,
3391 1783 3460 1826 ct
3487 1786 3723 1824 caetera

336 1888 621 1950 excidaris,
661 1882 812 1937 etilli
856 1880 899 1933 si
931 1892 1033 1933 non
1086 1873 1475 1939 permanserint
1501 1871 1550 1921 in
1583 1865 1863 1920 increduli-

339 1987 447 2032 tate
474 1977 793 2029 inserantur.
836 1966 1065 2037 Sanguis
1100 1969 1276 2016 autem
1320 1970 1446 2027 pulo
1471 1957 1609 2023 quod
1642 1953 1863 2021 populus

340 2066 428 2122 ille
449 2067 813 2129 competenter
835 2032 1183 2121 intelligatur.
1216 2048 1328 2101 Non
1359 2047 1498 2100 enim
1522 2060 1585 2098 ex
1620 2044 1740 2106 fide,
1770 2032 1886 2095 ne:

341 2169 443 2224 que
469 2169 532 2208 ex
579 2142 765 2217 spiritu
800 2144 1085 2204 Abraham,
1122 2143 1213 2194 sed
1264 2146 1465 2190 tantum
1495 2149 1559 2188 ex
1608 2131 1866 2199 sanguine

338 2243 457 2312 eius
483 2238 831 2295 descendunt.

414 2353 498 2408 12.
532 2350 655 2406 Post
702 2350 816 2401 haec
834 2346 879 2380 “
911 2360 925 2395 :
957 2361 974 2393 ι
1016 2341 1082 2393 Et
1130 2340 1336 2392 locutus
1390 2344 1471 2389 est
1524 2333 1776 2387 Dominus
1803 2333 1868 2383 ad

348 2445 562 2509 Moysen
590 2439 788 2500 ,dicens
818 2433 998 2487 :Filiis
1047 2429 1204 2483 Israel
1247 2428 1461 2495 loquere
1498 2424 1683 2476 dicens
1717 2437 1730 2472 :
1769 2421 1868 2485 Qui

346 2532 503 2587 offert
529 2526 846 2583 sacriﬁcium
878 2520 1127 2577 salutaris
1155 2518 1234 2570 sui
1272 2516 1515 2576 Domino,
1552 2510 1737 2564 offeret
1760 2523 1872 2560 mu-

349 2636 448 2675 nus
473 2633 625 2673 suum
662 2615 885 2668 Domino
907 2614 958 2664 in
983 2607 1243 2662 sacriﬁcio
1274 2602 1519 2658 salutaris
1541 2601 1643 2652 sui.
1686 2598 1870 2650 Manus

348 2711 466 2778 ej'ts
491 2705 717 2760 oﬁ‘erent
765 2701 991 2756 hostiam
1034 2695 1277 2754 Domino,
1317 2692 1521 2758 adipem
1579 2686 1671 2755 qui
1716 2698 1875 2753 super

349 2777 715 2868 pectusculum
740 2804 852 2854 esr,
884 2800 938 2844 et
959 2789 1170 2855 pinnam
1199 2782 1395 2850 jecoris
1428 2797 1439 2832 :
1471 2777 1657 2832 offeret
1687 2791 1746 2829 ea
1777 2777 1873 2837 ita,

353 2864 410 2941 nt
454 2894 680 2955 ponatur
726 2881 917 2934 donum
970 2882 1154 2928 contra
1199 2868 1496 2924 Dominum.
1547 2866 1609 2917 Et
1640 2864 1877 2931 imponet

348 2976 600 3035 sacerdos
626 2972 852 3040 adipem,
882 2968 969 3034 qui
994 2974 1077 3018 est
1103 2976 1258 3029 super
1286 2955 1670 3028 pectusculum,
1717 2967 1879 3021 super

1964 1878 2047 1931 his
2076 1875 2295 1930 similia.
2331 1873 2485 1928 Unde
2537 1882 2593 1925 et
2638 1872 2690 1923 itt
2733 1869 2853 1922 alio
2905 1866 3109 1936 214,
3169 1867 3340 1919 loco
3407 1864 3724 1930 Propheta

1964 1964 2092 2015 dicit
2122 1963 2167 1993 °°
2199 1979 2213 2014 :
2244 1979 2263 2010 ι
2298 1960 2362 2013 Ει
2390 1960 2778 2014 holocaustum
2834 1966 3009 2008 tuum
3054 1956 3323 2024 pingue
3372 1953 3516 2006 ﬁat.
3571 1972 3593 2003 ι
3629 1952 3725 2006 0f—

1968 2052 2069 2104 fert
2102 2048 2213 2118 (58)
2238 2062 2366 2115 ergo
2395 2046 2608 2114 adipes,
2644 2046 2743 2111 qui
2781 2059 2969 2110 super
3013 2041 3510 2111 pectusculum
3552 2049 3723 2103 sunt,

1966 2150 2019 2192 et
2058 2140 2272 2206 pinnam
2316 2136 2543 2203 iecoris,
2590 2149 2716 2201 qum
2768 2141 3329 2199 superponuntur
3375 2132 3602 2184 altari.
3650 2132 3728 2186 De

1967 2229 2208 2295 adipibus
2237 2225 2510 2293 sacpejam
2535 2224 2806 2277 diximus.
2850 2222 3032 2287 Quod
3070 2232 3320 2275 autem
3369 2223 3559 2282 dicit.
3598 2225 3731 2274 adi-

1969 2332 2060 2386 pes
2083 2318 2172 2384 qui
2218 2331 2380 2383 super
2423 2313 2807 2382 pectuSculunt
2835 2320 3008 2371 sunt,
3040 2314 3533 2379 pectusculum
3564 2323 3728 2367 tuum

1971 2406 2206 2472 intelligo
2243 2419 2361 2458 esse
2393 2419 2488 2457 cor
2518 2413 2695 2464 tuum,
2726 2402 2797 2455 de
2830 2416 2953 2469 quo
2997 2402 3112 2455 tibi
3147 2404 3559 2459 auferendae
3592 2412 3734 2458 sunt

1970 2510 2156 2549 omnes
2189 2493 2339 2547 malae
2370 2492 2776 2561 cogitationes;
2815 2490 2959 2545 inde
2992 2492 3179 2544 enim
3220 2495 3636 2561 procedunt,
3672 2503 3735 2548 et

1973 2585 2156 2638 altaris
2211 2584 2314 2650 igni
2366 2582 2646 2634 tradendae
2698 2590 2859 2642 sunt,
2929 2589 3001 2634 ut
3068 2583 3307 2650 possit
3375 2598 3500 2638 cor
3561 2593 3733 2639 tuum

1973 2672 2228 2726 mundum
2258 2667 2504 2722 effectum
2539 2668 2713 2722 Deum
2748 2670 2982 2723 videre.
3045 2672 3187 2726 Sed
3221 2685 3304 2728 et
3343 2677 3617 2746 pinnam
3644 2676 3737 2745 je-

1974 2759 2115 2814 coris
2138 2758 2393 2827 praecepit
2417 2755 2786 2811 offerendam.
2819 2744 3119 2816 Diximus
3159 2773 3233 2816 et
3278 2744 3474 2829 ante,
3503 2744 3736 2834 iecoris

1978 2849 2216 2917 pinnam,
2258 2849 2371 2901 loca
2404 2847 2709 2900 iracundia:
2741 2847 2892 2917 (59),
2929 2849 3034 2902 vel
3072 2854 3500 2920 cupiditatis
3543 2870 3736 2924 expo-

1980 2941 2066 3003 ni;
2100 2938 2256 2992 offert
2278 2938 2421 2990 enim
2446 2939 2667 3004 pinnam
2697 2936 2940 3003 iecoris,
2978 2943 3097 3009 qui
3142 2957 3239 2998 ex
3279 2960 3362 3000 se
3404 2963 3609 3003 omne
3643 2950 3736 3001 vi-

354 3067 545 3128 sitare,
570 3070 623 3116 et
654 3027 758 3114 erit
783 3027 1144 3126 pectusculum
1170 3027 1362 3102 Aaron
1402 3056 1455 3099 et
1503 3045 1628 3098 ﬁliis
1656 3043 1792 3111 ejus,
1822 3051 1875 3095 et
1902 3071 1944 3125 ο
1981 3030 2107 3083 tittm
2134 3029 2228 3081 irae
2266 3036 2319 3081 et
2361 3027 2558 3080 furoris
2603 3027 2836 3080 excidit.
2889 3030 3143 3099 Adipes
3213 3047 3393 3104 ergo
3428 3039 3543 3107 qui
3596 3047 3740 3093 ευηι

352 3156 625 3213 brachium
658 3153 903 3203 dextrum
947 3144 1140 3199 dabitis
1179 3138 1566 3207 separatiouem
1608 3133 1875 3187 sacerdoti

350 3260 384 3298 a
423 3240 697 3297 sacriﬁciis
732 3234 1054 3292 salutaribus
1092 3229 1307 3282 vestris.
1352 3225 1451 3289 Qui
1476 3223 1633 3277 offert
1662 3223 1876 3291 sangui-

356 3347 480 3386 nem
510 3328 780 3388 salutaris,
826 3333 885 3378 et
906 3322 1111 3389 adipem
1137 3332 1202 3372 ex
1254 3316 1377 3370 ﬁliis
1397 3314 1596 3375 Aaron,
1639 3312 1738 3379 ipsi
1772 3311 1879 3364 erit

356 3416 626 3474 brachium
659 3414 902 3468 dextrum
929 3410 983 3462 in
1006 3415 1193 3477 parte;
1226 3402 1586 3472 pectusculum
1613 3400 1754 3455 enim
1779 3399 1879 3451 im-

356 3503 649 3577 positionis,
693 3510 749 3555 et
777 3494 1053 3554 brachium
1107 3493 1425 3561 demptionis
1467 3490 1647 3557 accepi
1676 3503 1706 3542 a
1757 3488 1879 3542 ﬁliis

354 3594 518 3651 israel
565 3609 594 3648 a
637 3591 911 3647 sacriﬁciis
956 3587 1280 3643 salutaribus
1326 3586 1540 3645 vestris,
1590 3589 1643 3635 et
1672 3581 1786 3634 dedi
1816 3594 1877 3634 ea

359 3686 532 3738 Aaron
554 3680 838 3742 sacerdoti,
864 3686 920 3731 et
954 3676 1073 3729 ﬁliis
1103 3675 1237 3743 ejus,
1279 3672 1568 3740 legitimum
1623 3681 1881 3723 :eternum

356 3787 390 3829 a
420 3771 540 3826 ﬁliis
563 3768 747 3825 Israel.
780 3785 799 3819 ι
835 3766 945 3821 Hoc
968 3772 1050 3819 est
1071 3762 1391 3818 sacriﬁcium
1417 3760 1558 3828 quod
1581 3757 1774 3812 dicitur
1798 3771 1882 3810 sa-

359 3861 547 3915 lutare.
577 3857 725 3924 Quod
766 3852 1083 3908 sacriﬁcium
1131 3863 1289 3902 nemo
1316 3844 1470 3901 offert
1515 3845 1752 3908 Domino,
1783 3842 1883 3896 nisi

356 3950 449 4019 qui
482 3961 642 4004 sanus
665 3954 765 4007 est,
794 3952 849 3996 et
874 3941 1066 3995 salutis
1101 3953 1211 3993 suae
1251 3937 1519 3999 conscius,
1548 3935 1748 4003 gratias
1783 3934 1885 3987 Do-

361 4039 504 4092 mino
530 4035 713 4090 refert.
744 4032 906 4085 Nemo
931 4043 1057 4095 ergo
1084 4028 1172 4096 qui
1196 4041 1335 4094 aeger
1360 4033 1442 4079 est
1467 4024 1664 4086 animo,
1689 4032 1743 4076 et
1773 4021 1888 4076 lan-

360 4128 548 4198 guidus
587 4124 643 4177 in
686 4119 955 4186 operibus,
984 4116 1178 4170 oﬁ‘erre
1210 4123 1387 4183 potest
1431 4110 1756 4167 sacriﬁcium
1795 4126 1885 4163 sa-

362 4217 551 4271 lutare.
580 4210 673 4266 Vis
702 4210 880 4262 videre
920 4206 1041 4274 quia
1071 4219 1223 4258 nemo
1244 4218 1383 4272 aeger
1411 4212 1464 4256 et
1493 4201 1770 4269 languidus
1795 4215 1890 4269 po-

366 4314 470 4359 test
498 4300 622 4356 illud
657 4296 850 4353 offerre
896 4292 1247 4348 sacriﬁcium?
1293 4290 1556 4358 Leprosus
1582 4289 1690 4349 ille,
1724 4302 1883 4355 quem

1982 3117 2745 3188 pectusculum,imponuntur
2766 3117 2975 3182 altari,
2998 3121 3229 3186 ipsum
3272 3142 3445 3182 vero
3487 3143 3739 3198 pectus-

1982 3209 2179 3272 culum,
2224 3208 2400 3260 Aaron
2449 3215 2505 3259 et
2539 3206 2667 3259 ﬁliis
2708 3208 2854 3274 ejus.
2909 3209 3037 3262 Sed
3077 3225 3154 3265 et.
3212 3216 3579 3272 brachium
3636 3222 3741 3275 de.

1984 3312 2160 3353 xtrum
2183 3298 2421 3366 separari
2445 3297 2729 3364 praecepit,
2753 3307 2807 3350 et
2831 3311 2970 3352 esse
2998 3302 3101 3355 eis
3136 3311 3461 3364 muneris
3499 3312 3642 3367 loco
3665 3327 3738 3367 ex

1984 3387 2250 3463 sacriﬁcio
2279 3384 2529 3439 salutari.
2566 3384 2706 3437 Vide
2737 3387 2958 3451 quibus
3000 3399 3429 3454 muneribus
3456 3401 3741 3455 honora-

1988 3484 2070 3527 tur
2089 3474 2361 3527 sacerdos.
2387 3470 2771 3538 Pectusculum
2805 3477 3070 3544 accipit,
3104 3491 3176 3538 et
3211 3483 3610 3556 brachium,
3636 3495 3743 3547 sed

1983 3565 2266 3621 brachium
2297 3564 2570 3618 dextrum.
2605 3562 2885 3621 Putemus
2924 3583 3057 3623 non
3111 3588 3282 3634 esse
3339 3582 3599 3652 aliquid
3652 3602 3747 3639 η-

1987 3655 2164 3746 tionis,
2198 3653 2339 3746 quod
2367 3667 2432 3706 ex
2453 3652 2713 3746 omnibus
2743 3658 3044 3714 membris
3085 3666 3546 3741 animalium,
3611 3693 3750 3746 qua

1980 3742 2289 3811 iugulantur
2320 3742 2372 3793 in
2411 3740 2717 3804 sacriﬁciis,
2766 3743 2894 3798 haec

1987 3835 2187 3887 delecta
2216 3831 2360 3884 sint?
2389 3830 2498 3897 Ego
2526 3838 2658 3911 puto
2679 3835 2831 3899 quod
2855 3823 2917 3888 si
2950 3841 3103 3906 quis
3140 3846 3326 3903 dicit
3367 3866 3450 3908 se
3476 3871 3627 3911 esse
3656 3875 3754 3913 sa-

1987 3925 2255 3978 cerdotem
2324 3920 2440 3982 Dei,
2495 3921 2604 3974 nisi
2660 3923 2869 3977 haheat
2931 3941 3178 3994 pectus
3269 3955 3363 3997 ex
3445 3950 3755 4004 omnibus

1989 4010 2239 4068 membris
2274 4008 2526 4069 electum,
2562 4026 2671 4064 non
2707 4022 2795 4063 est
2823 4022 3183 4090 sacerdos;
3232 4043 3307 4083 et
3353 4036 3489 4091 nisi
3520 4038 3755 4097 habear

1990 4060 2235 4114 __,_-__....-‘
2284 4060 2321 4062 -κ
2369 4060 2445 4062 μη
2478 4060 2483 4061 γ
2515 4060 2526 4069 ν
2608 4060 2671 4064 νη
2713 4060 2793 4063 --ν
2824 4060 3183 4090 "un-“vo,
3232 4060 3307 4083 GI.
3353 4060 3489 4091 Inst
3520 4060 3724 4096 nauea

1990 4102 2265 4156 bracluum
2294 4097 2570 4159 dextrum,
2598 4114 2709 4151 non
2737 4112 2931 4167 potest
2961 4116 3360 4177 ascendere
3404 4129 3494 4182 ad
3555 4131 3724 4185 anan

1991 4149 2261 4202 ___-:--:W
2303 4149 2312 4151 ε
2499 4149 2505 4150 κ
2557 4149 2569 4159 ν
2601 4149 2628 4151 τ-
2677 4149 2703 4150 η
2738 4149 2931 4167 την-ν-
2961 4149 3360 4177 «ww-"utut:
3404 4149 3494 4182 au
3555 4149 3752 4188 auare

1990 4193 2219 4285 Domini,
2247 4201 2346 4240 nec
2374 4188 2631 4241 sacerdos
2657 4191 2977 4249 nominari.
3053 4201 3262 4268 Quod
3297 4227 3479 4285 ergo
3515 4232 3617 4275 est
3656 4239 3756 4277 sa-

1991 4278 2226 4379 cerdotis
2256 4287 2464 4379 pectus,
2515 4287 2611 4376 aut
2668 4280 2880 4378 quale?
2939 4286 3103 4345 Tale
3179 4312 3321 4368 ego
3360 4278 3533 4372 puto
3588 4325 3756 4379 esse,

366 4394 417 4444 in
447 4385 729 4455 Evangelio
778 4383 1027 4436 Dominus
1078 4392 1295 4431 curasse
1337 4373 1655 4428 describitur
1685 4372 1749 4438 °',
1780 4385 1882 4425 non
1918 4375 1960 4428 D
1987 4369 2125 4436 quod
2151 4365 2362 4435 plenum
2390 4366 2460 4418 sit
2489 4365 2781 4433 sapientia,
2816 4370 3074 4433 plenum
3116 4365 3428 4448 sciénﬁa
3494 4365 3755 4466 me"

366 4484 570 4549 poterat
615 4469 805 4524 offerre
850 4466 1115 4526 hostiam,
1166 4466 1334 4518 donec
1374 4463 1533 4530 lepra:
1573 4459 1888 4529 aegritudine

368 4563 667 4618 tenebatur.
699 4557 831 4610 Cum
862 4562 1036 4606 autem
1061 4554 1287 4606 accessit
1314 4554 1377 4604 ad
1409 4550 1616 4611 Iesum,
1662 4556 1711 4601 et
1741 4563 1890 4600 utun-

367 4648 522 4700 datus
553 4652 659 4706 est,
688 4638 1042 4703 tuncjubetur
1064 4639 1111 4691 ei
1135 4653 1166 4692 a
1199 4639 1420 4706 Domino
1442 4634 1635 4690 oﬁ'erre
1673 4648 1891 4687 munera

368 4733 436 4787 ad
462 4730 648 4788 altare,
676 4744 695 4773 ο
728 4726 864 4793 quod
899 4727 1169 4794 praecepit,
1195 4728 1369 4795 inquit
1396 4726 1461 4788 “,
1495 4724 1700 4792 Moyses
1730 4723 1781 4776 in
1810 4732 1891 4776 te-

369 4818 677 4874 stimonium
704 4814 824 4867 illis.
855 4833 875 4865 »
900 4815 1106 4869 Audisti
1138 4816 1259 4883 quis
1288 4817 1378 4875 sit,
1407 4812 1498 4880 qui
1517 4810 1709 4883 offerre
1733 4809 1895 4864 debet

371 4906 598 4961 hostiam
632 4903 899 4966 salutaris,
954 4905 1076 4957 audi
1115 4881 1253 4958 nunc
1283 4900 1550 4970 quomodo
1591 4881 1780 4951 debeat
1801 4899 1885 4952 of-

372 4996 534 5048 ferre.
565 5008 586 5043 ι
622 4989 826 5052 Manus,
874 4992 1061 5058 inquit,
1107 4990 1221 5055 ejus
1262 4989 1488 5044 olferent
1530 4987 1759 5038 hostiam
1788 4987 1894 5041 Do-

372 5083 534 5137 mino.
569 5098 590 5133 ι
619 5078 866 5146 Nunquid
910 5096 1013 5134 non
1057 5081 1331 5134 evidenter
1372 5078 1570 5131 clamat
1595 5064 1895 5143 leg'islator,

372 5173 495 5243 quia
532 5187 633 5225 non
666 5172 823 5226 homo
868 5171 1063 5238 estqui
1112 5169 1267 5222 otfert
1298 5166 1551 5227 hostiam,
1587 5163 1680 5216 sed
1707 5179 1896 5221 manus

440 5263 488 5297 ⁸⁸
512 5263 692 5328 Matth.
717 5278 868 5326 xrttt.
893 5265 946 5318 6.
1019 5262 1063 5292 ⁸ο
1094 5260 1246 5312 Rom.
1274 5272 1352 5323 at,
1391 5257 1477 5310 l9.

375 5331 419 5365 "
444 5331 562 5386 Gal.
598 5346 647 5392 ν,
674 5332 761 5385 22.
837 5333 880 5364 ⁸⁸
907 5328 1046 5385 Psal.
1073 5341 1184 5389 arx,
1217 5328 1273 5378 4.

362 5430 367 5433 λ
444 5418 553 5485 (56)
604 5417 721 5497 μέ..
760 5417 1136 5497 εειςιοθρῇμηυς.
1171 5433 1195 5493 _t
1246 5412 1594 5497 biblixﬂediti,
1637 5431 1654 5463 ι
1701 5415 1900 5483 accipi-

378 5498 513 5535 mus.
537 5482 737 5561 ‘tlnrra
771 5487 897 5561 tibi),
924 5482 1076 5561 eiliti,
1108 5499 1126 5533 ι
1170 5483 1223 5534 ἰη
1264 5482 1567 5535 novissimis
1596 5482 1833 5548 sperant.
1871 5503 1891 5536 ι

377 5563 500 5608 nts.,
535 5565 555 5596 ι
592 5554 643 5601 in
672 5554 972 5608 novissimis
998 5559 1195 5616 sperat.
1229 5566 1248 5599 ι

1572 5256 1613 5286 ⁸³
1645 5255 1796 5321 ibid.,
1827 5258 1911 5315 18.

1994 4456 2138 4549 omni
2164 4454 2339 4549 diuina
2360 4453 2758 4549 intelligentia;
2792 4469 2854 4511 et
2890 4464 3049 4529 quid
3108 4472 3272 4531 dico
3339 4453 3679 4549 pugn-uni}

1998 4543 2323 4611 telligentia?
2359 4545 2465 4596 into
2490 4505 2636 4612 qtrod
2666 4505 3049 4613 plenum‘rs-i-tu
3065 4505 3272 4629 0:0"?
3302 4505 3760 4640 J::::‘cu:::;

1996 4634 2275 4687 brachium
2304 4633 2606 4685 sacerdotis
2630 4592 2778 4700 quod
2803 4638 2855 4688 ei
2885 4592 3205 4702 oﬁ'eiriii?
3223 4592 3761 4723 Dliliuglfassiifr:

1996 4723 2166 4775 salute
2188 4736 2281 4774 sua
2650 4687 2664 4700 ’
2818 4687 2853 4688 ίί
2893 4687 3176 4702 ’““”“”“““’
3223 4687 3359 4714 "HI
3400 4687 3610 4723 Israel
3648 4687 3762 4740 Pro

2235 4811 2241 4813 _
2312 4734 2417 4788 qua
2444 4722 2745 4775 ⁸³¹ν³ηιυι⁵ο
2790 4725 3034 4785 Forma:
3104 4753 3279 4800 sunt
3318 4754 3601 4813 singula
3644 4761 3762 4813 ista

1998 4771 2163 4775 *νη
2190 4771 2281 4822 ’Τ
2321 4771 2348 4788 -ι
2392 4771 2417 4773 ν
2790 4771 2813 4777 -
2841 4771 3033 4785 *η’-ιν
3104 4771 3279 4800 °unt»
3318 4771 3601 4824 smgnta
3644 4771 3763 4817 ista

1997 4825 2118 4879 qua-
2143 4813 2457 4903 scribuntur
2491 4827 2544 4864 tn
2579 4813 2713 4880 lege,
2738 4828 2945 4871 eorum
2982 4838 3131 4891 qua:
3170 4833 3239 4887 in
3284 4840 3614 4903 Ecclesia
3653 4868 3763 4903 πε,

1995 4904 2037 4954 ri
2077 4903 2325 4956 debeant.
2370 4901 2626 4973 Alioquin
2670 4917 2772 4958 nec
2818 4867 3039 4968 fuisse:
3073 4867 3614 4995 ῐέὲὶξεξζζέῗιῗιῧ
3641 4868 3768 4996 lge:

1996 4993 2109 5046 hare
2148 4993 2201 5045 in
2250 4992 2518 5057 Ecclesia,
2572 4994 2673 5048 nisi
2716 5009 2785 5050 ex
2816 4997 2911 5053 his
2960 4957 3611 5082 ωᾶίῧῖξῑέῗέἲξεῒθ
3641 4957 3766 5082 ῒξι

1996 5081 2265 5178 iis“...
2314 5045 2672 5178 pssimi};
2713 5045 2785 5140 si
2818 5045 3760 5178 2;;o“;;1:33.“'£‘;i.222

1996 5186 2092 5266 per
2114 5172 2307 5240 verba,
2347 5182 2403 5228 et
2429 5175 2758 5240 doctrinam,
2806 5186 2865 5230 et
2896 5138 3773 5266 :iuttaiirxficﬁjzi':

1988 5262 2213 5320 ’Ἶ-’θνίῐο
2240 5282 2337 5336 VII,
2371 5269 2443 5324 '28
2466 5281 2523 5325 et
2549 5284 2702 5338 seqq.
2779 5269 2827 5301 ⁸³
2859 5231 3769 5362 Μεῑιίῑζίηἶυυεῒιξ

3622 5345 3669 5371 .,
3704 5342 3772 5365 τ,

2223 5425 2362 5501 Ais”
2398 5451 2418 5484 ι
2452 5442 2559 5489 sta.
2600 5454 2617 5488 t
2644 5426 3002 5501 Libinetliti,
3039 5456 3064 5488 ‹
3104 5451 3237 5499 stas

2077 5472 2203 5582 iis;
2391 5472 2623 5565 ξςῑᾱξτιῖ
2644 5472 3021 5582 inusitati
3034 5472 3078 5574 ῑ,
3104 5472 3463 5582 his...

2074 5559 2192 5624 (⁵9)
2220 5566 2305 5628 MS
2335 5549 2352 5640 ἶ
2390 5594 2409 5628 ‹
2443 5549 3463 5643 5min}imiustius???“
3510 5549 3541 5584 ³
