3948 6244
247 342 385 435 ιῦδ

1507 347 1515 354 ’
1561 386 1628 439 IN
1664 381 2026 439 LEVlTlCUM
2059 378 2334 435 HOMILIA
2367 376 2450 429 γι.

3480 371 3583 423 466

289 478 482 543 enim»
523 475 584 523 el
614 467 880 532 \aborem
926 484 1327 564 vigiliarum,
1368 511 1686 557 convertere
1717 501 1951 569 potuerit
1978 502 2025 558 Α
2052 505 2157 550 tem
2185 490 2479 549 communis
2514 497 2615 551 est,
2639 487 2855 542 dubium
2882 500 2984 539 non
3022 493 3107 539 est
3127 486 3266 553 quod
3290 482 3576 539 multorum

325 569 687 634 peccatorem,
710 577 769 622 et
797 570 1015 631 docere
1052 594 1230 650 eum,
1285 598 1351 644 ut
1389 591 1664 646 meliorem
1698 593 1839 645 viam
1874 604 1957 645 se-

346 664 553 726 quatur,
589 662 653 710 ut
697 658 769 714 ad
820 662 1103 725 timorem
1150 673 1260 732 Dei
1306 681 1517 743 redeat,
1577 681 1774 747 cogitet
1809 696 1955 750 spem

359 750 611 815 ἷὶιωηῐιις
667 766 697 804 a
736 753 903 810 malis
942 761 1190 821 actibus
1229 769 1473 837 desinat,
1517 781 1573 829 et
1616 780 1959 826 convertatur

373 842 436 897 ad
462 842 659 908 bonos;
699 844 770 909 si,
795 845 1059 916 inquam,
1090 855 1215 911 tale
1244 873 1383 927 opus
1403 860 1611 926 fecerit,
1636 876 1959 931 consequens

378 942 631 999 est,eu1u,
668 932 759 1004 qui
800 935 984 1005 ipsius
1008 940 1225 1000 labore
1268 948 1383 1018 (60)
1416 950 1672 1015 salvatur,
1713 950 1819 1004 Deo
1842 966 1960 1019 gra-

390 1026 499 1079 tias
535 1039 707 1094 agere,
769 1035 827 1081 et
860 1026 1070 1085 offerre
1126 1035 1374 1090 hostiam
1429 1039 1699 1104 salutaris,
1752 1054 1849 1107 pro
1896 1055 1961 1093 eo

384 1117 535 1182 quod
572 1116 799 1172 salutem
827 1130 1168 1178 consecutus
1238 1127 1331 1183 sit.
1373 1126 1429 1179 ln
1470 1143 1575 1195 qua
1628 1130 1801 1182 hostia
1839 1143 1961 1196 pars

391 1207 641 1265 edicitur
686 1213 1003 1277 sacerdotis,
1046 1219 1429 1278 pectusculum
1473 1229 1525 1272 et
1563 1219 1836 1273 brachium
1874 1222 1963 1274 de-

388 1309 588 1349 xtrum
635 1314 649 1350 :
703 1306 764 1351 ut
803 1300 875 1353 sit
911 1301 1179 1357 indicium
1210 1307 1349 1372 quod
1388 1315 1569 1375 pectus
1622 1308 1737 1375 ejus
1770 1317 1820 1362 et
1869 1323 1963 1361 eor

382 1386 542 1448 quod
570 1394 705 1440 ante
749 1389 888 1443 mala
947 1391 1251 1457 cogitabat,
1290 1394 1585 1448 sacerdotis
1617 1395 1798 1470 labore
1834 1410 1957 1449 con-

380 1487 649 1538 versum,
693 1479 904 1545 recepit
941 1481 1306 1547 cogitationes
1333 1483 1519 1549 bonas,
1540 1492 1596 1537 et
1632 1484 1704 1537 ita
1743 1486 1962 1537 munda-

380 1569 512 1616 tum
541 1574 651 1626 est,
684 1574 746 1619 ut
772 1566 936 1620 etiam
970 1567 1141 1622 Deum
1194 1571 1361 1636 possit
1389 1572 1589 1624 videre.
1627 1570 1886 1626 Similiter
1910 1580 1964 1625 et

384 1652 450 1705 in
478 1652 714 1707 brachio
756 1653 847 1707 illo
889 1655 1004 1724 (6i)
1058 1657 1313 1711 indicium
1355 1667 1457 1724 est,
1493 1660 1630 1727 quod
1677 1659 1811 1712 mala
1852 1658 1962 1725 ejus

394 1754 565 1807 opera
604 1750 664 1793 et
715 1741 960 1804 sinistra,
1010 1758 1134 1810 qua:
1170 1753 1295 1798 sunt
1324 1743 1506 1813 utique
1543 1760 1726 1813 prava,
1767 1756 1822 1799 et
1858 1761 1960 1799 non

397 1827 561 1891 bona,
592 1830 889 1884 'convertit
938 1831 992 1884 in
1041 1831 1267 1894 dextra,
1340 1844 1398 1885 ut
1453 1843 1628 1888 essent
1675 1834 1959 1888 secundum

398 1916 605 1981 Deum;
652 1928 712 1971 et
755 1920 859 1972 hoc
889 1930 976 1973 est
1004 1920 1258 1974 dextrum
1285 1922 1586 1986 brachium,
1628 1922 1682 1975 in
1710 1937 1814 1991 quo
1837 1938 1962 1990 pars

395 2020 518 2059 esse
561 2007 775 2060 dicitur
828 2008 1155 2062 sacerdotis.
1210 2008 1312 2063 Sed
1370 2019 1424 2062 et
1451 2025 1545 2063 vos
1595 2010 1958 2078 deprecamur,

382 2096 485 2162 qui
510 2096 627 2150 haec
658 2096 890 2156 auditis.
936 2098 1082 2150 detis
1133 2099 1464 2165 pectuscula,
1494 2098 1726 2153 offeratis
1751 2113 1962 2170 pectora

379 2194 574 2238 vestra
609 2185 1005 2239 sacerdotibus
1047 2187 1168 2252 Dei,
1205 2196 1260 2240 ut
1304 2187 1549 2241 auferant
1591 2204 1656 2242 ex
1704 2190 1785 2242 his
1809 2204 1964 2242 oume

378 2272 533 2340 quod
572 2286 832 2324 crassum
880 2281 988 2334 est,
1052 2283 1111 2325 ut
1157 2274 1544 2327 sacerdotalem
1595 2290 1712 2328 eam
1766 2276 1963 2328 faciant

376 2362 738 2426 portionem.
777 2358 911 2412 Date
941 2361 1104 2414 nobis
1135 2361 1295 2413 etiam
1326 2363 1564 2425 brachia,
1594 2364 1686 2414 sed
1723 2361 1906 2415 dextra
1934 2379 1960 2414 a

375 2448 542 2502 vobis
575 2449 868 2516 poscimus
902 2449 1127 2503 brachia
1166 2465 1179 2501 :
1230 2450 1503 2502 sinistrqu
1538 2451 1666 2503 nihil
1701 2451 1960 2515 volumus,

375 2541 588 2594 dextra
621 2556 654 2594 a
682 2541 842 2594 vobis
884 2556 1052 2609 opera
1099 2541 1442 2609 requirimus.
1476 2541 1579 2596 Sed
1617 2544 1799 2617 ethoc
1824 2542 1963 2611 quod

375 2630 542 2681 addit
592 2628 974 2696 pectusculum
1020 2628 1124 2682 diei
1198 2630 1544 2697 appositionis
1586 2640 1637 2683 et
1690 2631 1962 2685 brachium

375 2716 762 2783 deruptionis,
794 2733 901 2770 non
931 2717 1067 2769 mihi
1089 2716 1206 2771 sine
1229 2733 1393 2771 causa
1425 2717 1621 2771 dictum
1650 2719 1877 2772 videtur.
1900 2719 1967 2772 Et

368 2804 509 2859 ideo
570 2805 739 2858 velim
791 2805 1079 2872 requirere
1118 2805 1246 2872 quid
1291 2814 1370 2859 est
1421 2807 1561 2874 quod
1596 2808 1961 2874 apponendum

367 2904 450 2947 est
482 2895 572 2947 ad
603 2895 995 2961 peetuscnlum
1027 2892 1162 2963 (62),
1196 2904 1253 2947 ut
1282 2895 1371 2947 fiat
1402 2896 1770 2964 pectusculum
1803 2911 1966 2966 appo-

361 2978 638 3032 sitionis.
718 2978 1085 3046 Posteaquam
1134 2979 1367 3033 ablatum
1418 2981 1579 3035 fuerit
1620 2983 1831 3037 acorde
1878 2994 1966 3037 tuo

2057 586 2145 648 sit,
2177 592 2229 637 et
2273 582 2390 636 ideo
2439 579 2735 634 communis
2778 576 3002 630 dicatur.
3032 575 3248 630 Grande
3298 574 3454 628 estin
3483 575 3579 627 hoc

2057 685 2302 726 sermone
2336 668 2666 737 mysterium,
2700 668 2839 734 quod
2868 665 3028 719 Israel
3053 665 3341 719 secundum
3370 676 3581 716 carnem

2057 762 2109 814 in
2140 775 2235 814 usu
2264 772 2476 814 sensum
2530 757 2738 824 quidem
2771 755 2947 818 habet,
2975 755 3068 807 sed
3119 752 3439 805 intellectum
3479 766 3580 804 non

2058 850 2236 904 habet.
2266 848 2610 902 Communem
2646 845 2829 898 dicunt
2860 852 2914 896 et
2951 840 3025 895 illi
3061 841 3325 899 hominem
3356 839 3580 891 immun-

2058 939 2204 1001 dum,
2236 937 2326 991 sed
2355 951 2452 990 cur
2489 933 2789 988 communis
2811 934 3045 993 dicatur,
3082 930 3349 998 ignorant.
3370 927 3584 981 Discant

2058 1042 2187 1095 ergo
2217 1028 2282 1080 ab
2310 1026 2564 1087 Ecclesia,
2610 1024 2732 1091 quia
2772 1022 2861 1089 qui
2902 1031 3119 1075 sanctus
3157 1027 3256 1083 est,
3291 1017 3456 1071 solius
3494 1016 3583 1071 Dei

2058 1127 2159 1175 est,
2189 1124 2241 1166 et
2268 1128 2386 1165 cum
2413 1112 2554 1165 nullo
2583 1112 2630 1164 ei
2661 1111 2962 1164 communio
2990 1118 3090 1161 est.
3121 1107 3218 1171 Qui
3255 1113 3430 1158 autem
3463 1121 3586 1172 pec-

2058 1212 2208 1256 cator
2233 1210 2314 1255 est
2346 1212 2399 1254 et
2422 1200 2748 1262 immundus,
2789 1198 3070 1252 multorum
3126 1205 3225 1250 est.
3268 1194 3411 1247 Multi
3442 1195 3583 1246 enim

2060 1290 2323 1343 daemones
2344 1290 2619 1356 possident
2651 1303 2790 1348 eum.
2830 1296 2883 1341 et
2910 1288 3027 1341 ideo
3072 1284 3374 1340 communis
3401 1284 3585 1353 appel-

2060 1377 2219 1434 latur.
2257 1375 2491 1445 Denique
2522 1386 2575 1430 et
2605 1376 2689 1430 ille
2736 1376 2826 1444 qui
2866 1377 2916 1428 in
2962 1373 3257 1442 Evangeliis
3296 1387 3324 1426 a
3366 1373 3586 1426 Domino

2061 1476 2278 1521 curatus
2308 1474 2411 1529 est,
2455 1480 2574 1533 cum
2620 1467 2975 1531 interrogatus
3018 1473 3176 1529 esset,
3237 1481 3257 1514 ι
3290 1462 3439 1527 Quod
3495 1462 3586 1515 tibi

2062 1569 2251 1609 nomen
2287 1556 2404 1610 est?
2448 1555 2584 1629 dixit
2616 1570 2631 1605 :
2666 1555 2845 1624 Legio,
2873 1554 3021 1607 multi
3059 1550 3200 1607 enim
3226 1565 3405 1605 sumus
3430 1550 3498 1606 θ’.
3564 1568 3585 1602 ι

2064 1642 2185 1696 Ηωο
2213 1643 2334 1697 licet
2361 1645 2410 1697 in
2441 1658 2662 1697 excessu
2691 1644 2943 1712 quodam,
2962 1640 3266 1696 necessario
3293 1647 3469 1692 tamen
3500 1640 3592 1690 ad-

2063 1731 2171 1784 dita
2219 1732 2484 1795 videntur,
2512 1741 2571 1784 ut
2605 1732 2913 1799 mysterium
2957 1728 3245 1798 pectusculi
3302 1725 3589 1793 appositio-

2061 1819 2162 1882 nis,
2210 1828 2267 1872 et
2304 1818 2501 1873 brachii
2550 1819 2920 1886 separationis,
2975 1830 3142 1885 quare
3187 1815 3444 1881 scriptum
3516 1811 3589 1863 sit

2060 1908 2457 1972 dissereremus,
2493 1921 2609 1975 qua:
2644 1917 2725 1961 est
2765 1915 2957 1961 acterna
2998 1901 3175 1975 portio
3221 1900 3590 1957 sacerdotibus

2061 1996 2217 2066 215
2252 1998 2392 2062 data,
2435 1998 2488 2051 in
2534 2011 2635 2064 qua
2667 1996 2852 2065 dignos
2892 2009 2989 2048 nos
3022 1993 3199 2047 facere
3228 1991 3501 2060 dignetur,
3532 1998 3592 2040 ut

2062 2099 2155 2152 per
2198 2086 2375 2138 cordis
2403 2087 2710 2152 puritatem,
2748 2092 2802 2137 et
2844 2095 3062 2149 operum
3101 2078 3420 2148 probitatem
3455 2075 3588 2146 (64),

2062 2173 2113 2225 in
2137 2175 2315 2226 divino
2365 2173 2625 2226 sacriﬁcio
2656 2171 2849 2224 habere
2877 2168 3212 2237 participium
3264 2180 3587 2230 mereaumr,

2061 2275 2155 2327 per
2194 2270 2448 2312 aeternum
2501 2258 2802 2326 pontiﬁcem
2844 2257 3120 2308 Dominmn
3166 2264 3220 2309 et
3259 2253 3587 2307 Salvatoretn

2064 2359 2298 2403 nostrum
2322 2348 2498 2402 Jesum
2527 2348 2815 2406 Christum,
2863 2359 2956 2412 per
2988 2359 3144 2412 quem
3193 2354 3277 2396 est
3308 2343 3413 2395 Deo
3441 2340 3585 2393 Patri

2062 2451 2178 2490 cum
2212 2438 2413 2505 Spiritu
2446 2445 2633 2489 sancto
2664 2435 2826 2503 gloria
2883 2442 2938 2486 et
2989 2433 3268 2501 imperium
3298 2434 3349 2483 in
3392 2430 3587 2484 saacula

2063 2526 2396 2580 sicculorum.
2418 2527 2607 2579 Amen.

2562 2611 2832 2669 HOMILIA
2879 2612 2936 2665 Vl
2966 2611 3096 2681 (es).

2202 2704 2278 2758 De
2307 2702 2616 2757 indumentis
2645 2699 2905 2767 pontiﬁcis
2938 2708 2987 2753 et
3018 2700 3341 2752 sacerdotum
3374 2700 3439 2751 7°.

2132 2795 2181 2847 l.
2214 2793 2466 2854 Causam,
2500 2804 2599 2856 qua
2629 2788 2838 2856 quidem
2873 2788 2989 2842 hzec
3015 2801 3135 2855 quae
3169 2784 3323 2842 nobis
3361 2785 3590 2861 recitan—

2064 2890 2168 2946 tur,
2218 2892 2310 2933 aut
2355 2880 2575 2947 intelligi
2624 2876 2831 2946 possint
2863 2874 2995 2946 (66),
3044 2885 3136 2928 aut
3167 2889 3274 2928 non
3325 2873 3532 2942 intelligi
3573 2913 3587 2934 ,

2063 2969 2294 3023 breviter
2322 2967 2551 3022 ostendit
2583 2965 2864 3033 Apostolus
2890 2966 2935 3000 τί
2956 3005 2972 3030 ,
3000 2966 3181 3018 dicens
3211 2964 3276 3018 ab
3308 2961 3423 3028 eius
3459 2977 3588 3016 ocu-

360 3080 551 3120 omne
581 3066 738 3134 quod
770 3082 1022 3120 crassum
1071 3076 1176 3131 est,
1203 3077 1256 3121 et
1297 3071 1641 3123 emundatum
1684 3072 1847 3124 fuerit
1899 3072 1960 3126 ab

2067 3056 2129 3110 lis
2172 3071 2326 3125 posse
2365 3057 2568 3111 Veteris
2612 3055 2935 3110 Testamenti
2974 3054 3213 3107 velamen
3247 3050 3468 3113 auferri,
3496 3049 3586 3119 qui

358 3155 523 3208 omni
566 3155 952 3221 aperimento,
984 3155 1065 3208 vel
1092 3156 1497 3223 inquinamento
1521 3159 1656 3225 (6‘5),
1692 3162 1831 3227 quod
1857 3162 1963 3229 igni

358 3243 733 3296 tradendum
759 3251 864 3302 est.
904 3252 1071 3296 restat
1114 3253 1170 3295 ut
1196 3253 1497 3311 apponatur
1528 3246 1575 3298 ei
1604 3248 1768 3314 gratia
1797 3248 1967 3314 Spiri-

355 3342 446 3386 tus
512 3329 749 3395 sancti,
798 3339 854 3383 et
899 3342 1027 3384 tunc
1058 3331 1151 3384 lict
1193 3333 1558 3400 peetusculum
1598 3336 1963 3401 appositionis,

351 3422 448 3475 sed
503 3429 583 3473 et
633 3418 934 3471 brachium
981 3421 1380 3487 separationis,
1447 3423 1557 3476 sive
1608 3424 1956 3491 demptionis.

350 3509 685 3578 Quomodo
718 3510 828 3561 erit
870 3518 927 3559 et
972 3510 1251 3563 brachium
1277 3512 1666 3579 separationis?
1713 3512 1767 3566 Si
1797 3515 1961 3579 scias,

350 3615 394 3653 et
429 3597 758 3664 intelligas
781 3596 1095 3650 discernere
1122 3613 1242 3665 quae
1263 3600 1373 3651 sint
1399 3614 1558 3665 Opera
1585 3601 1736 3663 lueis,
1769 3609 1815 3654 et
1847 3617 1965 3669 quae

349 3692 475 3742 sint
525 3700 722 3753 opera
771 3690 1142 3749 tenebrarum,
1194 3695 1248 3739 et
1287 3702 1506 3756 separes
1559 3698 1710 3741 actus
1752 3700 1870 3743 tuos
1900 3692 1964 3745 de

352 3771 655 3830 tenebris.
711 3781 772 3822 ut
818 3771 930 3822 sint
968 3786 1132 3837 opera
1183 3782 1271 3825 tua
1320 3774 1372 3826 in
1416 3774 1634 3838 lumine,
1687 3776 1960 3830 brachium

357 3870 536 3911 tuum
570 3857 829 3911 efﬁcitur
866 3860 1146 3912 brachium
1176 3861 1561 3927 separationis;
1600 3862 1679 3916 vel
1731 3880 1852 3918 cum
1878 3879 1965 3919 se-

358 3948 685 4015 paraveris
730 3956 784 3999 te
815 3948 884 4000 ab
924 3949 1071 4000 omni
1121 3949 1288 4003 fratre
1328 3951 1561 4017 inquiete
1617 3954 1959 4018 ambulante;

362 4036 451 4090 vel
492 4046 666 4089 certe
694 4052 820 4087 cum
850 4036 1150 4089 secundum
1180 4041 1495 4107 prophetam
1540 4042 1581 4072 °’
1614 4052 1861 4106 separant
1885 4058 1960 4107 se,

360 4135 419 4175 et
442 4135 679 4177 exeunt
711 4124 781 4174 de
816 4125 998 4177 medio
1046 4136 1418 4191 peccatorum,
1466 4130 1553 4196 qui
1594 4138 1807 4197 portant
1839 4145 1959 4183 vasa

360 4213 629 4267 Domini.
680 4211 928 4279 Denique
972 4215 1262 4267 vernacula
1305 4218 1529 4282 quadam
1581 4221 1961 4273 consuetudine

361 4305 718 4377 Scripturm,
747 4315 1036 4355 commune
1065 4317 1187 4356 esse
1217 4304 1415 4358 dicitur
1449 4307 1583 4371 quod
1626 4307 1957 4358 immundum

2065 3159 2351 3197 conversus
2398 3146 2463 3197 ad
2518 3145 2682 3198 Deum
2718 3145 2911 3208 fuerit;
2972 3156 3038 3195 ex
3086 3155 3192 3208 quo
3221 3140 3346 3193 sciri
3380 3139 3585 3201 voluit,

2063 3234 2203 3300 quod
2234 3242 2429 3299 quanto
2491 3234 2662 3287 minus
2723 3235 2833 3286 lucc
2872 3231 3022 3285 nobis
3071 3231 3226 3297 plana
3260 3235 3410 3292 sunt,
3440 3235 3587 3280 tanto

2064 3321 2239 3374 minor
2265 3331 2346 3375 est
2379 3319 2445 3374 ad
2476 3320 2640 3373 Deum
2667 3330 2846 3375 nostra
2879 3319 3174 3373 conversio.
3205 3317 3268 3370 Et
3295 3317 3413 3370 ideo
3441 3317 3584 3369 oumi

2064 3407 2258 3460 virtute
2291 3409 2563 3460 nitendum
2601 3418 2700 3470 est,
2733 3417 2788 3459 ut
2831 3410 2896 3461 ab
2919 3407 3357 3475 occupationibus
3385 3406 3585 3468 seculi,

2063 3505 2113 3547 et
2137 3509 2163 3546 a
2198 3496 2477 3549 mundanis
2508 3495 2713 3549 actibus
2743 3496 2914 3561 liberi,
2938 3506 2990 3549 et
3020 3497 3160 3562 ipsas
3183 3496 3368 3559 etiam,
3394 3495 3438 3548 si
3466 3495 3584 3549 ﬁeri

2062 3590 2276 3650 potest,
2311 3583 2607 3651 superﬂuas
2641 3585 2898 3637 sodalium
2930 3586 3135 3637 fabulas
3184 3583 3541 3651 relinquentes
3568 3623 3583 3649 ,

2063 3673 2225 3724 verbo
2254 3672 2340 3723 Dei
2375 3686 2593 3738 operam
2624 3672 2837 3735 demus,
2872 3684 2924 3726 et
2966 3674 3017 3724 in
3058 3672 3169 3740 lege
3207 3673 3321 3736 eius
3363 3670 3585 3725 medite-

2062 3775 2180 3813 mur
2202 3761 2286 3813 die
2307 3775 2370 3812 ac
2399 3769 2576 3823 nocte,
2604 3770 2662 3814 ut
2685 3771 2797 3814 toto
2815 3762 2970 3814 corde
2995 3761 3256 3822 conversi,
3297 3760 3582 3815 revelatam

2061 3859 2115 3902 et
2147 3860 2383 3915 apertam
2439 3849 2603 3918 Moysi
2661 3850 2847 3903 faciem
2899 3850 3162 3917 possimus
3219 3849 3472 3916 aspicere,
3531 3854 3587 3900 et

2062 3940 2288 3991 maxime
2324 3938 2377 3991 in
2407 3938 2522 4002 his,
2552 3954 2670 4006 quae
2697 3954 2836 3992 nunc
2869 3939 3086 3992 recitata
3116 3949 3261 4001 sunt,
3293 3936 3374 3990 vel
3404 3936 3469 3990 de
3496 3950 3586 3990 sa-

2063 4027 2416 4083 cerdotalibus
2453 4029 2794 4092 indumentis,
2823 4029 2905 4082 vel
2927 4029 2991 4082 de
3022 4026 3421 4081 consecratione
3447 4039 3585 4090 ponc

2063 4117 2239 4181 tilicis,
2276 4118 2327 4169 in
2364 4118 2557 4186 quibus
2583 4119 2706 4171 talia
2741 4118 2981 4186 quaedam
3028 4117 3296 4179 dicuntur,
3331 4125 3388 4168 ut
3422 4118 3583 4169 etiam

2062 4203 2209 4256 illum
2261 4205 2432 4271 ipsum
2479 4204 2747 4259 carnalem
2779 4204 2943 4258 Israel
2996 4206 3061 4259 ab
3102 4206 3352 4259 historica
3388 4203 3585 4256 intelli-

2062 4294 2233 4359 gentia
2275 4296 2488 4361 pcnitus
2511 4295 2825 4360 excludant;
2854 4304 2907 4347 et
2928 4295 3044 4346 ideo
3067 4296 3131 4347 ad
3155 4295 3265 4348 haec
3297 4293 3587 4361 explanan-

355 4401 470 4446 εει,
504 4391 682 4444 Sicut
709 4401 766 4441 et
798 4389 864 4441 ad
895 4389 1111 4442 Petrum
1138 4406 1243 4444 vox
1276 4392 1344 4445 de
1373 4394 1735 4447 erubuimus;
1764 4414 1782 4445 ς
1809 4394 1959 4461 Quod
2062 4383 2124 4433 da
2152 4381 2280 4449 (67),
2312 4398 2414 4436 non
2453 4384 2667 4437 humani
2702 4385 2897 4450 ingenii
2933 4385 3136 4438 viribus
3178 4384 3452 4437 nitendum
3477 4395 3584 4444 eet,

356 4482 513 4533 Deus
544 4478 869 4539 inundavit,
896 4484 948 4529 tu
980 4493 1276 4531 commune
1335 4495 1399 4532 ne
1445 4483 1662 4535 dixeris.
1706 4502 1724 4533 ι
1758 4484 1961 4538 Conse-

352 4578 615 4635 quenter
643 4580 782 4633 ergo
806 4566 849 4617 si
886 4565 937 4617 id
964 4566 1109 4631 quod
1148 4566 1486 4620 immundum
1532 4582 1643 4633 est,
1676 4586 1957 4625 commune

351 4656 712 4725 appellatur,
747 4652 889 4719 quod
948 4664 1202 4705 sanctum
1241 4663 1350 4717 est,
1402 4659 1753 4711 nominabitur
1805 4674 1958 4724 sepa-

349 4757 571 4797 ratum.
632 4742 743 4795 Sed
774 4754 830 4794 et
866 4741 1000 4794 illud
1059 4742 1346 4794 addimus.
1400 4742 1601 4813 Siquis
1648 4749 1738 4799 Dei
1791 4750 1959 4802 solius

344 4846 560 4887 servus
592 4840 703 4892 est,
738 4829 1051 4883 communis
1092 4844 1204 4881 non
1258 4839 1435 4896 potest
1464 4834 1584 4885 dici.
1632 4835 1685 4887 Si
1710 4836 1827 4903 quis
1864 4850 1958 4885 an-

419 4966 473 4999 ⁶⁷
500 4965 617 5017 lsa.
656 4977 768 5016 xut
791 4972 848 5016 et
876 4976 977 5014 ut.
1060 4960 1110 4991 “
1137 4962 1269 5015 Act.
1304 4978 1358 5022 x.
1389 4966 1472 5019 l5.
1543 4942 1584 4999 δ’
1613 4966 1774 5023 Marc.
1804 4982 1855 5026 v,
1882 4966 1935 5019 9.

422 5074 547 5144 (60)
577 5072 740 5144 Libb.
768 5072 939 5144 editi,
981 5089 1000 5119 ι
1037 5071 1236 5144 _qt_i_i_in
1272 5072 1436 5144 ipsius
1459 5074 1655 5129 labore.
1697 5097 1715 5128 ι

417 5137 539 5208 (61)
570 5143 696 5203 ΜΒ..
747 5159 768 5190 ι
814 5140 935 5191 illo.
974 5156 995 5187 δ
1037 5137 1214 5208 Libb.
1241 5139 1375 5189 editi
1429 5159 1446 5191 ι
1475 5143 1616 5199 illud.
1655 5164 1676 5195 ι

412 5204 535 5275 (62)
559 5212 687 5270 Με..
725 5227 745 5258 α
779 5204 1152 5275 pectusculo.
1177 5221 1214 5275 ἐ

410 5266 526 5343 (63)
557 5277 650 5331 νει
672 5266 1412 5343 ’ῐηᾳὶιίηαηιεηιοκρερει-ἰη
1443 5289 1530 5328 ms,

405 5333 515 5418 (δέ)
536 5346 675 5408 Με,,
714 5333 844 5393 «ὐι
873 5351 989 5403 pro
1021 5333 1217 5384 cordis
1249 5337 1487 5406 puritate,
1509 5354 1556 5395 et
1579 5358 1815 5411 operum
1838 5367 1959 5419 pro.

333 5415 508 5472 bitate.
537 5435 559 5467 ι
862 5469 874 5472 ,
957 5466 971 5472 ,
1234 5461 1266 5472 ..
1369 5467 1396 5472 -
1800 5448 1810 5455 ο

362 5416 508 5559 ’ἓξὲξ
536 5435 603 5534 in
642 5466 1101 5559 remeasset:
1143 5461 1842 5559 Efflfﬁfaztermcns'e"
1871 5488 1958 5553 ‘1'“

285 5531 708 5612 Cotiisv'litteris
744 5531 1127 5612 uncialibtli
1148 5531 1531 5612 S_f3f_i_Pl_ItS_e§t,
1593 5531 1960 5606 desideratio;

262 5606 717 5681 ιὶᾶἐνιωωὶηη
759 5612 967 5659 sena,
1017 5606 1129 5645 nec
1164 5606 1268 5643 nou
1304 5606 1522 5661 septima.
1554 5612 1680 5666 Sed
1735 5628 1958 5681 utraque

2062 4471 2154 4522 sed
2200 4471 2529 4525 orationibus
2557 4483 2606 4525 et
2637 4475 2880 4540 precibus
2909 4476 2973 4527 ad
3013 4479 3175 4527 Deum
3204 4472 3355 4527 fusis.
3392 4471 3448 4524 In
3480 4486 3586 4539 quo

2060 4558 2220 4610 etiam
2273 4559 2432 4611 vestri
2471 4558 2731 4625 adiutorio
2781 4561 3098 4631 indigemus,
3150 4570 3207 4615 ut
3250 4561 3389 4614 Deus
3424 4559 3585 4613 Pater

2063 4645 2221 4701 Verbi
2262 4647 2352 4701 det
2384 4649 2535 4702 nobis
2569 4650 2788 4703 verbum
2832 4649 2881 4702 in
2912 4651 3236 4717 apertionem
3258 4649 3369 4702 oris
3394 4647 3582 4713 nostri,

2060 4750 2113 4793 ut
2143 4741 2405 4807 possimus
2435 4739 2775 4793 considerare
2814 4739 3079 4793 mirabilia
3111 4741 3177 4793 de
3209 4739 3323 4807 lege
3354 4737 3485 4805 ejus.

2128 4830 2182 4885 2.
2212 4830 2304 4883 Est
2338 4844 2462 4896 ergo
2508 4830 2718 4882 initium
2768 4845 2947 4883 eorum
2988 4846 3104 4897 qua:
3157 4830 3315 4884 hodie
3357 4829 3582 4882 recitata

2658 4963 2698 4992 '”
2731 4962 2768 5014 ll
2797 4962 2917 5015 Cor.
2954 4977 3038 5015 ιιι.

2063 5073 2245 5125 collata
2286 5083 2361 5124 est
2393 5084 2511 5124 eum
2544 5072 2711 5124 tribus
2737 5072 2854 5126 aliis
2889 5086 3017 5126 mss.
3051 5072 3321 5132 Beccensi,
3349 5069 3585 5125 Gemetio

2060 5142 2225 5199 censi,
2251 5150 2304 5193 et
2332 5140 2662 5192 Cadomensi.

2130 5206 2418 5280 (66iMssu
2467 5209 2769 5271 «possint.»
2823 5206 2975 5280 Libb.
3033 5206 3194 5268 editi,
3230 5214 3575 5280 :BDSStlll-l...)

2063 5269 2198 5327 Infra
2221 5269 2387 5327 'ii'dcm
2440 5269 2586 5335 mss.,
2628 5284 2815 5327 «tanto
2844 5276 3017 5329 minor
3044 5283 3145 5325 est.
3177 5288 3195 5320 ι
3230 5269 3380 5321 Libb.
3426 5269 3580 5336 editi,

2063 5361 2081 5393 ι
2108 5352 2252 5396 tanto
2284 5344 2457 5394 minus
2482 5352 2583 5396 est.
2608 5360 2628 5392 ι

2126 5409 2233 5478 (67)
2263 5408 2414 5461 Libb.
2442 5410 2589 5471 editi,
2629 5426 2648 5459 ι
2668 5408 2818 5460 nobis
2848 5407 2911 5478 ad
2943 5401 3412 5478 haecexponeuda,
3438 5418 3454 5450 ι
3486 5404 3579 5478 sed

2054 5470 2182 5535 mss.
2214 5470 2295 5530 ὐι
2345 5478 2394 5528 in
2445 5470 2626 5528 nostro
2667 5483 2834 5526 textu.
2878 5472 3015 5523 Infra
3060 5472 3214 5522 iidem
3253 5481 3420 5530 mss,
3473 5486 3490 5516 ι
3524 5470 3581 5523 in

2056 5534 2405 5615 apertionem.
2437 5562 2455 5594 ι
2490 5542 2643 5597 Libb.
2675 5541 2824 5603 editi,
2866 5556 2883 5587 ι
2906 5538 2958 5590 iu
2983 5534 3397 5601 adapertioneui.
3429 5553 3448 5584 ι

2042 4963 2085 4993 ⁷⁰
2117 4962 2283 5016 Levii.
2308 4978 2377 5015 vn
2401 4971 2453 5015 et
2474 4977 2585 5014 vm.
