3948 6270
342 274 443 330 467

1749 260 2061 319 OfllﬂENlS

3573 250 3683 297 468

341 396 485 448 sunt,
512 386 563 438 in
597 386 679 440 his
707 386 884 439 verbis
910 386 953 416 ’⁷³
988 403 1000 439 :
1046 401 1064 436 ‹
1102 384 1227 437 llaac
1257 385 1437 437 unctio
1476 386 1671 448 Aaron,
1699 395 1750 437 et
1776 401 1874 436 un-

2123 390 2238 434 ante
2267 377 2409 432 lotus
2444 374 2641 429 fueris.
2675 390 2695 424 ι
2733 366 3065 425 Ιιτηοοιηίηῖ
3101 375 3259 432 ergo
3287 400 3307 426 ,
3366 366 3429 414 et
3483 359 3682 414 mundi

345 477 448 527 ctio
479 477 704 529 ﬁliorum
727 475 842 542 ejus
868 479 934 527 ab
960 475 1153 528 hostiis
1180 474 1404 536 Domini,
1446 490 1546 542 qua
1585 475 1670 526 die
1702 475 1870 539 appli-

343 563 450 614 cuit
470 577 561 614 eos
584 563 891 616 sacriﬁcare
916 562 1154 624 Domino,
1179 562 1315 614 sicut
1340 562 1585 628 praecepit
1616 561 1873 614 Dominus

342 648 471 703 dare
503 650 627 715 illis,
659 666 763 719 qua
803 651 889 705 die
924 636 1232 704 unxit'illos
1262 666 1289 702 a
1321 652 1442 704 ﬁliis
1475 649 1653 711 Israel,
1705 650 1872 719 legiti-

342 754 484 791 mum
535 753 788 794 :eteruum
824 742 875 794 in
925 740 1200 807 progenies
1250 755 1452 794 eorum.
1500 740 1619 793 Haec
1655 740 1736 793 lex
1792 749 1874 793 est

342 827 802 892 holocaustorum,
844 843 898 884 et
929 845 1024 897 pro
1056 838 1294 897 peccato,
1340 838 1393 881 et
1447 845 1540 897 pro
1577 830 1789 890 delicto,
1820 839 1875 882 et

341 920 843 978 consutmnationis,
871 929 923 972 et
952 917 1203 971 sacriﬁcii
1254 918 1523 978 salutaris,
1563 919 1695 969 sicut
1729 932 1875 968 man-

340 1005 487 1059 davit
524 1007 772 1060 Dominus
805 1009 970 1077 Moysi
1016 1009 1067 1061 in
1108 1016 1281 1060 monte
1312 1008 1464 1068 Sina,
1492 1022 1595 1074 qua
1628 1007 1713 1059 die
1740 1022 1874 1074 prae-

341 1096 480 1162 cepit
510 1096 634 1151 ﬁliis
665 1098 826 1152 Israel
855 1098 1049 1153 olferre
1080 1112 1295 1149 munera
1324 1112 1417 1149 sua
1449 1112 1626 1150 coram
1652 1097 1873 1150 Domino

342 1182 393 1235 in
422 1183 634 1237 deserto
670 1186 817 1244 Sina,
850 1205 869 1237 ι
903 1185 1034 1239 Cum
1067 1185 1399 1250 proposuerit
1443 1184 1620 1236 dicere
1664 1183 1873 1251 legisla-

342 1279 445 1334 tor,
480 1273 593 1330 haec
627 1274 809 1327 unctio
842 1274 1070 1326 ﬁliorum
1107 1271 1242 1339 ejus,
1277 1288 1379 1325 non
1434 1272 1708 1340 suhjuuxit
1756 1290 1873 1342 quae

337 1372 480 1415 esset
512 1364 707 1425 unctio,
750 1377 848 1417 nec
882 1363 1110 1431 qualiter
1168 1364 1407 1415 llltXlsst’l
1447 1363 1726 1430 exposuit,
1780 1364 1870 1416 Sed

340 1453 440 1505 hoc
473 1454 683 1521 quidem
716 1453 767 1507 in
798 1454 1147 1522 nequeuntibus
1194 1451 1343 1514 facit,
1394 1467 1533 1504 nunc
1574 1466 1699 1505 vero
1729 1460 1872 1521 post-

337 1557 560 1611 eaquam
601 1544 737 1596 dixit
771 1562 784 1597 :
819 1543 933 1598 haec
966 1543 1146 1597 unctio
1177 1545 1352 1595 Aaron
1382 1551 1435 1593 et
1475 1542 1700 1595 ﬁliorum
1735 1543 1868 1610 ejus.

345 1632 469 1687 aihil
502 1633 568 1686 de
598 1633 847 1688 unctione
895 1632 1189 1699 subjunxit.
1245 1633 1493 1688 Profecto
1530 1642 1587 1685 ut
1619 1633 1866 1686 ostende-

338 1731 454 1785 ret,
496 1722 618 1791 quia
672 1723 783 1776 btec
814 1736 932 1790 quae
959 1737 1117 1791 supra
1147 1724 1372 1787 dixerat,
1408 1724 1459 1776 id
1482 1733 1562 1776 est
1596 1733 1873 1793 pectuscu-

337 1813 446 1868 lum
506 1812 899 1893 impositiqpis,
943 1822 997 1866 et
1023 1813 1300 1867 brachium
1354 1814 1726 1882 separationis,
1761 1814 1871 1878 ipsa

337 1912 519 1956 essent
549 1901 658 1972 (68)
689 1902 870 1956 unctio
899 1902 1076 1954 Aaron
1111 1909 1163 1954 et
1198 1900 1425 1953 filiorum
1457 1901 1593 1970 ejus,
1626 1915 1690 1953 ne
1721 1910 1873 1968 puta-

339 2006 518 2047 remus
554 1992 643 2046 illa
667 2007 764 2060 pro
793 1992 1049 2046 carnibus
1072 1990 1231 2054 dicta,
1266 1992 1358 2044 sed
1390 2002 1446 2043 ut
1475 1993 1691 2046 doceret
1711 1991 1870 2043 etiam
1894 2019 1917 2038 κ

339 2081 449 2147 ipsa
483 2081 582 2135 sub
610 2092 944 2135 sacramento
990 2080 1258 2134 unctionis
1287 2083 1515 2136 inserta.
1552 2082 1788 2149 Denique
1817 2082 1869 2133 in

336 2169 788 2235 consequentibus
821 2170 1017 2236 repetit
1043 2184 1130 2232 ea,
1173 2184 1291 2236 quae
1335 2170 1579 2237 superius
1609 2184 1872 2237 exposue—

337 2268 443 2331 rat,
469 2270 523 2311 et
555 2258 682 2312 dicit
719 2274 732 2310 :
766 2258 891 2312 llaec
926 2258 1009 2312 lex
1037 2260 1491 2325 holocaustorum,
1519 2268 1570 2312 et
1593 2260 1868 2319 sacriﬁcii,

334 2360 390 2400 et
422 2364 517 2415 pro
568 2358 814 2416 peccato.
848 2348 971 2404 llaec
994 2390 1009 2414 ,
1052 2352 1103 2404 id
1152 2360 1235 2404 est
1291 2366 1409 2417 quae
1440 2364 1602 2418 supra
1636 2352 1871 2417 exposita

332 2451 434 2502 εει,
464 2447 516 2492 et
541 2439 750 2492 videtur
779 2453 897 2492 esse
924 2440 1389 2510 ἀνακεφαλαίωσις
1409 2480 1424 2504 ,
1457 2441 1506 2493 id
1541 2448 1621 2493 est.
1671 2443 1873 2507 recapi-

335 2526 526 2583 tulatio
572 2539 1054 2594 sacramentorum,
1081 2545 1199 2597 quae
1239 2530 1289 2583 in
1319 2530 1683 2597 superioribus
1715 2529 1873 2583 latius

334 2615 545 2670 fuerant
573 2629 844 2672 enarrata.
888 2620 1014 2674 Post
1066 2620 1181 2672 haec
1227 2633 1351 2673 vero
1399 2618 1672 2687 subjungit
1707 2641 1719 2673 :
1753 2636 1772 2668 ι
1810 2619 1874 2672 Et

335 2703 544 2760 locutus
571 2717 650 2762 est
682 2708 957 2772 Dominus,
990 2709 1159 2777 inquit
1183 2708 1248 2772 ⁷⁸,
1269 2709 1335 2760 ad
1362 2707 1606 2777 Moysen,
1643 2709 1870 2763 dicens:

336 2791 503 2848 Sume
534 2795 709 2849 Aaron
737 2836 752 2860 ,
799 2806 851 2850 et
897 2795 1035 2852 ﬁlios
1065 2795 1200 2863 ejus,
1231 2805 1284 2849 et
1304 2797 1470 2850 stolas
1500 2805 1552 2850 et
1579 2796 1751 2851 oleum
1778 2814 1876 2850 un-

337 2885 550 2947 ctionis,
588 2896 643 2940 et
680 2888 903 2941 vitulum
941 2889 1032 2958 qui
1082 2896 1163 2941 est
1205 2902 1301 2956 pro
1352 2896 1593 2957 peccato,
1645 2897 1700 2940 et
1739 2889 1873 2941 duos

1976 480 2177 533 estote,
2213 478 2265 522 et
2315 467 2532 520 auferte
2568 462 2866 531 nequitias
2901 458 2984 510 ab
3016 454 3253 508 animis
3292 451 3518 503 vestris
3544 449 3618 504 ’⁸.
3659 468 3681 500 ι

1976 560 2086 612 Nisi
2121 560 2262 613 enim
2298 558 2402 610 hoc
2436 557 2605 608 moo’o
2634 554 2789 606 lotus
2842 549 3071 609 fueris,
3122 560 3255 598 non
3310 544 3547 611 poteris
3596 541 3686 595 in-

1974 655 2137 708 duere
2162 653 2454 706 Dominum
2487 648 2680 702 Jesum
2722 646 3067 704 Christum,
3131 637 3488 692 secundmn
3534 635 3688 701 quod

1974 742 2103 795 dicit
2134 738 2430 807 Apostolus
2458 739 2507 769 ⁷⁶
2539 756 2553 790 :
2589 756 2608 786 ι
2645 735 2875 787 lnduite
2916 729 3263 783 Dominum
3291 725 3505 778 Jesum
3534 724 3695 776 Chri-

1973 839 2136 892 stum,
2166 839 2220 880 et
2248 827 2433 880 carnis
2467 840 2659 879 curam
2700 838 2769 874 ne
2802 820 3083 874 feceritis
3138 819 3205 870 in
3254 813 3693 881 concupiscen—

1975 919 2082 971 tiis.
2117 937 2134 967 ι
2168 917 2332 969 Lavet
2369 926 2427 971 te
2455 916 2627 979 igitur
2654 914 2915 982 Moyses,
2949 911 3088 978 ipse
3132 917 3204 959 te
3250 905 3450 970 lavet,
3477 914 3541 957 et
3570 905 3695 971 ipse

1977 1015 2028 1058 te
2061 1005 2272 1057 induat.
2306 1003 2596 1068 Quomodo
2633 1012 2686 1054 te
2737 1000 2938 1052 lavare
2974 1004 3201 1066 potest
3257 993 3535 1062 Moyses,
3584 993 3696 1046 fre-

1973 1103 2205 1161 quenter
2237 1094 2463 1145 audisti.
2503 1092 2663 1159 Sa-pe
2695 1090 2849 1143 enim
2909 1087 3199 1140 diximus
3252 1084 3424 1152 quod
3466 1083 3699 1153 Moyses

1973 1182 2026 1236 in
2060 1182 2361 1250 Scripturis
2393 1184 2511 1235 suis
2544 1197 2644 1250 pro
2695 1181 2823 1249 lege
2858 1186 3169 1247 ponatur,
3202 1177 3376 1230 sicut
3416 1176 3476 1227 in
3511 1174 3698 1227 Evan-

1972 1272 2114 1342 gelio
2143 1273 2346 1325 dictum
2371 1273 2516 1325 est"
2556 1290 2570 1326 :
2607 1291 2625 1322 ι
2665 1271 2896 1324 Habent
2930 1269 3208 1338 Moysen
3245 1274 3313 1320 et
3346 1267 3694 1335 prophetas,

1973 1363 2191 1415 audiant
2224 1363 2364 1416 illos.
2401 1381 2420 1413 ι
2456 1361 2566 1414 Lex
2600 1377 2735 1430 ergo
2770 1360 2873 1413 Dei
2908 1369 3005 1413 est
3041 1374 3200 1427 qua:
3237 1367 3303 1411 te
3342 1356 3543 1421 lavat,
3580 1358 3697 1427 ipsa

1972 1453 2157 1505 sordes
2194 1462 2312 1507 tuas
2347 1453 2513 1522 216
2543 1452 2749 1515 diluit,
2796 1451 2955 1516 ipsa,
2992 1451 3049 1503 si
3089 1449 3339 1502 audias
3366 1463 3534 1513 eam,
3567 1462 3699 1515 pec-

1973 1551 2221 1595 catorum
2257 1555 2468 1595 tttorum
2504 1541 2758 1594 maculas
2792 1541 3107 1611 abstergit
3163 1558 3182 1593 :
3229 1540 3375 1605 ipse
3410 1548 3507 1593 est
3546 1538 3703 1601 Moy-

1974 1644 2098 1693 ses,
2152 1631 2255 1685 hoc
2300 1641 2381 1684 est
2429 1632 2514 1685 lex
2563 1649 2687 1700 quae
2743 1634 3103 1688 sacerdotes
3147 1641 3532 1696 consecrat,
3598 1646 3701 1687 nec

1977 1728 2151 1788 potest
2180 1704 2435 1775 sacerdos
2467 1737 2611 1788 esse,
2646 1738 2817 1791 quem
2853 1739 2974 1776 non
3007 1722 3108 1776 lex
3151 1723 3577 1778 constituerit
3607 1738 3703 1778 sa-

1973 1812 2260 1864 cerdotem.
2300 1812 2446 1865 Multi
2481 1813 2628 1866 enim
2679 1823 2819 1867 sunt
2905 1816 3340 1880 sacerdotes,
3397 1816 3506 1869 sed
3559 1829 3703 1883 quos

1973 1912 2078 1952 non
2126 1899 2259 1953 lavit
2295 1900 2380 1955 lex
2406 1941 2422 1964 ,
2473 1918 2654 1972 neque
2686 1918 2868 1971 puros
2920 1904 3225 1958 reddidit.
3275 1906 3542 1960 verbum
3582 1904 3702 1974 Dei,

1973 2003 2143 2055 neque
2172 1991 2344 2044 abluit
2374 2007 2402 2044 a
2434 2004 2800 2061 peccatorum
2838 1994 3151 2049 sordibus
3187 2011 3419 2051 sermo
3454 1998 3702 2053 divinus.

1973 2079 2076 2133 Sed
2101 2091 2155 2133 et
2188 2096 2303 2143 vos,
2333 2083 2426 2150 qui
2461 2098 2686 2136 sacrmn
2739 2083 3050 2152 baptisma
3103 2087 3515 2143 desideratis
3557 2089 3706 2143 acci-

1972 2185 2118 2237 pere,
2141 2181 2194 2224 et
2227 2173 2463 2240 gratiam
2496 2174 2737 2241 spiritus
2767 2176 3127 2241 promereri
3166 2218 3188 2243 ,
3254 2179 3443 2246 prius
3483 2179 3706 2233 debetis

1971 2275 2037 2316 ex
2061 2261 2176 2338 lege
2201 2262 2438 2331 purgari,
2470 2264 2622 2330 prius
2650 2264 2910 2331 debetis,
2950 2267 3203 2322 audito
3238 2271 3446 2324 verbo
3483 2270 3711 2337 Dei,vi-

1974 2350 2168 2403 tiorum
2197 2352 2439 2418 germina
2482 2367 2784 2418 resecare,
2842 2362 2907 2408 et
2966 2371 3203 2413 mores
3272 2358 3584 2415 barbaros
3631 2365 3710 2415 fe-

1972 2453 2170 2508 rosque
2198 2455 2555 2508 componere,
2606 2452 2667 2497 ut
2705 2446 3207 2501 mansuetudine
3255 2460 3327 2504 et
3368 2450 3710 2507 humilitate

1971 2539 2243 2600 suscepta,
2267 2533 2487 2599 possitis
2511 2533 2682 2586 etiam
2711 2536 2981 2602 gratiam
3035 2541 3265 2594 sancti
3317 2542 3589 2610 Spiritus
3620 2558 3716 2597 ca-

1971 2635 2120 2689 pere.
2168 2621 2260 2675 Sic
2304 2627 2450 2675 enitn
2484 2623 2619 2676 dicit
2663 2623 2959 2680 Dominus
3017 2642 3146 2697 per
3208 2636 3593 2702 prophetam
3615 2634 3710 2687 ﬂ:

1977 2728 1995 2763 ι
2027 2711 2201 2778 Super
2227 2727 2387 2780 quem
2418 2714 2792 2781 requiescam,
2838 2718 2961 2771 nisi
3013 2734 3236 2788 super
3284 2725 3616 2791 humilem,
3658 2734 3716 2781 et

1973 2798 2235 2866 quietum,
2269 2810 2324 2853 et
2358 2810 2687 2854 trementem
2746 2816 3081 2860 sermones
3148 2811 3396 2864 meos?
3434 2831 3456 2863 ι
3504 2810 3569 2866 Si
3608 2814 3713 2865 hu-

1974 2888 2116 2941 milis
2142 2903 2250 2942 non
2287 2888 2455 2942 fueris
2494 2897 2551 2942 et
2589 2891 2845 2958 quietus,
2900 2909 3032 2949 non
3090 2911 3331 2967 potest
3371 2903 3714 2958 inhabitare

337 2976 550 3038 arietes,
583 2986 638 3030 et
661 2978 960 3032 canistrum
1005 2991 1352 3045 azymorum,
1383 2984 1438 3029 et
1474 2990 1684 3030 omnem
1716 2991 1873 3046 syna-
1900 2994 1942 3050 ο
1977 2977 2032 3031 in
2067 2986 2119 3030 te
2153 2977 2324 3044 gratia
2371 2976 2610 3045 Spiritus
2644 2981 2874 3047 sancti,
2936 2985 2993 3037 si
3065 3002 3210 3042 non
3265 3007 3419 3046 cum
3461 3004 3715 3048 ιτειιιοιιε

337 3077 526 3130 gogam
561 3080 795 3119 convoca
833 3069 896 3119 ad
917 3067 1137 3134 januam
1182 3065 1507 3119 tabernaculi
1562 3065 1873 3120 testimonii.

338 3150 406 3204 Et
441 3151 569 3206 fecit
600 3154 807 3225 Moyses
838 3156 977 3209 sicut
1008 3155 1258 3223 praecepit
1284 3154 1334 3210 ei
1371 3154 1647 3216 Dominus,
1671 3163 1725 3206 et
1748 3169 1877 3208 con-

339 3243 549 3294 vocavit
577 3258 899 3313 syuagogam
929 3247 994 3298 ad
1021 3245 1239 3312 januam
1274 3242 1598 3298 tabernaculi
1638 3243 1877 3297 testimo-

338 3330 434 3384 nii.
470 3331 532 3384 Et
556 3332 689 3386 dixit
715 3333 922 3404 Moyses
943 3336 1008 3387 ad
1030 3347 1356 3404 synagogam
1379 3349 1393 3386 :
1418 3331 1530 3386 lloc
1549 3342 1632 3386 est
1655 3334 1874 3386 verbum

336 3421 479 3486 quod
515 3422 782 3475 mandavit
817 3423 1072 3477 Dominus
1113 3422 1310 3477 facere.
1346 3421 1412 3475 Et
1436 3420 1688 3488 applicuit
1737 3421 1879 3490 Moy-

338 3523 424 3561 ses
456 3509 629 3562 Aaron
662 3510 883 3564 fratrem
918 3527 1092 3577 suum,
1123 3520 1177 3565 et
1206 3511 1345 3565 ﬁlios
1378 3508 1511 3576 ejus,
1549 3518 1601 3563 et
1628 3509 1757 3563 lavit
1784 3526 1878 3565 eos

339 3613 475 3666 aqua
513 3616 525 3651 :
557 3609 610 3652 et
641 3602 854 3655 vestivit
883 3616 1005 3656 eum
1047 3603 1223 3655 tunica
1254 3639 1270 3665 ,
1328 3608 1382 3654 et
1428 3600 1706 3668 praecinxit
1754 3614 1875 3654 eum

338 3703 494 3751 zona,
525 3699 576 3743 et
602 3692 816 3745 vestivit
840 3706 961 3746 eum
1006 3691 1184 3744 tunica
1223 3690 1517 3752 interiore,
1546 3699 1599 3742 et
1630 3691 1879 3756 imposuit

337 3780 387 3832 ei
417 3779 687 3833 humerale
718 3780 831 3851 (69)
864 3790 917 3835 et
947 3780 1116 3834 cinxit
1146 3794 1267 3833 eum
1290 3778 1583 3832 secundum
1614 3778 1875 3832 facturam

339 3867 653 3931 humeralis,
692 3878 745 3923 et
792 3869 1112 3924 constrinxit
1141 3882 1261 3922 eum
1296 3871 1349 3921 in
1376 3868 1509 3935 ipso,
1543 3878 1598 3921 et
1628 3868 1881 3935 imposuit

340 3970 498 4023 super
528 3974 647 4011 eum
678 3958 875 4027 logium
907 3967 961 4011 et
1006 3957 1256 4025 imposuit
1298 3971 1458 4024 super
1486 3955 1679 4022 legium
1708 3956 1880 4009 maui-

340 4044 677 4100 festatiouem
706 4056 758 4100 et
780 4048 1082 4110 veritatem,
1109 4056 1162 4099 et
1194 4047 1446 4114 imposuit
1475 4046 1687 4098 mitram
1719 4060 1878 4112 super

339 4142 499 4201 caput
522 4133 659 4202 ejus,
688 4141 742 4186 et
763 4134 943 4201 posuit
972 4147 1133 4200 super
1163 4133 1372 4185 mitram
1403 4141 1526 4184 ante
1549 4130 1739 4185 faciem
1766 4130 1879 4197 ejus

341 4220 592 4275 laminam
621 4236 837 4276 auream
869 4222 1260 4275 sanctiﬁcatam
1292 4230 1553 4287 sanctam,
1584 4220 1721 4272 sicut
1748 4236 1878 4288 prae-

342 4324 556 4380 ceperat
590 4314 844 4367 Dominus
899 4312 1087 4380 Moysi.
1120 4331 1139 4364 ι
1184 4311 1407 4368 latentis
1443 4311 1665 4364 auribus
1711 4322 1764 4364 et
1801 4312 1878 4365 vi-
1908 4291 1951 4347 Ῑ)

341 4399 525 4465 gilanti
576 4401 737 4455 corde
782 4402 1237 4455 consecrationem
1275 4398 1540 4468 pontiﬁcis
1574 4398 1657 4451 vel
1693 4412 1877 4451 sacer-

343 4488 481 4542 dotis
530 4490 731 4552 audite,
764 4491 885 4557 quia
920 4497 973 4542 et
1005 4504 1100 4544 vos
1125 4489 1412 4544 sectmdum
1456 4487 1718 4554 promissa
1760 4488 1876 4550 Dei,

344 4578 647 4632 sacerdotes
689 4580 780 4632 Dei
815 4580 965 4642 estis,
1004 4597 1021 4629 ‹
1060 4594 1190 4648 gens
1212 4579 1353 4632 enim
1384 4587 1593 4640 sancta,
1620 4586 1673 4631 et
1699 4591 1880 4631 sacer-

347 4668 544 4721 dolium
589 4678 832 4722 sanctum
878 4669 989 4740 (70)
1046 4669 1177 4722 estis
1220 4666 1287 4718 ⁷⁸.
1315 4683 1332 4716 ο
1366 4665 1623 4732 Accepit,
1661 4665 1880 4732 inquit,

349 4756 559 4823 Moyses
599 4760 891 4813 secundum
949 4765 1272 4827 praeceptum
1327 4753 1537 4807 Domini
1593 4754 1772 4806 Aaron
1828 4765 1882 4807 et

349 4844 488 4897 ﬁlios
510 4845 644 4911 ejus,
676 4853 729 4898 et
757 4849 926 4915 primo
949 4848 1161 4918 quidem
1194 4846 1358 4907 lavat,
1401 4849 1582 4909 postea
1620 4856 1748 4895 vero
1803 4844 1884 4896 in~

349 4935 463 4987 duit
484 4949 593 4986 eos.
620 4934 966 4993 Considerate
995 4935 1303 5003 diligentius
1328 4931 1566 4984 ordinem
1594 4930 1882 4996 dictorum,

350 5025 524 5092 primo
551 5028 709 5091 lavat,
746 5037 930 5091 postea
967 5025 1155 5078 induit.
1187 5021 1301 5075 Non
1351 5019 1491 5073 enim
1523 5028 1671 5075 notes
1714 5022 1883 5084 indui,

415 5115 463 5147 τι
493 5114 660 5169 Levit.
692 5132 783 5177 vn,
814 5117 884 5173 ‘55
909 5126 962 5170 et
993 5128 1142 5180 seqq-

344 5185 389 5217 ”
426 5181 555 5238 Luc.
597 5199 703 5251 xvi,
731 5175 821 5241 29.
896 5186 940 5216 ⁷⁸
978 5175 1083 5235 Ιεειξ
1110 5175 1253 5240 txvr,
1281 5180 1334 5232 2.
1409 5176 1453 5205 ⁷⁵
1478 5175 1661 5227 Matth.
1696 5191 1824 5229 xvtt.

418 5275 528 5343 (68)
557 5276 705 5338 Mss.,
739 5297 757 5328 α
781 5285 982 5332 essent.
1016 5292 1034 5323 ι
1067 5269 1414 5343 _Libb._e_di_ti,
1447 5276 1646 5343 «esset.
1670 5285 1687 5317 ι

420 5336 529 5412 (69)
568 5336 734 5407 Μεεζ,
792 5364 811 5395 ι
841 5340 1135 5398 humerale.
1164 5356 1182 5387 ι
1239 5336 1392 5390 Libb.
1436 5336 1595 5400 editi,
1637 5340 1673 5384 ἰ
1699 5337 1885 5388 Imme-

351 5414 609 5541 ’.ιῖἶῖιὶίιὶη
659 5494 785 5535 mss.
835 5472 1191 5535 Gemeticensi
1226 5479 1281 5527 et
1329 5470 1644 5526 Cadomensi
1701 5471 1882 5539 deest,

352 5559 371 5595 ι
395 5554 654 5596 satu-lum.
687 5566 703 5595 ι

1219 5112 1265 5142 ⁷³
1287 5109 1456 5178 Levii.
1481 5105 1657 5178 γ-ιιιιί
1708 5114 1761 5159 et
1803 5120 1950 5178 seqq.

1976 3066 2208 3136 suscipis
2242 3066 2410 3120 verba
2445 3066 2658 3122 divina.
2692 3067 3044 3137 Superbam
3099 3092 3407 3150 namque
3454 3095 3521 3138 et
3577 3100 3719 3139 con-

1975 3162 2237 3207 tumacem
2282 3153 2545 3216 animam,
2584 3162 2642 3206 et
2690 3154 2888 3209 ﬁctam
2947 3160 3210 3232 refugit
3257 3168 3549 3236 Spiritus
3596 3185 3721 3224 san.

1974 3249 2112 3293 ctus.
2146 3240 2320 3294 Debes
2350 3255 2479 3309 ergo
2518 3242 2674 3309 prius
2726 3246 3020 3302 meditari
3069 3250 3303 3321 legem
3365 3258 3531 3323 Dei,
3570 3268 3636 3313 ut
3670 3259 3718 3314 si

1973 3328 2113 3384 forte
2155 3339 2310 3383 actus
2345 3331 2422 3382 tui
2470 3330 2837 3400 intemperati
2889 3351 3051 3392 sunt
3076 3382 3097 3407 ,
3139 3354 3211 3397 et
3249 3363 3482 3404 mores
3518 3351 3721 3405 incon-

1973 3419 2092 3487 diti,
2122 3419 2206 3475 lex
2231 3419 2327 3474 Dei
2362 3430 2413 3474 te
2442 3423 2700 3475 emendet
2727 3434 2787 3477 et
2813 3429 3136 3498 corrigat.
3183 3434 3309 3492 Vis
3342 3440 3569 3497 videre
3588 3441 3721 3513 quia

1974 3509 2185 3581 Moyses
2207 3525 2417 3577 semper
2441 3525 2567 3563 cum
2592 3510 2724 3566 Jesu
2757 3522 2875 3577 est,
2906 3517 3035 3575 hoc
3072 3535 3188 3580 est
3224 3528 3332 3584 lex
3360 3546 3511 3586 cum
3539 3509 3723 3586 Evan—

1974 3599 2161 3667 geliis?
2218 3599 2419 3653 Doceat
2467 3598 2583 3669 (7|)
2629 3610 2685 3654 te
2731 3602 3167 3675 Evangelium
3229 3620 3332 3687 τ’,
3371 3626 3530 3693 quia
3593 3640 3725 3679 cum

1974 3687 2395 3743 transformatus
2424 3698 2572 3743 esset
2599 3690 2654 3755 in
2679 3692 2932 3761 gloriam
2967 3698 3216 3770 Jesus,
3241 3687 3449 3765 etiarn
3491 3714 3725 3785 Mnyses

1977 3777 2392 3873 culinas-simul
2433 3793 2559 3831 cum
2596 3780 2718 3849 ipso
2744 3798 3205 3853 apparuerunt
3261 3801 3327 3855 in
3396 3777 3624 3873 gloria:
3668 3815 3732 3859 ut

1976 3865 2119 3919 scias
2146 3866 2270 3932 quia
2304 3865 2388 3918 lex
2420 3876 2476 3919 et
2526 3872 2838 3965 propheta»,
2885 3889 2950 3930 et
3014 3865 3471 3959 Evangeliuin
3505 3865 3633 3965 (72)
3672 3898 3727 3950 in

1977 3969 2140 4007 unum
2170 3969 2382 4022 semper
2407 3960 2768 4028 conveniunt,
2804 3977 2863 4017 et
2905 3968 2967 4022 in
3009 3988 3149 4029 una
3206 3982 3428 4050 gloria
3485 3960 3732 4057 perma-

1979 4054 2127 4133 nent.
2160 4042 2403 4111 Denique
2433 4054 2488 4098 et
2519 4046 2722 4103 Petrus
2754 4068 2897 4108 eum
2934 4062 3135 4118 vellet
3194 4042 3299 4125 uvis
3345 4042 3506 4129 tria.
3529 4078 3733 4133 facere

1981 4132 2363 4238 tabernacula:
2390 4133 2679 4203 imperitiae
2718 4150 2966 4199 notatur
2999 4188 3020 4213 ,
3088 4162 3430 4228 tanquam
3482 4168 3590 4238 qui
3627 4132 3732 4222 ne;

1982 4220 2298 4321 sciretquid
2332 4221 2560 4321 diceret.
2606 4224 2738 4321 Legi
2790 4232 3000 4301 enim,
3066 4253 3141 4296 ei,
3215 4220 3621 4321 ῥτορυρίίε,
3677 4220 3739 4313 ξι

1984 4310 2270 4377 Evangelia
2305 4326 2413 4364 non
2447 4314 2573 4375 tria,
2622 4317 2720 4369 sed
2764 4336 2951 4377 unum
3018 4342 3125 4386 est
3184 4310 3690 4401 tabe}..,.cui,}..,

2271 4401 2277 4412 .
2436 4402 2447 4412 .
2602 4404 2613 4415 ,
3194 4387 3372 4397 ψη-.
3393 4387 3690 4401 ...ως-...ω
3717 4387 3737 4413 ,

2524 4403 2651 4512 Ofb
2671 4405 2853 4463 LaVal
2886 4428 3047 4512 ergo
3086 4428 3318 4490 primo
3347 4433 3617 4512 Moyses
3649 4456 3746 4495 sa-

2424 4492 2435 4501 .
2482 4491 2494 4502 .
3088 4488 3101 4490 -
3463 4488 3491 4512 δ
3513 4488 3615 4493 --ν
3649 4488 3714 4495 -ﬁ

1983 4488 2604 4599 ςῗῗίξξιξιίιὲρᾲοιξὶξῗιι..,ει
2633 4510 2760 4596 cum
2786 4514 2937 4598 cum
2975 4507 3246 4581 laverit,
3289 4536 3362 4577 et
3396 4542 3740 4599 purgatum

1985 4578 2279 4676 reddiderit
2312 4594 2341 4631 a
2381 4582 2636 4676 sordibus
2700 4587 2984 4647 vitiorum
3012 4636 3030 4658 ,
3083 4578 3241 4670 post

1983 4683 2126 4720 eum.
2166 4666 2269 4720 Sed
2309 4674 2737 4730 consideremus
2773 4696 2909 4748 quae
2943 4666 3100 4746 δίη(
3132 4698 3263 4754 εδω

1985 4755 2181 4825 quibus
2219 4757 2396 4813 induit
2431 4760 2645 4832 Moyses
2698 4768 2897 4824 Aaron
2949 4752 3744 4841 fratrenlﬂs.‘;.-.:,:".2332:

1986 4845 2142 4965 ῗηῗῗῆῗ
2173 4854 3048 4965 .‘3:‘.'i‘.‘_'."31.71-?in9mm“
3099 4879 3190 4931 εει
3250 4888 3469 4943 θείη-ιι
3520 4906 3582 4948 ιε
3617 4896 3748 4965 (⁷³)

1986 4934 2134 4988 indui
2171 4936 2378 4991 eisdem
2411 4941 2753 5000 indumentis
2783 4988 2800 5011 ,
2851 4964 2913 5006 el
2962 4977 3101 5016 esse
3166 4934 3582 5038 ponti—fiere;

1987 5025 2372 5132 unIdelm'pnus
2401 5032 2643 5132 populea
2671 5052 2940 5132 magnus
2999 5053 3321 5119 Dominus
3376 5087 3620 5129 "03.3,
3651 5078 3754 5132 ιε,

2055 5112 2101 5143 ἠ
2138 5111 2157 5166 l
2203 5111 2323 5170 Pet.
2375 5122 2509 5187 ",9.
2598 5125 2780 5193 "glsa.
2825 5149 2868 5199 ι,
2903 5139 3001 5195 16.
3090 5148 3148 5179 ⁷⁵

3275 4810 3490 4854 suum
3543 4808 3754 4874 ponti-

2591 5291 2820 5381 (Atili-39H.
2850 5320 2872 5353 ι
2903 5302 3083 5381 ψει,
3134 5332 3156 5364 ‹
3186 5317 3468 5379 doceat.
3502 5348 3529 5381 ι

1980 5345 2363 5463 li“("t':.2).l.tbb.
2398 5362 2571 5427 editi,
2610 5378 2629 5412 ι
2657 5362 3005 5439 Evangelia.
3035 5345 3539 5454 ξ’ὗὶειέῗῖυῗιίίζ

2205 5346 2339 5404 Lililt
2398 5345 2559 5413 editi.
2610 5378 2629 5412 ι
2850 5345 2869 5353 ⁷
2912 5345 3083 5385 TW“!
3134 5345 3154 5364 ‘
3186 5345 3468 5379 "vce-al.
3502 5348 3529 5381 ι

2348 5391 2363 5407 ’
2557 5401 2571 5427 ’
2691 5398 2698 5415 ’
2803 5374 3005 5439 ’μηδ’
3035 5397 3056 5429 ³
3099 5381 3250 5439 MSS-
3282 5429 3300 5453 .
3368 5411 3397 5445 ε
3446 5399 3764 5474 Evange-

2054 5478 2166 5556 (75)
2205 5484 2365 5566 Mss.,
2405 5516 2425 5552 ι
2455 5510 2527 5557 te.
2559 5521 2576 5556 ι
2614 5499 2776 5561 Libb.
2810 5511 2982 5583 editi,
3021 5535 3041 5568 ε
3078 5520 3213 5578 tibi.
3247 5544 3272 5580 ι
