3948 6246
274 323 396 414 ιω

302 462 405 516 ges
429 447 715 520 Christus,

336 543 672 649 sacerdotum
725 555 1014 612 sacerdos
1047 576 1179 631 est,
1230 580 1293 625 et
1332 591 1439 628 non
1481 575 1649 628 solum
1691 572 1958 641 pontifex.

352 637 783 736 Wlimlfﬁﬁcum
816 646 1119 736 pontifex,
1169 673 1282 714 nec
1318 664 1656 717 sacerdotum
1693 637 1959 732 princeps,

364 726 455 781 sed
481 726 728 795 princeps
759 729 1098 802 principum
1153 749 1533 802 sacerdotum.
1584 726 1732 803 Sicut
1772 760 1824 801 ct
1871 726 1961 802 rex

379 836 481 874 non
510 816 699 871 dicitur
728 819 931 888 plebis,
962 827 1069 880 sed
1100 844 1308 901 regum
1344 852 1459 900 rex,
1494 847 1547 891 et
1581 837 1833 890 Dominus
1860 852 1960 890 non

382 923 696 975 servorum,
725 911 825 964 sed
858 911 1147 973 Dominus
1194 924 1556 978 dominorum.
1610 926 1790 978 Potest
1838 940 1964 993 ergo

393 998 535 1059 fieri,
573 1001 617 1053 si
660 1008 717 1050 et
762 1007 819 1053 tu
870 999 1020 1057 lotus
1082 1004 1270 1062 fueris
1299 1025 1393 1076 per
1435 1011 1674 1079 Moysen,
1702 1020 1774 1064 'et
1803 1011 1964 1064 fueris

392 1088 472 1140 ita
531 1087 799 1153 mundus,
865 1092 1025 1157 quasi
1079 1108 1253 1162 quem
1310 1098 1515 1167 Moyses
1562 1098 1747 1151 laverit
1787 1108 1965 1150 tantus

393 1181 494 1234 ille
524 1180 639 1253 (74)
669 1198 731 1237 ac
757 1183 900 1245 talis,
930 1194 994 1238 ut
1024 1190 1215 1255 possis
1249 1191 1410 1244 etiam
1442 1193 1718 1260 pervenire
1747 1195 1811 1245 ad
1854 1194 1965 1246 haec

394 1266 728 1323 indumenta
755 1287 874 1340 qua:
900 1275 1118 1342 profert
1147 1277 1382 1346 Moyses,
1410 1291 1462 1333 et
1482 1282 1646 1334 stolas
1677 1283 1824 1344 istas,
1848 1283 1962 1350 qni-

396 1356 512 1409 bus
538 1358 719 1412 induit
745 1360 925 1415 Aaron
963 1362 1193 1417 fratrem
1223 1382 1376 1419 suum
1398 1407 1414 1430 ,
1444 1379 1497 1421 et
1530 1369 1667 1422 filios
1694 1371 1830 1437 ejus.
1864 1370 1964 1424 Sed
2014 1354 2019 1359 ’

392 1458 515 1497 non
551 1447 734 1501 solum
763 1451 1093 1505 indumentis
1123 1469 1261 1521 opus
1290 1465 1371 1509 est
1400 1458 1463 1509 ad
1500 1458 1856 1511 sacerdotale.
1889 1461 1965 1512 in-

388 1530 573 1596 fulas,
612 1549 803 1588 verum
845 1546 899 1590 et
933 1540 1185 1604 cingulis.
1225 1542 1330 1595 Sed
1364 1546 1668 1613 priusquam
1702 1546 1765 1597 de
1794 1547 1966 1613 specie

392 1620 525 1686 ipsa
562 1623 1012 1679 indumentorum
1057 1629 1240 1685 dicere
1273 1632 1611 1698 incipiamus,
1647 1635 1798 1685 velim
1838 1650 1968 1687 (ηιμ

404 1706 556 1762 ferre
588 1710 685 1762 illa
718 1712 957 1767 infelicia
990 1716 1323 1781 indumenta,
1355 1719 1546 1784 quibus
1578 1722 1776 1787 primus
1809 1723 1965 1775 homo

404 1810 530 1848 cum
581 1810 894 1865 peccasset,
943 1803 1163 1857 indutus
1207 1814 1306 1869 est,
1339 1820 1456 1858 cum
1485 1808 1566 1859 his
1598 1808 1796 1860 sanetis
1824 1818 1877 1860 et
1904 1810 1958 1860 li-

407 1883 625 1938 delibus
671 1887 1028 1943 indumentis.
1081 1892 1149 1945 Et
1187 1892 1394 1958 quidem
1448 1893 1532 1945 illa
1584 1895 1779 1948 dicitur
1828 1897 1962 1950 Deus

405 1971 606 2026 fecisse
638 1991 654 2027 :
698 1993 719 2025 ι
756 1977 911 2030 Fecit
951 1979 1122 2041 enim,
1166 1981 1337 2048 inquit
1358 1983 1427 2048 ⁸ο,
1457 1984 1594 2036 Deus
1624 1986 1826 2038 tunicas
1854 1986 1962 2052 pel-

394 2061 595 2126 liceas,
626 2073 687 2116 et
717 2064 890 2118 induit
925 2067 1098 2120 Adam
1124 2079 1176 2121 et
1204 2071 1472 2123 mulierem
1497 2073 1628 2139 ejus.
1658 2091 1676 2123 ι
1707 2073 1807 2125 ιιιω
1839 2089 1962 2139 ergo

388 2151 606 2203 tunica:
660 2152 733 2205 de
786 2154 1023 2221 pellibus
1066 2168 1228 2210 erant
1265 2173 1329 2211 ex
1367 2161 1684 2214 animalibus
1720 2174 1959 2225 Sllltlptze.

386 2234 629 2291 Talibus
651 2240 802 2292 enim
836 2243 1123 2309 Oportebat
1151 2246 1294 2299 indui
1329 2258 1679 2314 peccatorent,
1712 2250 1960 2315 pelliceis,

385 2328 626 2396 inquam
653 2331 798 2403 (75),
829 2334 1050 2395 tunicis,
1078 2349 1198 2402 quae
1223 2347 1401 2390 essent
1426 2340 1781 2403 mortalitatis,
1807 2356 1962 2405 quant

385 2431 492 2484 pro
528 2429 771 2484 peccato
806 2435 1119 2490 acceperat,
1161 2435 1213 2478 et
1261 2426 1561 2492 fragilitatis
1609 2429 1724 2494 ejus
1751 2444 1867 2496 quae
1898 2445 1962 2482 ex

384 2504 591 2559 carnis
615 2509 983 2574 corruptione
1007 2512 1273 2574 veniebat,
1306 2513 1576 2567 indicium.
1603 2514 1657 2567 Si
1696 2531 1821 2567 vero
1856 2517 1962 2580 jant

385 2593 550 2646 lotus
589 2595 661 2647 ab
708 2596 799 2649 his
830 2596 1006 2651 fueris
1031 2635 1048 2662 ,
1099 2610 1155 2652 et
1196 2601 1503 2668 purificattts
1534 2618 1626 2669 per
1657 2603 1822 2670 legem
1854 2606 1962 2667 Dei,

381 2681 599 2733 induet
631 2691 685 2735 te
712 2681 930 2751 Moyses
964 2686 1274 2740 indumento
1310 2691 1753 2758 incorruptionis;
1805 2692 1874 2744 ita
1910 2700 1965 2745 ut

377 2784 685 2836 nusquam
710 2783 979 2841 appareat
1008 2775 1282 2844 turpitudo
1320 2786 1429 2843 tua,
1458 2788 1514 2832 et
1541 2788 1597 2832 ut
1620 2780 1967 2834 absorbeatur

372 2856 640 2910 mortale
661 2860 767 2912 hoc
790 2875 821 2912 a
848 2861 983 2914 vita.

443 2946 515 2998 3.
561 2943 877 3001 Videamus
915 2964 1047 3019 ergo
1087 2952 1224 3018 quali
1272 2954 1460 3007 ordine
1502 2954 1733 3022 pontifex
1769 2958 1966 3011 consti-

377 3034 585 3086 tuitur
612 3049 631 3088 :
665 3050 688 3085 ι
717 3035 1077 3103 Convocavit,
1101 3039 1272 3107 inquit
1297 3042 1366 3106 εί,
1394 3041 1603 3111 Moyses
1625 3058 1965 3112 synagogam,

369 3129 431 3174 et
463 3120 625 3174 dicit
655 3122 730 3174 ad
767 3136 865 3179 eos
899 3142 916 3178 :
947 3126 1060 3180 Hoc
1083 3137 1164 3181 est
1195 3131 1411 3182 verbum
1435 3132 1572 3197 quod
1601 3134 1849 3199 praecepit
1871 3134 1966 3186 Do-

366 3206 615 3259 minus.
650 3226 674 3258 ι
711 3206 870 3263 Licet
897 3226 1028 3280 ergo
1058 3214 1312 3269 Dominus
1341 3217 1406 3269 de
1431 3219 1803 3273 constituendo
1830 3236 1965 3288 pon-

364 3294 547 3347 tiﬁce
600 3298 992 3365 praecepisset,
1036 3314 1090 3353 et
1138 3304 1390 3356 Dominus
1445 3307 1735 3375 elegisset,
1791 3318 1964 3361 tamen

361 3393 758 3437 convocatur
788 3395 843 3438 et
881 3402 1174 3458 synagoga.
1212 3391 1523 3459 Requiritur
1552 3396 1693 3448 enim
1735 3397 1786 3448 in
1820 3398 1966 3449 ordi—

358 3471 589 3523 nando
638 3472 937 3526 sacerdote
981 3485 1035 3528 et
1089 3481 1373 3543 prtesentia
1434 3483 1653 3548 populi,
1705 3493 1762 3536 ut
1799 3487 1969 3539 sciant

294 3551 302 3556 ’
356 3571 624 3622 omnes,
661 3568 723 3610 et
750 3561 890 3612 certi
938 3563 1071 3624 sint,
1101 3569 1222 3632 quia
1275 3570 1364 3634 qui
1413 3572 1746 3634 prmstantior
1794 3582 1873 3625 est
1902 3589 1967 3627 ex

356 3647 549 3702 omni
613 3647 860 3714 populo,
917 3653 1006 3716 qui
1049 3654 1275 3715 doctior,
1318 3656 1407 3723 qui
1463 3659 1729 3719 sanctior.
1770 3661 1859 3726 qui
1917 3662 1966 3712 in

357 3732 551 3785 omni
584 3734 809 3786 virtute
836 3737 1182 3800 eminentior,
1227 3741 1314 3793 ille
1355 3742 1568 3808 eligitur
1617 3746 1681 3795 ad
1724 3748 1972 3798 sacerdo-

371 3821 560 3883 tium,
607 3829 672 3873 et
712 3820 817 3874 hoc
856 3835 1068 3879 astante
1110 3829 1341 3896 populo,
1385 3846 1451 3884 ne
1488 3847 1589 3899 qua
1634 3836 1965 3900 postmodum

384 3908 742 3961 retractatio
781 3912 1031 3977 cuiquam
1058 3954 1073 3977 ,
1123 3931 1190 3968 ne
1221 3917 1343 3983 quis
1376 3921 1652 3988 scrupulus
1695 3923 1965 3977 resideret.

381 3993 512 4049 Hoc
542 4004 642 4049 est
671 4006 861 4049 autem
893 4002 1038 4067 quod
1066 4013 1119 4054 et
1142 4005 1432 4069 Apostolus
1457 4009 1705 4075 praecepit
1742 4010 1791 4061 itt
1830 4012 1970 4062 ordi-

382 4086 641 4137 natione
675 4088 1005 4152 sacerdotis,
1039 4091 1227 4144 dicens
1250 4093 1334 4144 ⁸²ε
1370 4112 1388 4144 r
1424 4087 1640 4164 Op'ortet
1682 4106 1856 4151 autem
1910 4101 1972 4151 il-

382 4172 504 4225 lum
545 4182 609 4225 et
652 4173 1033 4229 testimonium
1068 4180 1271 4232 habere
1301 4181 1490 4235 bonum
1518 4185 1584 4237 ab
1614 4186 1696 4238 his
1722 4187 1810 4252 qui
1845 4188 1969 4239 foris

379 4270 551 4313 sunt.
580 4279 603 4310 ι
644 4258 771 4328 Ego
813 4271 991 4316 tamen
1033 4277 1087 4317 et
1135 4268 1373 4335 amplius
1398 4271 1591 4337 aliquid
1628 4275 1780 4325 video
1827 4275 1875 4325 in
1907 4290 1971 4327 eo

380 4351 541 4414 quod
571 4349 741 4411 dicit,
769 4353 895 4417 quia
921 4358 1246 4407 convocavit
1274 4357 1480 4425 Moyses
1502 4376 1708 4414 omnem
1746 4377 1973 4431 synago-

378 4452 516 4505 garn
540 4475 559 4501 ,
602 4446 666 4489 et
704 4449 837 4502 puto
872 4444 1015 4507 quod
1054 4457 1359 4496 convocare
1390 4461 1727 4518 synagogam,
1760 4453 1857 4505 hoc
1902 4453 1972 4504 sit

375 4524 673 4591 colligere
695 4540 885 4579 omnes
922 4530 1090 4581 animi
1115 4542 1166 4581 et
1190 4532 1242 4581 in
1276 4548 1435 4583 unum
1462 4551 1778 4605 congregare
1806 4542 1971 4593 virtu-

375 4625 495 4679 tes,
531 4625 601 4668 ut
638 4630 770 4668 cum
811 4631 994 4670 sermo
1044 4620 1111 4671 de
1166 4622 1589 4677 sacerdotalibus
1624 4630 1972 4682 sacramentis

377 4706 669 4765 habetur,
698 4704 925 4771 vigilant
954 4721 1151 4758 omnes
1182 4708 1354 4760 animi
1385 4713 1622 4775 virtutes,
1667 4726 1721 4767 et
1761 4717 1973 4770 intenta:

371 4794 523 4854 sint,
582 4793 727 4844 nihil
762 4793 814 4843 in
846 4795 930 4845 eis
963 4794 1293 4860 sapientia),
1351 4799 1483 4851 nihil
1516 4802 1749 4855 scientia:
1776 4844 1788 4865 ,
1845 4806 1971 4857 nihil

371 4882 533 4935 desit
586 4881 879 4932 industria:
907 4920 923 4942 ,
974 4882 1075 4932 sed
1118 4881 1271 4932 adsit
1311 4887 1480 4937 omnis
1522 4889 1798 4943 multitudo
1849 4908 1972 4943 scn-

369 4984 573 5033 sttntn,
610 4968 759 5021 adsit
809 4967 1000 5020 omnis
1045 4970 1410 5033 congregatio
1443 4984 1736 5026 sanctarum
1770 4980 1974 5045 cttgila-

371 5058 619 5119 tionum,
660 5066 722 5109 ut
750 5056 887 5122 quid
921 5055 1000 5106 sit
1044 5053 1325 5120 pontifex,
1359 5059 1478 5123 quid
1508 5064 1707 5127 unctio,
1742 5082 1858 5132 qua:
1894 5068 1974 5118 ί..-

367 5149 637 5201 dumenta
670 5145 798 5214 ejus
824 5183 841 5205 ,
903 5141 1222 5195 conferens
1280 5144 1418 5198 intra
1469 5154 1761 5206 sacrarium
1798 5157 1973 5210 cordis

433 5280 482 5315 ⁸⁸
504 5282 717 5338 Cenes.
745 5294 859 5345 m,
882 5275 1047 5345 21ηΔ
1079 5270 1139 5345 f‘
1160 5272 1358 5345 _Levit.
1394 5294 1492 5345 vm,
1518 5285 1571 5345 4,
1612 5286 1672 5338 5.

369 5350 613 5410 “Colat.
678 5368 753 5410 νς
838 5344 903 5399 2-

336 5540 349 5553 .
404 5469 523 5540 (74)
556 5467 617 5519 fn
659 5461 811 5515 libb.
868 5454 1057 5507 editis
1112 5446 1301 5510 deest,
1332 5470 1350 5500 r
1381 5457 1483 5522 ille,
1513 5481 1532 5512 ι
1563 5469 1676 5518 sed
1715 5473 1975 5536 “perm”

327 5550 722 5670 ωᾶἔῗὶῖδυι
753 5586 931 5643 eam:
970 5600 991 5630 ⁸
1029 5578 1236 5636 manu.
1266 5597 1285 5627 ’
1311 5587 1396 5636 sed
1423 5608 1566 5653 "155.,
1603 5617 1623 5647 ι
1671 5601 1913 5660 induant.
1947 5627 1964 5658 ι

1560 375 1626 429 ΙΝ
1659 372 2023 428 LEVITICUM
2061 372 2335 428 HOMILIA
2374 372 2459 425 Vl.

750 460 854 515 sed
882 463 988 520 ille
1034 484 1168 527 non
1218 482 1410 537 solum
1454 487 1738 548 sacerdos,
1787 484 1877 537 sed
1908 490 1959 535 et
1987 485 2032 539 Α
2061 482 2138 533 sui
2192 482 2357 549 possit
2410 482 2706 534 advertere.
2760 480 2912 535 Lavit
2938 475 3071 552 ergo
3102 498 3245 546 eum,
3283 493 3337 538 et
3383 485 3573 539 Induit.

1794 5291 1838 5321 ⁸³
1878 5292 2050 5345 l'l‘im.
2085 5299 2141 5335 ιιι
2197 5281 2251 5337 ’7.

994 5340 1049 5370 ⁸⁸
1072 5337 1290 5392 Coloss.
1325 5357 1378 5403 ll,
1408 5337 1491 5400 16.,
1548 5337 1594 5383 δ’
1614 5337 1851 5415 Ᾱοωιν,
1878 5337 2077 5415 lor-"5°
2101 5352 2294 5403 Matth.
2326 5364 2377 5411 v,
2411 5346 2492 5402 i9.

3471 376 3579 431 470

2060 571 2209 633 Quali
2233 568 2575 623 indumento?
2607 568 2827 633 Tunica,
2855 570 3044 637 inquit,
3070 582 3121 625 et
3155 574 3429 639 praecinxit
3455 588 3574 627 eum

2058 675 2215 720 xona,
2249 670 2298 710 et
2324 658 2511 710 iterum
2541 657 2752 708 vestivit
2783 671 2901 711 eum
2932 659 3161 712 tunicam
3192 660 3430 723 talaretn,
3469 660 3572 727 vel,

2059 757 2117 799 ut
2145 746 2271 798 alibi
2306 745 2547 812 legimus,
2580 746 2909 797 interiorem.
2939 746 3167 808 Duabus,
3202 758 3255 798 ut
3287 750 3455 809 video,
3493 758 3578 801 tu-

2060 835 2192 887 nicis
2243 851 2335 901 per
2373 834 2587 902 Moysen
2643 835 2878 887 induitur
2924 836 3177 902 pontifex.
3207 837 3309 889 Sed
3346 838 3469 904 quid
3501 839 3580 890 fa-

2061 924 2260 975 ciemus
2289 924 2424 989 quod
2472 922 2625 976 Jesus
2661 925 2965 977 sacerdotes
3013 938 3136 976 suos
3178 914 3444 989 apostolos
3481 939 3579 977 non

2061 1017 2196 1062 stros
2254 1010 2517 1074 prohibuit
2579 1011 2650 1062 nti
2719 1010 2920 1062 duabus
2970 1009 3170 1063 tunicis
3215 1009 3307 1062 a"ti
3357 1011 3577 1065 Dixera-

2062 1111 2179 1148 mus
2216 1097 2351 1163 quod
2389 1096 2593 1165 Moyses
2638 1109 2691 1150 et
2737 1096 2926 1159 Jesus,
2976 1099 3024 1149 id
3067 1110 3148 1151 est
3183 1098 3268 1150 lcx
3299 1108 3353 1151 et
3409 1099 3582 1153 Evan-

2061 1184 2195 1252 gelia
2244 1186 2342 1237 sibi
2400 1185 2626 1236 invicem
2691 1195 3065 1240 consonarent.
3124 1185 3307 1239 Posset
3358 1187 3582 1241 fortasse

2061 1271 2239 1323 dicere
2282 1270 2475 1336 aliquis
2524 1271 2644 1337 quia
2692 1272 2829 1337 qttod
2861 1272 3111 1339 praecepit
3141 1270 3293 1325 .fesus
3336 1272 3467 1325 duas
3499 1283 3581 1324 tu-

2062 1360 2211 1411 nicas
2243 1374 2346 1411 non
2380 1360 2672 1423 habendas,
2704 1375 2810 1412 non
2856 1370 2937 1413 est
2963 1361 3287 1414 contrarium
3322 1361 3455 1430 legi,
3490 1364 3580 1416 sed

2062 1447 2349 1514 perfectius
2400 1447 2562 1515 lege,
2619 1448 2758 1501 sicut
2810 1458 2861 1500 et
2921 1463 3041 1501 cum
3097 1449 3181 1502 lex
3241 1450 3582 1504 homicidium

2062 1545 2244 1600 vetat,
2293 1521 2669 1588 Jesus‘aulem
2716 1538 2879 1588 etiam
2940 1538 3263 1591 iracundiam
3323 1550 3529 1592 resecat
3564 1580 3580 1603 ,

2062 1631 2116 1674 et
2169 1636 2286 1673 cum
2339 1621 2422 1673 lex
2475 1624 2721 1687 prohibet
2772 1623 3085 1675 adulterium
3119 1624 3199 1688 “,
3231 1623 3385 1678 Jesus
3423 1628 3581 1680 etiam

2064 1712 2219 1780 217
2260 1712 2739 1779 concupiscentiam
2776 1714 2953 1766 cordis
2997 1713 3281 1767 abscindit.
3332 1715 3418 1768 Sic
3456 1731 3584 1782 ergo

2065 1799 2322 1850 videbitur
2352 1806 2404 1849 et
2445 1798 2646 1851 duabus
2693 1799 2764 1852 ibi
2813 1799 3001 1851 tunicis
3037 1800 3354 1866 pontificem,
3399 1811 3452 1853 et
3497 1802 3584 1855 hic

2061 1901 2164 1938 una
2202 1889 2464 1953 apostolos
2495 1889 2748 1940 induisse.
2788 1888 2867 1939 Sit
2898 1889 3109 1954 quidem
3149 1890 3309 1945 etiam
3336 1890 3435 1942 iste
3458 1905 3580 1942 sen-

2058 1990 2167 2038 sus,
2199 1977 2484 2041 probabilis
2528 1977 2571 2028 si
2600 1977 2828 2038 videtur,
2854 1991 2949 2043 ego
2990 1985 3160 2029 tamen
3195 1991 3296 2029 non
3329 1977 3465 2029 intra
3496 1977 3588 2029 ltu-

2052 2066 2140 2127 jus
2170 2062 2528 2131 intelligentia
2573 2064 2869 2132 angustiam
2899 2063 3216 2130 pontificalia
3246 2074 3580 2119 sacramenta

2059 2150 2332 2213 concludo.
2374 2149 2612 2216 Amplius
2640 2151 2766 2201 mihi
2795 2150 2991 2215 aliquid
3015 2166 3078 2202 ex
3107 2152 3203 2202 ista
3242 2152 3407 2203 forma
3432 2152 3577 2204 vide-

2059 2244 2145 2289 tur
2173 2237 2412 2298 ostendi;
2442 2236 2676 2303 pontifex
2707 2248 2807 2299 est,
2831 2239 2918 2304 qtti
2946 2238 3218 2290 scientiam
3246 2237 3376 2304 legis
3410 2246 3576 2300 tenet.

2059 2335 2112 2376 et
2148 2321 2561 2388 uniuscujusque
2607 2325 2841 2390 mysterii
2878 2324 3121 2388 intelligit
3149 2325 3402 2386 rationes,
3427 2333 3482 2376 et
3512 2333 3571 2377 ut

2061 2410 2292 2464 breviter
2311 2411 2586 2477 explicem,
2605 2413 2691 2477 qui
2718 2412 2884 2477 legent
2920 2414 3277 2463 etsecundum
3308 2411 3580 2478 spiritum,

2060 2508 2113 2550 ct
2133 2490 2416 2551 secundum
2434 2498 2665 2550 litteram
2686 2498 3060 2551 uovit.Sciebat
3078 2514 3204 2566 ergo
3221 2498 3455 2565 pontifex
3473 2499 3577 2561 ille,

2061 2602 2216 2653 quem
2238 2598 2358 2639 tunc
2375 2587 2652 2639 ordinabat
2675 2586 2905 2655 Moyses,
2939 2589 3057 2654 quia
3084 2596 3225 2641 esset
3246 2586 3584 2643 circumcisio

2063 2675 2339 2741 spiritalis,
2364 2676 2608 2727 servabat
2640 2683 2812 2726 tamen
2841 2687 2893 2727 et
2912 2675 3365 2730 circuntcisiouetn
3385 2677 3580 2743 carnis,

2064 2760 2185 2826 quia
2217 2760 2616 2812 incircumcisus
2641 2759 2871 2825 pontifex
2894 2776 3126 2815 essenon
3155 2772 3377 2826 poterat.
3407 2762 3584 2818 ﬂabe-

2066 2848 2153 2899 bat
2172 2860 2294 2914 ergo
2316 2851 2412 2899 iste
2433 2847 2562 2899 duas
2593 2848 2813 2900 tunicas.
2840 2849 3002 2903 Unam
3032 2852 3309 2905 ministerii
3333 2852 3584 2917 carnalis,

2064 2943 2116 2986 et
2145 2934 2298 2986 aliam
2336 2935 2691 3002 intelligentiae
2722 2938 2997 3005 spiritalis.
3030 2940 3244 2992 Sciebat
3267 2940 3390 3008 quia
3412 2949 3464 2994 et
3500 2956 3587 2993 sae

1993 3053 2038 3110 α
2069 3025 2271 3078 crificia
2314 3024 2575 3091 spiritalia
2608 3024 2785 3078 offerri
2818 3027 3013 3081 debent
3059 3030 3186 3092 Deo,
3218 3029 3473 3084 offerebat
3505 3040 3586 3082 ta-

2071 3127 2189 3164 men
2238 3113 2579 3165 nihilominus
2623 3121 2676 3164 et
2722 3113 2975 3167 carnalia.
3021 3112 3131 3166 Non
3183 3116 3322 3166 enim
3377 3125 3590 3184 poterat

2068 3217 2186 3256 esse
2237 3203 2470 3269 pontifex
2518 3218 2703 3257 eorum
2744 3206 2832 3271 qui
2880 3212 3004 3257 tunc
3037 3216 3209 3267 erant,
3239 3205 3338 3257 nisi
3384 3204 3591 3262 hostias

2071 3291 2388 3344 immolaret.
2414 3291 2487 3343 lla
2517 3304 2645 3356 ergo
2671 3292 3045 3343 convenienter
3075 3291 3161 3343 ille
3184 3290 3422 3358 pontifex
3456 3291 3587 3343 dua-

2071 3384 2168 3432 bus
2209 3380 2420 3432 indutus
2465 3381 2657 3431 tunicis
2695 3380 2903 3432 dicitur.
2945 3379 3180 3445 Apostoli
3230 3394 3354 3433 vero
3384 3379 3475 3448 qui
3509 3379 3589 3432 di-

2070 3470 2204 3521 cturi
2247 3468 2480 3530 erant",
2526 3484 2545 3517 ι
2574 3467 2694 3532 quia
2738 3468 2782 3519 si
2838 3468 3318 3532 circumcidamini,
3349 3468 3590 3522 Christus

2073 3558 2220 3610 vobis
2246 3558 2374 3610 nihil
2403 3557 2663 3623 proderit,
2688 3574 2707 3607 ι
2741 3565 2793 3608 et
2822 3557 2910 3622 qui
2941 3556 3134 3609 dicturi
3173 3557 3409 3622 erant”,
3436 3575 3455 3607 ι
3491 3571 3586 3611 ne-

2072 3662 2158 3698 mo
2206 3661 2295 3698 vos
2336 3647 2534 3711 judicet
2578 3646 2627 3697 itt
2668 3644 2805 3706 cibo,
2844 3653 2934 3695 aut
2976 3645 3027 3695 in
3074 3655 3331 3709 potu,aut
3357 3645 3408 3696 itt
3437 3654 3600 3711 parte.

2072 3736 2172 3786 diei
2214 3735 2351 3796 festi,
2391 3746 2482 3787 aut
2531 3736 2830 3794 neomeuia.
2866 3743 2956 3786 aut
3005 3734 3256 3796 Sabhato,
3305 3747 3423 3799 qua:
3467 3744 3591 3787 sunt

2073 3824 2256 3875 umbra
2295 3824 2617 3886 futurorum,
2641 3843 2659 3874 ι
2698 3825 2779 3877 isti
2812 3838 2938 3892 ergo
2968 3833 3023 3875 ut
3054 3823 3354 3889 httjusmodi
3398 3836 3589 3875 secun-

2073 3913 2195 3964 dum
2246 3913 2471 3965 litteram
2522 3914 2654 3981 legis
2694 3912 3059 3967 obscrvantias
3105 3911 3313 3978 penitus
3346 3910 3589 3978 repudia-

2076 4011 2212 4064 rent,
2244 4015 2337 4051 nec
2364 4009 2684 4067 occuparent
2718 4000 3000 4067 discipulos
3035 3999 3266 4052 Judaicis
3296 3997 3505 4060 fabulis,
3534 4007 3589 4054 et

2074 4088 2400 4154 imponerent
2424 4088 2730 4157 hisjugttm,
2765 4089 2904 4154 quod
2948 4101 3116 4153 neque
3147 4086 3267 4154 ipsi,
3301 4099 3470 4154 neque
3494 4101 3590 4155 pa-

2077 4189 2183 4230 tres
2211 4193 2391 4231 corunt
2424 4189 2636 4246 portare
2675 4183 2957 4244 potuerunt
2976 4176 3040 4240 ⁸⁷,
3068 4176 3252 4228 merito
3283 4175 3413 4231 duas
3445 4175 3590 4233 tuni-

2075 4284 2164 4322 cas
2203 4269 2400 4320 ltabere
2434 4267 2796 4332 prohibentur,
2823 4269 2915 4320 sed
2942 4266 3133 4319 sufficit
3154 4265 3234 4318 eis
3258 4279 3386 4327 una,
3408 4272 3461 4316 et
3476 4265 3590 4319 haec

2002 4354 2042 4405 D
2073 4361 2310 4411 interior.
2348 4357 2475 4408 Nam
2511 4358 2663 4408 istam
2699 4373 2814 4425 quae
2846 4358 2977 4409 foris
3003 4367 3101 4418 est,
3134 4364 3188 4408 et
3219 4369 3337 4422 qua:
3363 4357 3591 4421 desuper

2073 4459 2310 4514 apparet,
2347 4447 2474 4512 legis
2524 4446 2751 4497 tunicam
2811 4446 3013 4497 nolunt.
3058 4444 3228 4497 Unam
3257 4456 3482 4509 namque
3513 4443 3590 4495 eis

2071 4535 2248 4596 Jesus,
2288 4545 2339 4586 et
2379 4535 2547 4601 ipsam
2596 4535 2904 4587 interiorem
2941 4533 3137 4585 habere
3166 4530 3452 4598 permittit.
3486 4528 3590 4582 Ima

2071 4625 2216 4692 ponit
2249 4623 2357 4692 (76)
2401 4633 2576 4675 tamen
2622 4623 2824 4690 Moyses
2857 4620 3087 4687 pontifici
3139 4629 3191 4673 et
3245 4618 3585 4683 humeralem,

2072 4714 2161 4780 qui
2195 4722 2274 4765 est
2307 4713 2643 4764 humerorum
2678 4713 2890 4779 quidam
2924 4725 2989 4762 ex
3017 4709 3464 4762 circumductione
3493 4721 3587 4759 ve-

2071 4803 2168 4854 stis
2209 4810 2449 4854 oruatus.
2502 4799 2718 4854 Homeri
2767 4811 2940 4852 autem
2990 4811 3208 4865 operum
3234 4795 3471 4864 ﬁguram
3513 4803 3588 4847 te-

2073 4894 2218 4947 nent,
2253 4900 2315 4936 ac
2360 4885 2556 4937 laboris
2585 4884 2798 4938 indicia.
2831 4883 2953 4936 Vult
2979 4898 3107 4950 ergo
3142 4881 3438 4948 pontificem
3469 4893 3590 4934 esse

2072 4972 2231 5024 etiam
2259 4971 2309 5022 in
2341 4970 2589 5038 operibus
2619 4982 2884 5034 ornatum,
2920 4987 3017 5026 nec
3059 4971 3251 5026 sufﬁcit
3275 4970 3384 5024 sola
3415 4969 3588 5022 scien-

2076 5063 2166 5123 tia,
2201 5062 2325 5128 quia
2360 5079 2376 5109 t
2401 5061 2486 5127 qui
2531 5060 2720 5113 fecerit
2750 5071 2803 5113 et
2835 5061 3094 5126 docuerit,
3127 5061 3212 5114 hic
3240 5071 3463 5127 magnus
3493 5069 3590 5110 vo-

2076 5151 2283 5202 cabitur
2312 5150 2361 5201 itt
2401 5163 2563 5217 regno
2589 5147 2844 5200 ct'elorum
2861 5149 2924 5201 ⁸⁸.
2949 5166 2968 5198 ι

2366 5280 2412 5311 ⁸³
2440 5278 2566 5332 Luc.
2599 5292 2682 5342 ttt,
2720 5279 2804 5332 ll.

2908 5277 2953 5308 “
2984 5245 3169 5329 Matth.
3198 5287 3248 5338 v,
3272 5271 3344 5323 27
3362 5278 3415 5322 et
3433 5282 3588 5339 seqq.
3634 5340 3637 5343 η
3667 5342 3681 5362 ὀ

2152 5461 2259 5532 (76)
2290 5461 2443 5516 Libh.
2473 5460 2621 5523 editi,
2653 5477 2670 5509 ο
2701 5458 2956 5525 imponet;
2984 5472 3004 5506 ι
3037 5469 3136 5508 ms.
3186 5448 3592 5515 Gemeticensis,

2083 5551 2099 5583 t
2122 5532 2359 5597 imponit.
2381 5547 2400 5578 ι
