3948 6206
258 285 388 346 ω

1453 292 1520 347 ΙΝ
1558 294 1921 350 LEVITICUM
1966 293 2240 350 llOlllIJA
2288 294 2374 348 VI.

3365 289 3470 343 478

264 404 642 471 pontiﬁcatum
669 394 805 448 lima
832 393 1029 449 διὶῖῑῑιὲε
1056 406 1177 457 tum
1206 409 1493 475 templum.
1531 431 1549 461 r
1570 411 1675 466 Vos
1702 413 1845 465 enim
1875 417 1919 472 Α
1949 410 2238 465 indumenti
2264 409 2512 462 indicium
2537 407 2792 461 castitatis
2818 406 3008 470 videri,
3030 418 3135 473 quo
3158 401 3239 456 vel
3262 400 3468 456 femora
3496 458 3502 468 ἱ

263 494 422 545 estis
457 488 694 558 templum
725 485 813 539 θεῖ
847 486 978 547 νῐνὶ.
1011 490 1058 541 Si
1097 494 1339 560 spiritus
1392 500 1481 553 Dei
1537 501 1743 553 habitat
1792 501 1844 553 in

266 579 446 634 vobis
466 580 533 633 ”.
564 599 582 632 ι
615 577 739 633 Post
754 576 867 632 lucc
898 590 1018 644 (tua:
1046 580 1120 635 de
1151 588 1569 642 consecratione
1611 589 1726 655 ejus
1768 590 1848 642 di-

262 679 492 722 cuntur
535 678 590 724 et
635 670 701 723 de
748 668 1019 734 unctione,
1059 675 1306 739 sparsim
1351 693 1380 730 a
1432 668 1587 731 nobis
1614 690 1667 731 et
1710 694 1849 747 same

262 758 523 811 disserta
555 768 705 812 sunt.

341 844 406 897 6.
453 845 615 910 Quod
668 855 841 900 autem
893 847 1135 904 dicit”:
1181 867 1201 900 ι
1229 850 1298 904 Et
1345 852 1598 920 applicuit
1644 853 1849 923 Moyses

259 934 425 988 ﬁlios
453 936 674 999 Aaron,
705 946 762 990 et
788 937 962 990 induit
984 951 1082 991 eos
1109 940 1345 1000 tunicas.
1370 950 1423 995 et
1457 943 1734 1010 praecinxit
1754 958 1848 1000 eos

257 1036 474 1088 zonas,
517 1034 577 1077 et
609 1026 869 1093 imposuit
897 1026 976 1079 eis
1022 1027 1263 1092 cidares,
1290 1030 1426 1084 sicut
1464 1033 1715 1099 praecepit
1743 1032 1847 1085 Do-

255 1108 463 1162 minus
504 1109 747 1179 Moysi,»
787 1113 1171 1168 attendendum
1232 1127 1318 1170 est
1348 1133 1466 1187 qua
1499 1122 1568 1173 sit
1601 1121 1849 1174 differen-

258 1195 339 1246 tia
388 1197 601 1250 borum
641 1199 762 1269 (80)
788 1202 1158 1268 sacerdotum,
1187 1208 1254 1258 ad
1295 1207 1494 1276 majora
1527 1213 1846 1264 sacerdotia.

256 1279 399 1334 Istis
445 1298 639 1350 neque
673 1285 802 1339 bina
842 1289 1153 1345 indumenta
1207 1293 1506 1358 traduntur,
1554 1312 1723 1364 neque
1747 1299 1848 1351 htt-

256 1368 502 1468 nieralis
554 1386 752 1440 neque
804 1375 1105 1442 rationalis,
1141 1394 1313 1448 neque
1365 1384 1553 1452 capitis
1608 1395 1846 1453 ornatus,

252 1458 369 1510 nisi
421 1468 648 1513 tantum
684 1463 891 1519 eidaris
925 1474 978 1518 et
1025 1480 1195 1532 zonae,
1230 1484 1351 1537 qua:
1397 1475 1632 1528 tunicam
1682 1478 1848 1530 strin-

256 1554 423 1612 gant.
461 1545 535 1598 Et
581 1548 680 1601 isti
721 1564 855 1616 ergo
883 1552 1158 1620 accipiunt
1192 1557 1475 1610 sacerdotii
1512 1563 1761 1627 gratiam,
1795 1572 1849 1617 et

256 1634 352 1685 isti
392 1633 720 1705 funguntur
755 1638 956 1703 ollicio,
981 1642 1075 1694 sed
1106 1657 1210 1696 non
1260 1653 1319 1697 ut
1353 1644 1426 1698 illi
1463 1648 1552 1714 qui
1582 1658 1634 1700 et
1663 1652 1848 1705 hume-

254 1719 365 1772 rali
393 1731 453 1773 et
483 1724 761 1776 rationali
813 1736 1040 1780 ornatus
1065 1738 1172 1791 est,
1206 1728 1297 1795 qui
1330 1706 1755 1789 ntanil‘estatione
1795 1750 1849 1790 et
1880 1706 1918 1759 Β

267 1810 523 1865 veritate
561 1812 906 1880 resplendet,
933 1816 1026 1882 qui
1078 1831 1256 1871 aurea:
1284 1819 1491 1873 laminm
1537 1834 1847 1879 ornamento

255 1898 601 1954 decoratur.
646 1900 805 1956 Unde
838 1904 1074 1959 arbitror
1111 1908 1254 1961 aliud
1300 1924 1419 1963 esse
1457 1911 1509 1962 in
1559 1916 1848 1968 sacerdoti-

256 1988 371 2044 bus
402 1991 594 2046 ollicio
628 1991 807 2062 fungi,
846 1994 990 2048 aliud
1031 1995 1354 2050 instructum
1377 2012 1495 2051 esse
1526 1998 1575 2050 in
1603 1978 1846 2054 omnibus

255 2087 318 2128 et
345 2089 648 2133 ornatum.
677 2080 873 2146 Quivis
919 2083 1064 2136 enim
1097 2092 1273 2152 potest
1298 2085 1516 2138 solemni
1551 2088 1846 2142 ministerio

258 2164 423 2235 fungi
458 2168 533 2220 ad
562 2169 846 2237 papulum,
875 2173 1041 2238 pauci-
1054 2182 1233 2227 autem
1268 2187 1389 2227 sunt
1415 2175 1506 2242 qui
1526 2177 1701 2229 ornati
1730 2192 1844 2231 mo-

262 2256 451 2321 ribus,
487 2258 758 2312 instructi
805 2259 1080 2325 doctrina,
1110 2264 1369 2329 sapientia
1399 2265 1613 2327 eruditi,
1644 2268 1710 2317 ad
1737 2281 1846 2317 ma-

261 2344 658 2400 nifestandam
730 2350 1019 2404 veritatem
1082 2366 1257 2404 rerum
1311 2353 1601 2420 peridouei,
1643 2363 1698 2407 et
1753 2356 1843 2421 qui

260 2433 575 2487 scientiam
615 2435 746 2489 fidei
800 2453 909 2491 non
949 2440 1069 2492 sine
1121 2451 1437 2494 ornamento
1499 2456 1750 2495 sensuum
1793 2452 1846 2496 et

254 2522 644 2575 assertionutn
661 2522 878 2591 fulgore
906 2526 1239 2593 depromunt,
1265 2529 1407 2595 quod
1434 2543 1609 2582 aurece
1636 2528 1845 2584 lamina:

255 2610 437 2676 capiti
470 2610 773 2677 impositus
814 2614 1067 2682 designat
1095 2626 1339 2669 ornatus.
1374 2616 1544 2669 Unum
1578 2618 1739 2685 igitur
1763 2629 1846 2672 est

255 2696 579 2750 sacerdotii
633 2711 859 2758 nomen,
893 2699 986 2752 sed
1033 2716 1137 2752 non
1190 2717 1316 2764 una,
1349 2703 1430 2755 vel
1462 2718 1557 2769 pro
1583 2705 1703 2757 vitae
1736 2720 1844 2758 me-

257 2783 401 2850 rito,
438 2784 531 2840 vel
581 2800 683 2853 pro
732 2788 904 2841 animi
938 2789 1231 2843 virtutibus
1263 2791 1513 2859 dignitas.
1547 2793 1613 2846 Et
1648 2793 1766 2848 ideo
1788 2795 1841 2848 in

253 2871 351 2925 his
375 2887 505 2941 quae
538 2874 634 2928 lex
668 2876 856 2929 divina
897 2877 1172 2941 describit,
1205 2877 1362 2932 veluti
1414 2879 1465 2932 in
1514 2881 1728 2948 speculo
1761 2882 1844 2934 in—

1947 499 2163 566 operiri,
2186 499 2266 550 vel
2301 495 2586 563 constringi
2616 510 2767 547 renes
2792 495 3034 546 videntur
3075 508 3138 545 ac
3176 490 3468 554 lumbi,’ne

1948 589 2108 651 forte,
2151 588 2389 655 inquam,
2433 600 2534 637 non
2579 598 2787 650 semper
2807 583 2864 634 in
2903 582 3007 634 illis
3036 582 3123 648 qui
3160 591 3282 633 tunc
3309 586 3467 634 erant

1948 676 2273 739 sacerdotes,
2319 674 2414 727 bas
2451 683 2628 740 partes
2667 671 2809 723 dicat
2836 683 2955 721 esse
2980 668 3315 721 constrictas.
3349 667 3464 720 Ali-

1948 765 2159 834 quando
2187 764 2325 815 enim
2362 770 2414 816 et
2441 762 2507 813 de
2539 758 2853 826 posteritate
2883 755 3117 824 generis,
3140 765 3193 808 et
3238 757 3303 808 de
3345 768 3469 808 suc-

1948 868 2101 905 ressu
2150 853 2348 905 sobolis
2387 850 2714 915 indulgetur.
2751 846 2853 899 Sed
2884 858 2982 912 ego
3010 844 3060 896 in
3101 841 3466 895 sacerdotibus

1947 940 2197 995 Ecclesiae
2239 936 2536 1003 huiusmodi
2589 932 2987 998 intelligentiam
3025 944 3127 982 non
3162 925 3470 979 introduxe-

1949 1032 2070 1082 ritn.
2097 1028 2265 1080 Aliam
2285 1040 2513 1092 namque
2544 1039 2652 1078 rem
2687 1024 2839 1075 video
2855 1032 3136 1074 occurrere
3164 1015 3471 1085 (82)sacra-

1948 1126 2147 1170 mento.
2185 1113 2344 1182 219
2374 1113 2600 1165 Possunt
2633 1110 2773 1163 enim
2804 1117 2856 1162 et
2885 1109 2937 1160 in
2961 1104 3191 1159 Ecclesia
3213 1102 3467 1156 sacerdo-

1951 1218 2028 1261 tes
2068 1218 2123 1261 et
2174 1209 2421 1260 doctores
2445 1203 2580 1255 filios
2604 1214 2882 1270 generare,
2910 1198 3045 1249 sicut
3072 1204 3125 1248 et
3153 1193 3240 1246 ille
3273 1192 3361 1260 qui
3385 1191 3466 1244 di—

1948 1296 2103 1349 cebat
2134 1295 2179 1326 ⁹⁵
2216 1311 2230 1345 :
2269 1309 2287 1342 t
2329 1290 2501 1343 Filioli
2536 1288 2660 1351 mei,
2692 1301 2825 1354 quos
2865 1285 3054 1336 iterum
3084 1280 3347 1349 parturio,
3375 1278 3471 1330 do-

1947 1402 2046 1441 nec
2078 1386 2337 1439 formetur
2366 1382 2608 1437 Christus
2637 1379 2691 1432 in
2729 1377 2899 1431 vobis.
2938 1393 2957 1425 ι
2998 1373 3060 1425 Et
3108 1373 3299 1424 iterum
3338 1366 3466 1421 alibi

1947 1476 2078 1528 dicit
2105 1475 2189 1525 πε
2230 1490 2249 1524 ι
2278 1471 2515 1525 Tametsi
2550 1467 2711 1521 multa
2743 1465 2902 1519 millia
2940 1463 3343 1530 pzedagogornm
3375 1457 3469 1508 ha-

1946 1563 2118 1615 beatis
2168 1562 2221 1614 ln
2255 1559 2488 1618 Christo.
2522 1558 2612 1610 sed
2646 1570 2750 1607 non
2794 1552 2987 1605 multos
3017 1559 3217 1616 patres.
3254 1545 3379 1597 Nam
3414 1544 3467 1596 in

1947 1652 2159 1707 Christo
2186 1647 2309 1702 Jesu
2335 1661 2428 1714 per
2452 1644 2792 1712 Evangelimn
2825 1654 2923 1708 ego
2958 1653 3056 1691 vos
3101 1637 3285 1704 genui.
3322 1651 3339 1684 ι
3378 1634 3465 1687 Isti

1945 1755 2071 1808 ergo
2099 1739 2340 1791 doctores
2364 1733 2606 1787 Ecclesiae
2637 1732 2688 1784 in
2714 1726 3013 1795 hujusmodi
3038 1722 3468 1794 generationibus

1947 1806 2290 1893 procreandis
2322 1819 2605 1885 aliquando
2646 1814 2953 1871 constrictis
2985 1810 3326 1865 femoralibus
3355 1806 3466 1877 (83)

1949 1922 2188 1974 utuntur,
2218 1918 2271 1965 et
2309 1907 2573 1959 abstinent
2598 1921 2625 1957 a
2652 1903 2970 1971 generando,
2995 1915 3115 1953 cum
3144 1897 3277 1951 taies
3323 1897 3469 1949 inve-

1949 2002 2131 2056 nerint’
2153 2001 2444 2059 auditores,
2477 1997 2527 2048 in
2557 1995 2752 2062 quibus
2782 1994 2952 2045 sciant
2992 2004 3049 2043 se
3094 1988 3323 2041 fructum
3366 1986 3467 2037 ita-

1945 2090 2073 2143 bere
2100 2104 2201 2141 non
2234 2102 2406 2155 posse.
2440 2083 2677 2150 Denique
2704 2091 2757 2133 et
2782 2081 2833 2132 iu
2863 2081 3085 2133 Actibus
3112 2079 3464 2144 apostolorum

1949 2177 2178 2230 refertur
2202 2175 2268 2227 de
2312 2172 2646 2240 quibusdam,
2678 2170 2818 2236 quod
2871 2183 2974 2220 non
3023 2175 3306 2235 potuerunt
3334 2164 3465 2233 (85),

1945 2264 2216 2331 inquit”,
2246 2281 2264 2311 ι
2315 2262 2366 2312 in
2414 2261 2535 2312 Asia
2566 2257 2784 2310 verbum
2832 2256 2924 2308 Dei
2969 2255 3133 2321 loqui,
3188 2272 3204 2303 ι
3243 2253 3340 2304 hoc
3385 2259 3468 2303 est

1948 2352 2188 2419 imposita
2234 2350 2483 2403 habuisse
2521 2346 2815 2407 ﬁeinoralia,
2867 2353 2919 2397 et
2963 2342 3287 2396 continuisse
3311 2354 3466 2392 sene

1947 2442 2082 2494 filios
2110 2444 2452 2509 generarent,
2476 2438 2596 2503 quia
2615 2433 2817 2486 scilicet
2842 2431 2972 2484 tales
2996 2438 3146 2484 erant
3174 2428 3463 2492 auditores,

1945 2531 1997 2582 in
2049 2529 2239 2596 quibus
2281 2535 2336 2579 et
2382 2539 2563 2578 semen
2620 2522 2837 2589 periret.
2862 2530 2915 2574 et
2943 2535 3043 2571 non
3077 2527 3253 2586 posset
3281 2516 3461 2570 haberi

1943 2617 2227 2673 successio.
2263 2614 2351 2668 Sic
2387 2628 2512 2680 ergo
2548 2612 2793 2665 Ecclesia:
2820 2609 3137 2669 sacerdotes,
3168 2620 3285 2657 cum
3316 2606 3465 2658 inca-

1943 2721 2099 2775 paces
2128 2719 2285 2758 aures
2315 2703 2560 2766 viderint,
2585 2710 2816 2754 autcum
2845 2699 3118 2754 simulatos
3150 2694 3256 2764 (85)
3286 2696 3463 2762 inspe—

1942 2795 2117 2846 xerint
2163 2801 2218 2845 et
2270 2789 2571 2861 ltypocrilas
2615 2790 2903 2850 auditores,
2937 2786 3212 2853 imponant
3252 2796 3466 2849 campe—

1941 2895 2068 2950 stre,
2110 2891 2327 2937 utantur
2348 2880 2709 2942 fcmoralibus,
2738 2893 2801 2932 ne
2840 2884 3024 2945 pereat
3076 2887 3258 2927 semen
3314 2872 3462 2925 verbi

256 2963 487 3033 spicere
522 2979 586 3018 se
621 2964 789 3018 debet
824 2966 1191 3032 unusquisque
1213 2968 1547 3021 sacerdotmn
1578 2979 1666 3022 :et
1702 2985 1830 3038 gra-
1867 2986 1908 3043 C
1943 2975 2058 3036 Dei,
2087 2975 2208 3041 quia
2248 2981 2302 3025 et
2350 2970 2602 3025 Dominus
2649 2969 2830 3022 eadem
2863 2965 3081 3017 mandat
3120 2973 3174 3014 et
3215 2960 3344 3014 dicit
3372 2960 3462 3014 ":

255 3053 368 3109 dus
399 3054 595 3108 meriti
649 3055 739 3107 sui
794 3055 920 3107 inde
955 3055 1232 3122 colligere,
1257 3057 1301 3109 si
1347 3072 1405 3110 se
1433 3057 1610 3111 videat
1664 3059 1715 3112 iu
1751 3061 1833 3114 ltlS

255 3143 553 3204 omnibus,
582 3158 711 3212 qua:
751 3157 918 3210 supra
957 3144 1325 3211 exposuimus,
1361 3147 1618 3213 positum,
1656 3148 1835 3215 ponti-

257 3236 528 3287 licalibus
556 3242 825 3287 ornatum
857 3231 968 3301 (8i)
995 3235 1359 3297 ornamentis;
1393 3235 1436 3287 si
1469 3237 1718 3290 conscius
1741 3237 1840 3290 sibi

254 3326 337 3377 sit
365 3324 518 3392 quod
567 3322 657 3374 vel
704 3322 758 3374 in
811 3322 1061 3384 scientia,
1096 3322 1177 3374 vel
1209 3322 1258 3373 itt
1300 3322 1524 3385 actibus,
1554 3309 1721 3376 veliin
1750 3310 1844 3378 do-

257 3415 448 3467 ctrina
476 3422 676 3466 tantus
709 3427 777 3465 ac
804 3411 929 3465 talis
958 3411 1049 3477 sit,
1079 3412 1216 3465 sciat
1235 3427 1291 3466 se
1310 3428 1573 3465 summum
1598 3413 1844 3467 sacerdo-

260 3505 399 3556 tium
453 3518 573 3555 non
618 3502 803 3555 solum
838 3501 1076 3560 nomine,
1108 3500 1199 3552 sed
1241 3510 1294 3554 et
1328 3502 1532 3554 meritis
1578 3503 1841 3555 obtinere.

264 3591 538 3658 Alioquin
594 3589 922 3642 inferiorem
970 3588 1068 3641 sibi
1118 3588 1340 3655 gradum
1376 3587 1605 3654 positum
1638 3588 1842 3641 noverit

258 3681 486 3734 etiamsi
518 3680 695 3748 primi
736 3693 934 3731 nomen
955 3678 1243 3745 acceperit.
1276 3676 1383 3730 Nos
1405 3692 1534 3730 sane
1560 3694 1662 3730 non
1690 3679 1846 3730 debet

255 3769 559 3837 praeterire
635 3769 805 3821 etiam
846 3768 967 3830 hoc,
1006 3767 1147 3834 quod
1195 3776 1370 3834 potest
1421 3783 1451 3821 a
1507 3768 1743 3820 suulioso
1777 3766 1847 3819 le-

256 3869 421 3912 ctore
468 3856 745 3924 proferri,
802 3857 854 3907 in
914 3870 1020 3924 quo
1068 3865 1123 3908 et
1170 3870 1268 3923 ego
1302 3870 1438 3922 serpe
1484 3870 1691 3908 mecum
1732 3856 1844 3923 ipse

256 3949 543 4002 δεδίωνῇ
596 3945 657 3997 lu
700 3944 889 3997 Exodo
924 3945 1066 3997 enim
1108 3944 1317 4012 legens,
1357 3945 1444 3996 ubi
1496 3944 1562 3995 de
1603 3945 1845 3997 sacerdo-

260 4037 472 4092 talibus
507 4036 814 4089 mandatur
852 4034 1179 4088 indumentis
1204 4035 1416 4086 invenio
1435 4045 1555 4089 octo
1581 4050 1697 4088 esse
1723 4049 1844 4102 spe-

256 4129 399 4188 cies,
434 4139 571 4193 quaa
602 4122 855 4191 pontifici
909 4133 1308 4189 praeparantur.
1344 4121 1442 4174 llic
1482 4138 1603 4175 vero
1641 4132 1840 4189 septem

262 4215 662 4271 tantummodo
710 4223 1087 4268 numerantur.
1121 4213 1361 4281 Requiro
1394 4226 1518 4281 ergo
1571 4214 1695 4280 quid
1746 4214 1839 4276 sit,

1950 3082 1969 3115 ι
2012 3061 2184 3116 Nolite
2213 3062 2425 3113 mittere
2453 3070 2694 3112 sanctum
2728 3056 2969 3115 canibus,
3001 3066 3170 3120 neque
3201 3048 3464 3117 margari-

1940 3158 2022 3204 tas
2057 3158 2262 3203 vestras
2307 3158 2428 3201 ante
2475 3161 2687 3215 porcos,
2732 3160 2798 3198 ne
2843 3144 2977 3196 forte
3020 3139 3333 3194 conculcent
3374 3150 3466 3191 eas

1941 3259 2182 3326 pedibus,
2214 3265 2268 3309 et
2317 3255 2556 3309 conversi
2621 3254 2925 3320 tlirttmpant
2959 3265 3072 3302 vos.
3111 3267 3130 3299 ›
3177 3245 3464 3314 Propterea

1941 3362 2068 3413 ergo
2099 3345 2142 3399 si
2170 3345 2290 3413 quis
2319 3343 2431 3395 vult
2470 3340 2705 3409 pontifex
2748 3354 2850 3392 non
2882 3347 2987 3389 tam
3020 3334 3284 3388 vocabulo
3326 3347 3463 3395 esse,

1870 3492 1873 3493 ν
1940 3449 2098 3502 quam
2157 3432 2369 3492 merito,
2425 3430 2660 3482 imitetur
2706 3427 2939 3499 Moysen,
2990 3423 3225 3476 imitetur
3269 3423 3464 3473 Aaron.

1942 3521 2078 3588 Quid
2105 3520 2247 3573 enim
2279 3519 2476 3572 dicitur
2528 3518 2593 3569 de
2641 3516 2752 3568 eis?
2776 3513 2897 3581 quia
2932 3527 3035 3565 non
3081 3510 3357 3563 discedunt
3402 3509 3466 3558 de

1946 3606 2290 3660 tabernaculo
2318 3604 2544 3657 Domini.
2570 3602 2695 3654 Erat
2719 3615 2845 3665 ergo
2879 3599 3080 3666 Moyses
3106 3596 3466 3648 indesinenter

1942 3696 1993 3747 itt
2021 3692 2367 3746 tabernacqu
2400 3690 2628 3743 Domini.
2651 3688 2802 3752 Quod
2825 3694 2997 3737 autem
3024 3698 3154 3749 opus
3185 3682 3298 3747 ejus
3324 3680 3467 3732 erat?

1940 3792 1997 3835 ut
2025 3791 2113 3836 aut
2135 3797 2163 3834 a
2191 3782 2297 3834 Deo
2319 3778 2529 3845 aliquid
2548 3778 2798 3838 disceret,
2836 3783 2929 3826 aut
2954 3774 3065 3839 ipse
3090 3770 3338 3839 populum
3370 3769 3466 3821 do-

1940 3878 2099 3923 ceret.
2135 3868 2254 3921 llzec
2279 3866 2386 3918 duo
2423 3875 2546 3917 sunt
2577 3861 2838 3929 pontilicis
2875 3874 3054 3928 opera,
3091 3866 3262 3909 utaut
3292 3871 3319 3906 a
3362 3857 3467 3908 Deo

1939 3957 2108 4010 discat
2143 3939 2364 4023 legendo
2406 3952 2709 4020 Scriptores
2741 3947 2974 4008 divinas,
3003 3955 3057 3998 et
3083 3945 3273 4012 saepius
3300 3943 3468 3994 medi-

1941 4043 2123 4104 tando,
2153 4050 2243 4095 aut
2270 4041 2517 4110 populum
2557 4041 2761 4092 doceat.
2815 4033 2919 4088 Sed
2960 4034 3046 4087 illa
3097 4034 3303 4094 doceat,
3350 4043 3467 4099 qua

1940 4132 2053 4200 ipse
2074 4148 2101 4183 a
2140 4131 2248 4184 Deo
2278 4129 2544 4190 didicerit,
2572 4141 2674 4178 non
2717 4140 2780 4178 ex
2811 4124 3024 4192 proprio
3059 4122 3239 4184 corde,
3272 4119 3352 4173 vel
3398 4134 3461 4171 ex

1938 4220 2168 4272 humano
2192 4233 2370 4282 sensu,
2403 4214 2495 4271 sed
2522 4230 2637 4283 quae
2663 4214 2890 4281 Spiritus
2917 4220 3135 4266 sanctus
3164 4210 3337 4263 docet.
3376 4208 3467 4261 Est

259 4308 407 4374 quod
444 4305 724 4359 omissum
745 4310 850 4355 est.
875 4301 1075 4354 Octava
1102 4304 1313 4368 species
1340 4301 1408 4353 ibi
1444 4303 1659 4368 ponitur
1689 4318 1837 4354 cam-
1870 4298 1915 4353 ι)
1941 4318 1995 4363 et
2020 4308 2148 4361 illud
2185 4321 2318 4374 opus
2342 4305 2480 4374 quod
2512 4305 2641 4358 facit
2688 4303 2931 4370 Moyses:
2965 4302 3030 4352 ad
3063 4299 3196 4353 bella
3240 4314 3341 4352 non
3374 4313 3463 4351 va-

259 4406 468 4462 pestre,
506 4395 658 4457 sive,
703 4402 762 4446 ut
798 4392 927 4445 alibi
971 4392 1224 4460 legimus,
1253 4390 1528 4443 femoralia
1580 4392 1742 4455 linea,
1776 4392 1841 4445 de

260 4472 371 4555 quo
418 4486 519 4540 hic
573 4483 725 4535 inter
762 4489 953 4533 caetera
995 4479 1143 4532 siluit
1184 4479 1518 4532 indumenta.
1548 4477 1680 4542 Quid
1714 4493 1841 4547 ergo

261 4575 549 4631 dicemus?
603 4571 934 4626 oblivionem
981 4567 1231 4620 dabimus
1288 4566 1341 4618 in
1388 4566 1565 4619 verbis
1608 4565 1841 4632 Spiritus

261 4669 461 4730 sancti,
517 4672 587 4717 ut
631 4675 762 4715 eum
807 4666 1000 4712 catera
1023 4657 1205 4710 omnia
1229 4654 1470 4708 secundo
1494 4655 1839 4719 enarraverit,

259 4773 366 4810 una
389 4771 519 4810 eum
556 4750 777 4820 species
807 4748 1050 4817 superius
1077 4747 1221 4801 dicta
1253 4745 1512 4797 latuerit?
1534 4744 1644 4798 Non
1670 4749 1840 4801 audeo

260 4848 377 4901 haec
408 4847 477 4900 de
505 4840 696 4898 sacris
737 4838 939 4891 sentire
958 4835 1327 4890 sermonibus.
1358 4831 1462 4886 Sed
1486 4833 1753 4888 videamus
1776 4856 1841 4893 ne

261 4935 420 4999 forte,
452 4930 733 5002 quoniam
772 4927 825 4979 in
859 4924 1231 4993 superioribus
1264 4921 1505 4974 diximus
1534 4924 1632 4976 hoc
1675 4942 1841 4992 genus

326 5023 437 5078 "ﬂ
462 5021 602 5076 Cor.
634 5014 843 5084 vr,r‘l6;
865 5013 965 5068 etl
998 5012 1125 5066 Cor.
1162 5025 1248 5074 ιιι,
1282 5010 1373 5061 16.
1447 5009 1677 5068 "Levit.
1711 5031 1823 5084 vtu,
1862 5019 1947 5073 15.

244 5090 296 5124 ’³
319 5093 533 5149 Matth.
571 5101 675 5149 vn,
707 5083 760 5136 6.

306 5182 440 5258 (80)
474 5178 693 5234 Otones
740 5190 894 5240 mss.,
936 5191 955 5224 ι
981 5174 1198 5227 horum.
1229 5185 1250 5217 ι
1304 5162 1462 5216 Libb.
1507 5166 1657 5232 editi,
1693 5186 1712 5218 ι
1740 5173 1843 5225 mi-

214 5262 623 5394 ηοὲιδλῖοξ,
658 5320 1005 5376 «ornatum,»
1051 5307 1209 5361 deest
1246 5299 1303 5349 in
1340 5305 1493 5351 antea
1518 5302 1710 5367 editis,
1744 5308 1842 5361 sed

212 5383 536 5457 τεηῖθτίυὲῖ
564 5383 621 5434 in
658 5393 788 5432 mss.
1109 5432 1253 5457 πεπηια
1300 5426 1436 5457 adh:

306 5426 641 5515 νξὲῖῖίεξί,
658 5426 1016 5500 ῖῖἶέσιιιϊετο.
1048 5459 1067 5490 ι
1107 5432 1272 5506 Libb-
1299 5426 1510 5513 editi”.
1534 5450 1794 5492 currere.
1818 5460 1836 5493 υ

306 5461 432 5593 ἶδὸ)
472 5519 637 5582 Mss»,
668 5534 688 5565 ι
725 5514 1079 5569 femoralibus.
1114 5519 1138 5553 ι
1183 5496 1351 5549 leb.
1389 5501 1533 5566 cdlll,
1586 5520 1607 5551 ι
1658 5504 1836 5561 femo-

722 5496 1079 5569 lcmoralibus.
1114 5519 1138 5553 ι
1183 5496 1351 5549 Libb-
1389 5501 1533 5566 editi,
1586 5520 1607 5551 ι
1658 5504 1843 5561 fetno-

1912 4397 2044 4468 pdit,
2075 4410 2178 4449 non
2211 4402 2411 4463 pugnat
2453 4402 2639 4446 contra
2681 4392 2946 4444 inimicos.
2999 4388 3106 4442 Sed
3136 4389 3262 4457 quid
3305 4388 3468 4441 facit?
3510 4462 3519 4469 .

1944 4484 2108 4538 Orat:
2143 4493 2196 4536 et
2219 4484 2388 4535 donec
2420 4482 2505 4534 ille
2534 4487 2669 4543 orat,
2701 4480 2865 4532 vincit
2893 4477 3111 4546 populus
3130 4477 3260 4544 ejus.
3292 4477 3346 4529 Si
3383 4492 3466 4529 re-

1942 4572 2204 4625 laxaverit
2228 4581 2280 4624 et
2302 4570 2567 4624 dimiserit
2596 4583 2808 4633 manus,
2845 4567 3068 4635 pepulus
3095 4566 3206 4634 ejus
3236 4565 3464 4618 vincitur
3557 4559 3563 4564 ’

1943 4670 1998 4714 et
2021 4660 2253 4727 fugatur.
2290 4657 2419 4712 Oret
2444 4660 2571 4725 ergo
2601 4667 2654 4710 et
2698 4656 2947 4711 sacerdos
2985 4655 3231 4709 Ecclesia:
3271 4655 3465 4707 indesi-

1943 4760 2151 4817 nenter,
2177 4760 2234 4804 ut
2258 4751 2434 4802 vincat
2465 4749 2686 4818 populus
2710 4749 2798 4816 qui
2834 4749 2931 4801 sub
2964 4748 3075 4815 ipso
3097 4757 3148 4799 et
3175 4748 3350 4799 hostes
3383 4745 3465 4797 in-

1910 4907 1917 4912 _
1946 4841 2180 4894 visibiles
2207 4839 2547 4898 Amalecitas,
2580 4838 2667 4903 qui
2694 4846 2817 4889 sunt
2837 4838 3119 4897 daemones,
3150 4836 3463 4902 impugnan-

1944 4940 2024 4986 tes
2048 4946 2139 4983 eos
2166 4931 2252 4997 qui
2288 4930 2469 4980 volunt
2496 4928 2579 4994 pie
2603 4927 2778 4980 vivere
2799 4927 2850 4979 in
2873 4927 3100 4979 Christo.
3137 4925 3197 4975 Et
3225 4924 3340 4976 ideo
3368 4938 3462 4976 nos

2050 5021 2094 5052 "
2124 5020 2241 5074 Gal.
2266 5037 2336 5083 tv,
2367 5021 2452 5074 l9.
2523 5018 2609 5072 ⁹⁶Ι
2641 5017 2764 5071 Cor.
2800 5030 2870 5080 tv,
2904 5015 2986 5067 15.
3059 5012 3101 5043 ’⁷
3128 5014 3244 5064 Act.
3269 5026 3378 5074 am,
3408 5013 3464 5066 6.

1940 5176 2119 5311 ΠῘὸἷί
2139 5198 2202 5296 ’ln
2228 5260 2358 5299 mss.
2382 5241 2639 5296 Cernetis.
2659 5257 2713 5297 et
2734 5239 2977 5311 Deccensi
3004 5236 3215 5302 legitur,
3247 5250 3264 5280 ι
3291 5234 3468 5311 potu].

1937 5302 2075 5431 nulls.
2105 5331 2124 5365 ι
2154 5313 2215 5365 Et
2244 5314 2404 5376 infra,
2446 5329 2465 5362 ι
2510 5313 2835 5365 continuisse
2882 5307 3017 5359 lilios
3040 5313 3317 5369 generare.
3336 5302 3467 5366 quia

1938 5394 2011 5433 set
2038 5389 2295 5434 tcetaetc.

1938 5394 2295 5440 εειιιοθι,›ειο.

1943 5488 1947 5492 -
2008 5448 2118 5515 (85)
2147 5447 2344 5501 Omnes
2395 5462 2545 5511 mss.,
2571 5466 2589 5500 ι
2626 5444 2919 5503 simulatos.
2965 5456 2983 5489 ι
3010 5434 3129 5489 Lib.
3154 5429 3310 5491 editi,
3335 5445 3360 5483 ι
3388 5433 3471 5490 οξ.

1940 5517 2245 5569 mulatores.
2297 5534 2315 5565 ι
