3948 6242
402 336 503 394 L75

402 537 536 590 riam
570 542 906 598 revocantes,
929 542 982 585 et
1003 529 1235 584 orationi
1268 530 1531 582 instantes
1569 538 1632 577 ac
1665 520 1946 590 vigilantes

402 623 457 677 in
491 636 574 685 ea,
603 622 947 689 deprecemur
989 618 1272 670 Dominum
1303 624 1362 667 ut
1410 612 1562 666 nobis
1612 611 1725 678 ipse
1758 610 1946 661 borum

403 725 523 779 quae
558 710 784 777 legimus
813 706 1090 761 scientiam
1116 704 1353 758 revelare
1383 703 1648 770 dignetur,
1679 708 1732 750 et
1760 707 1945 750 osten-

405 800 533 853 dere
568 799 837 864 quomodo
878 795 1174 863 Spiritalem
1206 793 1377 860 legem
1418 805 1523 842 non
1559 788 1733 842 solum
1769 787 1820 839 in
1868 784 1950 837 in-

404 884 721 953 telligentia,
747 885 838 938 sed
865 892 918 935 et
943 884 994 934 in
1018 883 1226 935 actibus
1255 882 1619 939 observemus,
1649 885 1707 929 ut
1737 874 1949 943 spirita-

404 973 506 1027 lem
521 976 745 1040 gratiam
763 976 1014 1039 consequi
1038 986 1340 1023 mereamur
1366 967 1646 1023 illuminati
1665 981 1757 1034 per
1778 964 1947 1031 legem

405 1061 635 1131 Spiritus
665 1062 860 1127 sancti,
892 1060 944 1113 in
972 1057 1328 1112 CltristoJesn
1357 1058 1581 1111 Domino
1606 1064 1807 1115 nostro,
1860 1053 1947 1105 cui

404 1154 486 1202 est
505 1146 668 1215 gloria
690 1157 741 1200 et
770 1146 1048 1214 imperium
1092 1146 1144 1196 in
1176 1143 1370 1199 saecula
1393 1143 1728 1197 saeculorum.
1759 1142 1947 1192 Amen.

956 1257 1237 1313 llOMlLlA
1291 1257 1398 1310 VII.

406 1351 484 1406 De
511 1367 570 1405 eo
604 1352 739 1419 quod
765 1351 1067 1402 mandatum
1093 1359 1164 1419 est
1198 1349 1373 1399 Aaron
1400 1355 1445 1396 et
1473 1345 1599 1419 ﬁliis
1628 1344 1759 1419 ejus,
1794 1352 1847 1392 ut
1873 1341 1948 1392 vi-

477 1437 597 1472 num
616 1415 672 1470 et
698 1421 913 1471 siceram
945 1435 1046 1469 non
1086 1416 1285 1477 bibant,
1319 1430 1431 1465 cum
1480 1415 1841 1478 ingrediuntur
1877 1418 1955 1462 ta-

479 1489 815 1540 bernaculum
838 1485 1136 1546 testimonii,
1163 1484 1237 1536 vel
1263 1497 1377 1535 cum
1400 1477 1645 1533 accedunt
1673 1482 1740 1530 ad
1764 1477 1950 1539 altare,

478 1566 524 1608 et
559 1556 621 1606 de
667 1555 963 1620 pectusculo
989 1552 1346 1614 appositionis,
1383 1550 1536 1620 ethde
1572 1548 1779 1620 b‘racl‘iia
1807 1561 1955 1620 sepaf

481 1613 720 1682 rationis,
753 1630 798 1673 et
822 1624 884 1674 de
908 1613 1114 1672 mundis
1143 1628 1188 1671 et
1217 1616 1493 1670 immundis
1522 1613 1953 1675 animalibus,vel

484 1692 606 1744 cibis
633 1690 696 1739 νο.

1836 305 2148 370 ORIGENIS

400 447 721 504 meditantes
758 446 821 499 in
865 445 970 509 his,
1010 453 1065 498 et
1113 445 1226 496 haec
1262 439 1352 494 die
1380 453 1443 492 ac
1470 445 1627 491 nocte
1652 434 1717 486 ad
1748 442 1949 486 memo-
1976 425 2021 481 Α
2047 421 2282 481 dotibus.

3666 258 3775 313 476

2316 413 2400 467 vel
2442 407 2819 479 principibus
2854 398 3273 456 sacerdotum
3340 387 3491 441 vitae
3555 385 3777 479 regulas

2044 523 2266 579 ponens,
2301 503 2429 558 dicit
2456 515 2551 554 eos
2581 514 2705 552 non
2746 493 2976 563 debere
2999 500 3151 542 esse
3190 480 3395 550 220
3423 479 3567 579 vino
3605 476 3777 530 multo

2046 568 2367 655 servientes,
2392 590 2486 644 sed
2519 588 2758 641 sobrios
2785 595 2925 637 esse
2962 581 3012 632 ⁵.
3062 573 3421 629 Sobrietas
3457 568 3620 622 enim
3660 581 3776 621 oru-

2046 690 2191 740 nium
2218 687 2478 737 virtutum
2511 688 2706 735 mater
2742 684 2860 740 eet,
2894 671 3065 725 sicut
3107 663 3496 721 econtrario
3529 660 3778 713 ebrietas

2046 774 2287 828 omnium
2313 772 2602 824 vitiorum.
2638 769 2860 834 Aperte
2895 760 3072 814 enim
3129 752 3595 826 pronuntiavit
3639 753 3781 819 Apo-

2047 865 2219 919 stolus
2247 864 2435 917 dicens
2464 862 2484 892 ⁸
2522 875 2538 913 :
2580 876 2600 909 ι
2647 857 2888 915 Vinum,
2941 852 3002 904 in
3040 862 3179 918 quo
3212 855 3319 900 est
3357 844 3631 907 luxuria,
3669 860 3689 892 ι
3728 851 3785 895 ιιι

2048 953 2360 1007 ostenderet
2388 966 2456 1004 ex
2480 949 2783 1007 ebrietate,
2818 941 3007 996 veluti
3063 933 3582 1008 primogenitam
3615 931 3782 985 ﬁliam

2049 1041 2300 1112 generari
2334 1039 2636 1092 luxuriam.
2672 1033 2819 1086 Tum
2858 1037 3180 1099 praeterea
3226 1032 3293 1077 et
3346 1021 3662 1084 Salvator,
3686 1020 3789 1073 Du-

2050 1111 2181 1185 mini
2213 1140 2267 1183 et
2297 1129 2442 1197 regis
2470 1126 2825 1181 auctoritate
2876 1116 3350 1174 sacerdotibus
3396 1111 3584 1167 simul
3618 1120 3677 1166 et
3705 1127 3791 1180 po-

1968 1266 1971 1269 .
2051 1219 2158 1286 puli
2195 1218 2341 1284 leges
2368 1232 2433 1269 ac
2455 1216 2585 1284 jura
2616 1213 2992 1267 constituens
3029 1224 3044 1258 :
3084 1223 3109 1256 ι
3134 1204 3513 1265 Attendite,
3549 1203 3786 1269 inquit‘,

2052 1323 2117 1360 ne
2151 1306 2290 1360 forte
2338 1313 2644 1373 graventur
2702 1302 2883 1354 corda
2922 1304 3148 1350 vestra
3229 1294 3300 1346 iu
3357 1290 3692 1354 ebrietate,
3736 1299 3789 1345 et

2053 1397 2297 1465 crapula,
2331 1406 2387 1449 et
2416 1397 2470 1447 in
2507 1388 3004 1447 sollicitudinibus
3059 1383 3327 1448 saeculi,
3368 1391 3436 1436 et
3470 1383 3671 1436 veniat
3702 1398 3790 1435 su-

2052 1501 2147 1553 per
2182 1502 2276 1539 vos
2329 1487 2661 1538 subitaneus
2714 1479 3027 1534 interitus.
3085 1495 3113 1527 )
3187 1475 3496 1529 Audistis
3546 1474 3789 1529 edictum

2054 1576 2217 1644 Regis
2247 1576 2459 1639 aeterni,
2487 1584 2544 1627 ct
2584 1569 3033 1626 lamentabilem
3076 1567 3290 1622 ﬁnem
3340 1567 3668 1622 ebrietatis
3710 1568 3790 1620 vel

2056 1667 2295 1736 crapulae
2323 1667 2621 1720 didicistis.
2672 1664 2732 1718 Si
2767 1666 2909 1732 quis
2947 1663 3138 1717 vobis
3176 1660 3442 1728 peritus
3474 1666 3539 1711 et
3569 1658 3796 1728 sapiens

484 1777 643 1830 Plura
671 1776 885 1845 quidem
915 1774 1177 1842 superiori
1204 1773 1430 1842 lectione
1457 1771 1671 1823 fuerunt
1706 1770 1945 1831 recitata,
1979 1743 2021 1796 Β

2236 1770 2295 1807 us
2320 1755 2405 1807 liis
2435 1755 2569 1822 ipsis
2600 1754 2791 1807 verbis
2832 1750 3262 1820 praeciperet,
3304 1757 3375 1801 et
3415 1747 3673 1812 diceret,
3706 1746 3795 1799 At-

409 1881 477 1920 cx
506 1866 699 1933 quibus
754 1865 1012 1931 temporis
1051 1863 1313 1917 brevitate
1354 1862 1627 1915 constricti
1658 1874 1821 1928 pauca
1854 1861 1949 1912 ad-

415 1956 631 2009 modum
663 1955 921 2010 diximus.
962 1951 1076 2005 Non
1124 1953 1264 2005 enim
1300 1967 1442 2004 nunc
1469 1949 1762 2018 exponendi
1812 1947 1952 2001 Scri—

413 2054 619 2114 pturas,
645 2045 735 2098 sed
762 2043 1064 2097 aediﬁcandi
1100 2040 1370 2094 Ecclesias
1416 2038 1764 2091 ministerium
1813 2038 1952 2105 geri-

419 2152 557 2201 mus,
591 2137 838 2204 quamvis
861 2144 915 2189 et
941 2149 1006 2187 ex
1038 2134 1142 2196 his,
1175 2146 1294 2201 qua:
1338 2145 1366 2183 a
1396 2129 1548 2184 nobis
1574 2138 1697 2181 ante
1729 2132 1949 2181 tractata

417 2234 563 2288 sunt,
593 2225 827 2292 prudens
859 2224 1082 2291 quisque
1127 2221 1337 2275 auditor
1364 2220 1638 2274 evidentes
1665 2219 1729 2271 ad
1762 2219 1956 2272 intelli-

416 2316 645 2384 gendum
677 2315 844 2383 possit
865 2313 1085 2366 semitas
1110 2311 1373 2365 invenire.
1399 2309 1465 2362 Et
1486 2310 1602 2363 ideo
1630 2326 1694 2361 ex
1720 2310 1804 2363 his
1825 2323 1955 2378 quo-

417 2416 544 2469 que,
577 2416 699 2469 qua:
748 2414 890 2454 nunc
938 2400 1076 2451 lecta
1132 2406 1275 2463 sunt,
1309 2399 1560 2465 quoniam
1607 2406 1799 2451 cuncta
1852 2413 1956 2451 non

424 2504 730 2557 possumus,
756 2491 929 2558 aliqua
967 2497 1167 2551 tamen,
1200 2503 1318 2555 qua:
1354 2487 1615 2541 aediﬁcent
1662 2488 1954 2553 auditores,

418 2580 564 2634 Velut
597 2580 709 2645 agri
741 2579 906 2647 pleni,
933 2594 1089 2646 quem
1118 2578 1389 2631 benedixit
1414 2576 1686 2637 Dominus,
1714 2576 1959 2633 ﬂosculos

421 2669 753 2737 colligemus.
785 2667 918 2733 Quid
956 2681 1084 2734 ergo
1130 2667 1200 2719 sit
1238 2666 1377 2735 quod
1415 2665 1569 2718 nobis
1596 2681 1732 2719 nunc
1765 2666 1957 2719 lectum

424 2769 527 2821 est,
556 2758 852 2811 videamus.
893 2775 911 2807 ι
951 2757 1018 2809 Ει
1043 2756 1255 2810 locutus
1281 2766 1359 2810 est
1392 2759 1643 2811 Dominus
1670 2760 1849 2811 Aaron
1881 2759 1961 2811 di-

420 2862 549 2902 cens
582 2862 596 2899 :
633 2845 828 2900 Vinum
850 2856 905 2898 et
937 2846 1165 2898 siceram
1212 2861 1316 2899 non
1357 2847 1551 2900 bibetis
1587 2856 1638 2899 tu
1669 2855 1720 2899 et
1753 2846 1845 2899 lilii
1881 2856 1961 2899 te-

421 2951 562 3002 cum,
613 2951 734 2990 cum
793 2937 1061 2989 intrabitis
1105 2936 1155 2988 in
1201 2938 1595 2991 tabernaculum
1649 2937 1956 3002 testimonii,

423 3033 518 3076 aut
547 3040 671 3078 eum
698 3025 947 3079 acceditis
969 3023 1036 3078 ad
1063 3023 1252 3086 altare,
1281 3033 1335 3077 et
1368 3039 1469 3077 non
1510 3026 1830 3079 moriemini.
1862 3027 1960 3081 Le-
1987 3062 2029 3119 ο

423 3110 665 3176 gitimum
688 3120 948 3163 aeternum
988 3110 1039 3162 in
1071 3110 1353 3178 progenies
1385 3121 1608 3175 vestras,
1655 3113 1961 3168 discernere

423 3197 562 3251 inter
612 3199 842 3252 medium
894 3208 1197 3252 sanctorum
1259 3207 1312 3252 et
1359 3200 1862 3262 contaminatorum,
1908 3212 1961 3256 et

424 3285 568 3338 inter
624 3287 853 3340 medium
924 3286 1335 3348 immundorum,
1406 3296 1459 3340 et
1524 3287 1664 3341 inter
1733 3290 1960 3342 medium

428 3373 765 3434 mundorum,
827 3380 880 3427 et
925 3374 1186 3427 instruere
1246 3373 1382 3427 ﬁlios
1429 3372 1592 3428 Israel
1626 3377 1802 3428 omnia
1832 3377 1962 3443 legi-

427 3461 551 3512 tima
607 3476 723 3527 quae
785 3462 990 3517 locutus
1032 3473 1114 3518 est
1174 3464 1430 3519 Dominus
1478 3466 1543 3520 ad
1592 3480 1684 3520 eos
1722 3482 1816 3535 per
1852 3484 1964 3520 ma-

425 3563 551 3602 num
606 3550 766 3622 Moysi
814 3554 853 3608 '.
898 3573 917 3607 ι
951 3553 1061 3608 Lex
1116 3555 1330 3609 evidens
1380 3557 1557 3621 datur,
1608 3566 1662 3610 et
1717 3560 1965 3611 sacerdo-

429 3638 587 3704 tibus,
627 3649 678 3693 et
720 3642 943 3712 principi
983 3646 1343 3709 sacerdotum,
1389 3654 1591 3700 utcum
1619 3648 1879 3701 accedunt
1899 3649 1964 3701 ad

425 3725 612 3792 altare,
642 3730 761 3782 vino
778 3732 1097 3796 abstineant,
1121 3743 1177 3788 et
1204 3736 1345 3788 omni
1375 3744 1497 3803 potu
1529 3739 1666 3804 quod
1701 3737 1965 3791 inebriare

426 3827 616 3886 potest,
639 3820 778 3885 quod
812 3819 1103 3889 Scriptum
1150 3824 1342 3876 divinae
1377 3824 1741 3892 appellatione
1768 3839 1960 3878 verna-

427 3906 570 3971 cula,
603 3910 830 3962 siceram
859 3910 1023 3962 moris
1051 3922 1132 3964 est
1155 3915 1450 3966 nominare.
1477 3912 1604 3966 Vult
1632 3928 1758 3980 ergo
1785 3928 1961 3967 sermo

430 3997 640 4051 divinus
671 3999 876 4053 sobrios
908 3999 959 4052 in
987 4002 1234 4055 omnibus
1263 4019 1380 4057 esse
1404 4003 1607 4057 Domini
1639 4004 1962 4066 sacerdotes.

431 4092 612 4151 utpote
637 4086 727 4152 qui
756 4087 1073 4140 accedentes
1109 4090 1173 4141 ad
1228 4090 1393 4144 altare
1442 4091 1535 4145 Dei
1572 4105 1725 4143 orare
1754 4106 1848 4158 pro
1873 4106 1967 4158 po-

429 4173 554 4239 pulo
592 4173 843 4237 debeant,
889 4186 943 4229 et
989 4192 1086 4244 pro
1132 4178 1324 4232 alienis
1369 4181 1691 4232 intervenire
1735 4179 1963 4245 delictis,

430 4263 521 4329 qui
555 4266 852 4331 portionem
890 4265 941 4318 in
975 4276 1112 4320 terra
1143 4283 1248 4320 non
1290 4268 1542 4333 habeant,
1580 4270 1672 4321 scd
1710 4269 1820 4336 ipse
1862 4271 1966 4323 Do~

430 4355 607 4407 minus
636 4355 811 4422 portio
837 4370 1020 4409 eorum
1055 4358 1121 4409 sit
1150 4376 1164 4411 :
1206 4358 1284 4411 sic
1310 4359 1449 4410 enim
1473 4359 1602 4411 dicit
1624 4359 1687 4411 de
1715 4360 1794 4411 bis
1822 4359 1965 4412 Scri-
2001 4377 2042 4429 ι)

426 4450 576 4506 ptura
608 4457 622 4493 :
654 4460 670 4493 ι
721 4442 890 4507 Filiis,
941 4444 1113 4511 inquit
1145 4447 1186 4511 ⁸,
1234 4445 1357 4499 Levi
1394 4462 1496 4499 non
1533 4447 1729 4501 dabitis
1759 4459 1959 4515 partem

428 4529 481 4582 in
514 4533 686 4585 medio
737 4534 962 4586 fratrum
998 4550 1239 4599 suorum,
1274 4537 1396 4604 quia
1437 4552 1535 4605 ego
1577 4538 1751 4603 portio
1776 4553 1960 4591 eorum

431 4615 684 4674 Dominus
720 4621 855 4675 Deus
892 4624 1150 4689 ipsorum.
1200 4642 1217 4674 ι
1254 4624 1377 4676 Vult
1410 4640 1539 4691 ergo
1593 4625 1743 4687 istos,
1773 4628 1965 4692 quibus

433 4704 543 4772 ipse
569 4709 822 4764 Dominus
854 4715 1029 4779 portio
1057 4722 1158 4775 est,
1201 4713 1408 4766 sobrios
1448 4727 1587 4773 esse,
1619 4712 1853 4778 jejunus,
1888 4717 1966 4767 vi-

431 4795 657 4859 gilantes
692 4800 743 4851 in
776 4802 919 4854 omni
955 4811 1217 4868 tempore,
1262 4801 1488 4852 maxime
1525 4812 1698 4852 autem
1732 4817 1848 4852 cum
1893 4804 1959 4855 ad

428 4888 749 4940 exorandum
782 4889 1080 4951 Dominum,
1103 4889 1577 4943 ctsacrilicandum
1609 4889 1658 4940 in
1681 4903 1963 4958 conspectu

428 4971 541 5037 ejus
563 4973 814 5028 altaribus
836 4987 1032 5044 prtesto
1060 4988 1203 5031 sunt.
1237 4978 1365 5043 Qua:
1389 4976 1636 5029 mandata
1668 4979 1719 5028 in
1749 4989 1955 5033 tantum

432 5060 539 5112 vim
572 5065 652 5116 sui
693 5075 929 5130 servant,
969 5077 1023 5121 et
1066 5070 1210 5120 omni
1241 5065 1578 5119 observantia
1620 5068 1965 5121 custodienda

435 5157 576 5208 sunt.
610 5162 667 5203 nt
698 5163 751 5206 et
774 5155 1061 5221 Apostolus
1093 5156 1205 5208 haec
1240 5154 1423 5206 eadem
1469 5151 1597 5204 Novi
1644 5153 1966 5209 'i‘estamenti

436 5233 637 5306 legibus
666 5241 840 5296 ﬁrmet
865 5244 907 5299 ³.
935 5242 992 5296 In
1034 5258 1139 5313 quo
1172 5244 1420 5296 similiter
1449 5245 1609 5295 etiam
1646 5242 1760 5309 ipse
1788 5258 1968 5298 sacer-

505 5366 552 5436 ”
589 5369 756 5426 Levit.
781 5389 810 5426 ιι
840 5383 894 5427 et
927 5390 1002 5426 χι.
1112 5375 1128 5404 ³
1162 5374 1326 5427 Levit.
1350 5386 1403 5429 κ,
1428 5370 1460 5422 8
1488 5379 1554 5436 ει
1569 5384 1718 5436 seqq.

460 5426 681 5501 'Ephes.
718 5424 892 5502 νίὶέξ
928 5424 999 5473 ’ἶ
1020 5424 1406 5505 [Διαῖξιξδόἄξ
1478 5441 1496 5471 ⁷
1524 5424 1570 5490 Υι
1602 5424 1725 5493 eo}.
1758 5424 1855 5503 tv,'
1882 5424 1969 5495 16.

508 5543 632 5622 (36)“
653 5549 829 5605 Codex
854 5553 1220 5615 Carlomensis,
1255 5573 1271 5605 ι
1303 5553 1491 5606 debilia
1523 5553 1651 5602 ﬁunt
1678 5567 1690 5600 :
1714 5566 1827 5614 pes,
1855 5567 1961 5601 ma-

445 5623 563 5673 1³⁸³⁸,
604 5614 774 5680 lingua
803 5623 1064 5686 resoluta;
1098 5624 1279 5679 oculos
1316 5622 1566 5677 tenebrae.
1596 5630 1823 5671 tIIcIIchtI
1872 5635 1959 5671 V6-

1829 5372 2217 5446 !lfinm._xvtn_,
2245 5371 2341 5434 9.0,
2400 5387 2458 5429 et
2511 5376 2631 5435 Jos.
2675 5396 2796 5446 xm,
2826 5381 2916 5436 Η.

2042 5442 2063 5472 ⁸
2092 5441 2237 5492 l’sal.
2288 5458 2452 5512 um,
2485 5448 2544 5504 5.

2049 1844 2251 1896 tendite
2284 1842 2462 1908 vobis,
2514 1859 2584 1895 ne
2617 1845 2770 1912 quis,
2807 1845 2980 1897 verbi
3024 1845 3286 1911 gratia,
3354 1841 3440 1895 de
3496 1842 3677 1906 illius,
3710 1843 3792 1897 vel

2048 1932 2190 1987 illius
2223 1935 2403 1987 herba:
2443 1950 2610 1989 succo
2666 1936 2903 1988 avidius
2941 1947 3175 1990 sumat
3210 1952 3232 2000 ;
3266 1936 3447 2004 quod
3480 1937 3532 1989 si
3569 1934 3790 1994 fecerit,

2050 2024 2258 2077 subitus
2287 2026 2335 2078 ei
2373 2024 2561 2077 veniet
2619 2023 2928 2086 interitus,
2971 2039 3103 2076 non
3153 2023 3397 2077 dubito
3427 2023 3580 2092 quin
3618 2036 3789 2076 unus-

2052 2115 2280 2181 quisque
2325 2113 2558 2180 propriae
2611 2114 2817 2166 salutis
2868 2112 3115 2165 intuitu
3178 2113 3642 2181 prmmonentis
3677 2126 3790 2165 me-

2053 2204 2159 2256 dici
2222 2212 2495 2272 prmcepla
2533 2213 2817 2258 servaret.
2881 2197 3069 2258 Nunc
3135 2220 3308 2258 vero
3368 2206 3711 2258 animarum
3740 2212 3793 2256 et

2054 2313 2344 2366 corporum
2406 2298 2676 2361 medicus,
2737 2300 3050 2366 simulque
3111 2312 3191 2354 et
3255 2302 3589 2367 Dominus,
3632 2301 3785 2367 jubet

2055 2386 2337 2442 ebrietatis
2369 2389 2596 2441 herbam
2617 2397 2673 2441 et
2696 2388 2961 2456 crapulae
3002 2388 3387 2453 vitandam.
3424 2393 3703 2445 similiter
3731 2400 3787 2444 et

2057 2474 2485 2528 sollicitudinum
2529 2477 2895 2529 saecularium
2938 2480 3118 2533 velut
3186 2481 3562 2536 mortiferus
3598 2496 3790 2535 succos

2058 2562 2348 2614 cavendas.
2383 2562 2655 2615 Etnescio
2683 2565 2729 2617 si
2760 2568 2901 2633 quis
2940 2580 3257 2623 nostrum
3304 2588 3433 2624 non
3464 2572 3522 2625 in
3550 2572 3642 2623 bis
3672 2586 3793 2624 con-

2059 2650 2312 2713 sumitur,
2342 2650 2422 2704 uti
2456 2666 2525 2705 ne
2562 2653 2808 2707 dixerim
2840 2661 3213 2713 sauciatur.
3254 2662 3374 2715 Est
3423 2677 3575 2733 ergo
3612 2662 3789 2718 ebrie-

2061 2747 2142 2792 tas
2176 2739 2287 2792 vini
2318 2742 2629 2806 perniciosa
2683 2743 2739 2795 in
2776 2746 3101 2809 omnibus,
3172 2752 3318 2804 sola
3384 2769 3651 2822 namque
3689 2762 3785 2813 est,

2061 2842 2178 2895 quae
2207 2826 2368 2880 simul
2389 2843 2515 2882 cum
2545 2846 2787 2899 corpore
2811 2842 2873 2886 et
2898 2836 3202 2892 animam
3244 2841 3529 2895 debilem
3579 2842 3789 2895 reddat.

2060 2914 2117 2968 ln
2143 2917 2354 2969 eteteris
2383 2918 2589 2971 etenim
2616 2930 2804 2986 potest
2841 2922 3003 2989 ﬁeri,
3046 2936 3123 2979 ut
3154 2933 3524 2983 secundum
3562 2931 3791 2999 Aposto-

2064 3003 2172 3055 lum
2196 3020 2318 3058 cum
2348 3005 2663 3061 inﬁrmatur
2687 3024 2930 3078 corpus,
2974 3021 3134 3069 tunc
3203 3020 3425 3088 magis
3468 3031 3677 3089 potens
3719 3019 3787 3073 sit

2064 3093 2309 3159 spiritus,
2338 3104 2394 3147 et
2428 3096 2516 3148 ubi
2557 3096 2604 3149 is
2638 3098 2734 3165 qui
2769 3100 3000 3156 deforis
3053 3117 3164 3159 est
3206 3108 3416 3162 homo
3466 3110 3786 3175 corrumpi-

2066 3189 2170 3245 tur,
2203 3181 2289 3233 ille
2317 3184 2405 3248 qui
2442 3184 2591 3237 intus
2608 3194 2698 3238 est
2740 3200 3076 3244 renOvetur
3107 3195 3162 3246 τ.
3200 3194 3273 3248 In
3312 3197 3644 3253 ebrietatis
3668 3214 3791 3252 vero

2064 3270 2411 3337 aegritudine,
2450 3287 2652 3339 corpus
2707 3275 2883 3328 simul
2936 3290 2999 3332 et
3061 3284 3304 3337 anima
3369 3290 3787 3358 corrumpitur,

2066 3358 2290 3423 spiritus
2320 3360 2529 3425 pariter
2557 3375 2683 3413 cum
2704 3375 2885 3417 carne
2922 3366 3233 3427 vitiatur.
3268 3374 3506 3429 Omnia
3546 3378 3790 3432 membra

2064 3446 2328 3509 debilitat,
2363 3449 2580 3515 pedem,
2618 3464 2876 3513 manum,
2922 3452 3225 3525 linguam
3276 3466 3571 3530 resolvit,
3607 3468 3791 3522 oculos

2068 3538 2334 3603 tenebrat,
2368 3547 2602 3590 mentem
2657 3540 2813 3595 velat
2865 3545 3114 3602 oblivio
3160 3551 3344 3624 (83),
3382 3558 3469 3610 ita
3505 3568 3571 3611 ιιι
3612 3558 3790 3611 hami-

2069 3642 2187 3720 nem
2218 3643 2289 3720 se
2309 3626 2527 3682 nesciat
2550 3645 2676 3684 esse
2716 3647 2822 3686 nec
2866 3639 3135 3694 sentiat.
3185 3644 3412 3703 Habet
3469 3667 3618 3720 ergo
3655 3651 3794 3704 istud

2066 3716 2238 3783 primo
2259 3716 2543 3770 dedecoris
2564 3722 2884 3787 corporalis
2907 3727 3237 3798 ebrietas,
3260 3738 3406 3805 jam
3439 3716 3587 3794 vero
3611 3742 3660 3794 si
3683 3741 3795 3794 dis-

2064 3806 2328 3898 cutiamus
2378 3820 2507 3898 quot
2543 3812 2723 3864 modis
2756 3829 2925 3870 mens
2957 3819 3353 3884 inebriatur
3389 3834 3684 3898 humana,
3709 3836 3791 3887 iu-

2068 3895 2349 3948 veniemus
2381 3896 2563 3950 ebrios
2580 3899 2753 3953 etiam
2785 3918 2889 3959 eos
2922 3910 3029 3975 qui
3076 3916 3211 3969 sibi
3257 3920 3469 3976 sobrii
3509 3895 3795 3979 γῑιιειζιιιιι,

2074 3981 2348 4035 Iracundia
2384 3983 2620 4038 inebriat
2679 3990 2963 4060 animam,
3006 3997 3209 4057 furor
3276 4023 3441 4065 vero
3497 4027 3634 4066 eam
3678 4013 3796 4083 plus

2069 4087 2226 4139 quam
2266 4071 2468 4123 ebriam
2521 4075 2685 4140 facit,
2724 4080 2774 4132 si
2824 4086 2968 4151 quid
3014 4095 3249 4149 tamen
3318 4115 3468 4154 esse
3521 4071 3798 4156 ebria-me

2068 4163 2293 4254 θωρηυε
2322 4173 2515 4230 Ροῑθει·
2569 4162 2865 4235 θιιρίάίίθε
2924 4185 2989 4230 et
3042 4187 3375 4254 avaritia,
3436 4209 3561 4247 non
3621 4193 3795 4248 solum

2068 4253 2294 4314 ebrium,
2317 4254 2409 4305 sed
2460 4263 2516 4306 et
2551 4258 2804 4312 rabidum
2852 4262 3186 4325 hominem
3230 4281 3554 4335 reddunt.
3602 4284 3674 4336 Et
3700 4285 3798 4336 ob-

2070 4358 2242 4395 scena:
2292 4349 2761 4443 concupiscentiae
2839 4352 3170 4415 incbriant
3247 4371 3597 4437 animam,
3660 4374 3804 4428 sicut

2069 4448 2099 4485 e
2129 4442 2403 4485 c0ntrario
2426 4447 2481 4486 et
2501 4446 2711 4491 sancta:
2736 4447 3284 4511 concupiscentia:
3308 4459 3638 4517 inebriant
3656 4480 3774 4517 eam

2066 4524 2155 4574 sed
2206 4522 2469 4625 ebrietate
2523 4537 2715 4580 sancta
2751 4530 2842 4581 illa
2905 4505 2983 4588 de

2066 4626 2373 4666 Sanctorum
2406 4614 2467 4664 δε
2511 4632 2529 4665 ι
2574 4615 2641 4668 Et
2688 4620 2959 4685 poculum
3003 4636 3189 4685 tuum
3253 4614 3602 4699 inebrians'
3636 4661 3800 4714 quam

2070 4705 2380 4770 praeclarum
2417 4703 2537 4756 est!
2567 4725 2585 4756 ι
2639 4706 2744 4759 Sed
2772 4717 3172 4775 postmodum
3215 4727 3303 4780 de
3361 4703 3694 4791 ebrietatis
3725 4735 3804 4787 ιιξ.

2071 4793 2323 4845 versitate
2351 4794 2680 4853 videbimus.
2702 4812 2851 4851 nunc
2894 4801 3149 4860 interim
3195 4816 3357 4871 vide
3394 4838 3634 4887 «marita
3673 4831 3803 4876 sunt

2069 4894 2184 4945 qua:
2209 4879 2476 4931 iueltriaut
2508 4883 2746 4936 animam
2773 4902 2787 4937 :
2814 4895 2873 4938 et
2908 4888 3188 4952 formido
3220 4879 3522 4962 inebriat
3556 4926 3713 4975 eam,
3750 4916 3804 4964 et

2070 4985 2199 5068 vana
2236 4971 2499 5037 suspicio.
2530 4973 2737 5028 invidia
2759 4987 2953 5031 autem
2983 4994 3048 5036 et
3091 4987 3289 5059 livor,
3328 5014 3533 5069 supra
3570 4971 3802 5054 οηηέιηη

2066 5059 2381 5111 ebrietatem
2416 5074 2704 5115 macerant
2734 5079 2883 5119 eam.
2923 5068 3045 5125 Sed
3087 5059 3483 5140 enumera-ri
3525 5107 3646 5142 non
3676 5106 3802 5159 pos-

2066 5158 2191 5200 sunt
2245 5158 2448 5215 quanta
2498 5162 2648 5218 sunt,
2714 5170 2837 5221 qua:
2896 5157 3215 5220 infelicem
3289 5178 3589 5231 animam
3663 5157 3803 5234 {ligio

2066 5239 2355 5292 ebrietatis
2395 5238 2660 5298 alliciant.
2701 5244 2857 5299 Nunc
2904 5248 3156 5307 interim
3218 5262 3303 5314 de
3363 5271 3800 5323 sacerdotibus

3022 5385 3043 5416 ³
3070 5386 3093 5439 l
3118 5386 3290 5446 Tim.
3324 5411 3450 5453 vn.
3543 5402 3571 5433 ⁸
3601 5402 3727 5458 Tit.
3757 5418 3801 5459 ι.

2067 5551 2413 5677 ξἚίιίἪίνξοι
2456 5584 2473 5615 ι
2508 5567 2700 5640 sicque
2743 5568 2835 5623 alii
2878 5583 3042 5635 mss.,
3094 5576 3218 5632 nisi
3255 5588 3431 5649 quod
3479 5590 3798 5650 omittunt,
