3948 6208
247 313 351 369 ΠἸ

1377 307 1446 360 ΙΝ
1486 302 1853 360 LEVlTiCUM
1891 299 2165 355 HOMILIA
2204 298 2310 351 \‘il.

3333 287 3436 337 478

249 429 549 485 videamus,
578 429 707 487 quos
733 410 1054 467 accedentes
1089 417 1165 469 ad
1200 420 1396 486 altare,
1429 422 1556 473 vino
1581 420 1661 471 lex
1687 434 1823 485 ιιι-ιιι)-
1849 418 1894 470 Α
1922 425 1977 466 ιιι
2011 414 2080 467 ibi
2112 413 2154 442 "
2186 428 2199 462 :
2236 430 2253 461 ι
2298 405 2707 461 luebriabuntur
2746 404 2811 456 ab
2853 402 3094 456 ubertate
3124 397 3311 451 domus
3337 402 3438 447 tua:

248 513 391 577 είιιίι
421 507 703 561 absum”.
738 499 803 554 El
828 500 1046 568 (ιιιῑὼεηι
1080 518 1362 570 Quantum
1395 510 1460 561 ad
1503 506 1818 560 historicum

246 601 500 669 pertinet
522 601 859 667 praeceptum,
889 589 1176 648 subiciant
1208 597 1313 650 ista
1351 613 1470 665 qua:
1500 597 1638 649 dicta
1676 605 1817 651 sunt.

245 691 538 756 Quantum
582 694 757 738 autem
803 684 870 737 ad
913 683 1338 754 intelligentiam
1368 687 1657 756 {mysticam
1703 700 1824 752 spe-

244 786 389 839 ctat,
431 778 485 830 in
521 774 864 843 sequentibus
886 773 1166 828 tenebitur
1194 776 1510 845 (87)nostra
1542 773 1821 841 professio.

243 877 399 932 quod
436 864 741 917 secundum
774 861 1150 913 auctoritatem
1180 861 1332 914 Pauli
1367 861 1611 927 apostoli,
1643 861 1826 913 Domi.

243 968 352 1005 nus
392 963 451 1005 et
478 949 739 1005 Salvator
764 959 944 1004 uoster
966 949 1273 1002 futurorum
1298 951 1554 1003 bonorum
1590 948 1826 1016 pontifex

243 1038 468 1093 dicitur
498 1040 547 1091 '.
592 1041 714 1107 Ipse
745 1048 977 1106 estergo
1008 1038 1218 1102 Aaron,
1253 1039 1348 1091 filii
1376 1054 1507 1092 vero
1541 1040 1673 1103 eius,
1697 1053 1825 1104 apo-

248 1127 384 1180 stoli
422 1129 553 1197 ejus
583 1137 744 1191 sunt,
776 1129 841 1182 ad
870 1143 1007 1195 quos
1057 1128 1173 1194 ipse
1199 1128 1408 1181 dicebat
1452 1127 1496 1158 ¹⁰
1534 1148 1544 1180 :
1576 1145 1594 1177 ι
1630 1126 1826 1189 Filioli,

244 1216 438 1268 adhuc
480 1217 768 1269 modicum
802 1216 1078 1269 vobiscum
1119 1232 1259 1270 sum.
1296 1235 1316 1268 ι
1354 1215 1488 1280 Quid
1530 1229 1656 1281 ergo
1694 1230 1831 1282 prac-

245 1303 403 1369 cepit
431 1301 529 1356 lex
562 1302 756 1355 Aaron
789 1312 843 1355 et
875 1303 997 1355 filiis
1025 1303 1183 1371 ejus?
1223 1313 1285 1355 ut
1311 1302 1489 1355 vinum
1516 1311 1570 1354 et
1603 1302 1828 1356 siceram

248 1407 361 1445 non
391 1391 622 1454 bibant,
653 1406 780 1443 cum
805 1392 1068 1443 accedunt
1098 1393 1165 1444 ad
1191 1391 1376 1444 altare.
1395 1390 1678 1444 Videamus
1703 1402 1832 1456 quo-

247 1481 420 1532 modo
454 1480 511 1531 id
542 1493 681 1531 vero
707 1478 951 1545 pontifici
982 1477 1106 1531 Jesu
1132 1476 1607 1533 Christo'Domiuo
1624 1486 1829 1537 nostro,

248 1578 304 1618 et
330 1566 740 1620 sacerdotibus
755 1566 873 1634 ejus
902 1580 966 1619 ac
993 1565 1140 1629 filiis,
1171 1569 1374 1621 nostris
1401 1582 1529 1620 vero
1560 1565 1863 1633 apostolis,“

249 1656 539 1724 possimus
568 1665 790 1723 aptare.
818 1655 884 1708 Et
905 1657 1333 1724 perspiciendum
1361 1659 1535 1724 primo
1558 1664 1659 1714 est,
1701 1668 1834 1720 quo-

252 1744 423 1795 modo
462 1745 628 1810 prius
651 1742 875 1810 quidem
901 1758 1061 1810 quam
1105 1744 1325 1797 accedat
1361 1744 1425 1795 ad
1479 1742 1643 1794 altare
1678 1754 1833 1792 verus

254 1829 347 1881 hic
387 1830 678 1896 pontifex,
712 1843 837 1882 cum
868 1830 1245 1884 sacerdotibus
1283 1831 1393 1883 suis
1433 1828 1566 1881 bibit
1601 1828 1780 1879 vinum
1817 1842 1831 1876 :

255 1933 386 1971 cum
417 1931 562 1969 vero
605 1916 805 1984 incipit
833 1916 1096 1970 accedere
1130 1917 1195 1969 ad
1219 1915 1404 1979 altare,
1436 1922 1488 1968 et
1532 1913 1741 1980 ingredi
1784 1912 1864 1963 iu-

259 2004 697 2058 tabernaculum
728 2005 1046 2066 teStimonii,
1077 2005 1309 2056 abstinet
1341 2004 1481 2055 vino.
1521 2002 1683 2054 Putas
1709 2014 1834 2067 pos-

260 2107 459 2146 sumus
498 2092 759 2146 invenire
805 2093 913 2145 tale
959 2093 1159 2160 aliquid
1190 2093 1257 2145 ab
1295 2106 1359 2144 eo
1390 2090 1632 2159 gestum?
1677 2089 1838 2142 Putas

261 2196 566 2251 possumus
595 2182 820 2235 Veteris
862 2182 1211 2235 lustrumeuti
1245 2181 1461 2244 formas,
1499 2180 1629 2233 Novi
1654 2179 1840 2234 Testa-

261 2274 435 2326 menti
464 2273 644 2337 gestis
675 2278 734 2323 et
762 2271 1108 2324 sermonibus
1133 2272 1420 2339 coaptare?
1457 2271 1765 2332 Possumus,
1794 2271 1839 2323 si

264 2375 371 2414 nos
399 2361 588 2430 ipsum
627 2360 724 2412 Dei
762 2357 1006 2412 Verbum
1056 2368 1110 2412 et
1157 2360 1346 2426 juvare
1373 2370 1427 2412 et
1465 2359 1730 2425 inspirare
1761 2358 1840 2410 di-

262 2460 490 2518 gnetur.
530 2449 846 2514 Quaerimus
878 2461 1010 2515 ergo
1046 2448 1315 2516 quomodo
1347 2447 1597 2501 Dominus
1629 2455 1682 2499 et
1732 2444 1846 2498 Sal-

263 2546 429 2594 vator
464 2548 682 2604 noster,
718 2538 812 2606 qui
841 2545 926 2592 est
953 2551 1114 2590 verus
1136 2535 1390 2604 pontifex,
1425 2550 1546 2589 cum
1576 2534 1843 2603 discipulis

266 2630 415 2692 suis,
445 2630 544 2696 qui
575 2638 702 2681 sunt
730 2627 849 2680 veri
881 2627 1210 2689 sacerdotes,
1230 2634 1508 2692 antequam
1541 2624 1755 2678 accedat
1778 2623 1841 2675 ad

266 2718 460 2772 altare
497 2716 616 2780 Dei,
640 2718 795 2770 bibat
824 2714 938 2784 (88)
981 2715 1197 2777 vinum;
1253 2728 1372 2766 cum
1417 2726 1545 2767 vero
1592 2712 1845 2764 accedere

269 2807 537 2875 coeperit,
565 2821 675 2858 non
711 2806 888 2858 bibat.
920 2805 1150 2857 Venerat
1184 2804 1235 2856 in
1273 2802 1414 2855 hunc
1452 2800 1706 2852 mundum
1735 2797 1847 2850 Sal-

269 2907 457 2959 vator,
489 2904 551 2948 ut
600 2909 706 2963 pro
733 2893 981 2960 peccatis
1010 2893 1210 2944 nostris
1243 2904 1454 2951 carnem
1500 2904 1648 2942 suam
1690 2886 1848 2941 oll‘er-

1917 517 1972 560 et
2005 513 2292 558 torrentem
2319 498 2599 566 voluptatis
2627 506 2727 548 tua:
2753 502 2928 563 potum
2961 491 3111 545 dabis
3141 489 3242 542 illis
3267 483 3432 556 (90).)

1918 596 1973 649 In
2003 594 2228 649 Jeremia
2258 603 2465 657 quoque
2490 585 2618 638 dicit
2639 582 2891 636 Dominus
2922 581 2964 612 "
2989 597 3040 631 ει
3075 579 3137 632 Ει
3165 575 3437 630 inebriabo

1918 682 2164 752 populum
2190 693 2383 731 meum.
2421 697 2440 722 ι
2475 674 2542 727 Et
2581 673 2751 725 Isaias
2790 669 2920 722 dicit
2961 668 3005 699 “
3043 684 3056 719 :
3095 684 3111 716 ι
3166 665 3301 718 Ecce
3347 663 3438 731 qui

1921 750 2156 826 serviunt
2187 768 2316 822 mihi
2340 764 2540 826 bibent,
2572 776 2667 814 vos
2696 768 2870 812 autem
2891 755 3103 810 sitietis.
3140 771 3159 803 ι
3188 752 3253 804 Et
3277 750 3439 803 multa

1922 863 1987 915 de
2013 857 2374 928 hujuscemodi
2416 853 2671 907 ebrietate
2701 849 2751 901 in
2784 843 3080 912 Scripturis
3116 838 3312 893 divinis
3358 838 3441 890 in-

1922 949 2102 1003 venies
2140 944 2438 997 memorari.
2464 941 2588 1006 Quae
2611 937 2840 991 ebrietas
2868 933 2982 987 sine
3009 928 3167 983 dubio
3189 939 3284 992 pro
3318 938 3446 992 gau-

1925 1041 2011 1095 dio
2050 1039 2234 1091 anima:
2270 1043 2323 1087 et
2356 1032 2534 1084 laetitia
2563 1026 2754 1081 mentis
2793 1024 3071 1089 accipitur,
3105 1018 3241 1071 sicut
3262 1022 3316 1067 et
3345 1009 3447 1064 ali-

1923 1131 1977 1184 bi
2017 1126 2328 1181 distinxisse
2366 1135 2461 1174 nos
2523 1117 2880 1177 meminimus,
2932 1109 3071 1163 aliud
3123 1118 3240 1159 esse
3292 1109 3449 1156 nocte

1926 1215 2200 1276 inebriari,
2220 1222 2272 1266 et
2310 1211 2452 1263 aliud
2482 1209 2566 1262 die
2605 1203 2888 1257 inebriari.

1993 1307 2057 1359 2..
2079 1306 2134 1358 Si
2161 1317 2285 1370 ergo
2318 1299 2664 1353 intelleximus
2697 1302 2996 1345 sanctorum
3025 1298 3140 1353 qua:
3165 1283 3235 1336 sit
3264 1279 3441 1334 ebrie—

1932 1406 2035 1457 tas,
2072 1403 2125 1448 et
2163 1367 2427 1459 quomodo
2456 1389 2566 1440 haec
2596 1398 2690 1451 pro
2717 1378 2894 1433 laetitia
2916 1375 3115 1429 sanctis
3142 1372 3193 1423 in
3227 1367 3452 1438 promis-

1929 1486 2164 1539 siouibus
2196 1483 2349 1532 datur
2372 1513 2389 1540 ,
2425 1476 2694 1529 videamus
2744 1483 2887 1523 nunc
2917 1461 3180 1533 quomodo
3210 1457 3454 1511 Salvator

1932 1582 2109 1627 noster
2140 1586 2240 1623 nou
2276 1568 2407 1619 bibit
2432 1564 2610 1618 vinum
2639 1600 2653 1622 ,
2700 1568 2970 1624 usquean
3002 1552 3146 1604 bibat
3179 1545 3304 1601 illud
3333 1559 3451 1598 cum

1931 1662 2125 1714 sanctis
2158 1670 2347 1710 novum
2396 1655 2446 1706 in
2480 1664 2636 1718 regno
2677 1648 2791 1700 Dei.
2841 1643 3089 1695 Salvator
3135 1650 3284 1689 meus
3315 1634 3456 1700 luget

1932 1750 2087 1802 etiam
2121 1760 2259 1798 nunc
2289 1744 2396 1811 (9|)
2429 1747 2641 1807 peccata
2667 1751 2802 1787 utea.
2836 1730 3077 1784 Salvator
3108 1738 3254 1776 meus
3288 1719 3453 1773 ltetari

1932 1851 2036 1889 nou
2062 1842 2233 1902 potest
2257 1809 2425 1883 donec
2447 1842 2543 1895 ego
2573 1827 2623 1877 in
2649 1822 2927 1888 iniquitate
2951 1826 3252 1885 permaneo.
3283 1809 3457 1874 Quare

1934 1941 2037 1979 non
2066 1897 2297 1992 potest?
2342 1920 2461 1986 quia
2513 1919 2624 1984 ipse
2657 1923 2736 1965 est
2783 1912 3071 1963 advocatus
3099 1918 3195 1972 pro
3225 1897 3459 1968 peccatis

1936 1987 2128 2067 nostris
2155 2011 2292 2078 apud
2328 2008 2562 2063 Patrem,
2589 2003 2725 2055 sicut
2758 1997 2993 2049 Joannes
3023 1999 3315 2061 symmysta
3345 1987 3457 2054 ejus

1934 2077 2255 2170 praenuntiat
2286 2098 2469 2149 dicens
2515 2093 2554 2124 "
2584 2092 2708 2159 quia
2751 2106 2769 2138 t
2799 2097 2850 2141 et
2886 2085 2930 2137 si
2976 2084 3091 2150 quis
3121 2077 3458 2147 peccaverit,

1937 2165 2246 2242 advocatum
2278 2184 2533 2236 habemus
2562 2177 2698 2244 apud
2736 2174 2945 2227 Patrem
2972 2167 3152 2224 Jesmn
3191 2165 3461 2218 Christum

1933 2278 2167 2347 justum,
2206 2283 2260 2328 et
2300 2275 2413 2340 ipse
2433 2279 2515 2323 est
2547 2263 2910 2333 repropitiatio
2955 2274 3051 2327 pro
3092 2254 3322 2324 peccatis
3370 2265 3465 2303 no-

1938 2368 2087 2422 stris.
2116 2383 2136 2416 ι
2169 2361 2443 2428 Quomodo
2465 2373 2589 2425 ergo
2620 2362 2792 2423 potest
2822 2351 2929 2417 ille,
2957 2348 3056 2417 qui
3075 2348 3360 2400 advocatus
3383 2348 3467 2393 est

1941 2471 2035 2525 pro
2064 2452 2294 2523 peccatis
2326 2450 2479 2510 meis,
2518 2446 2696 2499 bibere
2723 2442 2904 2494 vinum
2933 2436 3147 2497 laetitia,
3176 2445 3332 2501 quem
3364 2442 3465 2497 ego

1940 2520 2207 2612 peccando
2235 2537 2529 2592 contristo?
2559 2530 2831 2599 Quomodo
2858 2534 3028 2595 potest
3053 2525 3170 2587 iste,
3199 2520 3285 2588 qui
3315 2532 3468 2570 acce-

1941 2604 2017 2686 dit
2048 2631 2113 2683 ad
2144 2628 2312 2681 altare
2341 2635 2395 2678 ut
2426 2621 2738 2691 repropitiet
2774 2630 2857 2668 me
2886 2619 3236 2681 peccatorem,
3265 2620 3381 2659 esse
3415 2604 3468 2656 in

1941 2721 2139 2783 lwlitia,
2179 2717 2243 2770 ad
2271 2729 2423 2783 quem
2458 2719 2794 2780 peccatorum
2833 2715 3068 2757 meorum
3100 2712 3296 2752 mceror
3329 2710 3470 2749 sem-

1940 2821 2037 2875 per
2063 2802 2342 2859 ascendit?
2375 2796 2891 2864 Vobiscum,iuquit,
2937 2793 3061 2846 illud
3094 2790 3269 2845 bibam
3305 2787 3354 2837 in
3386 2797 3473 2837 re—

1944 2910 2046 2964 gno
2095 2894 2268 2947 Patris
2299 2892 2419 2944 mei.
2454 2887 2697 2954 Quandiu
2744 2900 2840 2938 nos
2881 2897 2983 2936 non
3029 2882 3099 2932 ita
3150 2879 3374 2946 agimus,
3413 2882 3472 2927 ut

271 2997 359 3039 "3"
405 2986 659 3039 ¹¹⁰³¹Ῐ³π¹
712 2984 849 3036 θεο-
896 2981 1045 3034 Ηίδηο
1093 2981 1399 3049 ρτίιιεψιληι
1443 2977 1678 3041 οσθΐΐθῑν
1714 2977 1850 3028 illi"
1876 2989 1918 3044 ο
1951 2985 2295 3039 ascendamus
2324 2981 2390 3032 ad
2421 2992 2662 3046 regnum,
2697 2991 2800 3028 non
2833 2979 3006 3039 potest
3037 2968 3161 3021 illud
3190 2967 3367 3018 vinum
3400 2963 3474 3015 bi-

272 3074 764 3141 dispensationnm
802 3084 986 3123 moras
1024 3071 1204 3122 vinum
1237 3068 1473 3121 bibebat.
1501 3067 1735 3133 Denique
1768 3066 1849 3118 di-

273 3167 516 3218 cebatur
544 3165 719 3217 homo
744 3175 939 3223 vorax,
971 3168 1027 3213 et
1054 3159 1162 3211 vini
1190 3167 1421 3225 potator,
1448 3158 1649 3210 anticus
1682 3154 1854 3222 publi—

272 3269 577 3317 canorum,
610 3261 666 3305 et
696 3256 1063 3318 peccatorum.
1100 3246 1199 3300 Ubi
1242 3260 1367 3298 vero
1398 3254 1607 3313 tempus
1643 3244 1855 3297 advenit

274 3344 467 3399 crucis
508 3357 653 3404 suae,
677 3349 735 3393 et
761 3352 1087 3393 accessurus
1113 3345 1231 3390 erat
1260 3337 1325 3388 ad
1353 3336 1520 3388 altare
1542 3334 1629 3387 ubi
1668 3336 1857 3389 immo-

278 3431 423 3484 laret
451 3429 700 3483 hostium
736 3427 924 3481 carnis
955 3425 1404 3491 suae,taccipiens,
1445 3422 1616 3490 inquit
1650 3421 1713 3483 “,
1763 3436 1855 3473 ca-

276 3517 468 3580 licem,
507 3516 829 3576 benedixit,
878 3524 930 3566 et
972 3514 1112 3566 dedit
1150 3511 1423 3577 discipul's
1473 3511 1585 3564 suis
1633 3509 1852 3562 dicens:

277 3607 557 3672 Accipite,
607 3614 665 3656 et
712 3602 883 3655 bibite
919 3615 987 3654 et
1015 3600 1139 3653 hoe.
1177 3617 1198 3650 ι
1255 3598 1380 3663 Vos,
1429 3598 1623 3665 inquit,
1664 3597 1853 3661 bibite,

278 3697 373 3763 qui
416 3695 470 3764 (ξ’
476 3695 535 3763 9)
567 3693 741 3746 modo
784 3687 1052 3744 accessuri
1086 3701 1191 3739 non
1237 3687 1368 3740 estis
1397 3685 1464 3737 ad
1511 3684 1696 3736 altare.
1745 3685 1858 3749 ipse

281 3794 469 3837 autem
499 3793 772 3847 tanquam
802 3768 1119 3831 accessurus
1149 3774 1215 3827 ad
1241 3775 1427 3836 altare,
1458 3770 1592 3827 dicit
1612 3772 1677 3824 de
1704 3787 1761 3825 se
1781 3773 1855 3825 ":

286 3894 306 3926 ς
344 3876 524 3926 Amen
559 3872 690 3926 dico
723 3868 899 3929 vobis,
925 3865 1046 3934 quia
1077 3878 1184 3917 non
1213 3863 1387 3916 bibam
1421 3863 1486 3915 de
1520 3862 1861 3930 generatione

281 3966 411 4018 vitis
432 3960 634 4028 hujus,
674 3969 956 4023 usquequo
984 3953 1163 4007 bibam
1200 3951 1329 4004 illud
1363 3951 1637 4002 vobiscum
1667 3962 1858 4002 novum

283 4057 338 4109 in
363 4068 541 4123 regno
564 4050 754 4102 Patris
792 4046 920 4100 mei.
956 4063 975 4096 ι
1019 4044 1075 4096 Si
1117 4044 1240 4110 quis
1276 4051 1512 4094 vestrum
1544 4041 1762 4094 auribus
1796 4042 1860 4093 ad

286 4144 638 4198 audiendum
682 4134 986 4206 puriﬁcatis
1020 4131 1254 4196 accedit,
1298 4128 1580 4182 ineﬂ'abilis
1622 4128 1859 4198 mysterii

288 4234 585 4287 intueatur
620 4237 908 4279 arcanum.
946 4220 1085 4283 Quid
1114 4228 1195 4271 est
1222 4217 1366 4284 quod
1399 4216 1525 4267 dicit
1551 4216 1669 4281 quia
1703 4234 1722 4266 ι
1756 4230 1859 4269 non

1952 3074 2079 3126 bere
2104 3070 2271 3132 solus,
2302 3068 2442 3136 quod
2484 3066 2758 3118 uobiscum
2792 3076 2849 3114 se
2880 3061 3057 3114 bibere
3088 3054 3346 3124 promisit.
3376 3052 3474 3104 Est

1950 3175 2077 3227 ergo
2110 3159 2287 3212 tandiu
2314 3157 2365 3208 in
2399 3166 2645 3212 unatrore,
2671 3149 2902 3218 quandiu
2934 3161 3032 3199 nos
3059 3144 3388 3213 persistimus
3418 3139 3471 3190 in

1949 3226 2151 3300 errore.
2185 3245 2240 3297 Si
2270 3243 2409 3296 enim
2443 3239 2722 3309 Apostolus
2752 3239 2917 3303 ipsius
2942 3234 3078 3302 luget
3100 3230 3354 3298 quosdam
3383 3226 3473 3294 qui

1952 3347 2075 3388 ante
2117 3340 2505 3401 peccaverunt,
2538 3340 2592 3382 et
2623 3344 2725 3382 non
2760 3335 2983 3394 egerunt
3009 3321 3371 3388 pmuiteutiam
3420 3316 3474 3368 in

1954 3426 2040 3478 bis
2062 3437 2179 3491 quae
2207 3427 2483 3489 gesserunt
2506 3418 2569 3482 ιδ,
2599 3416 2725 3484 quid
2755 3416 2923 3467 dicam
2960 3413 3025 3465 de
3052 3411 3183 3476 ipso,
3219 3406 3306 3474 qui
3342 3404 3477 3456 filius

1954 3510 2145 3564 dicitur
2173 3503 2491 3558 charitatis?
2521 3503 2608 3568 qui
2642 3500 2982 3565 semetipsum
3016 3491 3309 3546 cxinanivit
3349 3502 3476 3555 pro-

1952 3606 2069 3667 pter
2106 3595 2422 3648 ~charitatetu
2456 3604 2616 3657 quam
2666 3585 2893 3639 habebat
2918 3595 3043 3647 erga
3084 3592 3220 3642 nos,
3272 3585 3322 3627 et
3374 3589 3476 3627 non

1955 3683 2199 3754 quaesivit
2225 3697 2342 3748 quze
2377 3694 2470 3732 sua
2499 3686 2641 3736 sunt,
2674 3688 2792 3728 cum
2817 3677 2958 3724 esset
2981 3664 3199 3735 :equalis
3228 3665 3355 3723 Deo,
3387 3661 3479 3715 sed

1955 3749 2193 3840 quaesivit
2221 3781 2337 3835 qua:
2386 3774 2561 3819 nostra
2587 3770 2726 3822 sunt,
2757 3767 2812 3811 et
2837 3766 3052 3825 prepter
3081 3756 3179 3807 hoc
3205 3749 3483 3805 evacuavit

1956 3838 2016 3915 se
2045 3860 2087 3890 "
2113 3859 2134 3911 ?
2163 3858 2294 3911 Cum
2333 3868 2459 3920 ergo
2501 3855 2599 3905 ista
2647 3862 2762 3916 quae
2799 3855 2979 3900 nostra
3012 3851 3134 3896 sunt
3175 3838 3479 3909 quaesierit,

1958 3963 2100 4003 nunc
2126 3946 2235 4015 jam
2264 3958 2358 3998 nos
2390 3957 2493 3995 non
2528 3939 2737 4007 quaerit,
2765 3949 2862 3989 nec
2892 3948 3006 4002 quae
3034 3939 3213 3984 nostra
3240 3938 3367 3982 sunt
3393 3940 3484 3980 co-

1957 4038 2086 4105 gitat
2106 4014 2246 4098 ,inec
2279 4034 2345 4085 de
2392 4028 2662 4083 erroribus
2693 4024 2889 4077 nostris
2922 4030 3106 4074 mmret
3131 4056 3146 4081 ,
3178 4031 3277 4071 nec
3303 4014 3483 4083 perdi-3

1961 4125 2129 4176 tiones
2159 4130 2364 4174 nostras
2388 4125 2440 4170 et
2471 4114 2814 4169 contritiones
2845 4109 3018 4174 deflet,
3042 4108 3132 4176 qui
3158 4106 3300 4159 ﬂevit
3327 4117 3484 4170 super

1960 4208 2273 4270 Jerusalem,
2301 4216 2354 4259 et
2382 4206 2512 4258 dixit
2538 4205 2602 4256 ad
2633 4217 2749 4255 eam
2776 4201 2819 4232 ⁸ο
2843 4218 2857 4253 :
2894 4217 2912 4250 ι
2940 4197 3158 4263 Quoties
3189 4194 3328 4250 volui
3358 4207 3487 4247 con-

619 4281 1126 4384 generationevitis
1163 4281 1340 4369 huius,
1376 4319 1653 4371 ttsqtteqtto
1688 4304 1858 4355 bibam
1897 4281 1937 4334 υ
1965 4310 2181 4364 gregare
2213 4294 2346 4347 filios
2392 4304 2509 4346 tuos
2533 4332 2549 4358 ,
2580 4293 2717 4344 sicut
2755 4289 2944 4356 gallina
2986 4294 3272 4355 congregat
3315 4283 3488 4351 pullos

288 4408 421 4461 illud
453 4404 756 4459 vobiscum
782 4412 978 4451 novum
1010 4396 1062 4446 in
1093 4408 1256 4459 regno
1296 4392 1470 4442 Patris
1502 4391 1635 4442 mei?
1669 4409 1686 4440 ι
1721 4391 1864 4443 Dice-

288 4498 483 4549 bamus
538 4494 600 4546 in
631 4488 1003 4557 superioribus
1035 4482 1450 4550 promissionem
1483 4481 1683 4533 sanctis
1715 4484 1862 4534 home

289 4578 787 4654 huiusebrietatis
818 4577 1017 4638 datam,
1039 4587 1160 4627 cum
1197 4572 1387 4623 dicunt
1419 4569 1462 4599 ¹³
1489 4584 1502 4620 :
1540 4586 1558 4618 ι
1598 4570 1661 4621 Ει
1693 4584 1861 4635 ροεη..

290 4678 399 4728 lum
433 4684 598 4728 tuum
625 4666 923 4724 inebrians,
954 4678 1114 4731 quam
1147 4658 1470 4728 praeclarum
1503 4659 1611 4710 est!
1642 4658 1781 4711 tSed
1813 4669 1865 4712 ct

291 4765 345 4819 in
366 4762 494 4818 aliis
528 4756 723 4813 multis
739 4753 895 4822 221
923 4750 1212 4818 Scriptura:
1238 4745 1371 4798 locis
1397 4743 1588 4797 similia
1614 4746 1861 4811 legimus,

352 4892 374 4922 ’
403 4887 585 4943 Hebr.
624 4896 703 4944 ιι,
742 4876 848 4944 ll,
900 4872 1114 4944 "Joan.
1142 4882 1263 4924 xm.
1297 4868 1388 4944 5_5_.

289 4956 333 4989 ι’
358 4936 572 5011 Ιέῖ-έῖιί.
604 4936 757 5005 xxii,
792 4943 875 4996 M.
951 4941 993 4972 ¹⁶
1022 4940 1126 4991 lsa.
1155 4952 1284 5011 μιν,
1316 4936 1405 4986 l3.

281 5005 439 5086 niti,
458 5005 574 5076 ‘37.
654 5016 699 5046 ἰ
731 5012 867 5065 Psal.
901 5022 1120 5065 xxxvut,
1152 5005 1204 5054 5.

337 5122 469 5187 (87)
532 5114 696 5175 Mss,
736 5095 1584 5187 t.inusequeutibns-tenehitur.
1637 5113 1658 5147 ι
1703 5097 1854 5152 Libb.

247 5178 487 5249 editifr
521 5188 579 5237 in
607 5178 974 5249 superioribus
999 5179 1293 5249 teneturL»

343 5231 484 5329 (iis;
707 5231 732 5298 ί
742 5317 754 5329 .
773 5246 945 5329 sive».
969 5231 1486 5329 ’FtP‘fi'i’hi’ii‘a‘
1514 5231 1859 5329 P‘if‘nffiifé'lt

252 5296 971 5384 Libﬁ'e—Jfﬁrqvbibehat,
1005 5325 1026 5357 ι
1064 5296 1119 5357 εἰ
1148 5296 1318 5367 paulo
1345 5306 1481 5362 post,
1514 5315 1535 5346 σ
1580 5313 1686 5351 non
1717 5299 1871 5353 bibe-

256 5398 474 5527 ιηῖἒδ)
507 5454 670 5527 Mss»
709 5468 731 5500 ε
763 5447 867 5527 qui
898 5463 914 5495 ι
951 5427 1529 5527 “Et”;"‘.'f,'.‘.:.,‘...?-'1‘°:
1583 5451 1605 5482 ’

348 5460 448 5527 (89
507 5460 670 5515 Μῦς..
709 5468 731 5500 ι
763 5464 867 5517 qut.
898 5463 914 5495 ι
951 5460 1101 5495 uno.
1130 5460 1289 5489 cum,
1324 5460 1342 5477 -
1394 5460 1529 5509 qum.
1583 5460 1605 5482 ,

348 5460 474 5594 '90}
529 5522 658 5576 Mss.
708 5526 803 5570 «et
838 5517 1116 5567 torrentem
1170 5494 1467 5553 voluntatis
1515 5511 1621 5553 tua:
1673 5513 1869 5558 uotum

1466 4867 1503 4896 “
1533 4865 1715 4917 Matth.
1747 4880 1888 4929 xxvi,
1918 4864 2006 4916 27.
2081 4862 2122 4892 ¹¹
2153 4860 2276 4915 ibid.
2306 4860 2394 4914 29.

1499 4933 1536 4963 ¹⁷
1568 4933 1588 4985 Ι
1618 4932 1768 4985 Joan.
1801 4949 1858 4998 ιι,
1887 4933 1936 4996 1,
1968 4933 2021 4984 2.

1967 4401 2093 4440 Suos
2115 4424 2129 4447 ,
2164 4392 2216 4437 et
2247 4382 2536 4438 noluisti?»
2567 4379 2666 4445 Qui
2700 4393 2824 4446 ergo
2851 4378 3272 4428 vulneranostra
3304 4387 3487 4427 susce-

1969 4479 2066 4546 pit,
2100 4486 2151 4529 et
2200 4483 2413 4543 propter
2440 4486 2533 4524 nos
2565 4469 2732 4522 doluit
2780 4479 3024 4535 tauquam
3056 4465 3354 4517 animarum
3395 4476 3490 4515 no-

1970 4577 2196 4621 strarum
2251 4572 2305 4617 et
2349 4576 2628 4629 corporum
2693 4558 2970 4621 medicus,
3023 4557 3178 4609 modo
3210 4554 3487 4607 vulnerum

1970 4667 2272 4710 nostrorum
2327 4651 2632 4719 putredines
2682 4646 2950 4716 negligit?
2992 4663 3009 4695 ι
3042 4645 3490 4707 Computruerunt

1968 4748 2106 4800 enim
2135 4746 2226 4815 (ut
2253 4744 2324 4795 ait
2356 4742 2616 4809 Propheta
2648 4740 2726 4809 ἰ)
2759 4748 2813 4791 et
2840 4745 3095 4802 corruptae
3125 4746 3248 4788 sunt
3271 4732 3487 4786 cicatri-

2471 4860 2512 4889 ¹³
2541 4858 2677 4911 Psal.
2718 4874 2846 4910 χχιιι
2866 4898 2878 4917 .
2907 4859 2958 4913 5.
3034 4858 3075 4888 “
3104 4858 3237 4910 Psal.
3272 4872 3414 4917 xxvi,
3436 4857 3492 4911 9.

2111 4931 2151 4962 ⁵⁸
2183 4931 2220 4983 ll
2249 4930 2369 4983 Cor.
2398 4941 2493 4990 xu,
2517 4928 2604 4979 21.
2699 4926 2740 4957 ³⁸
2766 4925 2991 4994 Philipp.
3024 4942 3080 4989 ιι,
3114 4928 3162 4978 7.
3235 4924 3279 4956 ³⁸
3307 4925 3496 4977 Matth.

1971 5097 2119 5151 dabis
2148 5094 2270 5146 illis.
2303 5109 2320 5141 ι
2355 5088 2506 5144 Libb.
2534 5086 2672 5156 fediti
2711 5103 2730 5137 ι
2757 5092 2813 5137 et
2843 5089 3075 5135 torrente
3106 5073 3351 5128 bonitatis
3390 5081 3490 5126 tua

1970 5164 2172 5233 potabis
2196 5176 2316 5233 eos.
2350 5177 2368 5209 ι

2450 5238 2605 5298 _nteus
2644 5220 2777 5298 luget
2807 5217 2960 5270 etiam
2980 5201 3484 5298 “nunc-Lees“.

1970 5268 2345 5352 set‘tsu’dixerit
2374 5293 2626 5353 Origenes
2653 5268 2916 5341 tiliristutu
2945 5268 3493 5353 etiamttu‘lgteluﬁere

1970 5376 2193 5435 peccata
2213 5372 2388 5435 nostra
2419 5334 2585 5435 ,juse
2631 5365 2685 5408 et
2712 5356 2865 5435 docte
2887 5334 3091 5435 ’aper-i't‘
3107 5335 3314 5435 cl‘jgiss.
3354 5334 3495 5395 liue-

2419 5399 2539 5479 ἰῑίῖ.
2887 5399 2955 5478 5,’
2972 5420 3114 5463 num.
3143 5399 3231 5455 29.
