3948 6256
328 329 427 387 ιτς

326 453 421 495 ees
452 446 643 490 nostra!
667 472 682 497 ,
714 448 742 486 a
795 432 930 486 facie
972 427 1288 497 insipientia:
1322 434 1538 479 nostra‘.
1567 439 1586 471 ι
1635 417 1735 471 Pro
1774 415 1857 467 his
1886 413 1926 467 A

328 541 457 594 ergo
477 525 722 578 omnibus
747 523 946 575 assistit
963 534 1101 572 nunc
1129 517 1289 569 vultui
1351 514 1473 574 Dei,
1507 505 1854 575 interpellans

332 630 431 686 pro
458 616 608 667 nobis
629 652 645 675 ,
678 611 883 665 assistit
924 609 1113 670 altari,
1150 616 1207 658 ut
1246 602 1731 672 reprbpitiationem
1761 607 1856 661 pro

336 702 490 757 nobis
515 698 701 752 oderat
732 700 840 751 Deo
865 711 878 748 :
911 705 963 749 et
1009 696 1128 747 ideo
1161 694 1368 747 dicebat
1398 699 1649 755 tanquam
1679 699 1860 738 acces-

337 804 491 843 surus
520 788 584 840 ad
614 787 756 840 istud
785 785 974 846 altare,
1009 783 1132 848 quia
1154 781 1260 847 jam
1300 798 1319 829 ι
1343 793 1447 832 non
1486 777 1659 829 bibam
1690 775 1755 827 de
1777 786 1862 838 ge-

340 877 610 930 neratione
643 875 769 927 vitis
792 871 946 939 hujus
965 909 981 935 ,
1011 871 1180 924 donec
1222 869 1401 923 bibam
1429 867 1560 919 illud
1587 863 1860 918 vobiscum

338 977 553 1017 novum.
589 980 608 1013 ι
640 963 923 1030 Exspectat
952 973 1078 1027 ergo
1105 967 1161 1012 ut
1190 968 1579 1019 convertamur,
1614 963 1673 1006 ιιι
1701 952 1863 1021 ipsius

340 1050 609 1105 imitemur
628 1052 739 1121 (92)
771 1052 1091 1118 exemplum,
1123 1060 1178 1101 ut
1201 1060 1483 1115 sequamur
1508 1043 1727 1110 vestigia
1753 1043 1868 1109 ejus

341 1148 396 1192 et
423 1138 629 1192 laetetur
665 1139 937 1191 nobiscum
961 1177 976 1201 ,
1008 1149 1061 1191 et
1088 1136 1230 1188 bibat
1257 1135 1435 1185 vinum
1471 1131 1739 1184 nobiscum
1765 1165 1781 1191 ,
1816 1127 1867 1179 in

342 1240 505 1292 regno
532 1226 704 1279 Patris
739 1226 839 1278 sui.
870 1225 1021 1277 Nunc
1048 1223 1187 1275 enim
1218 1222 1341 1287 quia
1370 1220 1674 1273 misericors
1705 1228 1788 1269 est
1816 1224 1871 1267 et

344 1316 623 1369 miserator
649 1314 924 1378 Dominus,
957 1311 1155 1380 majore
1185 1310 1376 1365 ali'ectu
1409 1310 1521 1377 ipse
1550 1322 1706 1374 quam
1732 1307 1873 1371 Apoc

342 1404 507 1458 stolus
538 1419 663 1458 suus
706 1401 794 1455 ﬂet
825 1418 946 1457 cum
990 1401 1233 1454 ﬂentibus
1256 1439 1273 1466 ,
1306 1399 1451 1466 cupit
1492 1397 1721 1464 gaudere
1750 1410 1870 1449 cum

241 1515 254 1527 -
347 1492 698 1559 gaudentibus
729 1492 793 1544 ".
829 1491 894 1544 Et
929 1490 1091 1544 multo
1125 1489 1295 1557 magis
1337 1487 1485 1554 luget
1531 1487 1642 1551 ipse
1666 1498 1757 1538 eos
1784 1482 1872 1549 qui

348 1593 471 1635 ante
520 1591 871 1651 peccaverunt
897 1589 952 1635 et
1002 1596 1105 1634 non
1146 1589 1366 1647 egerunt
1416 1572 1774 1645 pcenitentiam
1807 1570 1874 1622 ".

349 1667 532 1738 Neque
557 1670 695 1724 enim
724 1670 1011 1738 putandum
1041 1678 1142 1730 est,
1176 1668 1316 1735 quod
1347 1665 1538 1718 Paulus
1564 1662 1772 1730 quidem
1801 1659 1878 1709 lu-

351 1768 470 1825 geat
500 1773 593 1825 pro
620 1758 1003 1826 peccatoribus,
1032 1767 1087 1809 et
1118 1756 1238 1808 ﬂeat
1264 1769 1362 1822 pro
1390 1747 1821 1817 delinquentibus
1853 1762 1867 1810 ;

353 1845 611 1900 Dominus
657 1856 831 1900 autem
882 1861 1032 1900 mens
1059 1846 1213 1898 Jesns
1254 1843 1514 1895 abstineat
1541 1855 1568 1892 a
1603 1838 1723 1891 ﬂetu
1754 1852 1872 1889 cum

351 1933 561 1985 accedit
595 1935 658 1986 ad
688 1932 917 1997 Patrem,
943 1947 1060 1986 cum
1103 1931 1305 1984 assistit
1344 1928 1491 1980 altari
1518 1965 1533 1988 ,
1562 1937 1614 1979 et
1642 1923 1877 1991 repropi-

358 2021 631 2074 tiationem
659 2022 766 2091 (95)
797 2038 891 2090 pro
921 2021 1073 2074 nobis
1100 2018 1285 2079 oﬁ‘ert;
1317 2025 1367 2069 et
1394 2017 1494 2068 hoc
1518 2023 1596 2067 est
1622 2011 1877 2064 acceden-

360 2118 465 2162 tem
492 2112 555 2163 ad
580 2111 745 2164 altare
770 2126 871 2164 nou
897 2112 1074 2163 bibere
1104 2110 1281 2161 vinum
1310 2107 1523 2167 hetitite,
1548 2105 1669 2172 quia
1699 2103 1876 2156 adhuc

359 2186 707 2265 peccatorum.
744 2208 1042 2253 nostrorum
1075 2197 1453 2249 amaritudines
1486 2196 1704 2261 patitur.
1760 2192 1875 2245 Non

360 2289 472 2340 vult
499 2303 625 2357 ergo
653 2290 797 2342 solus
828 2290 879 2341 in
915 2302 1075 2355 regno
1103 2288 1193 2339 Dei
1222 2288 1403 2339 bibere
1430 2285 1630 2346 vinum,
1662 2299 1756 2336 nos
1787 2298 1883 2336 ex-

360 2388 584 2445 spectat.
626 2379 715 2431 Sic.
742 2380 884 2432 enim
917 2379 1047 2431 dixit
1072 2378 1144 2429 ἐς
1183 2394 1202 2427 ι
1238 2376 1413 2429 Donec
1442 2376 1614 2428 bibam
1644 2374 1769 2428 illud
1795 2388 1883 2426 vo-

361 2468 587 2521 biscum.
614 2485 632 2518 »
670 2467 773 2519 Nos
804 2482 984 2519 sumus
1014 2467 1175 2534 igitur
1199 2466 1308 2532 qui,
1335 2465 1494 2516 vitam
1522 2472 1754 2516 nostram
1792 2476 1884 2515 ne—

363 2556 647 2624 gligentes,
678 2555 912 2608 laetitiam
942 2556 1081 2608 illius
1101 2555 1455 2607 demoramur.
1484 2552 1767 2617 Exspectat
1790 2565 1885 2604 nos

369 2653 429 2695 ut
457 2643 597 2697 bibat
623 2643 687 2696 de
716 2646 1057 2711 generatione
1084 2643 1205 2695 vitis
1232 2640 1407 2706 hujus.
1438 2638 1597 2702 Cujus
1625 2639 1785 2691 vitis?
1817 2638 1885 2691 ll-

366 2728 467 2783 lius
495 2734 675 2797 utique
698 2733 846 2795 cujus
873 2733 984 2798 ipse
1030 2740 1141 2783 erat
1187 2731 1351 2795 ﬁgura
1386 2729 1570 2780 dicens
1596 2729 1673 2780 “:
1728 2744 1746 2776 ι
1779 2727 1887 2794 Ego

368 2831 487 2869 sum
511 2818 656 2881 vitis,
681 2833 771 2871 vos
792 2818 1053 2885 palmites.
1079 2835 1097 2865 ι
1134 2816 1280 2869 Unde
1305 2816 1493 2867 iterum
1523 2812 1650 2865 dicit
1677 2812 1744 2875 “,
1765 2814 1888 2879 quia

375 2920 399 2956 α
420 2906 630 2973 sanguis
656 2920 805 2958 meus
834 2920 955 2958 vere
981 2914 1063 2958 est
1089 2915 1265 2969 potus,
1287 2914 1339 2956 et
1365 2916 1489 2955 caro
1516 2915 1630 2953 mea
1660 2915 1785 2953 vere
1809 2909 1892 2953 est

370 2996 539 3048 cibus.
571 3013 591 3045 ι
644 2995 781 3049 Vere
807 2996 945 3047 enim
980 2994 1030 3045 in
1079 2993 1335 3058 sanguine
1369 3005 1482 3043 uva:
1527 2990 1657 3042 lavit
1702 2990 1890 3042 stulam
1919 3004 1966 3066 ο

373 3097 540 3136 suam.
570 3083 704 3147 Quid
743 3097 871 3151 ergo
907 3083 1028 3136 est?
1055 3082 1337 3149 Exspectat
1381 3080 1639 3133 laetitiam.
1674 3078 1896 3143 Quando

373 3172 680 3238 exspectat?
700 3171 829 3225 Cum
849 3184 1307 3230 consummavero,
1333 3168 1522 3235 inquit,
1544 3181 1675 3233 opus
1698 3181 1891 3217 meum.

377 3260 595 3322 Quando
623 3272 952 3314 consummat
977 3262 1075 3313 hoc
1098 3260 1271 3327 opus?
1296 3258 1515 3323 Quando
1547 3271 1629 3310 me
1661 3256 1748 3322 qni
1778 3270 1895 3308 sum

381 3347 615 3410 ultimus,
644 3360 697 3399 et
727 3349 950 3414 nequior
976 3347 1213 3399 omnium
1248 3353 1581 3413 peccatorum
1600 3382 1615 3405 ,
1650 3357 1901 3395 consum-

380 3443 574 3485 matum
603 3433 786 3487 fecerit
813 3445 867 3487 et
893 3434 1180 3500 perfectum
1201 3473 1217 3497 ,
1248 3441 1375 3486 tunc
1407 3440 1734 3484 consummat
1767 3444 1900 3496 opus

380 3536 552 3574 suum.
581 3521 728 3575 Nunc
753 3525 891 3576 enim
914 3523 1086 3575 adhuc
1113 3521 1477 3588 imperfectum
1500 3528 1581 3572 est
1612 3512 1742 3586 opus
1765 3518 1899 3584 ejus,

379 3611 546 3662 donec
576 3624 676 3677 ego
709 3627 894 3665 maneo
924 3611 1282 3678 imperfectus.
1332 3610 1567 3677 Denique
1603 3610 1765 3662 donec
1806 3623 1903 3676 ego

382 3711 487 3749 non
520 3712 634 3751 stnn
664 3699 900 3753 subditus
927 3699 1087 3761 Patri,
1128 3713 1224 3752 nec
1260 3698 1372 3764 ipse
1400 3699 1592 3749 dicitur
1620 3696 1760 3749 Patri
1790 3711 1904 3748 esse

380 3786 667 3852 subjectus.
705 3784 817 3838 Non
844 3787 985 3853 quod
1015 3786 1125 3852 ipse
1155 3782 1481 3850 subiectione
1510 3782 1735 3849 indigeat
1768 3783 1904 3846 apud

382 3871 588 3925 Patrem
613 3911 631 3936 ,
679 3876 767 3928 sed
813 3890 907 3942 pro
937 3889 1055 3934 me,
1104 3874 1156 3925 in
1188 3889 1291 3940 quo
1319 3887 1450 3940 opus
1475 3888 1624 3925 suum
1675 3870 1903 3924 nondum

384 3967 800 4027 consummavit,
833 3966 945 4032 ipse
982 3967 1178 4018 dicitur
1214 3980 1316 4019 non
1346 3952 1465 4016 esse
1492 3962 1776 4027 subjectus.
1819 3961 1909 4014 Sic

384 4053 524 4104 enim
557 4051 778 4119 legimus
803 4052 870 4114 ³⁷,
893 4053 1139 4119 quoniam
1170 4065 1360 4117 corpus
1388 4063 1570 4102 sumus
1593 4047 1788 4099 Christi
1810 4085 1826 4111 ,
1855 4058 1909 4099 et

388 4142 621 4193 membra
665 4156 730 4194 ex
778 4149 951 4207 parte.
985 4139 1119 4204 Quid
1167 4149 1343 4191 autem
1387 4147 1469 4190 est
1510 4136 1649 4203 quod
1684 4136 1811 4188 dicit
1844 4150 1909 4187 ex

387 4236 557 4294 parte,
582 4228 876 4281 videamus.
902 4227 1010 4294 Ego
1039 4242 1178 4280 nunc
1201 4268 1216 4292 ,
1246 4225 1394 4280 verbi
1428 4225 1616 4293 gratia,
1644 4223 1910 4290 subjectus

3639 270 3734 325 480

1956 394 2254 456 intellexisti
2286 392 2406 461 quid
2443 390 2517 444 sit
2551 403 2627 443 ex
2664 393 2877 456 parte,
2914 385 2991 432 et
3030 366 3197 440 quid
3220 361 3477 461 sit_e;
3517 378 3717 447 ξηιεετο

1951 449 2409 551 esse-subjectum,
2436 478 2557 532 redi
2591 449 2760 529 nunc
2794 480 2863 525 et
2901 465 2988 520 ad
3029 462 3120 521 id,
3163 449 3345 551 quod
3432 464 3505 513 de
3540 465 3708 529 suly'e.

1953 579 2130 633 ctione
2154 542 2361 627 Domini
2384 565 2824 636 proposuimus:
2848 566 2919 611 et
2948 551 3101 604 vide
3124 542 3278 614 quia
3307 554 3500 636 crum
3520 562 3706 609 omnes

1955 631 2147 731 corpus
2171 662 2358 730 ipsius,
2385 631 2443 709 et
2469 631 2732 708 membra
2769 659 2920 703 esse
2957 641 3284 695 dicamur,
3320 631 3570 693 donec
3592 655 3711 697 sum

1957 725 2124 821 aliqui
2154 725 2207 804 in
2258 748 2410 803 nobis
2437 784 2453 811 ,
2487 743 2585 812 qui
2620 740 2900 793 nondum
2940 727 3255 821 perfeCIa.
3282 725 3717 820 subiectione

1959 811 2185 911 subiecti
2216 848 2369 900 sunt.
2392 811 2519 902 ipse,
2541 830 2757 885 diem"
2792 838 2919 878 ¹¹⁰¹¹
2964 811 3564 911 θεείῗυωεθωι
3592 822 3722 882 cum

1962 903 2090 984 vero
2118 921 2580 982 consummaverit
2608 930 2759 985 opus
2794 925 2983 966 suum
3032 903 3204 975 (94).
3236 909 3297 954 e1
3362 909 3725 972 universam

1965 1026 2270 1072 creaturam
2297 1027 2449 1067 suam
2469 1012 2537 1063 ad
2569 1015 2859 1061 summam
2888 989 3321 1067 perfectionis
3366 998 3728 1071 adduxerit,

1969 1117 2093 1160 tunc
2123 1107 2235 1173 ipse
2262 1104 2475 1156 dicetur
2501 1094 2793 1164 subjectus
2827 1090 2889 1141 in
2915 1086 3041 1147 bis,
3068 1094 3242 1149 quos
3270 1092 3393 1133 st-
3410 1085 3600 1143 bdidit
3631 1094 3732 1148 Pa.

1971 1196 2060 1258 tri,
2091 1202 2148 1247 et
2178 1193 2232 1245 in
2258 1192 2466 1259 quibus
2499 1204 2640 1258 opus
2678 1185 2836 1256 quod
2873 1185 2930 1238 ei
2971 1180 3172 1233 Pater
3210 1175 3566 1249 dederat,
3600 1203 3736 1244 con-

1969 1281 2278 1347 smumavit,
2306 1291 2363 1334 ut
2395 1281 2467 1335 sit
2491 1280 2640 1333 Deus
2687 1275 2889 1331 omnia
2954 1273 3020 1324 in
3061 1266 3455 1325 omnibus.
3522 1276 3731 1337 Verum

1971 1372 2084 1424 bzec
2128 1384 2385 1437 quorsum
2433 1365 2737 1433 spectant?
2791 1374 2860 1417 ut
2924 1358 3426 1425 intelligamus
3463 1362 3527 1415 id
3583 1374 3737 1435 quod

1971 1473 2127 1525 supra
2158 1456 2514 1509 tractavimus
2540 1490 2558 1516 ,
2588 1451 2882 1520 quomodo
2916 1461 3045 1502 non
3087 1443 3255 1498 bibit
3292 1445 3566 1501 vinum
3594 1489 3615 1515 ,
3650 1457 3737 1509 νει

1974 1547 2240 1614 quomodo
2269 1545 2404 1598 bibit
2431 1551 2732 1609 antequam
2786 1539 3055 1592 intraret
3101 1533 3169 1586 in
3205 1529 3740 1612 tabernaculum,

1978 1643 2263 1699 antequam
2313 1631 2604 1684 accederet
2653 1628 2723 1680 ad
2784 1615 3019 1679 altare.
3083 1622 3231 1676 Non
3276 1621 3489 1685 bibit
3542 1645 3743 1695 autem

1910 1705 1950 1756 Β
1981 1735 2144 1782 nunc,
2179 1719 2302 1788 quia
2334 1717 2546 1772 assistit
2574 1716 2771 1778 altari,
2802 1723 2864 1769 et
2912 1715 3096 1780 luget
3132 1723 3445 1779 νεαρξη,
3485 1742 3665 1795 mea;
3691 1744 3752 1789 ﬂ

1981 1823 2192 1860 rursum
2249 1808 2396 1861 bibet
2446 1807 2732 1873 posthaec,
2786 1817 2933 1856 cum
2992 1800 3290 1867 subjecta
3374 1814 3447 1862 ei
3499 1816 3728 1871 fuerim

1978 1898 2180 1961 omnia,
2205 1905 2264 1950 et
2286 1896 2507 1950 salvatis
2536 1893 2799 1947 omnibus
2830 1906 2905 1944 ac
2933 1891 3260 1943 destructa
3290 1906 3512 1948 morte
3563 1914 3705 1962 pec-

1981 1988 2109 2047 cati,
2139 1986 2280 2039 ultra
2300 1984 2414 2054 jam
2451 1983 2842 2037 necessarium
2872 1995 3004 2033 non
3036 1981 3172 2033 erit
3202 1976 3431 2033 oﬂ'erre
3465 1980 3706 2038 hostias

1984 2089 2082 2143 pro
2113 2081 2356 2142 peccato.
2388 2071 2541 2124 Tunc
2568 2070 2719 2123 enim
2756 2069 2878 2122 erit
2912 2067 3227 2136 gaudium
3257 2074 3316 2119 et
3354 2066 3613 2134 laetitia,
3648 2084 3710 2124 et

1986 2177 2110 2220 tunc
2144 2184 2162 2215 ι
2192 2162 2543 2216 exsultahnut
2576 2175 2705 2214 ossa
2741 2159 3084 2212 bumiliata
3125 2158 3206 2221 ³⁸,
3240 2174 3259 2204 ι
3300 2166 3375 2210 et
3418 2159 3714 2227 implebi-

1985 2262 2070 2307 tur
2103 2253 2227 2306 illud
2256 2252 2397 2317 quod
2424 2251 2688 2317 scriptum
2715 2257 2808 2302 est
2839 2248 2893 2280 ”
2918 2264 2937 2301 :
3002 2264 3027 2298 ι
3063 2245 3369 2314 Aufugiet
3405 2248 3624 2314 dolor,
3656 2262 3717 2304 et

1988 2339 2201 2393 tristitia
2222 2376 2239 2402 ,
2270 2347 2323 2390 et
2352 2337 2609 2405 gemitus.
2642 2353 2663 2385 ι
2700 2336 2818 2389 Sed
2852 2344 2917 2388 et
2947 2335 3109 2390 illud
3145 2350 3264 2388 non
3299 2340 3721 2405 Olnillamus,

1987 2429 2126 2497 quod
2164 2443 2268 2480 non
2297 2426 2472 2479 solum
2504 2427 2573 2478 de
2610 2426 2807 2477 Aaron
2845 2425 3087 2478 dicitur
3120 2434 3192 2477 ut
3228 2439 3347 2477 non
3390 2428 3582 2481 bibat
3629 2434 3725 2482 vi-

1990 2531 2135 2577 num,
2172 2515 2262 2567 sed
2299 2513 2446 2567 etde
2471 2512 2598 2565 tiliis
2632 2514 2759 2581 cjns
2783 2527 2927 2565 cum
2965 2513 3428 2580 ingrediuntur
3463 2516 3548 2570 ad
3577 2532 3722 2571 san.

1991 2613 2095 2660 cta.
2141 2602 2386 2656 Nondum
2434 2603 2581 2656 enim
2635 2609 2996 2667 receperunt
3059 2602 3345 2654 laetitiam
3410 2618 3605 2658 suam
3649 2621 3726 2660 ne

1992 2692 2212 2760 apostoli
2245 2691 2458 2758 quidem
2490 2689 2601 2757 (95)
2624 2729 2640 2753 ,
2670 2691 2772 2742 sed
2807 2698 2869 2742 et
2905 2690 3025 2757 ipsi
3066 2700 3508 2758 exspectant,
3547 2705 3621 2747 ut
3656 2703 3720 2748 et

1993 2796 2092 2850 ego
2122 2781 2319 2833 laetitize
2344 2794 2529 2833 eorum
2562 2779 2858 2847 particeps
2910 2780 3088 2833 (iatn.
3137 2781 3360 2851 Neque
3408 2785 3594 2838 enim
3623 2786 3736 2840 de-

1994 2871 2244 2924 cedentes
2284 2870 2410 2922 hinc
2438 2870 2656 2933 sancti,
2692 2870 2988 2923 continuo
3042 2872 3294 2941 integra
3349 2877 3738 2930 meritorum

1996 2971 2216 3010 suorum
2242 2956 2461 3025 prmmia
2488 2966 2949 3023 consequuntur;
2981 2959 3099 3010 sed
3126 2970 3531 3028 exspectant
3553 2964 3741 3015 etiam

1996 3060 2113 3109 nos,
2142 3044 2269 3097 licet
2293 3054 2590 3107 morantes,
2621 3045 2750 3098 licet
2776 3045 3053 3100 desides.
3088 3047 3232 3103 Non
3271 3050 3459 3103 enim
3488 3062 3591 3107 est
3626 3055 3745 3109 illis

1997 3132 2234 3201 perfecta
2265 3132 2471 3193 laetitia,
2506 3134 2686 3186 donec
2712 3148 2823 3200 pro
2850 3138 3198 3193 erroribus
3246 3143 3504 3196 nostris
3541 3145 3749 3197 dolent

1996 3231 2053 3274 et
2079 3222 2262 3289 lugent
2298 3232 2485 3275 nostra
2524 3231 2776 3289 peccata.
2817 3223 2947 3278 lioc
2981 3224 3277 3283 fortasse
3310 3232 3486 3285 mihi
3518 3234 3747 3287 dicenti

1997 3351 2099 3389 non
2146 3337 2352 3390 credas.
2397 3336 2531 3401 Quis
2583 3339 2733 3390 enim
2783 3352 2893 3406 ego
2928 3355 3075 3392 sum
3110 3380 3131 3404 ,
3195 3345 3305 3411 qui
3353 3348 3747 3401 conﬁrmare

1998 3428 2313 3478 sententiam
2353 3426 2485 3477 tanti
2524 3427 2799 3493 dogmatis
2831 3429 3152 3484 audeam?
3217 3435 3336 3486 sed
3383 3436 3601 3490 habeo
3630 3439 3732 3497 bo-

2000 3531 2115 3569 rum
2148 3522 2334 3567 testcm
2362 3549 2377 3574 ,
2410 3513 2477 3564 de
2507 3528 2618 3579 quo
2671 3529 2780 3565 non
2829 3525 3006 3582 potes
3042 3520 3389 3575 dubitare.
3452 3524 3751 3592 Magister

2001 3605 2140 3656 cnitn
2171 3603 2406 3671 gentium
2441 3612 2525 3653 est
2555 3603 2606 3653 in
2640 3602 2744 3654 ﬁde
2781 3612 2839 3656 ct
2874 3606 3156 3662 veritate
3190 3614 3552 3679 apostolus
3589 3614 3746 3667 Ρηη-

2004 3694 2104 3746 lus.
2137 3693 2252 3758 Ipse
2280 3691 2444 3756 igitur
2474 3690 2539 3742 ad
2581 3690 2844 3745 Hebraeos
2875 3696 3188 3769 scribens
3219 3742 3237 3765 ,
3291 3718 3455 3756 cum
3492 3720 3750 3757 eumne-

2004 3789 2178 3831 raset
2204 3789 2393 3828 omnes
2430 3786 2655 3829 sanctos
2688 3787 2920 3845 patres,
2959 3785 3071 3847 qui
3113 3800 3237 3852 per
3283 3790 3493 3843 ﬁdem
3520 3790 3745 3858 justiti-

2004 3864 2108 3918 cati
2131 3871 2274 3925 sunt,
2303 3861 2507 3914 addidit
2535 3873 2661 3929 post
2682 3865 2878 3917 omnia
2908 3867 3112 3921 etiam
3154 3872 3285 3926 hoc
3321 3893 3340 3928 :
3404 3895 3428 3927 ι
3460 3877 3586 3935 δα]
3624 3878 3744 3940 isti,

2007 3954 2177 4020 inquit
2200 3951 2244 3982 ³ο
2268 3988 2284 4015 ,
2313 3964 2503 4003 omnes
2539 3952 2925 4006 testimonium
2966 3956 3309 4017 habentes
3363 3981 3487 4035 per
3524 3969 3706 4020 ﬁdem
3728 4006 3743 4028 ,

2007 4040 2235 4093 nomium
2262 4039 2494 4090 assecuti
2529 4049 2661 4092 sunt
2690 4043 3275 4115 reprutnissionem,
3335 4056 3472 4109 Deo
3507 4074 3618 4126 ρτο
3650 4072 3746 4110 ιιο-

2010 4129 2091 4182 bis
2138 4127 2329 4180 melius
2360 4128 2569 4196 aliquid
2621 4130 2958 4196 providente
2987 4171 3005 4196 ,
3069 4139 3162 4189 uti
3225 4157 3334 4198 ne
3403 4148 3546 4200 sine
3584 4147 3750 4201 nobis

2010 4215 2395 4305 perfectionem
2446 4228 2955 4285 consequerentur.
3000 4241 3023 4273 ι
3103 4226 3338 4286 Vides
3402 4250 3559 4305 ergo
3613 4236 3740 4302 quia

389 4329 502 4369 sum
537 4319 642 4369 Deo
670 4292 970 4370 secundum
994 4316 1258 4384 spiritum,
1290 4315 1390 4367 hoc
1416 4292 1495 4366 est
1530 4313 1803 4381 proposito
1859 4322 1912 4363 et
1942 4292 1984 4345 Ῐ)
2012 4311 2282 4372 exspectnt
2307 4304 2487 4358 adhuc
2506 4306 2811 4373 Abraham,
2842 4319 3059 4376 utttua-
3081 4318 3406 4381 perfecta
3437 4292 3586 4378 5;.“
3612 4292 3746 4378 έοη-

390 4403 697 4468 voluntate;
732 4408 822 4458 sed
848 4405 1076 4471 quandiu
1109 4405 1159 4456 in
1192 4418 1276 4456 me
1305 4417 1428 4455 caro
1459 4400 1786 4468 concupiscit
1817 4401 1909 4451 ad-

391 4506 574 4546 versus
618 4495 901 4560 spiritum,
945 4504 997 4547 et
1029 4495 1246 4561 spiritus
1291 4495 1542 4546 adversus
1582 4504 1819 4551 carnem,
1858 4498 1911 4539 et

393 4587 621 4639 nondum
656 4587 800 4653 potui
836 4586 1100 4652 subjicere
1136 4599 1350 4638 carnem
1386 4582 1616 4649 spiritui,
1647 4579 1912 4645 subjectus

396 4674 603 4739 quidem
636 4689 749 4727 sum
802 4674 909 4726 Deo
933 4711 949 4737 ,
980 4688 1159 4726 verum
1193 4687 1294 4724 non
1336 4685 1400 4722 ex
1436 4670 1641 4735 integro
1671 4705 1685 4729 ,
1720 4668 1809 4718 sed
1853 4680 1915 4719 ex

396 4771 566 4827 parte.
620 4763 676 4815 Si
725 4772 899 4816 autem
934 4773 1156 4828 petucro
1200 4760 1362 4812 etiam
1397 4770 1610 4809 carnem
1667 4767 1835 4805 meam
1865 4763 1921 4806 et

398 4851 570 4902 omnia
607 4851 838 4904 membra
875 4865 987 4903 mea
1034 4850 1084 4901 in
1119 4844 1516 4898 cotisonantiam
1557 4841 1776 4908 spiritus
1808 4848 1917 4893 trao

401 4938 545 5002 bere,
575 4941 730 5007 222
757 4951 881 4992 tunc
901 4939 1134 5006 perfecte
1161 4936 1381 4987 videbor
1406 4945 1525 4984 esse
1550 4928 1833 4993 subjectus.
1865 4928 1921 4982 Si

468 5055 511 5086 ”
539 5038 801 5117 Romani,
836 5054 919 5106 15.
991 5053 1035 5083 ’³
1068 5050 1108 5101 ll
1140 5049 1374 5106 Cor.xn,
1404 5045 1493 5117 2t:
1562 5040 1780 5117 'fAItl‘att.
1817 5039 2084 5117 “vineti.

400 5123 490 5176 27.
562 5123 606 5154 ⁸⁸
636 5108 957 5183 Psa|.'|.,10.
1024 5120 1068 5150 ⁸ο
1105 5120 1204 5169 Isa.
1232 5128 1391 5173 xxxv,
1424 5110 1508 5162 10.
1582 5110 1626 5140 ⁸ο
1654 5108 1810 5161 Hebr.
1842 5124 1914 5169 XI,
1943 5109 2030 5161 39.

474 5213 582 5279 (92)
622 5215 743 5268 Mss.
780 5234 798 5266 ι
825 5221 881 5265 ttt
905 5213 1068 5280 ipsius
1093 5210 1378 5264 imitemur.
1414 5223 1432 5256 ι
1460 5203 1610 5257 Libb.
1636 5201 1785 5263 editi,
1825 5219 1842 5249 ι
1868 5211 1922 5253 et

405 5281 569 5349 ipsius
596 5282 882 5335 imitemur.
915 5299 933 5330 ι
1000 5284 1013 5303 ⁸

475 5350 580 5418 (95)
635 5350 783 5418 Mss,
839 5366 858 5397 ι
912 5346 1417 5416 repropitiationcm.
1473 5359 1490 5391 ι
1554 5340 1707 5395 Libb.
1763 5339 1925 5398 editi,

414 5430 434 5464 ι
463 5416 905 5481 propitiationem.
944 5434 961 5466 ι

481 5478 588 5548 (Μ)
643 5484 770 5535 Cum
804 5499 917 5535 vero
961 5478 1380 5534 consummaverit
1414 5492 1555 5548 opus
1601 5491 1774 5535 suum,
1818 5484 1921 5548 etc.

415 5542 636 5602 Consule
672 5550 912 5603 lluetium
957 5550 1381 5618 Origenianorum
1413 5544 1503 5598 lib.
1532 5559 1593 5609 tt,
1618 5554 1806 5611 quiest.
1839 5542 1923 5605 11,

2012 4402 2285 4463 sequatur.
2343 4394 2647 4462 Exspectat
2678 4408 2734 4451 et
2782 4398 2935 4452 Isaac
2964 4412 3030 4453 et
3083 4402 3335 4463 Jacol)
3366 4453 3385 4479 ,
3424 4425 3491 4468 et
3545 4429 3739 4469 onines

2009 4484 2276 4551 propheta:
2319 4496 2657 4547 exspectant
2705 4504 2807 4543 nos
2854 4497 2914 4542 ut
2966 4492 3345 4554 uobiscum
3415 4505 3737 4573 perfectam

2011 4571 2391 4664 beatitudinem
2412 4578 2665 4644 capiant.
2684 4580 2914 4650 Propter
2943 4579 3067 4634 haec
3079 4599 3234 4651 ergo
3258 4571 3504 4649 ειίεζηι
3532 4606 3734 4664 mysta.

2022 4662 2157 4714 rium
2184 4660 2309 4710 illud
2342 4661 2397 4712 in
2433 4664 2697 4725 ultimam
2721 4672 2862 4725 diem
2897 4670 3053 4725 dilati
3081 4672 3358 4740 iudicii
3390 4660 3735 4737 custoditur,

2025 4750 2197 4803 Unum
2224 4747 2372 4799 enim
2392 4766 2614 4825 corpus
2644 4771 2751 4826 est,
2778 4761 2920 4830 quod
2933 4758 3237 4826 justiﬂcari
3333 4778 3731 4839 εχςρθςιεωτ,

2023 4852 2182 4890 unum
2224 4840 2372 4902 (1ηού
2448 4860 2761 4925 resurgere
2812 4855 3004 4909 dicitur
3034 4851 3092 4904 in
3133 4849 3279 4916 judi
3344 4861 3464 4915 cio,
3532 4880 3553 4912 ι
3582 4860 3731 4914 ωερε

2025 4930 2164 4981 enim
2204 4939 2318 4981 Sllll
2378 4940 2575 4999 multa
2611 4952 2857 5007 membra
2882 4988 2897 5013 ,
2934 4946 3022 5000 sed
3052 4958 3223 4996 unum
3264 4967 3589 5021 —corpus,
3624 4967 3724 5004 ηοη

2185 5038 2230 5068 ³³
2253 5035 2439 5103 Joau.
2470 5065 2583 5120 xv,
2609 5062 2674 5121 5.
2746 5066 2792 5099 ιο
2820 5062 2969 5118 Joau.
2998 5071 3069 5118 Vl,
3101 5049 3189 5106 56.
3335 5062 3387 5096 ⁸⁷
3420 5065 3438 5118 Ι
3469 5064 3600 5121 Cor.
3627 5078 3716 5126 xu,

2027 5213 2171 5250 num.
2217 5198 2309 5253 16.

2098 5264 2205 5290 109-Ξῖ
2254 5267 2295 5290 ἢν

2156 5266 2185 5317 Ei
2286 5269 2295 5284 '
2695 5307 2706 5316 .

2027 5264 2564 5406 ..,s,2.2.;‘;::zm
2615 5318 2766 5406 “312‘
2814 5328 3123 5406 τεερνετιιηι
3152 5304 3447 5406 statim
3481 5312 3739 5406 mar:

2027 5367 2278 5467 sagas.
2300 5367 2617 5480 123‘s?
2660 5367 3447 5482 θιε-,ριὶῐξὲξϊᾋζζξῄῑ»νῖδ
3481 5367 3585 5448 hos.
3628 5367 3735 5418 ιοοο

2182 5478 2191 5483 -
2264 5474 2277 5483 .
2305 5477 2319 5483 -
2534 5454 2563 5483 s
2592 5479 2605 5483 -
2653 5462 2834 5483 mm“.
2874 5457 3030 5483 ειη--.
3150 5478 3153 5481 η
3185 5462 3193 5469 -
3321 5450 3524 5483 ,uum.
3556 5437 3650 5483 ὶιὶι.
3687 5446 3735 5483 ιι.

2304 5435 2607 5557 ιδῗῗιῗέῗὶῖ
2646 5435 2855 5568 ἐκδειὶῖ
2874 5435 3105 5532 lluetoi'us
3127 5435 3524 5557 ἓὸιέξὲίιιὶωι.
3556 5437 3651 5491 lib.
3687 5446 3746 5495 ιι,
