3948 6242
369 313 471 370 ιεδ

1777 287 2092 347 ORIGENIS

3632 259 3750 310 ιε]

371 429 472 483 sim
502 434 677 480 autem
731 423 890 477 etiam
921 422 988 475 de
1024 420 1131 474 Deo
1173 416 1469 486 intelligere
1515 416 1651 470 sicut
1683 413 1896 482 dignum
1927 414 1971 468 Α
1999 408 2138 460 dicat
2162 403 2284 472 quis
2338 396 2685 458 auditorum,
2739 390 2867 447 Cur
2922 385 3055 440 vim
3126 373 3267 431 facls
3300 361 3727 441 ἐετίβωτῖω

2684 483 2693 486 -
2808 479 2846 486 --
2926 476 2940 486 .
3004 482 3016 486 _
3070 469 3348 486 ..._-_.h_
3447 462 3539 486 ΜΛ
3580 472 3727 486 ..-κη

370 528 474 582 est,
510 530 679 584 neque
708 515 942 567 revelata
986 511 1115 563 mihi
1158 508 1319 562 fuerit
1351 505 1570 561 scientia
1610 504 1724 566 Dei,
1755 517 1905 553 mau-

374 610 511 663 duco
554 607 766 676 quidem
818 598 1206 669 pectusculum,
1252 597 1345 649 sed
1396 609 1496 646 uou
1538 588 1901 661 pectusculum

375 697 779 767 segregatiouis.
825 691 1045 745 Etiamsi
1091 696 1314 756 potuero
1360 685 1555 746 dicere,
1599 681 1719 748 Ipse
1756 679 1898 732 enim

378 785 677 842 mihi'dedit
703 784 936 835 oumium
974 795 1094 849 qua:
1138 785 1261 831 sunt
1306 773 1580 827 scientiam
1612 783 1816 829 veram,
1850 774 1910 818 ut

379 877 542 930 sciam
573 875 832 926 rationem
877 869 1080 929 mundi,
1116 876 1170 919 et
1204 865 1454 916 virtutem
1502 860 1908 916 elementorum,

382 965 588 1020 initium
616 972 670 1014 et
699 963 880 1022 ﬁnem,
915 957 1251 1011 medietatem
1286 963 1604 1019 temporum,
1639 956 1912 1013 permuta-

384 1058 587 1109 tiouum
637 1049 1056 1108 vicissitudines,
1090 1054 1142 1098 et
1182 1041 1558 1097 conversiones
1595 1046 1911 1102 temporum,

385 1144 509 1198 anni
560 1139 812 1202 circulos,
867 1146 918 1190 et
961 1135 1232 1189 stellarum
1281 1127 1700 1197 dispositiones:
1729 1124 1913 1174 hormn

385 1232 626 1287 omnium
665 1227 908 1287 scientia,
942 1225 1065 1292 quia
1102 1219 1435 1275 rationabilis
1465 1225 1566 1276 est,
1621 1209 1915 1282 pectusculi

390 1320 543 1375 cibus
573 1327 675 1380 est,
703 1316 796 1369 sed
840 1330 940 1368 non
976 1309 1264 1381 pectusculi
1300 1303 1704 1371 segregationis.
1737 1300 1792 1352 Si
1825 1315 1921 1350 au-

390 1419 495 1464 tem
523 1417 744 1477 potuero
774 1405 839 1458 de
882 1404 984 1454 Deo
1014 1401 1215 1452 sentire
1259 1410 1376 1463 qua:
1413 1406 1622 1459 magna,
1653 1403 1768 1456 qua:
1793 1401 1919 1439 sau-

390 1508 497 1563 cta,
534 1510 652 1565 quae
696 1508 821 1547 vera
866 1497 988 1544 sunt
1033 1496 1087 1540 et
1133 1494 1360 1548 secreta,
1413 1492 1538 1534 tunc
1592 1475 1922 1531 manducabo

391 1584 753 1657 pectusculqu
801 1576 1205 1647 segregationis,
1235 1588 1353 1626 cum
1383 1573 1456 1633 id,
1487 1569 1627 1637 quod
1676 1568 1743 1619 ab
1776 1564 1921 1617 omni

393 1656 641 1733 creatura
678 1674 877 1727 eminet
917 1678 970 1723 et
1013 1675 1346 1736 segregatur,
1379 1673 1666 1731 agnovero.
1715 1656 1925 1709 Primus

395 1784 522 1838 ergo
552 1763 914 1834 pectusculum
946 1760 1084 1811 istud
1116 1771 1276 1809 verus
1309 1752 1543 1822 pontifex
1574 1763 1721 1802 meus
1749 1759 1926 1799 come-

399 1833 496 1907 dit.
550 1833 826 1915 Quomodo
875 1844 1137 1901 comedit?
1191 1842 1419 1903 «Nemo,
1476 1838 1726 1907 inquit“,
1784 1833 1931 1886 novit

399 1942 636 2003 Patrem,
676 1936 776 1990 nisi
831 1935 1017 1988 Filius.
1041 1951 1059 1983 ι
1100 1929 1342 1984 Secundo
1375 1929 1426 1979 in
1474 1926 1588 1977 loco
1616 1923 1932 1976 mauducant

400 2039 456 2083 et
483 2029 573 2081 filii
614 2027 748 2094 ejus.
788 2043 806 2075 ι
832 2023 996 2077 Nemo
1018 2019 1159 2074 enim
1189 2016 1333 2071 novit
1358 2013 1593 2076 Patrem,
1621 2011 1720 2063 nisi
1745 2009 1931 2070 Filius,

401 2126 459 2170 et
481 2115 565 2169 cui
598 2092 824 2166 voluerit
853 2108 1019 2163 Filius
1047 2103 1303 2158 revelare.
1326 2119 1345 2152 ι
1382 2098 1585 2164 Quibus
1615 2103 1786 2146 autem
1816 2092 1936 2145 aliis

403 2205 506 2259 nisi
537 2201 794 2271 apostolis
829 2199 940 2252 suis
977 2193 1210 2250 revelat?
1249 2191 1354 2244 Sed
1381 2197 1436 2242 et
1479 2183 1752 2239 brachium
1782 2196 1938 2249 sepa-

406 2292 651 2355 rationis,
681 2289 763 2343 vel
796 2286 1104 2348 ablationis,
1148 2283 1287 2336 sicut
1330 2288 1383 2332 et
1412 2275 1656 2344 superius
1684 2273 1936 2333 diximus,

408 2390 563 2436 actus
590 2388 713 2432 sunt
741 2387 794 2429 et
819 2390 982 2443 opera
1013 2369 1364 2425 eminentiora
1404 2363 1634 2426 caeteris,
1680 2375 1799 2429 quae
1833 2359 1940 2411 utl-

407 2486 510 2540 que
539 2470 742 2537 primus
769 2466 881 2534 ipse
913 2461 1160 2517 Salvator
1188 2468 1241 2510 et
1275 2455 1531 2510 Dominus
1564 2465 1711 2503 meus
1752 2448 1941 2515 imple-

406 2539 504 2613 vit.
532 2555 807 2622 Quomodo
830 2549 1103 2619 implevit?
1139 2565 1158 2597 ι
1184 2545 1348 2607 Meus,
1381 2540 1635 2608 inquit",
1664 2539 1816 2591 cibus
1839 2545 1943 2599 est,

410 2655 469 2703 ut
494 2646 683 2700 faciam
711 2641 1034 2695 voluntatem
1056 2637 1169 2705 ejus
1192 2634 1280 2703 qui
1309 2646 1394 2685 me
1423 2629 1586 2691 misit,
1605 2634 1656 2680 et
1673 2626 1943 2694 perliciam

413 2752 547 2807 opus
592 2734 766 2803 eius.)
805 2729 936 2783 Cum
985 2741 1112 2794 ergo
1160 2723 1288 2777 facit
1341 2719 1672 2773 voluntatem
1703 2715 1817 2784 ejus
1856 2714 1944 2780 qui

414 2806 560 2882 misit
585 2839 728 2887 eum,
756 2822 810 2874 in
851 2822 952 2875 hoc
979 2833 1084 2871 non
1123 2811 1505 2884 pectusculum,
1546 2807 1638 2861 sed
1670 2806 1946 2859 brachium

415 2911 768 2984 separationis
808 2906 1060 2963 comedit.
1099 2903 1359 2956 Similiter
1407 2907 1584 2951 autem
1619 2904 1675 2949 et
1721 2894 1947 2963 apostoli

2001 462 2262 546 Animalia
2286 491 2571 549 dicuntur,
2600 479 2889 536 animalia
2926 469 3375 533 intelligantur.
3445 462 3541 515 Nc
3577 472 3731 525 ergo

2007 669 2290 742 apostolica
2338 667 2393 719 in
2423 666 2503 719 eis
2535 650 2866 715 auctoritas
2894 644 3223 705 evocanda
3243 650 3347 698 est.
3385 638 3566 693 Audi
3602 648 3750 699 ergo

2006 761 2235 828 primum
2286 756 2537 809 omnium
2606 749 2820 805 Paulus
2879 741 2959 796 de
3050 737 3149 789 eis
3221 733 3488 802 qualiter
3550 724 3732 777 dicat.

2014 869 2033 900 ι
2066 849 2263 903 Omnes
2294 846 2468 909 enim,
2521 841 2707 910 inquit
2732 837 2809 899 ⁸⁷.
2844 846 2958 901 per
2996 839 3185 882 mare
3219 821 3649 875 transierunt,
3710 819 3773 861 et

2010 952 2198 990 omnes
2225 937 2278 987 in
2309 934 2555 1003 Moysem
2590 898 2871 994 baptizari
2898 924 3055 972 sunt
3084 914 3150 966 in
3182 911 3317 965 nube
3357 916 3437 961 et
3473 905 3545 958 in
3581 898 3777 963 mari,

2012 1037 2067 1080 et
2114 1039 2302 1078 omnes
2343 1019 2596 1074 eamdem
2630 1026 2830 1069 escam
2894 1001 3251 1076 spiritalem
3290 995 3783 1052 manducave-

2018 1126 2164 1177 ruut,
2194 1125 2247 1168 et
2275 1126 2470 1166 omnes
2497 1108 2758 1164 eumdem
2786 1109 3004 1172 potum
3036 1094 3388 1164 spiritalem
3434 1086 3786 1141 biberunt.

2015 1205 2281 1258 Bibehant
2312 1210 2497 1254 autem
2529 1198 2598 1251 de
2621 1192 2876 1264 spiritali
2908 1191 3327 1250 consequente
3360 1189 3505 1230 eos
3544 1182 3738 1240 petra
3772 1182 3794 1219 :

2019 1304 2172 1361 petra
2210 1302 2396 1343 autem
2456 1294 2580 1339 erat
2617 1259 2923 1338 C'hristus.
2972 1294 2997 1329 ι
3069 1270 3289 1327 Paulus
3354 1268 3525 1321 hmc
3578 1259 3745 1312 dicit
3778 1278 3799 1314 :

2021 1383 2281 1435 Hebraeus
2309 1393 2378 1432 ex
2415 1376 2685 1436 Hebraeis,
2743 1367 3095 1424 secundum
3134 1362 3315 1429 legem
3363 1350 3801 1409 Pharisaeus,

2021 1483 2076 1526 et
2106 1473 2298 1526 doctus
2329 1482 2489 1522 secus
2517 1467 2689 1535 pedes
2732 1457 3131 1519 Gamalielis,
3191 1454 3280 1520 qui
3335 1448 3601 1514 utique
3641 1455 3809 1494 nunc

2022 1574 2186 1629 quam
2215 1559 2441 1611 auderet
2476 1534 2790 1623 spiritalem
2829 1561 3084 1608 escam,
3135 1553 3203 1597 et
3252 1534 3635 1609 spiritalem
3684 1544 3804 1598 po-

2026 1658 2138 1701 tum
2167 1646 2462 1714 appellare,
2502 1642 2606 1696 uisi
2644 1642 2798 1695 hunc
2841 1650 2989 1691 esse
3044 1646 3288 1688 sensum
3375 1617 3811 1693 legislatoris

2033 1752 2129 1806 per
2160 1737 2410 1788 traditam
2441 1732 2546 1786 sibi
2583 1728 2912 1784 verissimae
2945 1722 3261 1780 doctrinm
3280 1712 3659 1795 scientiam
3700 1706 3803 1759 di-

2036 1786 2462 1881 dicisset.Uude
2483 1828 2540 1873 et
2567 1818 2700 1872 illud
2727 1817 2917 1882 addit,
2983 1823 3281 1880 tanquam
3306 1786 3712 1861 conlidens,
3745 1804 3808 1849 et

2038 1924 2220 1968 certus
2250 1914 2315 1966 de
2348 1912 2595 1964 ciborum
2632 1909 2864 1962 ratione
2896 1904 3306 1962 mundorum,
3354 1894 3472 1949 vel
3520 1892 3803 1946 immun—

2040 2005 2252 2065 dorum,
2280 2000 2424 2067 quod
2459 2012 2566 2050 non
2606 1994 2936 2049 secundum
2988 1991 3289 2049 litteram,
3352 1984 3489 2039 sed
3543 1965 3800 2047 spirita-

2044 2095 2165 2147 liter
2195 2089 2536 2145 observauda
2580 2088 2724 2149 sint,
2758 2092 2821 2138 et
2865 2083 3031 2137 dicit
3079 2081 3139 2113 ⁸⁸
3182 2096 3200 2132 :
3247 2096 3264 2130 ι
3297 2077 3399 2131 Ne
3436 2072 3595 2142 quis
3654 2080 3798 2133 ergo

2044 2180 2364 2246 vosjudicet
2408 2179 2462 2231 in
2492 2176 2645 2238 cibo,
2695 2181 2797 2228 aut
2844 2173 2906 2226 in
2949 2181 3141 2240 potu,
3177 2176 3279 2222 aut
3307 2166 3379 2218 in
3438 2170 3631 2230 parte
3672 2156 3789 2207 diei

2048 2271 2188 2336 festi,
2245 2277 2339 2321 aut
2388 2264 2721 2326 ueomenim,
2775 2270 2880 2316 aut
2929 2260 3342 2315 sabbatorum
3416 2250 3594 2318 (99),
3659 2259 3789 2312 θυῖε

2047 2370 2169 2414 sunt
2200 2357 2390 2411 umbra
2419 2355 2754 2408 futurorum.
2795 2369 2818 2403 ι
2878 2349 3082 2404 Vides
3115 2364 3278 2417 ergo
3304 2340 3636 2413 quomodo
3658 2335 3784 2387 ιιῖεθ

2049 2448 2250 2513 omnia,
2287 2426 2497 2515 quaade
2525 2442 2665 2495 cibis
2693 2440 2782 2494 vel
2812 2450 2964 2509 potu
2998 2440 3297 2508 loquitur
3321 2433 3614 2499 Moyses,
3639 2425 3792 2477 Pau-

2050 2539 2154 2601 lus,
2206 2537 2297 2605 qui
2344 2535 2541 2589 melius
2580 2534 2688 2587 ista
2730 2531 3043 2585 didicerat
3104 2544 3305 2600 quam
3346 2524 3423 2577 bi
3470 2520 3575 2587 qui
3633 2529 3784 2568 nnth

2046 2628 2252 2697 jactaut
2295 2641 2352 2680 se
2398 2638 2519 2678 esse
2558 2623 2859 2686 doctores,
2903 2622 3135 2675 omnia
3203 2622 3335 2676 haec
3389 2613 3622 2666 umbra
3660 2603 3795 2659 dicit

2053 2734 2171 2773 esse
2195 2717 2522 2770 futurorum.
2557 2713 2625 2767 Et
2658 2712 2810 2773 ideo,
2848 2712 3017 2765 sicut
3057 2712 3385 2765 diximus.
3420 2704 3501 2755 ab
3526 2703 3639 2755 liae
3671 2714 3789 2750 um-

2056 2809 2149 2863 bra
2180 2804 2244 2860 ad
2276 2806 2560 2860 veritatem
2586 2801 2864 2857 debemus
2900 2804 3326 2858 ascendere.
3353 2791 3728 2848 Clirisﬁanis
3745 2796 3800 2840 et

2058 2914 2088 2951 a
2116 2896 2442 2951 Christianis
2472 2894 2552 2963 (l)
2595 2905 2788 2946 sermo
2829 2898 2949 2957 est,
3002 2892 3295 2960 quibus
3340 2881 3794 2953 apostolicorum

419 3004 553 3073 ejus,
585 3017 704 3057 cum
754 2999 953 3053 faciunt
983 3009 1116 3063 Opus
1145 2989 1504 3058 evangelista,
1548 2996 1603 3039 et
1648 2984 1950 3038 eﬂiciuutur
1978 3021 2021 3078 ε
2059 2988 2324 3041 dictorum
2355 2982 2521 3036 chara
2547 2995 2674 3035 esse
2701 2981 2873 3036 debet
2918 2984 3360 3037 auctoritas.
3415 2975 3485 3028 Si
3515 2974 3652 3042 quis
3677 2984 3805 3020 vero

420 3092 650 3163 operarii
681 3085 1108 3144 iueonfusibiles,
1138 3092 1285 3134 recte
1331 3085 1621 3130 tractantes
1649 3088 1951 3127 sermonem

422 3162 688 3243 veritatis,
736 3173 1088 3245 separationis
1117 3171 1197 3224 vel
1226 3165 1511 3221 ablatiouis
1558 3162 1832 3217 brachium
1865 3176 1958 3214 co-

425 3273 662 3327 medunt.
703 3267 791 3322 Vis
818 3266 989 3318 adhuc
1028 3262 1236 3330 Planius
1264 3258 1445 3310 videre
1474 3253 1739 3322 quomodo
1770 3251 1957 3303 Salva-

431 3370 514 3414 tor
543 3355 893 3428 separationis
920 3350 1192 3405 brachium
1219 3343 1646 3400 eomedat?Audi
1671 3342 1797 3408 quid
1817 3342 1956 3394 dicat

421 3452 495 3503 .ad
518 3446 764 3501 Iudaeos:
798 3461 816 3494 ι
839 3442 897 3496 Si
926 3441 1048 3503 feci,
1082 3436 1332 3504 inquit“,
1363 3447 1527 3502 opera
1561 3433 1613 3485 in
1644 3432 1813 3494 vobis,
1844 3443 1961 3497 quae

433 3540 611 3592 nullus
639 3538 775 3590 alius
807 3535 948 3595 fecit,
984 3546 1079 3600 pro
1119 3542 1226 3596 quo
1267 3528 1452 3579 horum
1488 3523 1645 3576 vultis
1691 3536 1774 3574 me
1815 3520 1961 3572 occi-

433 3628 600 3683 dere?
642 3646 660 3677 ι
688 3624 847 3678 Vides
888 3623 1154 3692 quomodo
1188 3620 1301 3686 ipse
1354 3631 1474 3666 vere
1514 3613 1802 3665 manducat
1844 3610 1965 3661 bra-

435 3717 614 3772 chium
643 3712 1010 3783 separationis.
1035 3711 1123 3776 qui
1153 3722 1311 3775 opera
1343 3715 1446 3757 tam
1477 3712 1745 3772 segregata
1777 3702 1832 3753 et
1860 3709 1963 3751 tam

433 3804 679 3861 sublimia
713 3803 857 3865 fecit,
887 3816 1045 3870 quam
1079 3800 1254 3853 nullus
1283 3798 1416 3850 alius
1444 3797 1590 3847 fecit.

509 3894 563 3947 4.
598 3894 700 3948 Sed
721 3892 830 3960 jam
857 3892 1129 3942 videamus
1156 3888 1327 3954 aliqua
1353 3886 1510 3937 etiam
1539 3898 1603 3935 ex
1636 3881 1738 3944 his,
1766 3895 1883 3947 qua:
1904 3879 1970 3932 de

435 3983 669 4044 mundis,
698 3989 856 4047 atque
886 3976 1192 4038 immundis,
1228 3973 1310 4026 vel
1351 3970 1415 4025 de
1449 3970 1601 4034 cibis,
1645 3968 1724 4020 vel
1764 3968 1971 4019 anima-

440 4072 578 4126 libus
617 4072 752 4122 lecta
778 4075 931 4130 sunt;
962 4072 1016 4117 et
1045 4065 1183 4117 sicut
1211 4063 1261 4115 in
1289 4060 1662 4129 explanatione
1709 4056 1879 4124 poculi
1909 4057 1972 4108 de

439 4160 628 4214 umbra
671 4154 1009 4210 ascendimus
1051 4151 1115 4204 ad
1152 4151 1429 4202 veritatem
1476 4145 1734 4213 spiritalis
1775 4143 1971 4211 poculi,

444 4249 516 4302 ita
569 4248 727 4301 etiam
782 4245 847 4298 de
899 4242 1034 4296 cibis
1099 4240 1185 4308 qui
1247 4252 1342 4306 per
1395 4237 1633 4288 umbram
1691 4234 1973 4295 dicuntur,

2060 3073 2366 3144 arrogantia
2417 3070 2663 3124 tumidus
2698 3070 3037 3137 apostolica
3100 3073 3327 3128 dicta
3365 3060 3701 3119 contemnit
3725 3069 3808 3113 aut

2061 3164 2287 3233 spernit,
2315 3162 2431 3230 ipse
2454 3161 2678 3214 viderit.
2739 3162 2880 3214 Mihi
2913 3173 3187 3225 autem,
3251 3167 3441 3220 sicut
3478 3157 3603 3210 Deo
3642 3165 3696 3208 et
3725 3153 3812 3206 lio-

2064 3255 2213 3307 miuo
2267 3257 2451 3304 nostro
2499 3248 2631 3303 Jesu
2694 3249 2959 3311 Christo,
3026 3250 3127 3304 ita
3220 3264 3313 3308 el.
3381 3245 3673 3316 apostolis
3710 3241 3814 3310 ejus

2065 3342 2339 3394 adhzcrere
2378 3340 2583 3393 bonum
2615 3347 2730 3399 est,
2771 3347 2830 3390 et
2879 3353 2958 3392 ex
3012 3341 3319 3398 divinis
3393 3335 3718 3406 Scripturis
3746 3349 3819 3387 se-

2066 3433 2297 3486 cundum
2328 3430 2571 3497 ipsorum
2604 3429 2983 3482 traditionem
3025 3431 3580 3506 intelligentiam
3606 3444 3815 3500 capere.

2066 3520 2182 3573 Erit
2211 3528 2390 3572 autem
2431 3525 2808 3585 opportunum
2841 3514 3136 3571 fortasse
3181 3532 3501 3589 tempus,
3558 3520 3606 3574 si
3647 3530 3815 3572 tamen

2073 3610 2163 3664 Dei
2186 3609 2436 3661 voluntas
2480 3607 2533 3658 iu
2562 3607 2670 3658 hoc
2718 3604 2934 3668 fuerit,
2991 3618 3065 3661 et
3113 3626 3382 3667 rerum
3440 3612 3820 3682 tranquillitas

2072 3697 2232 3752 fuerit
2266 3696 2565 3760 (nescimus
2624 3695 2778 3761 enim
2840 3695 2987 3762 quid
3070 3702 3342 3765 pariat
3392 3716 3815 3771 super-ventura

2074 3788 2229 3855 dies),
2256 3792 2314 3836 ut
2352 3784 2512 3835 etiam
2549 3799 2619 3837 ex
2669 3785 2859 3837 Veteri
2922 3784 3403 3849 Testamento
3439 3794 3821 3865 assigncmus,

2074 3875 2361 3930 secundum
2405 3874 2458 3925 id
2501 3878 2648 3939 quod
2703 3874 2986 3941 apostolis
3044 3880 3309 3936 visum
3355 3895 3488 3950 est,
3551 3888 3821 3940 rationem

2077 3970 2317 4021 ciborum
2359 3961 2437 4030 (Ξ)
2481 3962 2843 4026 mundorum,
2894 3965 2996 4018 vel
3056 3968 3601 4035 inunundorum.
3647 3979 3823 4031 sedet

2078 4052 2410 4112 animalium,
2454 4050 2539 4101 vel
2581 4054 2791 4112 avium,
2847 4051 2942 4104 vel
2990 4058 3342 4128 piscium,
3389 4063 3474 4119 de
3522 4067 3738 4133 quibus
3774 4069 3823 4119 ί..

2082 4144 2194 4209 lege
2232 4138 2510 4200 scribitur,
2543 4138 2984 4207 intelligentiam
3050 4148 3138 4199 ad
3205 4145 3527 4210 homines
3576 4157 3823 4210 referen-

2082 4234 2224 4283 dam.
2273 4227 2380 4281 Sed
2422 4242 2569 4281 nuuc
2627 4230 2898 4295 quoniam
2947 4230 3212 4293 latiore
3264 4244 3353 4296 uti
3402 4247 3830 4315 explanatione

445 4337 793 4393 ascendamus
827 4333 892 4386 ad
923 4346 1016 4386 eos
1040 4331 1128 4398 qui
1160 4345 1254 4400 per
1274 4328 1520 4397 spiritum
1556 4324 1665 4376 veri
1697 4332 1823 4377 sunt
1848 4324 1973 4377 cibi.
2011 4339 2054 4395 ο
2086 4335 2187 4372 non
2225 4326 2307 4371 est
2345 4324 2585 4384 tempus.
2639 4318 2860 4372 duobus
2919 4318 3325 4388 luminibus
3381 4339 3830 4402 apostolorum,

448 4426 552 4481 Sed
581 4428 646 4480 ad
676 4425 789 4479 haec
817 4417 1206 4488 investiganda,
1258 4418 1551 4483 Scriptum
1587 4411 1782 4464 divina:
1827 4410 1977 4464 testi-

449 4517 643 4571 moniis
669 4513 986 4581 indigemus,
1036 4524 1102 4562 ne
1128 4508 1248 4575 quis
1292 4515 1443 4573 putet
1484 4509 1688 4571 (amant
1712 4502 1855 4554 enim
1887 4500 1982 4554 ho-

452 4606 624 4660 mines
673 4615 934 4658 exacuere
960 4600 1168 4667 linguas
1205 4610 1331 4650 suas
1361 4603 1421 4647 ut
1462 4592 1716 4662 gladium)
1746 4606 1811 4644 ne
1837 4592 1980 4659 quis,

454 4693 692 4763 inquam,
724 4699 893 4760 putet,
923 4689 1064 4756 quod
1090 4701 1189 4755 ego
1215 4687 1319 4737 vim
1359 4683 1547 4735 faciam
1592 4678 1883 4746 Scripturis
1908 4680 1985 4733 di-

453 4783 614 4847 vinis,
640 4794 694 4836 et
718 4796 783 4834 ea
808 4793 926 4849 qua:
950 4779 1015 4831 de
1042 4774 1380 4837 animalibus,
1417 4764 1873 4837 quadrupedibus,
1902 4765 1985 4820 vel

457 4873 615 4927 etiam
639 4874 846 4934 avibus,
878 4867 1218 4936 autpiscibus
1251 4861 1482 4920 mundis,
1522 4857 1634 4910 sive
1681 4856 1985 4919 immundis,

458 4963 510 5015 in
535 4962 648 5031 lege
676 4961 999 5020 referuntur,
1028 4955 1188 5026 22E.
1219 4954 1284 5007 ad
1314 4950 1557 5006 homines
1583 4945 1812 5008 traham,
1839 4958 1892 4999 et
1924 4947 1989 5000 de

459 5049 761 5105 hominibus
786 5051 900 5104 haec.
917 5047 1057 5101 dicta
1075 5059 1193 5098 esse
1215 5044 1533 5109 contingam.
1560 5035 1829 5091 Fortassis
1848 5036 1990 5089 enim

534 5182 580 5216 ⁸⁸
607 5183 796 5237 Matth.
818 5196 893 5245 ιι,
928 5180 1018 5231 27.
1087 5177 1133 5208 ⁸⁸
1157 5174 1311 5229 Joan.
1338 5186 1407 5234 tv,
1434 5168 1524 5223 '54.
1600 5165 1644 5197 “
1667 5163 1819 5219 Joan.
1845 5180 1899 5229 ι,
1933 5164 2022 5222 52.

536 5325 781 5393 (99),Dno
808 5337 958 5380 mss...
987 5338 1005 5371 ι
1042 5316 1286 5393 sabbato.
1310 5332 1328 5364 ι

1040 5380 1556 5462 ¢_Cht'isti:iti.is,"et_a
1584 5372 1925 5455 pltristianis.
1968 5391 1988 5425 ι

472 5444 622 5513 ιιιὶιί.
645 5444 800 5520 editi,
833 5476 852 5508 ι
885 5444 1197 5515 ChriSIiani,
1226 5462 1278 5505 et
1303 5449 1366 5499 ad
1402 5444 1754 5520 Christianos.
1798 5458 1818 5492 ι

541 5528 616 5603 (ᾖ)
642 5518 796 5603 Libb.
828 5535 982 5603 antea
1011 5524 1161 5584 editi,
1197 5539 1215 5570 ς
1242 5518 1545 5603 secundum
1577 5526 1694 5603 eam
1721 5522 1839 5603 qua:
1865 5521 1995 5574 apo-

475 5577 625 5646 stolis
646 5577 756 5646 visa
781 5601 863 5645 est
888 5577 1169 5653 rationem,
1210 5589 1471 5648 ciborum,
1513 5602 1531 5634 ι
1563 5590 1692 5644 etc.,
1732 5577 1825 5632 sed
1866 5590 1995 5629 mss.

2082 4410 2240 4496 lietro
2277 4416 2333 4460 et
2367 4406 2536 4459 Paulo
2578 4408 2813 4496 testibus
2858 4418 3158 4469 contenti
3202 4422 3452 4481 simus.
3498 4427 3580 4481 Et
3609 4429 3835 4496 quidem

2086 4495 2283 4553 Pa'nlus
2317 4511 2440 4565 qua:
2461 4498 2722 4558 senserit,
2761 4495 2879 4564 jam
2940 4508 3391 4568 protulimus,
3438 4495 3670 4571 pen-uis
3706 4531 3840 4571 γει-ο

2086 4588 2358 4656 apostolus
2378 4601 2500 4640 cum
2537 4597 2685 4641 esset
2709 4586 2762 4638 iu
2793 4585 3015 4657 Joppe,
3042 4605 3119 4649 et
3148 4613 3359 4657 orare
3399 4607 3626 4671 νριιρι⁹
3652 4590 3843 4662 “ge...

2090 4682 2167 4733 dit
2214 4678 2272 4769 in
2324 4677 2609 4769 superiora
2650 4676 2872 4769 ".‘Ego
2934 4690 3165 4741 tamen
3212 4704 3291 4747 et
3328 4696 3457 4751 hoc
3526 4698 3730 4767 ipsum
3763 4699 3841 4769 (3)

2090 4768 2229 4837 quod
2269 4768 2441 4822 noluit
2482 4767 2534 4820 in
2576 4767 2945 4825 inferioribus
2985 4789 3226 4847 orare,
3305 4788 3414 4840 sed
3466 4767 3845 4845 ascendit“

2094 4858 2397 4959 superiora,
2450 4871 2561 4959 non
2606 4857 2813 4912 frustra
2863 4860 2987 4916 dici
3036 4871 3340 4940 accipio.
3415 4878 3643 4949 Neque
3688 4881 3842 4934 enim

2095 4948 2228 5049 tau‘ti
2267 4949 2500 5049 apostoli
2541 4948 2834 5049 consilium
2866 4965 2942 5005 ex
2977 4961 3328 5025 superﬂuo
3376 4948 3721 5040 superiora
3755 4973 3845 5025 de-

2097 5037 2225 5107 legit
2273 5038 2345 5093 ad
2392 5043 2688 5110 orandum,
2745 5041 2870 5105 sed.
2905 5057 3236 5113 quantum
3286 5073 3415 5130 ego
3455 5037 3843 5127 arbitram!!!

2100 5167 2144 5200 ⁸⁷
2186 5167 2381 5229 ICor.
2418 5193 2477 5243 ιι,
2520 5179 2560 5234 2
2609 5188 2667 5235 et
2698 5188 2847 5245 seqq.
2935 5175 2988 5210 ⁵⁸
3019 5179 3168 5240 Col.
3209 5190 3425 5257 11,16.
3520 5195 3575 5228 ⁸⁸
3616 5198 3724 5253 Act
3772 5210 3828 5251 ἰ.

2099 5320 2161 5365 ut
2180 5313 2247 5387 in
2278 5332 2488 5387 nostro
2518 5338 2694 5387 textu.

2171 5381 2439 5476 (3):)MMale
2466 5381 2723 5459 Blitea
2749 5391 2911 5476 editis
2959 5392 3232 5476 legitur,
3269 5422 3292 5458 ι
3338 5421 3506 5476 ergo
3545 5415 3752 5464 suum
3774 5418 3834 5463 ex

2236 5470 2462 5571 ipsum,
2505 5494 2523 5527 ι
2553 5489 2684 5537 etc.,
2709 5464 2921 5526 omissis
2961 5449 3063 5523 Ιιίξ
3091 5449 3321 5534 verbis
3341 5449 3855 5530 "'t“‘{.&§“{£§;€a

2251 5560 2265 5571 .
2292 5545 2488 5571 om“...
2554 5569 2559 5571 Α
2757 5533 3096 5571 οιιηηιιὶηιιιι-
3129 5557 3165 5571 Δ
3200 5524 3350 5571 ..__,’

2146 5533 2218 5575 ιρι
2250 5524 2519 5615 accipio,
2553 5524 2730 5624 (Elia;
2757 5524 3167 5610 supplentur-Ve
3184 5524 3353 5610 6g;
3372 5573 3403 5601 ρ
