3948 6228
167 287 234 343 ιιι
1396 288 1465 344 ιΝ
1502 292 1866 375 LEVITICUM
1908 293 2187 349 HOMILIA
2230 297 2335 352 Vll.
3368 307 3474 365 136

190 367 771 487 ιιειιθὲἶτθξιίζψιοιὶ
801 372 1028 440 Petrus
1079 393 1228 461 quia
1267 414 1520 461 mortuus
1579 418 1842 461 eratcum
1872 415 1916 470 Α
1946 413 2211 466 manebat.
2249 412 2407 467 Venit
2462 424 2595 481 ergo
2652 416 2968 487 Caesaream,
3024 424 3223 478 invenit
3281 427 3471 481 multos

1872 463 1916 470 __
2081 463 2125 466 Ὗ
2178 463 2208 465 ,_
2473 463 2588 481 κο-
2659 463 2968 487 -..-_........,

203 484 303 534 um
352 463 454 580 5‘0:
480 469 605 580 (itm
651 473 904 580 5:750“:
939 485 1089 530 sunt
1134 492 1450 556 qumrebat,
1487 496 1572 547 ubi
1604 498 1844 552 Christus
1945 500 2077 566 apud
2113 499 2416 553 Cornelium
2473 513 2837 571 congregatos,
2870 508 2933 560 'et
2993 511 3067 563 ait
3117 513 3180 563 ad
3231 527 3323 566 eos
3354 521 3472 580 post

280 568 319 580 ,ι
360 561 515 580 ncnc
548 562 638 580 nun
725 554 771 580 Αἵ
805 571 975 580 -A--,,
1053 568 1107 580 ιιι-

1156 547 1171 551 ,
1436 547 1450 556 ,
1618 547 1841 552 ηρ--.α
1946 547 2076 566 Fry-.-
2480 547 2837 571 ηπυηο-ηυ,
2883 547 2933 560 ι..
2993 547 3067 563 ι...
3117 547 3180 563 ι...
3231 547 3323 566 ws
3354 547 3467 580 pus.

240 568 343 615 εςγκ
360 547 643 658 n‘t‘l‘extera
674 550 774 607 Dei
805 560 1028 619 sedens
1052 568 1135 635 ³⁵,
1179 587 1241 627 ει
1267 594 1373 631 non
1402 596 1520 647 qme
1542 598 1702 650 super
1742 596 1845 638 ter-
1943 587 2106 640 nmlta
2142 603 2156 639 :
2203 605 2220 637 ι
2262 589 2328 642 Ει
2378 587 2540 651 mihi,
2593 591 2764 657 inquit
2791 592 2855 658 ",
2917 598 3145 652 ostendit
3203 596 3340 652 Deus
3372 614 3467 652 ne-

1418 639 1433 647 _
1610 639 1621 650 ,
2265 639 2326 642 __
2593 639 2763 657 --.τη
2840 639 2855 658 ,
2918 639 3145 652 Vm"-..
3203 639 3437 652 ---........

252 662 380 700 ram.
405 639 534 695 \lluc
564 647 931 715 ascendebat,
966 657 1041 708 ad
1081 659 1183 714 illa
1216 674 1383 730 tecta,
1411 672 1474 722 ad
1501 671 1583 722 illa
1613 672 1841 743 fastigia,
1904 726 1920 745 ,
1944 675 2141 726 minem
2188 690 2523 728 communem
2576 687 2668 728 aut
2722 677 3045 732 immundum
3090 683 3268 736 dicere
3298 686 3468 738 homi-

266 736 321 811 de
357 732 556 802 quibus
610 733 747 788 dicit
785 748 843 790 et
878 739 1165 804 Dominus
1223 752 1267 783 ἰ
1328 770 1340 802 :
1396 773 1414 806 ι
1467 758 1566 822 Qui
1597 760 1647 813 in
1704 732 1843 818 tecto

264 836 358 897 est,
392 841 499 879 non
536 825 832 883 descendat
886 832 1092 890 tollere
1125 841 1335 908 aliquid
1364 846 1427 897 dc
1471 849 1641 900 domo.
1684 867 1702 899 ι
1743 851 1843 905 De-

260 913 430 981 nique
463 922 521 965 ut
557 914 702 968 scias
742 916 870 983 quia
909 936 1021 976 non
1058 925 1182 979 haec
1217 931 1509 996 suspiciose
1536 935 1610 1002 (4)
1651 938 1714 988 ιΙε
1744 937 1842 991 Pe-

253 1015 336 1057 tro
398 1006 664 1069 dicimus,
713 1009 854 1075 quia.
882 1010 951 1063 ad
998 1017 1287 1082 superiora
1328 1023 1732 1087 conscenderit,
1772 1041 1838 1079 ex

248 1096 729 1161 consequentibus
761 1100 1117 1165 approbabis.
1166 1123 1185 1155 ι
1234 1108 1508 1171 Ascendit,
1567 1112 1738 1180 inquit
1770 1115 1836 1180 ⁵⁸,

247 1180 315 1233 ad
338 1184 669 1250 superiora,
709 1195 769 1237 ut
807 1196 1011 1247 oraret,
1039 1199 1095 1243 et
1140 1193 1483 1247 viditcmlum
1525 1209 1784 1263 apertum.
1814 1219 1831 1252 ι

244 1266 507 1327 Nondum
534 1273 635 1324 tibi
671 1273 886 1326 videtur
913 1274 1107 1330 Petrus
1134 1281 1199 1331 ad
1230 1284 1498 1348 superiora
1534 1300 1636 1336 non
1667 1288 1835 1341 solum

245 1373 512 1427 corpore,
566 1362 667 1414 sed
712 1372 896 1415 mente
918 1378 983 1417 ac
1020 1367 1217 1432 spiritu
1257 1372 1664 1424 conscendisse?
1692 1392 1710 1421 ‹
1748 1374 1838 1426 Vi-

242 1449 341 1512 dit,
390 1449 584 1516 inquit
628 1449 701 1512 ",
771 1450 967 1504 ctelum
1024 1465 1288 1520 apertum,
1339 1467 1389 1510 et
1445 1474 1534 1511 vas
1573 1463 1833 1527 quoddam

243 1538 452 1607 deponi
487 1546 552 1590 ut
582 1537 820 1590 linteum
853 1540 906 1591 in
950 1548 1172 1606 terram,
1214 1544 1264 1596 in
1316 1560 1418 1612 quo
1458 1558 1611 1599 erant
1649 1552 1829 1603 omnia

239 1628 665 1696 quadrupedia,
701 1637 758 1682 et
794 1631 1029 1696 reptilia,
1058 1642 1111 1684 et
1150 1635 1380 1686 volatilia
1424 1637 1565 1699 mali,
1597 1648 1649 1691 et
1689 1641 1831 1692 audi-

242 1719 319 1768 vit
346 1733 547 1772 vocem
581 1720 868 1775 dicentem
899 1723 1000 1776 sibi
1043 1740 1056 1775 :

244 1808 564 1872 manduca;
626 1827 648 1858 ι
686 1810 755 1863 de
790 1811 877 1863 his
919 1812 1037 1864 sine
1075 1812 1239 1864 dubio
1290 1813 1556 1879 imperans
1604 1817 1828 1870 mandu-

241 1896 432 1950 caudis
456 1898 943 1967 quadrupedibus,
965 1908 1019 1953 et
1043 1902 1401 1967 serpentibus,
1422 1911 1474 1954 et
1501 1903 1823 1967 volatilibus,

243 1996 365 2047 qua
387 1986 758 2052 superposita
785 1986 955 2040 linteo
986 1986 1052 2038 ad
1093 2003 1212 2039 eum
1241 1989 1451 2041 cwlitus
1479 2000 1601 2041 sunt
1631 1993 1823 2045 delata.

245 2068 424 2122 Atille
471 2086 488 2121 :
525 2088 545 2120 ι
597 2072 852 2135 Domine,
882 2073 1059 2140 inquit
1090 2073 1158 2136 ⁵⁸,
1192 2077 1374 2128 tuscis
1403 2077 1525 2143 quia
1558 2093 1822 2146 nunquam

246 2168 541 2210 commune
586 2166 686 2210 aut
712 2159 1055 2212 immundum
1085 2161 1319 2214 introivit
1346 2164 1397 2216 in
1428 2180 1490 2217 os
1524 2180 1723 2219 meum.
1760 2168 1823 2219 Et

246 2255 371 2310 Vox,
396 2245 612 2313 inquit,
660 2248 730 2299 ad
763 2262 887 2300 eum
921 2250 1159 2302 secundo
1191 2268 1204 2303 :
1250 2251 1396 2314 Quod
1430 2253 1568 2306 Deus
1596 2257 1825 2306 munda-

244 2333 344 2396 vit,
365 2341 421 2385 tu
466 2349 776 2388 commune
804 2351 871 2388 ne
897 2337 1132 2399 dixeris;
1159 2347 1210 2390 et
1243 2338 1347 2391 hoc
1383 2340 1580 2393 factum
1607 2352 1685 2394 est
1728 2358 1822 2410 per

250 2429 349 2474 ter.
374 2422 449 2475 Et
491 2433 622 2492 post
653 2426 782 2489 hoc,
839 2425 1047 2493 inquit,
1081 2436 1349 2495 receptum
1397 2438 1479 2481 est
1506 2430 1726 2483 linteum
1762 2433 1817 2485 iu

246 2510 415 2565 ccelis.
473 2529 497 2562 ι
557 2512 638 2566 De
693 2514 918 2568 mundis
961 2515 1050 2568 hic
1080 2525 1135 2569 et
1189 2516 1476 2570 immundis
1503 2518 1820 2574 animalibus

248 2598 373 2652 ratio
405 2610 522 2655 est.
557 2601 637 2655 De
664 2603 892 2668 quibus,
935 2619 1113 2656 rerum
1145 2604 1366 2658 scientia
1398 2606 1609 2661 caalitus
1654 2609 1818 2662 doce-

251 2691 337 2737 tur
357 2689 653 2756 apostolus
674 2693 942 2757 quoniam
972 2693 1186 2759 quidem
1211 2694 1617 2749 eminentiorem
1660 2711 1738 2761 se,
1765 2706 1820 2751 et

215 2762 511 2843 .‘majorem
540 2793 653 2830 non
695 2778 943 2852 habebat
967 2781 1019 2832 in
1054 2780 1240 2845 terris,
1265 2790 1317 2833 et
1341 2782 1561 2835 docetur
1584 2798 1685 2835 non
1712 2799 1817 2837 una

245 2873 362 2917 voce
386 2880 504 2919 nec
528 2881 636 2917 una
663 2867 903 2929 visione,
931 2869 1024 2919 sed
1058 2869 1216 2922 trina.
1240 2866 1352 2936 Ego
1377 2883 1474 2923 nec
1498 2870 1596 2923 hoc
1622 2870 1827 2937 ipsum,

240 2955 364 3016 quod
415 2955 594 3008 tertio
634 2955 757 3008 hac
806 2956 1082 3021 dicuntur,
1124 2958 1297 3011 otiose
1323 2958 1521 3011 dictum
1557 2960 1809 3027 suscipio.

241 3036 413 3097 Tertio
475 3045 529 3097 ei
584 3046 820 3106 dicitur,
864 3055 920 3097 et
960 3061 1058 3114 per
1108 3046 1259 3099 illum
1307 3049 1557 3101 omnibus
1609 3023 1882 3106 nol-is:c

242 3147 258 3175 ι
302 3131 454 3196 Quod
488 3133 641 3186 Deus
671 3137 982 3197 inundavit,
1035 3144 1087 3188 tu
1119 3151 1408 3190 commune
1440 3151 1505 3191 ne
1538 3139 1756 3191 dixeris.
1790 3156 1810 3190 ι

234 3216 347 3280 Qnte
394 3222 558 3275 enim
620 3224 948 3286 mandavit,
1003 3239 1106 3277 non
1154 3228 1252 3279 sub
1296 3240 1402 3279 una
1459 3228 1814 3294 appellatione

233 3312 594 3374 mandantur,
634 3326 822 3379 neque
861 3314 962 3367 sub
1000 3316 1258 3377 secunda,
1291 3316 1385 3368 sed
1419 3317 1517 3369 nisi
1551 3325 1605 3370 et
1662 3317 1814 3371 tertia

230 3401 524 3465 Ippellatio
558 3401 909 3463 nominetur,
961 3418 1120 3455 nemo
1162 3405 1473 3458 muudalur.
1515 3405 1622 3459 Nisi
1668 3406 1812 3459 enim

232 3484 284 3536 in
305 3488 497 3554 Patre,
524 3500 586 3543 et
608 3490 779 3551 Filio,
806 3500 861 3543 et
880 3490 1082 3560 Spiritu
1107 3503 1294 3546 sancto
1317 3493 1484 3547 fueris
1508 3498 1809 3560 mundatus,

232 3581 461 3632 mundus
493 3594 625 3632 esse
661 3594 772 3631 non
806 3581 1029 3646 poteris.
1054 3580 1351 3649 Pmpterea
1393 3598 1519 3650 ergo
1560 3599 1676 3650 quae
1715 3599 1811 3651 pro

230 3668 626 3720 emnndatione
653 3667 1115 3730 ostendebantur,
1158 3684 1262 3721 non
1295 3670 1483 3732 semel,
1524 3684 1693 3736 neque
1721 3672 1816 3724 ite-

233 3767 360 3819 nun,
388 3758 491 3809 sed
547 3756 725 3808 tertio
766 3755 1144 3817 ostenduntur,
1198 3764 1253 3807 et
1292 3758 1450 3809 tertio
1490 3759 1811 3824 prazcipiun-

236 3849 329 3894 tur.
368 3843 553 3896 Erant
585 3857 728 3909 ergo
776 3842 959 3894 omnia
1004 3843 1055 3893 in
1102 3844 1194 3895 illo
1228 3845 1390 3897 linteo
1424 3846 1807 3913 quadrupedia,

236 3936 290 3978 et
313 3932 553 3998 reptilia,
584 3941 645 3984 et
673 3928 928 3981 volucres
958 3930 1107 3981 cmli.
1143 3932 1204 3982 Et
1238 3942 1359 3998 post
1383 3932 1492 3985 lnec
1519 3933 1808 3999 cogitabat,

243 4013 423 4083 inquit,
464 4020 615 4070 intra
669 4014 1025 4077 semetipsum
1079 4017 1294 4079 Petrus,
1352 4019 1476 4082 quid
1510 4020 1609 4072 hoc
1647 4028 1805 4073 esset.

248 4102 494 4160 Etadhuc
539 4119 609 4158 eo
653 4105 937 4172 cogitante
968 4117 1421 4173 supervenerunt,
1453 4107 1620 4173 inquit
1649 4108 1716 4171 ⁵⁸,
1752 4109 1804 4161 1ιί

253 4198 373 4259 quia
405 4196 673 4249 Cornelio
711 4196 1032 4247 centurione
1058 4195 1209 4247 missi
1234 4201 1445 4247 Inerant
1472 4210 1535 4247 ex
1568 4196 1809 4249 ltaccivi-

259 4290 346 4338 tate
361 4283 461 4352 (5),
490 4285 545 4337 id
569 4293 655 4336 est
685 4298 715 4333 a
745 4282 997 4334 Caesarea
1036 4283 1085 4332 in
1110 4280 1304 4348 Joppe.
1329 4282 1402 4332 lbi
1435 4297 1658 4347 namque
1688 4290 1805 4335 erat
1834 4316 1876 4369 ι)

260 4367 447 4432 Petrus.
463 4383 519 4425 et
542 4372 932 4438 hoSpitabatur
955 4371 1095 4436 apud
1118 4370 1397 4420 Simonem
1415 4371 1697 4435 quemdam
1717 4385 1804 4425 co-

275 4460 483 4512 riariutn.
517 4460 664 4513 Bene
695 4468 873 4510 autem
910 4457 1102 4509 Petrus
1120 4457 1264 4522 apud
1290 4458 1577 4510 curiarium
1605 4467 1799 4520 manet,

275 4541 398 4593 illum
421 4543 668 4605 fortasse,
682 4544 747 4595 de
760 4557 868 4609 quo
889 4542 1020 4595 dicit
1034 4540 1209 4593 Jacob
1226 4541 1297 4603 ⁵⁸,
1316 4543 1436 4607 quia
1462 4560 1478 4591 ι
1502 4544 1634 4610 pelle
1654 4558 1736 4597 me
1752 4554 1807 4597 et

277 4644 414 4682 carne
437 4632 587 4699 225
614 4631 856 4684 induisti.
879 4648 900 4681 ι
923 4630 1032 4683 Sed
1058 4631 1175 4682 lucc
1204 4630 1257 4680 in
1277 4643 1496 4684 excessu
1528 4633 1665 4685 dicta
1681 4633 1807 4687 sint.

278 4714 467 4769 Interim
501 4717 881 4786 superveniunt
918 4716 1010 4784 qui
1057 4715 1218 4767 missi
1254 4715 1467 4768 fuerant
1497 4731 1525 4768 a
1555 4718 1807 4773 Cornelio

276 4800 343 4849 ad
364 4800 591 4856 Petrum:
621 4819 754 4873 quos
786 4802 878 4854 ille
920 4801 1263 4867 suscipiens,
1299 4803 1445 4854 audit
1488 4805 1553 4857 ab
1581 4806 1658 4859 eis
1689 4821 1806 4874 qua:

278 4884 373 4937 sibi
399 4887 651 4943 Cornelius
678 4889 918 4942 mandat.
952 4886 1019 4938 Et
1052 4885 1402 4939 descendens
1423 4889 1485 4940 de
1514 4892 1804 4956 superiori-

280 4970 377 5041 bus,
410 4978 539 5029 venit
568 4977 632 5029 ad
665 4974 1005 5030 Cornelium.
1063 4973 1387 5037 Descendit,
1414 4976 1537 5029 dicit
1581 4994 1595 5031 :
1631 4981 1803 5035 adhuc

270 5071 392 5127 enim
434 5075 673 5130 deorsum
723 5084 844 5127 erat
896 5068 1237 5130 Cornelius,
1278 5075 1332 5116 et
1367 5067 1413 5117 in
1458 5066 1801 5122 inferioribus

1944 770 2082 810 nem.
2119 774 2138 808 ι
2176 757 2287 811 Non
2327 760 2537 812 videtur
2562 761 2654 814 tibi
2685 760 2873 817 Petrus
2919 767 3185 831 apostolus
3224 772 3459 836 quadru-

1941 844 2091 910 pedia
2144 846 2228 897 illa
2258 849 2457 912 omnia,
2485 855 2539 901 et
2568 851 2802 917 reptilia,
2853 860 2905 904 et
2952 854 3187 907 volatilia
3233 857 3463 911 dilucide

1937 933 2005 984 ad
2051 933 2315 987 hominem
2367 938 2728 1004 transtulisse,
2765 950 2817 994 et
2859 943 3099 997 homines
3133 945 3462 1002 intellexisse

1936 1033 1997 1072 ea
2027 1035 2144 1087 quae
2172 1022 2271 1075 sibi
2302 1022 2353 1075 in
2392 1023 2554 1078 linteo
2581 1027 2791 1081 caelitus
2821 1028 2968 1097 lapso
3000 1029 3211 1085 fuerant
3237 1032 3462 1088 demon-

1940 1107 2147 1158 slrata?

2004 1191 2053 1243 5.
2096 1193 2199 1246 Sed
2236 1194 2463 1249 fortasse
2500 1198 2641 1251 dicat
2669 1200 2859 1269 aliquis
2885 1219 2898 1255 :
2927 1204 3000 1257 De
3019 1192 3462 1275 quadrupedibus

1934 1279 2168 1343 quidem,
2205 1291 2256 1333 et
2286 1284 2581 1349 rcptilibus,
2611 1295 2664 1338 et
2689 1289 2876 1342 avibus
2901 1292 3171 1346 reddidisti
3201 1294 3273 1362 (6)
3304 1298 3463 1352 ratio-

1935 1380 2072 1426 nem,
2104 1370 2241 1431 quod
2261 1370 2509 1425 homines
2544 1373 2764 1444 intelligi
2798 1376 3058 1443 debeant;
3094 1381 3156 1434 da
3199 1385 3355 1436 etiam
3396 1387 3463 1441 de

1935 1454 2014 1505 his
2045 1472 2160 1519 qum
2185 1458 2233 1509 in
2272 1460 2422 1525 aquis
2454 1471 2596 1515 sunt.
2632 1463 2893 1527 Quoniam
2927 1468 3141 1535 quidem
3186 1471 3267 1525 lex
3298 1474 3458 1527 etiam

1932 1541 1995 1592 de
2035 1540 2167 1608 ipsis
2207 1546 2398 1597 munda
2433 1562 2552 1602 esse
2580 1552 2842 1617 quaedam,
2876 1562 2927 1605 et
2959 1554 3057 1607 alia
3088 1557 3322 1627 designat
3353 1560 3458 1613 itu-

1934 1631 2148 1692 munda,
2176 1633 2305 1684 nihil
2340 1636 2389 1687 in
2424 1636 2506 1688 his
2536 1645 2591 1689 ut
2616 1641 2795 1693 verbis
2821 1645 2953 1695 meis
3001 1646 3251 1700 credatur
3295 1665 3456 1718 expo-

1111 1724 1302 1793 Surge,
1354 1723 1530 1790 Petro,
1571 1728 1751 1781 occide
1775 1738 1827 1781 et
1860 1717 1900 1772 Β
1927 1730 2038 1779 sco,
2075 1720 2174 1772 nisi
2213 1730 2377 1775 testes
2402 1724 2620 1778 idoneos
2648 1727 2864 1781 dedero.
2890 1728 3060 1796 Ipsum
3095 1733 3241 1787 vobis
3264 1717 3457 1791 Domi-

1935 1818 2059 1853 num
2089 1811 2141 1855 et
2164 1803 2493 1860 Salvatorem
2515 1819 2754 1864 nostrum
2777 1812 2954 1867 Jesum
2975 1816 3239 1871 Christum
3266 1829 3452 1877 testem

1930 1891 2119 1943 horum
2156 1902 2210 1945 et
2258 1907 2527 1950 auctorem
2562 1899 2715 1963 dabo,
2749 1906 3012 1969 quomodo
3059 1907 3231 1973 pisces
3280 1910 3455 1963 homi-

1930 1996 2020 2033 nes
2053 1996 2172 2034 esse
2206 1984 2471 2038 dicantur.
2501 2005 2520 2037 ι
2558 1987 2742 2043 Simile
2798 1999 2916 2055 est,
2995 1995 3167 2061 inquit
3194 1995 3242 2028 "
3273 2036 3290 2062 ,
3369 2013 3455 2053 re-

1927 2085 2084 2137 gnum
2115 2072 2374 2126 ctelorum
2421 2075 2521 2128 reti
2552 2077 2718 2133 misso
2760 2079 2813 2133 in
2843 2096 3008 2144 mare,
3044 2085 3180 2151 quod
3212 2100 3277 2138 ex
3305 2088 3451 2142 omni

1925 2172 2118 2225 genere
2159 2161 2380 2228 piscium
2428 2162 2648 2232 colligit,
2700 2177 2753 2221 et
2798 2183 2918 2221 cum
2966 2171 3220 2237 repletum
3268 2173 3452 2240 fuerit,

1926 2247 2170 2301 sedentes
2216 2264 2373 2316 supra
2402 2250 2552 2304 littus
2586 2256 2820 2307 condunt
2851 2272 2943 2309 eos
2968 2259 3056 2324 qui
3087 2260 3208 2312 boni
3242 2271 3363 2314 sunt
3394 2264 3447 2318 ir.

1925 2334 2088 2397 vasis,
2127 2337 2214 2401 qui
2242 2346 2418 2390 autem
2465 2338 2610 2403 mali,
2650 2339 2795 2395 foras
2841 2344 3132 2398 mittuntur.
3170 2366 3189 2398 ι
3225 2349 3453 2403 Eviden-

1922 2431 2003 2476 ter
2039 2423 2251 2477 edocuit
2282 2441 2374 2479 eos
2402 2427 2496 2494 qui
2541 2430 2742 2483 retibus
2766 2432 2942 2501 colligi
2975 2434 3224 2487 dicuntur
3251 2437 3448 2506 pisces,

1922 2511 2003 2564 vel
2032 2514 2197 2567 bonos
2227 2514 2467 2569 homines
2498 2531 2634 2581 esse,
2682 2520 2764 2574 vel
2801 2523 2983 2577 malos.
3013 2522 3101 2576 lsli
3134 2539 3263 2593 ergo
3302 2537 3449 2596 sunt,

1920 2601 2007 2666 qui
2034 2604 2321 2656 secundum
2346 2603 2575 2671 Moysem
2598 2607 2769 2672 pisces
2792 2608 2869 2660 vel
2903 2611 3080 2663 mundi
3109 2612 3186 2665 vel
3217 2614 3446 2668 immun-

1920 2689 1971 2742 di
2005 2690 2366 2743 nominantur.
2408 2692 2501 2745 llis
2532 2695 2690 2760 igitur
2716 2710 2781 2748 ex
2809 2698 3121 2751 auctoritate
3150 2701 3441 2766 apostolica

1920 2780 2078 2837 atque
2105 2775 2412 2843 evangelica
2468 2780 2846 2848 comprobatis,
2880 2783 3150 2837 videamus
3180 2790 3445 2852 quomodo

1919 2863 2282 2931 unusquisque
2316 2865 2590 2920 hominum
2624 2869 2708 2923 vel
2752 2871 2996 2935 mundus,
3032 2873 3113 2926 vel
3144 2875 3445 2932 immundus

1918 2953 2085 3018 possit
2109 2955 2338 3009 ostendi.
2375 2956 2561 3011 Omnis
2607 2958 2766 3013 homo
2809 2960 2968 3014 habet
3015 2962 3244 3030 aliquem
3288 2966 3338 3017 in
3384 2981 3443 3020 se

1914 3039 2111 3103 cibum,
2141 3055 2298 3109 quem
2340 3045 2615 3097 accedenti
2675 3046 2739 3098 ad
2791 3060 2849 3099 se
2897 3050 3138 3114 proximo
3193 3051 3442 3117 praebeat.

1914 3125 2026 3179 Non
2058 3128 2200 3180 enim
2230 3139 2405 3196 potest
2436 3132 2569 3195 fieri,
2620 3140 2676 3185 ut
2710 3147 2828 3185 cum
2874 3138 3261 3191 accesserimus
3292 3141 3444 3193 adin-

1914 3216 2081 3268 vicem
2113 3232 2210 3271 nos
2238 3217 2505 3283 homines,
2540 3230 2593 3274 et
2640 3223 3065 3277 conseruerimus
3115 3240 3441 3294 sermonem,

1913 3320 2018 3357 non
2051 3306 2303 3373 aliquem,
2331 3307 2412 3359 vel
2443 3323 2508 3359 ex
2542 3311 2906 3376 responsione,
2936 3312 3016 3364 vel
3047 3327 3108 3366 ex
3142 3315 3442 3383 interroga-

1916 3390 2077 3452 tione,
2114 3393 2194 3444 vel
2227 3405 2292 3444 ex
2324 3393 2498 3460 aliquo
2536 3403 2685 3462 gestu
2727 3404 2819 3447 aut
2849 3398 3116 3462 capiamus
3160 3401 3297 3453 inter
3345 3418 3441 3457 nos

1912 3486 2142 3543 gustum,
2184 3489 2274 3531 aut
2321 3481 2672 3546 prtebeamus.
2726 3482 2790 3534 Et
2852 3485 2897 3536 si
2940 3486 3150 3553 quidem
3209 3494 3440 3544 mundus

1912 3567 2067 3619 homo
2113 3577 2214 3628 cst,
2248 3576 2301 3619 et
2329 3568 2478 3622 bona:
2506 3571 2701 3623 mentis
2747 3571 2813 3634 is,
2855 3572 2919 3625 de
2965 3588 3069 3639 quo
3096 3584 3304 3642 gustum
3346 3594 3438 3631 ca—

1912 3657 2106 3724 pimus.
2144 3658 2393 3710 mundum
2428 3661 2688 3714 smnimus
2717 3663 2913 3715 cibum.
2956 3660 3011 3714 Si
3044 3677 3172 3716 vero
3213 3665 3438 3718 immun-

1911 3746 2009 3796 dus
2036 3745 2101 3797 sit
2136 3761 2289 3813 quem
2326 3748 2703 3817 contingimus,
2751 3759 2802 3801 ct
2850 3751 3178 3803 immundum
3232 3754 3433 3820 cibum,

1910 3834 2200 3886 secundum
2233 3849 2293 3886 ea
2328 3849 2442 3901 quae
2474 3851 2633 3903 supra
2669 3839 2809 3890 dicta
2860 3847 3006 3898 sunt,
3061 3840 3339 3896 sumimus.
3372 3842 3436 3895 Et

1854 3939 1870 3953 ο
1909 3931 2211 3986 propterea,
2241 3933 2385 3988 puto,
2416 3924 2686 3990 apostolus
2721 3924 2910 3978 Paulus
2943 3927 3009 3978 de
3038 3926 3249 3990 talibus,
3292 3931 3435 3984 velut

1912 4010 2191 4061 immumlis
2229 4010 2569 4076 animalibus,
2617 4015 2747 4068 dicit
2776 4016 2820 4047 ”
2857 4034 2868 4067 :
2911 4035 2928 4066 ι
2967 4016 3098 4069 Cum
3134 4017 3430 4082 huiusmodi

1909 4109 2007 4147 nec
2033 4096 2208 4149 cibum
2232 4114 2462 4152 sumere.
2506 4120 2526 4153 ι
2561 4102 2752 4156 Verum
2787 4115 2843 4156 ut
2885 4106 3183 4158 evidentius
3210 4108 3304 4160 tibi
3338 4125 3431 4174 pa-

1909 4194 2109 4236 tescant
2143 4186 2206 4237 ad
2238 4187 2561 4242 intellectum
2596 4206 2714 4259 qua:
2755 4192 2999 4253 dicimus,
3033 4194 3101 4246 de
3147 4196 3433 4262 majoribus

1906 4287 2174 4327 sumamus
2207 4276 2527 4343 exemplum,
2555 4287 2613 4331 ut
2646 4279 2768 4332 inde
2803 4281 3055 4347 paulatim
3102 4283 3428 4335 descenden-

1908 4373 1985 4415 tes
2011 4377 2175 4430 usque
2213 4364 2279 4416 ad
2312 4364 2562 4418 inferiora
2603 4367 2897 4421 veniamus.
2928 4368 3181 4423 Dominus
3213 4378 3266 4423 et
3315 4368 3431 4423 Sal-

1906 4459 2057 4502 vator
2104 4460 2283 4503 noster
2303 4453 2526 4505 dicit“:
2567 4472 2585 4505 ι
2624 4456 2733 4509 Nisi
2753 4458 3200 4514 manducaveritis
3217 4477 3429 4517 carnem

1906 4554 2089 4602 meam,
2124 4549 2175 4592 et
2198 4539 2436 4596 biberitis
2465 4545 2773 4611 sanguinem
2808 4562 2994 4609 meum,
3023 4564 3127 4600 non
3173 4551 3432 4606 habebitis

1906 4629 2066 4679 vitam
2099 4628 2151 4680 in
2177 4630 2324 4683 vobis
2354 4631 2504 4698 ipsis.
2540 4633 2676 4687 Caro
2716 4648 2830 4687 mea
2869 4650 2993 4690 vere
3054 4647 3134 4690 est
3178 4638 3347 4702 cibus,
3378 4649 3433 4692 et

1905 4715 2122 4781 sanguis
2150 4730 2298 4769 meus
2326 4733 2449 4771 vere
2482 4729 2564 4773 est
2593 4730 2767 4788 potus.
2807 4740 2826 4773 ι
2858 4719 3015 4777 Jesus
3049 4738 3175 4792 ergo
3204 4725 3326 4791 quia
3353 4733 3431 4778 to-

1907 4810 1990 4854 tns
2021 4818 2086 4855 ex
2131 4812 2239 4858 toto
2272 4808 2500 4861 mundus
2527 4816 2632 4873 est,
2676 4816 2785 4862 tota
2819 4808 2932 4876 ejus
2960 4825 3086 4865 caro
3130 4812 3279 4865 cibus
3324 4821 3427 4877 est,

1905 4901 1957 4945 et
1987 4901 2127 4946 totus
2173 4897 2390 4963 sanguis
2422 4899 2535 4965 ejus
2583 4907 2736 4967 potus
2775 4910 2889 4966 est;
2943 4903 3065 4970 quia
3110 4917 3267 4958 omne
3297 4917 3429 4971 opus

1905 4978 2018 5044 ejus
2053 4990 2291 5036 sanctum
2322 4994 2422 5051 est,
2456 4995 2510 5040 et
2561 4990 2732 5044 omnis
2767 5004 2942 5046 sermo
2979 4990 3093 5057 ejus
3132 5004 3287 5043 verus
3323 4998 3426 5043 est.

1907 5066 2190 5137 Propterea
2218 5086 2346 5141 ergo
2373 5085 2425 5127 et
2449 5090 2576 5130 caro
2598 5077 2711 5144 ejus
2741 5092 2898 5131 verus
2920 5088 3000 5130 est
3031 5080 3197 5138 cibus,
3227 5084 3278 5128 et
3307 5091 3429 5127 sau-

319 5198 737 5281 “Coloss.ltt,l.
815 5200 1368 5281 "Matth-“3W”
1427 5205 1743 5281 ἕλει-..ιι
1777 5206 1819 5269 9η

1928 5244 1942 5259 -
2015 5208 2228 5281 .‘fjbid.
2304 5212 2348 5243 ἰ
2376 5213 2526 5276 ibid.,
2567 5214 2631 5267 ιι
2661 5223 2715 5267 et
2740 5228 2888 5280 seqq.
2964 5212 3009 5242 ιδ
3040 5209 3164 5264 ibid.
3234 5204 3421 5269 "Job,

260 5295 305 5342 ι,
326 5282 399 5340 Η.
466 5284 509 5316 ³⁷
531 5270 656 5339 Act:
682 5299 740 5348 ι,
769 5281 865 5336 28.
946 5270 1001 5308 ⁸⁸
1028 5272 1238 5326 Matth.
1271 5281 1384 5333 xm,
1415 5270 1500 5323 47.
1554 5272 1750 5351 “cur.
1780 5289 1813 5327 γ

1922 5312 1937 5327 .
2013 5275 2056 5307 ⁶⁰
2079 5276 2233 5336 Joan.
2256 5295 2330 5344 vt,
2356 5282 2423 5335 54
2447 5270 2613 5335 είῦϐ.

304 5398 934 5470 (ἒωεεηίοιῖοεθοῐη
1548 5398 1599 5470 .’
1743 5457 1757 5470 .

310 5398 348 5460 (⁸
397 5398 534 5465 Mss,
572 5418 591 5452 ι
630 5400 826 5453 otiose.
860 5414 881 5447 ι
1071 5454 1083 5465 _
1324 5451 1335 5463 ο
1592 5398 1599 5407 ’
1743 5457 1757 5470 θ

310 5397 368 5537 (Si
390 5467 464 5521 Ex
485 5461 1015 5537 eirilalg,etc._ﬂinc
1046 5448 1516 5537 ιιιιιξειιρςιιξειιειιι
1547 5455 1717 5510 hasce
1743 5472 1800 5511 In

258 5518 781 5589 lei’i'titi'uin’hoiuilias
809 5530 971 5581 (Ia-sa
985 5537 1101 5573 rete
1145 5518 1410 5571 lmlmissr.

1906 5465 1954 5518 (Γ
2074 5394 2268 5450 Omnes
2296 5411 2445 5462 mss.,
2477 5414 2498 5447 ι
2526 5393 2814 5450 reddidisti.
2846 5411 2864 5442 ι
2892 5390 3040 5442 Libb.
3062 5382 3209 5445 editi,
3240 5396 3259 5429 ι
3298 5380 3423 5433 red-

1944 5481 1973 5516 lt
1998 5478 2154 5518 unus.
2190 5481 2209 5514 ι

1944 5478 2154 5518 ltlllnlIS.
2190 5481 2209 5514 ι
