3948 6214
345 223 462 279 ιεο
831 314 838 324 ¹
1517 237 1584 290 IN
1623 240 1904 298 LEYlTlCt

2035 245 2310 301 llOMlLlA
2349 250 2460 306 VII.
3475 272 3566 324 £90

351 333 976 447 nliﬂllaitileS\\9“:‘:““3
1023 321 1209 428 leges.
1253 341 1426 396 verbi
1475 353 1672 417 gratia,
1702 356 1782 409 vel
1827 357 1933 410 l’to—
1961 360 2004 416 Α
2035 355 2388 426 disciplinam,
2426 372 2480 412 et
2509 363 2746 430 abjecisti
2777 384 3050 426 sermones
3099 393 3242 432 meos
3273 389 3389 447 post
3430 395 3495 436 te.
3537 406 3556 438 ο

353 441 643 447 ----.-.-...---
687 425 756 447 -.-Ι
836 423 847 447 1
892 427 1201 447 (“ligno-num
1259 431 1346 447 ---I
1379 433 1399 447 ι
1544 441 1554 447 .
1741 445 1748 447 _
2039 444 2057 447 _

765 411 777 417 -
960 412 971 424 ,
1088 418 1098 428 _
1479 411 1505 417 ν
1658 411 1668 416 -
1961 411 2004 416 --
2171 411 2186 426 ι
2376 411 2388 422 1
2435 411 2476 412 κέ
2512 411 2746 430 κ-νσ-ν--ν-
2777 411 2852 422 υν-
2871 411 3050 426 unus-va
3100 411 3242 432 ηιευδ
3273 411 3389 447 μηδι
3430 411 3495 436 tu,
3537 411 3556 438 ι

351 425 760 490 Ιηεηιοτηιῐιινθὶ
796 411 1230 544 Ᾱώῗ¹¹¹θηειυῐῐκ
1259 431 1352 484 vel
1379 433 1931 498 Lacedaemoniorum.
2036 444 2092 498 In
2121 462 2222 512 quo
2264 449 2536 503 evidenter
2578 456 2812 508 ostendit
2851 460 3006 515 istum
3051 469 3400 522 ruminantem
3444 478 3562 544 qui-

351 513 411 544 a:
449 507 586 544 πέλ-Α
616 511 876 544 ιδιιΑιιηιῑΙΙηὶ
1063 508 1439 544 ἶηΙοΙΙῖηιι-μιξ-
1491 543 1497 544 ,
1787 533 1799 544 ι
1916 543 1921 544 ,
2054 531 2064 544 I
2306 534 2317 544 ι
2519 535 2528 544 ι

2138 505 2148 512 _
2592 505 2631 506 η
2674 505 2709 506 η
2741 505 2810 508 μί-
3485 505 3562 527 ιιι·-

351 513 414 567 Si
449 507 588 576 vém
616 511 877 570 secundum
901 505 1040 560 hanc
1063 508 1533 591 intelligentiam,
1563 545 1721 598 quam
1769 533 1930 588 docet
2036 531 2175 592 dem,
2229 534 2317 585 sed
2371 535 2616 602 ungulam
2667 554 2769 593 non
2815 545 3160 612 dividentem,
3205 567 3255 606 et
3307 557 3421 610 ideo
3444 505 3562 612 1ἒιηε

347 601 638 665 Ecclesia,
663 602 934 671 accipiatur
974 596 1074 652 Dei
1106 599 1222 669 lex,
1258 617 1395 665 tunc
1423 596 1595 682 plane
1619 634 1804 674 omnes
1836 623 1932 674 hu-
2033 621 2262 673 mundus
2314 634 2393 674 est
2448 625 2747 694 quicunque
2806 642 2887 684 est
2940 637 3076 688 talis.
3129 641 3191 694 Et
3243 644 3430 700 iterum
3478 661 3557 703 est

348 708 559 747 ωεηθε
590 692 932 761 supereminet.
959 689 1133 760 leges,
1165 705 1225 750 et
1257 715 1394 754 vere
1420 705 1514 758 Dei
1546 708 1624 760 lex
1667 725 1787 764 esse
1819 727 1932 766 cre-
2031 706 2184 772 alius,
2238 711 2313 762 vel
2357 727 2418 764 ex
2481 715 2564 769 his
2625 719 2709 782 qui
2770 729 2918 773 extra
2973 725 3274 793 religionem
3323 745 3557 791 nostram

345 782 552 835 detur.
586 783 768 850 Itaque
789 784 870 838 his
893 782 960 835 ita
983 787 1312 854 praemissis,
1339 793 1586 860 spiritali,
1617 806 1671 851 ut
1699 815 1930 854 comma-
2028 806 2169 856 sunt,
2217 799 2296 850 vel
2340 814 2400 852 ex
2435 802 2516 855 his
2552 805 2637 870 qui
2683 808 2952 863 nobiscum
2997 823 3152 880 sunt;
3200 820 3290 885 qui
3319 824 3560 880 dividua.

347 871 612 933 nuiinus,
647 871 985 938 intelligentia
1018 872 1086 925 de
1122 879 1341 931 mundis
1388 891 1442 933 et
1488 882 1768 940 immundis
1811 889 1927 940 ani-
2028 884 2237 950 quidem
2283 891 2534 958 ungulas,
2577 903 2630 945 et
2684 896 2752 949 ita
2807 899 3056 955 incedunt
3097 905 3147 957 iu
3183 908 3282 962 viis
3323 913 3451 977 suis,
3504 927 3560 968 ui,

342 961 600 1014 uitalibus
631 963 813 1029 aliqua
845 963 1299 1033 perstringamus.
2026 979 2176 1023 actus
2221 989 2343 1028 suos
2377 979 2439 1029 ad
2487 979 2718 1034 htturum
2769 982 3018 1042 saeculum
3049 1005 3368 1060 prmparent.
3413 961 3556 1054 hiulti

443 1051 506 1103 6.
558 1068 582 1101 ι
645 1051 853 1116 Omne,
905 1055 1073 1120 inquit.
1148 1056 1214 1119 °°,
1271 1072 1431 1126 pecus
1488 1064 1628 1129 quod
1677 1066 1921 1134 ungulam
2023 1060 2183 1128 227
2207 1063 2444 1118 enimita
2469 1077 2516 1120 et
2548 1085 2612 1121 ex
2637 1071 2962 1141 philosophis
2986 1051 3220 1145 sapiunt,
3249 1095 3301 1137 et
3325 1084 3556 1141 futurum

343 1139 584 1202 dividit,
625 1152 681 1194 et
715 1143 944 1210 ungulas
976 1145 1160 1208 habet,
1190 1157 1242 1200 et
1277 1150 1480 1204 reducit
1515 1156 1921 1211 rumiuaiiuuem
2023 1147 2408 1214 essejudicinm
2431 1154 2671 1207 credunt.
2705 1157 3053 1216 Immortalem
3077 1180 3306 1236 namque
3326 1173 3556 1226 animant

333 1226 390 1280 in
425 1230 762 1296 pecoribus,
795 1232 910 1285 hac
963 1236 1376 1291 manducamus,
1423 1239 1684 1296 Ρι-αειρτθει
1721 1249 1787 1300 ab
1840 1249 1922 1302 his
2019 1237 2274 1299 sentiunt,
2304 1249 2356 1292 et
2385 1246 2860 1300 remunerationem
2903 1251 3051 1306 bouis
3077 1257 3368 1326 quibusque
3414 1268 3555 1328 posi-

333 1331 444 1369 ηοη
482 1319 924 1386 manducamus.
963 1337 1079 1390 qua,
1112 1326 1369 1380 reduc..."
1408 1334 1837 1396 ruminalionmm
1869 1348 1920 1392 οι
2022 1333 2126 1376 tam
2161 1327 2502 1382 confitentur.
2563 1331 2672 1387 Hoc
2713 1346 2767 1388 et
2802 1319 3170 1397 hmreticorum
3207 1351 3441 1403 nonnulli
3473 1352 3551 1405 fa-

335 1420 450 1458 non
499 1406 774 1462 dividunt
801 1412 1048 1479 ungulas,
1071 1422 1122 1466 et
1153 1415 1348 1470 habent
1383 1423 1617 1489 ungulas.
1653 1425 1894 1481 Camelus

2019 1413 2188 1477 ciunt,
2232 1425 2284 1466 et
2337 1429 2590 1481 quantum
2626 1426 2824 1490 expetit
2856 1426 2986 1495 (l0),
3020 1431 3256 1485 timorem
3281 1433 3440 1488 futuri
3463 1438 3551 1505 ju-

324 1497 607 1560 quoniam
663 1498 878 1552 reducit
925 1502 1365 1568 ruminationem,
1415 1519 1470 1562 et
1515 1514 1759 1580 ungulam
1809 1532 1910 1569 non
2017 1503 2138 1555 (Ῐίείί
2174 1515 2382 1570 Serm":
2418 1517 2470 1559 υι
2506 1521 2654 1565 “CW5
2689 1529 2813 1568 ⁸⁸³0⁸
2851 1528 3097 1586 tanquam
3129 1523 3181 1576 ίη
3214 1525 3390 1580 (“Vino
3418 1543 3550 1583 ειυ-

326 1579 551 1643 dividit,
605 1581 954 1638 immundum
995 1589 1096 1640 erit
1134 1589 1236 1644 hoc
1269 1594 1437 1647 vobis,
1475 1597 1540 1650 Ει
1573 1579 1743 1668 ιζψιιε⁹
1783 1618 1911 1670 quo.
1947 1668 1983 1676 _
2017 1591 2157 1644 mine
2204 1597 2546 1662 requirendos
2590 1603 2797 1656 cautius
2848 1615 3157 1676 temperant.
3221 1613 3322 1667 Sed
3362 1618 3547 1672 horum

325 1669 478 1720 niam
518 1669 752 1724 reduci;
793 1675 1232 1745 ruminatione"),
1268 1694 1323 1734 ει
1351 1685 1601 1750 ungulam
1638 1705 1740 1743 ηοη
1771 1668 1910 1745 divi-
1947 1668 1988 1722 Β
2014 1689 2237 1748 uterque
2290 1699 2392 1736 non
2431 1688 2677 1751 ruminat,
2719 1708 2814 1746 nec
2865 1709 3077 1750 revocat
3123 1703 3546 1763 ruminationem.

322 1755 428 1817 dit.
464 1757 828 1812 immundum
884 1762 983 1816 hoc
1015 1764 1118 1816 erit
1145 1767 1322 1834 vobis;
1362 1782 1411 1822 et
1436 1773 1754 1842 herinaciuS,
1785 1783 1909 1848 quia
2013 1768 2125 1822 Non
2154 1774 2294 1827 enim
2326 1790 2386 1829 ea
2422 1793 2538 1845 qua:
2571 1782 2620 1832 in
2652 1783 2762 1852 lege
2793 1786 2881 1839 Dei
2919 1789 3113 1858 scripta
3154 1808 3279 1849 sunt
3304 1801 3544 1867 audiens,

1804 1847 1817 1848 ί
2703 1847 2724 1852 -
3027 1847 3041 1858 .
3164 1847 3171 1848 κ
3268 1847 3544 1867 ~———~---.

328 1847 553 1900 reducit
585 1851 1039 1915 ruminationem,
1068 1865 1122 1907 et
1167 1858 1411 1926 ungulam
1447 1880 1549 1917 non
1583 1868 1787 1936 dividit,
1816 1873 1912 1926 im-
2017 1863 2322 1930 ηιθίίίιῧιυνν
2355 1881 2416 1921 ac
2444 1881 2656 1924 Γθνοοίιι
2683 1874 2747 1926 ad
2777 1877 3021 1932 εηιηίίειη
3055 1891 3108 1935 ει
3142 1886 3433 1952 εβίτίῑθιθῐη
3462 1893 3544 1943 ll"

324 1937 603 1987 mundum
654 1937 763 1991 hoc
815 1940 986 2004 vobis,
1035 1953 1088 1996 et
1133 1958 1275 2008 sues,
1312 1961 1456 2004 ietc.
1490 1953 1732 2010 Deceruit
1785 1974 1910 2028 ergo
2012 1948 2354 2016 lelligentiam
2410 1973 2423 2006 :
2476 1959 2565 2010 sed
2597 1962 2775 2014 statim
2826 1975 2880 2016 ut
2933 1937 3183 2025 audierit‘
3203 1975 3422 2047 aliquid,
3453 1967 3554 2037 aut,

326 2037 393 2047 Μ
426 2025 854 2047 ’ΔΑ-,λημνμω
883 2031 894 2047 ,
923 2030 968 2047 ν,
1153 2033 1186 2047 ..
1299 2037 1310 2047 .
1409 2039 1439 2047 ..
2265 2043 2276 2047 -

325 2037 394 2076 ne
426 2025 856 2080 manduccntttr
883 2030 1187 2094 huiusmodi
1226 2037 1496 2105 animalia,
1528 2057 1646 2109 qua:
1672 2062 1734 2098 cx
1760 2025 1884 2114 parit

2009 2043 2319 2101 contemnit.
2353 2054 2443 2098 aut
2471 2048 2716 2116 despicit,
2768 2070 2865 2110 nec
2896 2061 3114 2126 requirit
3141 2067 3227 2131 qui
3268 2025 3318 2122 in
3347 2025 3542 2125 viliori-

322 2114 593 2166 videntur
624 2130 761 2170 esse
797 2121 1014 2185 munda,
1052 2132 1108 2176 et
1133 2139 1195 2177 ex
1229 2138 1377 2194 parte
1418 2130 1686 2189 immunda
1723 2155 1737 2190 :
1772 2139 1909 2194 sicut
2009 2124 2105 2179 1"‘3
2133 2131 2310 2184 verbis
2352 2136 2610 2200 βταίίοειιε
2659 2139 2821 2196 laici”
2863 2160 3070 2202 Sensus.
3132 2151 3198 2206 Ει
3230 2155 3422 2212 habent
3455 2161 3539 2215 isli

320 2206 576 2258 camelus
607 2221 678 2258 ex
717 2221 783 2259 eo
815 2211 957 2276 quod
1002 2213 1257 2278 ruminat,
1309 2221 1529 2275 mundus
1571 2224 1809 2288 videtur;
1841 2243 1903 2281 ex
2008 2213 2335 2270 ἀίνίάεηιθηὶ
2397 2223 2609 2288 quidem
2663 2231 2937 2298 "William.
2985 2238 3076 2289 sed
3133 2242 3537 2300 “Imillalionctlt

318 2307 384 2343 eo
413 2301 607 2344 autem
653 2296 806 2361 quod
841 2299 1067 2364 ungttlas
1101 2303 1297 2357 divisas
1330 2322 1432 2360 non
1463 2310 1642 2374 habet,
1670 2313 1902 2369 immun-
2009 2316 2112 2353 non
2145 2318 2412 2359 revocant.
2449 2310 2526 2362 Tu
2553 2323 2748 2377 autem,
2776 2321 2865 2386 qui
2897 2323 2975 2376 vis
2997 2340 3112 2380 esse
3142 2332 3386 2398 mundus,
3413 2351 3538 2389 con-

319 2382 420 2434 gus
450 2382 689 2436 ἀερίων,
733 2384 861 2438 pos;
911 2387 1026 2442 haec
1053 2389 1163 2456 iam
1211 2397 1447 2449 ,ιοηηηειι
1489 2408 1544 2451 ει
1579 2400 1808 2468 leporem
1851 2415 1904 2458 ει
2008 2392 2305 2446 venientem
2353 2397 2549 2454 habeto
2579 2403 2761 2468 vitam,
2805 2422 3087 2468 consonam
3117 2427 3167 2469 et
3194 2382 3450 2489 scientiae,
3481 2439 3534 2480 et

319 2469 706 2535 hcrinacium,
747 2475 842 2526 sed
893 2485 946 2527 ει
978 2475 1124 2543 ipsos
1179 2482 1305 2534 dicit
1371 2488 1638 2542 l-umnare
1668 2493 1898 2559 quidem.
2005 2488 2154 2532 actus
2185 2482 2472 2540 intellectui
2513 2507 2526 2541 :
2561 2501 2620 2544 ut
2650 2493 2722 2546 sis
2751 2495 2802 2547 in
2838 2509 3062 2567 utroque
3104 2508 3348 2573 mundus,
3395 2469 3450 2566 ui
3479 2526 3532 2569 et

318 2555 416 2609 sed
467 2559 716 2627 ungulas
749 2576 857 2614 ηοη
898 2563 1158 2618 dividere,
1190 2567 1361 2620 Atium
1391 2585 1516 2624 vero
1546 2555 1782 2628 οηηιίειη
1825 2555 1902 2629 ra;
1965 2593 1967 2596 έ
2004 2581 2220 2623 revoces
2269 2576 2694 2644 rtuninationem,
2740 2597 2793 2638 et
2819 2588 3066 2654 ungulam
3098 2595 3319 2658 dividas.
3356 2605 3446 2657 sed
3476 2615 3529 2658 et

317 2646 400 2698 cit
433 2661 634 2700 eorum
660 2689 677 2712 ,
721 2654 815 2717 qui
870 2655 1182 2707 ccoutrario
1236 2658 1482 2725 ungulam
1522 2648 1728 2728 quidem
1764 2666 1876 2719 divit

2002 2658 2226 2724 ungulas
2255 2671 2311 2712 ut
2338 2667 2619 2735 producas,
2651 2671 2761 2724 sive
2811 2673 3050 2740 abjicias.
3088 2676 3443 2748 Requiramus
3468 2697 3520 2742 et

315 2735 475 2799 dunt,
520 2737 619 2791 sed
663 2753 776 2792 non
829 2742 1127 2797 rumiuaut.
1175 2743 1412 2798 Primum
1460 2764 1585 2818 ergo
1625 2753 1874 2806 videamu;

1999 2743 2154 2810 hujus
2206 2751 2279 2802 rei
2311 2753 2694 2824 testimonium,
2724 2765 2993 2828 quomodo
3020 2769 3238 2834 ungulas
3284 2775 3529 2838 produci-

313 2825 405 2892 (μή
437 2837 569 2880 sunt
607 2829 734 2892 isti,
767 2830 864 2897 qui
916 2833 1206 2897 ruminanl,
1245 2845 1296 2887 ει
1343 2852 1482 2905 ungu
1510 2851 1594 2891 am
1633 2841 1894 2910 dividunt,
1998 2848 2134 2899 IDUS,
2164 2839 2267 2904 vel,
2292 2848 2347 2893 ιιι
2383 2841 2505 2896 alibi
2563 2825 2778 2915 legitur,
2820 2825 3118 2917 abjicimus:
3160 2825 3422 2927 Scriptum
3447 2875 3531 2919 est

311 2928 452 2982 quos
493 2919 751 2971 mundos
790 2920 1048 2987 appellat.
1086 2921 1194 2989 Ego
1223 2925 1457 2979 arbitror
1494 2927 1638 3004 illum
1667 2929 1769 2982 dici
1807 2947 1895 2983 ιιιι-
1923 2993 1964 3008 Α
1998 2922 2048 2975 in
2077 2924 2520 2988 Deuteronomio:
2553 2952 2570 2984 ο
2592 2934 2668 3000 Si,
2713 2937 2962 3006 inquit“,
3007 2945 3202 3000 exieris
3239 2919 3301 3002 ad
3330 2951 3524 3008 bellum

313 3005 555 3070 minare,
589 3007 691 3074 qui
720 3021 946 3075 operam
973 3011 1065 3062 dat
1099 3012 1355 3076 scientiae,
1385 3025 1439 3068 et
1467 3001 1527 3068 ini
1547 3016 1661 3085 lege
1689 3018 1870 3072 Domiu

1997 3012 2277 3068 adversum
2311 3018 2553 3074 inimicos
2587 3033 2720 3087 tuos,
2747 3035 2798 3078 et
2824 3029 3019 3083 videris
3045 3031 3113 3086 ibi
3141 3035 3411 3092 mulierem
3443 3041 3527 3095 de-

309 3094 615 3148 meditatur
646 3096 746 3150 die
769 3112 834 3150 ac
867 3107 1045 3152 nocte.
1092 3100 1195 3152 Sed
1225 3102 1346 3154 audi
1388 3106 1650 3170 quomodo
1691 3107 1868 3160 dictun

1999 3111 2120 3152 cora
2149 3103 2346 3168 specie,
2390 3115 2440 3158 et
2475 3111 2805 3177 concupieris
2847 3128 2986 3180 eam,
3017 3132 3252 3176 assumes
3296 3137 3434 3191 eam,
3473 3137 3527 3183 et

307 3194 435 3238 est:
491 3205 510 3237 ι
555 3188 664 3251 Qui
731 3189 947 3251 dividit,
1011 3190 1202 3258 inquit,
1254 3194 1521 3259 ungulam,
1579 3203 1630 3246 et
1679 3205 1892 3249 revocat
1997 3189 2152 3242 radcs
2187 3205 2397 3246 onmem
2451 3196 2611 3261 pilum
2642 3201 2828 3267 capitis
2873 3205 3006 3271 eius.
3036 3219 3088 3261 ει
3136 3213 3354 3280 ungulas
3385 3188 3520 3284 eius

306 3276 772 3329 ruminaUOHem.
814 3295 834 3328 ι
872 3278 1111 3332 “evoca,
1153 3296 1279 3348 ergo
1328 3283 1757 3348 ηηηίιωιίοηριη,
1800 3287 1888 3352 qui
1995 3286 2048 3330 et
2096 3279 2280 3334 indues
2307 3296 2422 3334 eam
2472 3287 2800 3344 vestimentis
2851 3295 3196 3363 lugubribus;
3236 3314 3289 3356 et
3320 3307 3524 3362 sedebit

303 3376 368 3414 ea
397 3378 524 3430 qua,
550 3367 871 3420 secundum
907 3366 1139 3418 ιξιιεηηη
1170 3368 1318 3435 leg“,
1345 3380 1555 3423 revoca;
1579 3372 1643 3424 ad
1676 3387 1886 3427 sensum
1997 3365 2047 3416 in
2078 3367 2233 3421 domo
2261 3369 2446 3433 lugens
2480 3385 2680 3440 patrem
2729 3393 2904 3444 suum,
2942 3395 2995 3437 et
3024 3399 3243 3443 matrem
3269 3408 3439 3460 suam,
3469 3409 3523 3453 et

305 3449 641 3518 spiritalem,
677 3453 838 3506 etab
875 3453 1073 3506 inlimis
1117 3465 1168 3508 et
1202 3457 1560 3511 invisibiLbus
1597 3461 1662 3512 ad
1715 3461 1889 3514 invisi-
1994 3452 2206 3506 domum
2256 3467 2527 3523 ραιθτιιηιη
2561 3477 2732 3528 suam.
2781 3478 2837 3520 et
2879 3483 2997 3537 post
3031 3477 3240 3545 triginta
3284 3483 3395 3538 dies
3417 3488 3522 3540 erit

307 3538 435 3592 bilia
467 3549 525 3594 et
561 3540 772 3594 altiora
803 3543 1142 3598 conscendit.
1175 3544 1280 3598 Sed
1326 3545 1369 3597 si
1401 3546 1672 3601 mediteris
1717 3548 1864 3616 lcgen

1995 3541 2087 3594 tibi
2120 3558 2271 3598 uxor.
2302 3564 2320 3595 ›
2383 3546 2486 3600 Sed
2517 3565 2654 3604 nunc
2704 3569 2805 3607 non
2837 3558 2936 3612 hoc
2965 3571 3046 3615 est
3087 3538 3519 3637 propositum,

303 3626 576 3690 divinam,
601 3637 664 3680 et
692 3642 760 3680 ea
791 3642 914 3694 quae
935 3627 1092 3696 legis,
1119 3630 1186 3683 ad
1217 3629 1462 3682 subtilem
1496 3642 1551 3685 et
1577 3635 1643 3685 ad
1675 3633 1886 3700 spirita-
1994 3630 2104 3683 haec
2127 3646 2243 3698 quae
2273 3635 2324 3686 in
2359 3639 2716 3694 testimonium
2751 3656 2930 3701 vocata
2959 3662 3099 3714 sunt,
3129 3626 3513 3728 explantentur;

301 3715 405 3770 lem
451 3716 892 3784 intelligentiam
922 3732 1163 3781 revoces,
1196 3722 1301 3772 vita
1335 3731 1510 3774 autem
1538 3731 1622 3774 tua
1651 3732 1704 3775 et
1733 3732 1860 3776 actu

1990 3717 2080 3768 sed
2106 3728 2384 3786 propterea
2410 3724 2658 3792 diximus,
2688 3731 2809 3795 quia
2839 3746 2891 3787 et
2920 3737 3002 3789 hic
3038 3741 3101 3793 de
3133 3715 3338 3812 ungulis
3365 3715 3514 3803 men:

299 3803 374 3856 tui
425 3819 537 3857 non
581 3813 727 3857 sunt
763 3804 924 3867 tales,
971 3813 1028 3856 ut
1068 3805 1302 3860 habeant
1351 3809 1726 3864 discretionem
1765 3813 1858 3863 vita

1989 3807 2062 3859 tio
2093 3808 2228 3860 facta
2275 3818 2374 3862 est.
2421 3812 2792 3872 Verumtamen
2825 3831 2876 3874 et
2925 3839 3020 3892 ego
3044 3803 3349 3896 frequenter
3373 3838 3513 3892 exivi

294 3895 587 3958 pmmis
619 3901 680 3945 ει
727 3891 928 3945 futura;
973 3893 1126 3959 hujus
1168 3897 1344 3948 εωειιιί
1376 3907 1428 3950 ει
1476 3899 1655 3951 saeculi
1699 3913 1886 3966 super-
1987 3895 2052 3948 ad
2081 3896 2273 3949 bellum
2301 3909 2482 3952 contra
2511 3901 2756 3961 inimicos
2785 3923 2951 3977 meos,
2981 3923 3032 3966 et
3065 3891 3166 3970 vidi
3199 3921 3267 3973 ibi
3298 3923 3350 3975 in
3380 3940 3516 3992 prte-

293 3986 556 4049 venturi;
593 3985 644 4038 si
694 3998 808 4036 non
853 3985 951 4037 ista
981 3987 1312 4053 competenti
1345 3987 1548 4040 ratione
1583 3989 1876 4051 discernas,
1987 3983 2103 4035 dam
2139 3985 2408 4038 mulierem
2439 3991 2632 4042 decora
2659 3996 2854 4060 Specie.
2899 4000 3234 4073 Quaecunque
3257 4013 3396 4066 enim
3423 4015 3516 4070 bo-

292 4082 347 4126 et
368 4075 616 4138 dividas,
648 4072 900 4127 camelus
934 4087 994 4126 es
1031 4080 1340 4138 tortuosus;
1394 4075 1482 4142 qui
1514 4089 1634 4129 cum
1679 4075 1880 4129 intelle-
1985 4085 2052 4123 ne
2074 4081 2128 4124 et
2176 4074 2568 4128 rationabiliter
2593 4080 2732 4134 dicta
2782 4084 3076 4146 invenimus
3105 4072 3240 4164 apud
3270 4100 3513 4160 inimicos

291 4164 434 4208 ctum
463 4161 771 4227 acceperis
805 4175 869 4210 ex
914 4159 1265 4214 meditatione
1293 4164 1422 4231 legis
1465 4165 1626 4233 hujus
1666 4165 1877 4227 divinae,
1984 4171 2210 4225 nostros,
2264 4166 2305 4217 si
2364 4165 2491 4231 quid
2539 4177 2676 4234 apud
2719 4173 2835 4229 illos
2887 4159 3156 4248 sapienter
3187 4195 3240 4242 et
3283 4159 3514 4249 scienter

289 4262 394 4300 non
443 4249 701 4313 dividis,
748 4263 929 4317 neque
986 4265 1236 4321 segregas
1279 4256 1561 4321 praesentia
1598 4265 1652 4310 et
1683 4257 1848 4310 futura

1983 4252 2180 4305 dictum
2237 4255 2476 4324 legimus,
2527 4275 2736 4328 oportet
2787 4282 2882 4321 nos
2926 4273 3179 4329 mundare
3225 4277 3299 4343 id,
3347 4291 3401 4336 et
3447 4287 3511 4339 ab

287 4351 389 4392 nec
415 4349 731 4410 angustam
764 4341 907 4393 viam
940 4355 970 4393 a
997 4341 1082 4394 via
1108 4343 1339 4410 spatiosa
1369 4346 1624 4398 secernis.
1654 4345 1756 4400 Sed
1783 4347 1881 4400 ad-
1907 4340 1945 4350 '
1977 4340 2196 4393 scientia
2227 4357 2345 4408 quae
2373 4347 2510 4410 apud
2543 4349 2662 4404 illos
2695 4361 2778 4406 est
2804 4355 3013 4412 auferre
3037 4369 3090 4414 et
3123 4377 3364 4422 resecare
3391 4382 3511 4423 om-

290 4426 392 4482 huc
419 4429 795 4484 manifestius
819 4431 963 4498 quod
999 4431 1200 4486 dicitur
1236 4433 1599 4500 explanamus,
1627 4435 1762 4488 sum
1789 4435 1879 4502 qui
1976 4442 2039 4480 ne
2065 4429 2204 4495 quod
2231 4440 2528 4484 emortumn
2558 4447 2612 4489 et
2641 4439 2799 4494 inane
2824 4452 2925 4507 est,
2945 4445 3054 4501 hoc
3077 4451 3217 4502 enim
3247 4464 3372 4508 sunt
3397 4471 3511 4511 ont-

284 4528 581 4572 assumunt
635 4526 1038 4571 testamentum
1083 4517 1176 4572 Dei
1220 4535 1320 4586 per
1361 4535 1422 4574 os
1463 4536 1646 4583 suum,
1676 4530 1876 4575 etcum
1968 4528 2068 4568 ﬂes
2113 4518 2285 4584 capilli
2320 4521 2508 4586 capitis
2541 4533 2594 4576 et
2638 4529 2846 4596 ungulae
2895 4534 3129 4590 mulieris
3157 4554 3222 4592 ex
3266 4542 3510 4599 inimico-

286 4602 458 4673 legem
487 4606 596 4660 Dei
631 4606 695 4660 in
725 4621 821 4659 ore
852 4605 1112 4668 habeant,
1153 4607 1259 4660 vita
1289 4617 1343 4660 et
1380 4617 1531 4661 actus
1557 4609 1641 4662 sui
1669 4609 1820 4673 longe
1846 4623 1877 4663 a
1974 4617 2088 4656 rum
2119 4605 2301 4672 spoliis
2329 4621 2635 4678 assumptze,
2661 4623 2715 4667 et
2743 4617 2813 4668 ita
2839 4621 3050 4674 demum
3073 4623 3250 4681 facere
3275 4644 3390 4683 eam
3421 4648 3508 4686 no-

285 4692 460 4743 “trhis
517 4704 735 4744 eorum
787 4697 845 4741 ει
897 4687 1251 4741 sermonibus
1302 4687 1630 4754 discrepant.
1683 4690 1872 4743 Dicunt
1971 4689 2053 4742 bis
2087 4705 2328 4756 uxorem,
2363 4711 2481 4748 cum
2526 4698 2636 4764 jam
2669 4703 2890 4758 nihilex
2923 4707 3024 4762 illis
3052 4727 3169 4777 quae
3198 4729 3291 4780 per
3320 4718 3507 4774 intide-

280 4782 500 4834 enimet
526 4793 645 4833 non
680 4776 924 4838 faciunt;
953 4777 1022 4827 de
1045 4773 1244 4841 quibus
1263 4780 1316 4827 et
1334 4772 1602 4840 Propheta
1634 4776 1762 4829 dicit
1784 4776 1825 4806 ⁸⁷
1855 4794 1867 4828 :
1977 4778 2174 4833 litatem
2227 4793 2435 4836 mortua
2467 4785 2732 4853 dicuntur,
2786 4772 3228 4859 babueritinihil
3261 4803 3311 4856 in
3335 4772 3506 4874 capiie

282 4884 303 4915 c
340 4865 634 4922 Peccatori
671 4876 859 4918 autem
903 4863 1054 4916 dixit
1096 4861 1238 4914 Deus
1282 4882 1294 4915 :
1341 4863 1518 4925 Quare
1562 4870 1615 4913 tu
1650 4878 1869 4916 euarras
1979 4865 2166 4920 habeat
2218 4876 2507 4931 mortuum,
2540 4872 2669 4926 nihil
2705 4875 2754 4928 in
2795 4881 3056 4947 manibus,
3089 4894 3147 4937 ut
3178 4902 3346 4956 neque
3385 4861 3503 4945 sen-

278 4955 515 5021 ‘lusmias
542 4970 738 5013 meas,
763 4967 821 5010 et
841 4951 1106 5004 assumis
1145 4959 1517 5004 testamentum
1559 4965 1730 5004 meum
1768 4967 1862 5018 per
1977 4954 2142 5019 sibus,
2177 4971 2343 5024 neque
2373 4959 2602 5023 actibus,
2631 4963 2958 5019 immundum
2985 4971 3205 5039 aliquid,
3239 4987 3329 5029 aut
3362 4993 3502 5029 mor-

277 5059 334 5097 os
365 5057 513 5098 tuum
535 5047 562 5098 ?
603 5063 624 5094 ι
663 5043 835 5096 Vides
886 5054 1032 5107 ergo
1063 5040 1328 5105 quomodo
1372 5040 1456 5091 ille
1494 5042 1744 5106 rmuiuat,
1776 5045 1863 5110 qui
1980 5052 2126 5096 tuum
2159 5055 2328 5112 gerat.
2388 5046 2528 5100 Nihil
2559 5051 2696 5102 enim
2730 5055 2980 5108 mundum
3026 5059 3224 5114 habent
3254 5063 3500 5116 mulieres

275 5141 667 5187 testamentum
717 5131 812 5184 Dei
884 5129 1066 5180 habet
1111 5128 1163 5177 in
1203 5141 1293 5177 ore
1337 5142 1451 5178 suo.
1501 5127 1601 5180 Sed
1653 5132 1774 5196 quid
1813 5132 1862 5184 in
1977 5134 2209 5188 hostium
2249 5144 2573 5201 nostrorum,
2610 5140 2731 5207 quia
2787 5143 2926 5196 nulla
2977 5155 3058 5198 est
3085 5149 3221 5213 apud
3266 5148 3382 5200 illos
3407 5163 3495 5200 sa-

277 5223 634 5285 sequeutiims
671 5221 745 5271 ad
779 5232 916 5271 eum
954 5214 1167 5266 dicitur
1195 5213 1238 5244 ⁶³
1265 5214 1285 5262 ?
1309 5231 1324 5262 ‹
1364 5213 1438 5265 Τυ
1485 5227 1659 5268 autem
1701 5219 1857 5273 odisti
1976 5223 2192 5292 pientia,
2226 5221 2310 5276 cui
2341 5223 2668 5280 immunditia
2690 5228 2863 5296 aliqua
2891 5244 2994 5284 non
3019 5231 3082 5284 sit
3117 5232 3362 5285 admista.
3399 5231 3498 5290 Vo-

338 5338 382 5368 “
410 5337 588 5391 Levit.
610 5353 691 5398 ιι,
723 5338 760 5389 5
781 5345 844 5387 et
879 5345 1061 5396 seqq.
1139 5328 1178 5357 ⁸⁷
1198 5323 1493 5391 Psalfxux,
1522 5328 1604 5380 16.
1679 5330 1719 5361 ⁸⁸
1741 5331 1868 5386 ibid.

982 5345 1061 5396 ιιι.
1139 5323 1493 5391 ⁸⁷1³εαΙίκωκ,
1522 5328 1604 5380 16.
1679 5330 1719 5361 ⁸⁸
1741 5331 1868 5386 ibid.
1906 5336 1998 5389 l7.
2075 5337 2116 5368 ”
2141 5337 2290 5392 Deut.
2316 5351 2425 5403 XXI,
2457 5338 2541 5392 l0.

339 5471 444 5540 H0)
469 5471 627 5530 “35.,
667 5487 687 5517 ι
716 5461 999 5532 expedit.
1031 5477 1052 5508 ι
1091 5457 1239 5507 Libb.
1263 5456 1403 5519 editi,
1433 5474 1451 5507 ι
1477 5468 1686 5526 Spectat.
1713 5479 1732 5512 ι

535 5558 833 5616 Ρλτιιοι.
896 5548 958 5606 G
972 5564 1046 5601 ιι.
1096 5545 1228 5601 ΧΠ.
2517 5593 2524 5598 ~
3217 5552 3289 5612 16
