3948 6276
343 231 433 282 491

1752 215 2060 277 ORIGENIS

3636 198 3759 255 ιθε

341 342 430 394 lim
475 348 650 392 tamen
697 338 936 392 dicerent
976 339 1103 392 mihi
1134 336 1299 393 Judaei
1327 318 1592 407 quomodo
1621 338 1755 407 apud
1785 353 1876 391 eos
1907 344 1950 399 Α
1979 347 2127 405 raptu
2160 337 2359 389 vivunt.
2403 334 2494 390 Hze
2544 342 2676 390 sunt
2707 334 2961 397 animae,
3000 340 3155 398 quae
3213 319 3600 378 secundum
3638 319 3759 370 hoc

343 432 442 481 ista
478 435 777 482 serventur.
838 427 973 491 Quid
1005 442 1197 489 causm,
1248 427 1373 495 quid
1402 428 1626 481 rationis
1671 435 1755 481 est
1786 427 1878 481 de-

341 516 534 568 calvari
567 514 862 581 mulierem,
893 523 947 568 et
971 515 1191 583 ungulas
1218 513 1331 581 ejus
1361 516 1538 569 demi?
1570 514 1721 568 Verbi
1750 530 1877 568 eau-

342 620 423 665 sa,
452 618 709 671 ponamus
743 607 882 670 quod
915 604 983 655 ita
1023 605 1284 658 invenerit
1336 618 1454 657 eam
1490 605 1534 658 is
1566 604 1653 672 qui
1686 605 1878 658 dicitur

343 694 630 757 invenisse,
662 703 718 745 ιιι
745 708 916 760 neque
946 694 1180 762 capillos,
1217 708 1385 761 neque
1414 695 1633 763 ungulas
1664 694 1875 757 habeat,

341 787 467 854 quid
495 784 704 846 habuit,
739 785 878 851 quod
911 786 1198 837 secundum
1232 786 1397 852 legem
1429 786 1642 838 demere
1668 784 1879 851 jubere-

343 874 469 951 turi
498 871 603 925 Nos
634 886 760 925 vero
787 873 979 938 quibus
1007 873 1192 925 militia
1235 874 1488 939 spiritalis
1517 882 1616 938 est,
1650 882 1703 927 et
1732 886 1876 925 arma

343 976 447 1014 nou
484 960 742 1025 carnalia,
776 962 867 1012 sed
898 961 1135 1026 potentia
1178 961 1282 1014 Deo
1313 962 1378 1013 ad
1407 962 1721 1014 destruenda
1752 976 1878 1014 con-

342 1049 480 1110 silia,
528 1047 718 1101 decora
757 1049 947 1101 mulier
990 1048 1031 1099 si
1070 1056 1277 1114 reperta
1323 1046 1482 1098 fuerit
1509 1046 1644 1112 apud
1680 1046 1875 1109 hostes,

342 1150 396 1195 et
429 1140 756 1194 rationabilis
802 1139 976 1206 aliqua
1013 1137 1313 1203 disciplina,
1367 1137 1466 1215 hop
1498 1137 1652 1188 modo
1699 1133 1880 1200 puriﬁ-

345 1230 584 1283 cabimus
630 1243 748 1282 eam
802 1244 907 1295 quo
937 1227 1182 1294 superius
1213 1226 1466 1278 diximus.
1504 1223 1721 1293 Oportet
1754 1237 1879 1290 ergo

346 1331 464 1370 eum
494 1318 582 1383 qui
617 1318 841 1369 mundus
875 1325 977 1380 est,
1014 1330 1119 1367 non
1156 1313 1323 1366 solum
1375 1313 1607 1365 dividere
1634 1311 1876 1379 ungulas,

347 1414 398 1456 et
445 1419 548 1457 non
601 1403 770 1457 solum
824 1402 1098 1468 praesentis
1153 1399 1331 1454 saeculi
1377 1412 1430 1453 et
1457 1399 1615 1451 futuri
1650 1410 1799 1452 actus
1828 1406 1880 1451 et

344 1504 505 1556 opera
553 1490 879 1553 discernere,
927 1488 1017 1540 sed
1053 1495 1106 1540 et
1155 1486 1376 1555 ungulas
1414 1487 1724 1552 producere,
1776 1484 1876 1548 rel,

346 1590 403 1631 ιιι
432 1577 556 1630 alibi
600 1578 845 1643 legimus,
896 1575 1147 1643 abjicere,
1198 1585 1253 1627 ut
1302 1574 1644 1639 puriﬁcantes
1674 1588 1769 1627 nos
1814 1573 1878 1625 ab

346 1667 598 1736 operibus
626 1666 869 1729 mortuis,
905 1680 1306 1734 permaneamus
1336 1665 1387 1716 in
1422 1665 1551 1718 vita.

416 1761 469 1812 7.
510 1759 633 1812 llwe
658 1758 869 1826 quidem
916 1755 1234 1822 generaliter
1260 1756 1395 1808 dicta
1444 1756 1549 1807 sint
1576 1754 1640 1806 de
1675 1753 1881 1823 anima-

349 1850 486 1902 libus
516 1865 530 1901 :
563 1847 649 1900 illa
679 1861 804 1900 vero
842 1861 959 1914 quae
1009 1847 1060 1896 in
1089 1845 1239 1912 aquis
1284 1853 1428 1904 sunt,
1459 1844 1583 1911 quia
1617 1843 1880 1903 dicuntur,

338 1937 607 2006 siquidem
635 1935 867 1989 habeant
908 1934 1095 2001 pinnas
1123 1940 1176 1984 et
1205 1946 1474 1998 squamas,
1508 1932 1697 1981 munda
1729 1943 1881 1991 esse;

336 2030 393 2080 -si
423 2041 547 2081 vero
577 2042 679 2079 non
707 2025 959 2089 habeant,
1011 2023 1300 2084 immunda,
1335 2036 1431 2074 uec
1457 2022 1539 2073 edi
1572 2022 1792 2083 debere;
1826 2019 1885 2071 il-

349 2117 438 2170 lud
464 2118 520 2171 in
566 2116 650 2170 his
674 2113 989 2175 ostenditur,
1035 2122 1091 2163 ut
1120 2113 1161 2163 si
1197 2111 1316 2177 quis
1356 2118 1438 2163 est
1471 2109 1521 2161 in
1560 2109 1711 2174 aquis
1744 2108 1880 2171 istis,

340 2218 404 2263 et
436 2210 486 2261 in
515 2207 645 2260 mari
686 2206 805 2258 vitae
830 2204 1005 2269 huius,
1035 2214 1193 2269 atque
1223 2202 1271 2251 in
1302 2199 1548 2252 ﬂuctibus
1580 2197 1757 2251 saeculi
1790 2211 1883 2264 po-

349 2299 506 2358 situs,
556 2304 728 2347 tamen
765 2294 952 2346 debeat
987 2291 1117 2342 Satis
1144 2303 1320 2356 agerc,
1360 2295 1416 2339 ut
1454 2302 1557 2338 non
1588 2287 1637 2338 in
1668 2286 1887 2352 profun-

351 2387 430 2440 dis
448 2384 634 2453 jaceat
662 2396 941 2450 aquarum,
990 2383 1127 2433 sicut
1173 2387 1296 2430 sunt
1341 2377 1427 2430 isti
1463 2379 1636 2443 pisces
1683 2376 1771 2442 qui
1808 2376 1884 2426 di-

349 2485 542 2529 cuntur
588 2487 690 2526 non
741 2472 935 2524 habere
987 2470 1175 2537 pinnas
1223 2480 1392 2536 neque
1438 2480 1706 2533 squamas.
1760 2464 1884 2516 llaec

350 2578 578 2630 namque
605 2576 788 2615 eorum
837 2566 1023 2612 natura
1056 2559 1380 2627 perhibetur,
1418 2564 1475 2606 ut
1510 2556 1561 2606 in
1593 2554 1711 2607 imis
1749 2569 1887 2606 sem-

350 2665 448 2722 per
475 2661 527 2704 et
557 2651 699 2703 circa
731 2649 900 2716 ipsum
929 2662 1138 2701 omnum
1176 2646 1515 2698 demorentur
1536 2681 1550 2706 ,
1599 2642 1736 2695 sicut
1764 2651 1886 2694 sunt

354 2739 618 2808 anguilla),
668 2748 719 2790 et
750 2737 873 2789 huic
901 2735 1114 2801 similia,
1165 2749 1283 2802 qua:
1314 2748 1413 2786 nou
1448 2740 1666 2801 possunt
1697 2746 1885 2784 ascen-

346 2831 481 2899 dere
508 2829 569 2880 ad
600 2840 747 2893 aquae
773 2826 1154 2886 summitatem,
1189 2838 1358 2890 neque
1406 2823 1472 2874 ad
1503 2820 1615 2888 ejus
1646 2821 1887 2888 superio-

355 2935 412 2972 ra
443 2917 737 2985 pcrvenire.
766 2912 842 2967 llli
875 2929 999 2967 vero
1032 2914 1204 2982 pisces
1237 2913 1324 2982 qui
1361 2911 1589 2980 pinnulis
1611 2909 1884 2977 juvantur,

357 3022 419 3060 ac
456 3005 695 3072 squamis
743 3003 1072 3064 muniuntur,
1108 3001 1403 3053 ascendunt
1452 2998 1618 3066 magis
1644 2999 1707 3050 ad
1734 3012 1890 3066 supeo

345 3096 521 3157 riora,
550 3103 602 3146 et
629 3092 740 3144 aeri
766 3091 891 3144 huic
921 3090 1207 3142 viciniores
1240 3089 1391 3151 ﬁunt,
1441 3087 1585 3139 velut
1613 3085 1702 3152 qui
1735 3085 1894 3137 liber-

352 3193 521 3237 tatem
546 3183 764 3249 spiritus
786 3190 1045 3248 quaerant.
1084 3176 1228 3230 Talis
1250 3186 1330 3230 est
1358 3191 1485 3244 ergo
1505 3184 1721 3228 sanctus
1746 3173 1894 3240 quis-

354 3288 484 3342 que,
515 3275 636 3341 quia
687 3273 824 3324 intra
855 3269 987 3324 retia
1036 3269 1153 3322 ﬁdei
1193 3268 1499 3332 conclusus,
1540 3267 1707 3318 bonus
1735 3262 1893 3331 piscis

359 3379 390 3417 ιι
423 3362 697 3417 Salvatore
726 3344 1083 3412 nominatur:
1130 3357 1218 3426 qui
1244 3358 1409 3410 etiam
1442 3355 1668 3407 mittitur
1697 3353 1747 3405 in
1779 3365 1890 3413 vas,

356 3454 520 3508 veluti
564 3456 752 3520 pinnas
800 3452 1001 3504 habens
1036 3458 1090 3502 et
1122 3461 1389 3515 squamas.
1449 3442 1561 3496 Non
1614 3442 1754 3496 enim
1802 3443 1893 3494 ba-

354 3542 562 3596 buisset
590 3542 795 3608 pinnas,
830 3554 929 3592 non
962 3538 1344 3592 resin-rexisset
1369 3535 1434 3588 de
1461 3548 1613 3588 came
1646 3533 1895 3585 incredu-

359 3630 548 3694 litatis,
581 3643 677 3681 nec
704 3628 771 3681 ad
803 3636 915 3681 rete
945 3627 1061 3680 ﬁdei
1097 3625 1444 3694 pervenisset,
1476 3622 1574 3676 nisi
1603 3622 1780 3689 pinnis
1810 3620 1895 3673 ad-

353 3716 500 3785 jutus
530 3717 595 3770 ad
645 3716 912 3782 superiora
949 3715 1200 3765 venisset.
1242 3711 1378 3776 Quid
1428 3719 1508 3764 est
1554 3718 1731 3763 autem
1754 3709 1894 3777 quod

354 3818 415 3861 et
443 3820 692 3875 squamas
742 3806 938 3859 habere
989 3802 1220 3856 dicitur?
1272 3809 1522 3866 tanquam
1552 3801 1642 3867 qui
1679 3809 1895 3866 paratus

350 3900 431 3953 sit
454 3906 632 3950 vetera
683 3896 987 3947 indumenta
1024 3893 1305 3958 deponere.
1347 3889 1409 3941 lli
1440 3888 1580 3941 enim
1622 3889 1708 3953 qui
1737 3902 1895 3953 squa-

361 4000 476 4039 mas
522 3998 626 4037 non
678 3982 894 4043 habent,
931 3981 1077 4033 velut
1123 3995 1187 4031 ex
1235 3980 1438 4046 integro
1468 3978 1644 4030 carnei
1693 3982 1816 4028 sunt
1842 3986 1895 4027 et

363 4074 460 4127 toti
494 4071 754 4134 carnales,
802 4068 892 4135 qui
923 4068 1188 4134 deponere
1221 4066 1352 4119 nihil
1397 4072 1638 4133 possunt.
1675 4062 1732 4114 Si
1774 4063 1893 4129 quis

362 4175 488 4229 ergo
534 4160 695 4214 habet
738 4158 948 4223 pinnas,
1000 4155 1191 4223 quibus
1235 4155 1300 4207 ad
1352 4154 1627 4221 superiora
1667 4152 1890 4213 nitatur,

363 4251 588 4303 mundus
617 4258 719 4303 est.
757 4246 854 4313 Qui
887 4260 1010 4299 vero
1035 4260 1138 4298 non
1168 4242 1326 4297 habet
1355 4243 1566 4309 pinnas,
1601 4241 1694 4296 scd
1727 4241 1779 4292 in
1814 4239 1893 4291 in-

363 4344 643 4398 ferioribus
689 4349 979 4411 permanet,
1033 4349 1086 4392 et
1114 4339 1166 4391 in
1215 4352 1369 4392 emno
1399 4350 1607 4403 semper
1628 4344 1888 4399 versatur,

362 4437 663 4491 immundus
712 4443 813 4490 est.
856 4430 1114 4485 Similiter
1158 4439 1332 4486 autem
1375 4429 1438 4482 de
1483 4428 1691 4482 avibus.
1732 4425 1890 4478 «Non

363 4525 727 4587 manducabis,
778 4524 948 4590 inquit
992 4522 1060 4586 το,
1102 4523 1231 4583 haec,
1272 4520 1393 4587 quia
1427 4517 1692 4571 immunda
1734 4525 1890 4579 sunt;

364 4616 618 4682 aquilam,
669 4623 724 4667 et
755 4612 1035 4675 vulturem,
1060 4629 1077 4660 ι
1117 4619 1170 4664 et
1198 4618 1389 4662 caetera
1436 4608 1519 4660 his
1547 4606 1761 4659 similia.
1800 4605 1894 4658 llis

362 4703 559 4756 etenim
585 4702 770 4755 avibus
799 4714 1010 4767 semper
1055 4705 1381 4751 mortuorum
1433 4708 1709 4761 corporum
1747 4694 1897 4747 cibus

367 4797 468 4849 est,
499 4799 553 4841 et
581 4804 644 4841 ex
679 4791 900 4842 mortuis
933 4783 1279 4843 cadaveribus
1309 4782 1511 4835 vivunt.
1551 4780 1745 4835 Omnes
1770 4797 1896 4850 ergo

368 4875 454 4939 qui
487 4875 782 4941 hujusmodi
811 4877 972 4929 vitam
1009 4883 1197 4945 gerunt
1225 4871 1475 4926 immundi
1504 4870 1725 4923 habendi
1753 4881 1894 4925 sunt.

371 4961 480 5029 Ego
506 4974 630 5029 puto
677 4974 731 5018 et
757 4965 871 5019 illos
906 4966 956 5017 in
1010 4965 1092 5017 his
1122 4960 1403 5022 nominari,
1456 4958 1543 5025 qui
1594 4958 1778 5012 alienis
1816 4961 1896 5012 iu-

370 5050 567 5103 cubant
617 5055 876 5108 mortibus
909 5063 961 5106 et
1010 5062 1123 5106 arte
1152 5053 1377 5118 quadam
1406 5048 1486 5101 vel
1519 5048 1704 5100 fraude
1737 5058 1899 5102 testa-

370 5148 548 5192 menta
586 5141 893 5208 subjiciunt.
933 5140 1244 5207 Hujusmodi
1272 5138 1409 5191 enim
1438 5137 1695 5201 homines,
1725 5138 1898 5190 vultu-

371 5234 456 5274 res
479 5230 531 5274 et
558 5226 744 5292 aquila:
771 5227 963 5280 merito
1008 5226 1358 5293 appellantur,
1385 5222 1531 5277 velut
1570 5232 1896 5278 mortuorqu

371 5311 712 5365 cadaveribus
762 5315 1048 5369 inhiantes.
1104 5314 1225 5367 Scio
1272 5322 1326 5364 et
1356 5312 1454 5364 alia
1500 5311 1753 5375 volatilia,
1782 5328 1899 5380 qua;

1924 4263 1967 4314 Β
1995 4254 2200 4307 etiamsi
2236 4255 2472 4309 nondum
2506 4272 2649 4323 qua,

1978 426 2212 492 quidem,
2241 422 2377 491 quod
2410 421 2776 476 rationabiles
2804 429 2865 475 et
2901 417 3176 472 imbuta:
3218 408 3444 478 228
3484 414 3643 459 sunt
3684 405 3762 458 li-

1978 513 2250 566 beralibus
2298 510 2571 572 institutis,
2632 511 2724 564 vel
2782 502 3313 562 rationaliilibus
3362 495 3763 563 disciplinis,

1968 604 2214 657 volatilia
2242 602 2515 654 videntur.
2555 600 2779 668 Legunt
2829 596 3002 652 enim
3076 601 3148 647 et
3200 588 3606 656 requirunt,
3667 584 3764 639 vel

1979 691 2044 744 de
2090 691 2298 743 ratione
2329 689 2473 750 creli,
2521 689 2608 741 vel
2660 688 2967 755 quomodo
3007 680 3310 737 mundus
3359 677 3484 729 Dei
3554 674 3769 742 provi-

1980 781 2158 834 dentia
2185 780 2544 847 gubernetur;
2578 777 2898 831 secundum
2936 775 3075 826 [nec
3106 783 3280 837 ergo
3315 764 3625 818 volatilia
3660 779 3769 817 uo—

1979 871 2270 920 minantur.
2315 866 2372 919 Si
2401 881 2531 919 vero
2557 864 2884 931 hujusmodi
2909 860 3227 914 homines
3271 856 3519 922 inique
3549 860 3773 920 agant,

1979 967 2032 1011 et
2083 966 2267 1011 contra
2321 956 2489 1024 legem
2552 940 2787 1017 faciant,
2846 950 3165 1018 diripiant
3213 945 3617 1015 proximos,
3680 949 3772 1006 ut,

1979 1060 2098 1097 cum
2156 1044 2209 1096 in
2259 1043 2437 1095 verbis
2485 1055 2608 1095 esse
2658 1041 2932 1092 videatur
2976 1037 3284 1090 eruditio
3332 1032 3675 1096 celestis,
3712 1032 3770 1082 in

1980 1132 2194 1186 actibus
2227 1130 2467 1185 carnalia
2500 1140 2555 1182 et
2585 1138 2808 1181 mortua
2842 1142 3038 1196 opera
3079 1134 3370 1193 gerant,
3412 1130 3607 1177 recte
3644 1119 3778 1173 vul-

1983 1232 2128 1274 tures
2181 1218 2262 1273 vel
2297 1219 2493 1286 aquilae
2530 1219 2750 1272 dicendi
2803 1228 2975 1279 sunt,
3020 1229 3174 1283 quae
3228 1215 3327 1266 de
3368 1210 3670 1266 exvelsis
3702 1212 3774 1264 ad

1980 1322 2171 1362 carnes
2205 1318 2445 1362 mortuas
2476 1322 2540 1359 ac
2588 1307 2819 1361 fmtidas
2853 1306 3297 1360 delabuntur.
3364 1302 3475 1355 Ad
3526 1301 3653 1354 hoc
3684 1316 3779 1354 rev
3808 1282 3813 1289 ’

1980 1400 2197 1453 ferenda
2241 1408 2325 1452 est
2371 1407 2425 1452 et
2469 1397 2755 1465 accipitris
2813 1398 3161 1464 rapacitas,
3234 1403 3314 1447 et
3380 1402 3779 1446 eaeterorum

1979 1491 2254 1554 omnium;
2285 1505 2349 1543 ex
2384 1491 2601 1558 quibus,
2636 1488 2902 1558 quadam
2939 1498 3090 1541 sunt
3133 1486 3466 1540 volatilia
3526 1485 3779 1551 rapaci-

1984 1579 2079 1632 tati
2107 1579 2399 1642 studentia,
2447 1580 2696 1647 quaedam
2734 1594 2878 1632 vero
2912 1594 3036 1632 non
3086 1588 3228 1632 tam
3298 1576 3781 1644 rapacitatem,

1911 1652 2144 1738 Bquam
2192 1670 2581 1724 obscuritatem
2634 1680 2692 1724 et
2748 1670 3044 1723 tenebras
3086 1668 3449 1721 amantia.
3507 1684 3531 1716 ι
3563 1666 3785 1719 ()umis

1983 1760 2124 1812 enim
2172 1760 2263 1827 qui
2315 1760 2453 1812 male
2490 1760 2622 1828 agit,
2676 1759 2800 1812 odit
2848 1758 3085 1822 lucem,
3134 1767 3206 1812 et
3279 1773 3428 1810 non
3494 1758 3677 1810 venit
3709 1756 3786 1809 ad

1985 1848 2155 1903 lucem
2177 1851 2243 1911 τί,
2272 1869 2291 1901 ι
2327 1857 2382 1901 ιιι
2410 1858 2537 1901 sunt
2586 1858 2812 1901 noctua:
2842 1858 2907 1901 et
2943 1848 3529 1915 vespertiliones,
3562 1859 3628 1900 et
3665 1863 3786 1899 ca:-

1986 1949 2097 1991 tera
2128 1954 2249 2007 quae
2281 1940 2364 1991 lex
2398 1939 2780 2007 pronuntiavit
2814 1939 3177 1994 immunda.
3236 1940 3299 1991 A
3355 1938 3613 2006 quibus
3647 1954 3784 1992 om-

1986 2027 2145 2080 nibus
2196 2027 2423 2095 spiritali
2462 2041 2565 2081 nos
2599 2027 2981 2081 observantia
3023 2028 3562 2093 custodientes,
3596 2039 3661 2081 et
3696 2028 3782 2079 ci-

1986 2117 2109 2168 bum
2157 2130 2220 2167 ex
2272 2115 2487 2168 mundis
2516 2114 2859 2168 animalibus
2916 2125 3373 2183 appetentes,
3423 2119 3634 2170 etiam
3671 2116 3785 2185 ipsi

1986 2207 2101 2271 puri
2150 2205 2446 2258 eﬁiciemur
2494 2213 2549 2257 et
2596 2205 2819 2270 mundi,
2862 2218 2977 2272 per
3009 2204 3383 2260 Christum
3436 2206 3787 2260 Dominum

1986 2304 2231 2348 nostrum
2280 2312 2292 2346 :
2348 2310 2445 2363 per
2498 2309 2662 2361 quem
2706 2302 2798 2349 est
2854 2295 2982 2348 Deo
3045 2295 3241 2350 Patri
3305 2313 3477 2351 cum
3545 2297 3790 2368 Spiritu

1988 2395 2176 2440 sancto
2224 2385 2390 2453 gloria
2425 2395 2480 2438 et
2526 2386 2832 2454 imperium
2885 2388 2950 2440 in
3010 2389 3274 2443 saecula
3358 2392 3788 2446 sareulorum.

1987 2480 2178 2530 Amen.

2552 2543 2846 2599 llOMlLlA
2881 2546 3043 2600 Vill.

1988 2636 2063 2691 De
2086 2651 2143 2688 eo
2166 2626 2303 2712 quod
2332 2637 2585 2701 scriptum
2616 2648 2694 2689 est
2719 2639 2767 2668 ⁷³
2795 2653 2813 2689 :
2846 2655 2878 2712 ι⁸
2894 2635 3135 2688 Mulier
3167 2654 3616 2712 quaecunque
3643 2658 3789 2692 con-

2055 2708 2243 2770 ceperit
2286 2720 2484 2765 semen,
2526 2713 2577 2755 et
2629 2708 2901 2772 pepererit
2954 2709 3389 2773 masculrnn,
3457 2708 3790 2764 immunda

2055 2773 2372 2847 erit-septem
2398 2772 2620 2847 _diebus,
2649 2792 2668 2822 ι
2704 2783 2754 2847 et
2802 2780 2868 2825 de
2903 2775 3435 2831 dit’ersilatibus
3493 2780 3693 2847 lepra:
3720 2797 3791 2832 ac

2055 2838 2508 2905 puriﬁcationibus
2537 2841 2763 2906 leprosi.

2058 2930 2109 2981 i.
2152 2928 2413 2981 Medicum
2466 2930 2573 2982 dici
2624 2931 2678 2982 in
2710 2929 3048 2996 Scripturis
3090 2933 3377 2989 divinis
3431 2937 3793 2994 Dominum

1995 3026 2236 3070 nostrum
2264 3016 2445 3069 Jesum
2473 3016 2783 3081 Christum,
2820 3020 3010 3072 etiam
3053 3021 3292 3088 ipsius
3335 3026 3617 3081 Domini
3652 3045 3800 3083 sen-

1997 3106 2162 3159 tentia
2214 3106 2591 3170 perducemur,
2668 3109 2816 3159 sicut
2873 3109 3032 3163 dicit
3096 3113 3169 3164 in
3251 3115 3668 3187 Evangeliis
3691 3119 3797 3174 ":

2000 3191 2156 3245 «Non
2192 3191 2432 3260 indigent
2479 3193 2599 3245 sani
2652 3196 2897 3260 medico,
2945 3200 3066 3252 sed
3100 3204 3227 3269 qui
3284 3208 3479 3260 male
3532 3210 3799 3263 habent.

1994 3278 2107 3332 Non
2132 3280 2275 3332 enim
2305 3281 2424 3333 veni
2451 3282 2885 3348 vocarejnstos,
2922 3287 3036 3341 sed
3074 3304 3517 3358 peccatores
3555 3300 3624 3353 in
3668 3316 3806 3370 par—

1994 3368 2342 3421 nitentiam.»
2409 3368 2601 3424 Omnis
2653 3382 2843 3425 autem
2899 3378 3214 3435 medicus
3281 3400 3379 3441 ex
3436 3368 3801 3446 herbarum

1993 3456 2169 3509 succis
2203 3454 2285 3508 vel
2336 3455 2617 3520 arborum,
2657 3459 2745 3511 vel
2795 3461 2984 3515 etiam
3044 3473 3526 3532 metallorum
3595 3486 3779 3539 venis

1994 3544 2079 3597 vel
2126 3544 2482 3597 animantium
2514 3547 2748 3602 naturis.
2805 3553 3150 3616 profutura
3199 3526 3807 3635 corporibusVn-t'e:

1994 3635 2290 3687 dicamenta
2320 3637 2620 3702 componit.
2667 3637 2778 3690 Sed
2812 3640 3043 3698 herbas
3085 3648 3272 3708 istas
3312 3658 3382 3712 si
3430 3665 3597 3730 quis
3647 3666 3814 3723 [οι-ιε

1995 3734 2281 3824 antequam
2304 3738 2428 3823 .pro
2463 3727 2677 3824 ratione
2722 3729 2866 3782 artis
2903 3727 3785 3824 componantur'aspieiat

1994 3812 2250 3902 siquidem
2303 3812 2355 3864 in
2386 3814 2560 3881 agris,
2594 3825 2688 3867 aut
2728 3798 3070 3885 montibus;
3122 3798 3817 3902 κνριυί-ξειῖᾇῖἱῗςξῐὲ

1994 3901 2370 3993 conculcatuet
2423 3905 2690 3969 prauerit.
2757 3908 2818 3960 Si
2880 3925 3034 3968 vero
3096 3934 3227 3974 eas
3297 3927 3500 3986 intra
3574 3901 3814 3993 medici

1993 3988 2230 4084 scholam
2265 3988 2563 4084 dispositas
2594 4006 2693 4058 per
2725 3998 3004 4053 ordinem
3048 4007 3363 4082 viderit,
3441 3988 3618 4080 licet

1996 4077 2386 4179 renntrisotem,
2441 4078 2641 4132 fol-tem
2679 4092 2732 4135 et
2782 4097 3102 4147 austerum
3162 4077 3527 4179 reddant,
3565 4077 3816 4172 ίίέξιζέη

1993 4166 2472 4264 ευ-ερὶςειιιξιιιιιριιε
2498 4182 2644 4223 cura:
2673 4174 2765 4226 vel
2792 4183 3043 4236 remedii
3085 4189 3373 4261 aliquid
3414 4166 3790 4264 001mg};

3799 4251 3821 4278 9

2122 4264 2200 4355 nsi
2225 4264 2472 4354 .uoudum
2506 4272 2649 4323 qua,
2686 4264 2776 4315 vel
2807 4268 3002 4333 qualis
3035 4275 3126 4329 sit
3187 4289 3556 4349 sanitatis
3593 4313 3678 4352 ac
3720 4264 3820 4353 re:

1998 4345 2155 4443 medii
2184 4345 2378 4443 virtus,
2415 4350 2729 4415 agnoverit.
2799 4352 2936 4411 Haec
2975 4360 3053 4415 de
3098 4345 3822 4443 communitiusvrne-

1998 4435 2132 4487 dicis
2166 4432 2418 4488 diximus.
2472 4435 2611 4490 Veni
2648 4456 2801 4499 nunc
2845 4448 2919 4501 ad
2954 4448 3182 4510 Jesum
3238 4432 3642 4531 caele—ste}:

2038 4525 2048 4535 .
2227 4524 2237 4534 .
2895 4499 2918 4501 ἡ
2956 4499 3182 4510 τν--η-
3238 4499 3642 4531 ιιι-σιςδιῧηι
3687 4499 3827 4536 me-

1998 4525 2195 4588 dicum,
2227 4532 2364 4577 intra
2398 4528 2467 4580 ad
2500 4529 2647 4585 hanc
2678 4537 2993 4598 stationem
3029 4550 3425 4611 medicinae
3493 4569 3656 4611 ρίιις
3690 4574 3823 4611 ητι-

2001 4612 2235 4702 elesiam,
2270 4615 2393 4669 vide
2424 4618 2499 4672 ibi
2541 4620 2932 4691 languentium
2959 4633 3182 4699 jacere
3227 4663 3303 4702 η]

2004 4701 2159 4754 Venit
2192 4704 2408 4772 mulier,
2458 4725 2579 4778 qua:
2631 4730 2701 4770 ex
2726 4733 2897 4788 partu
2951 4728 3251 4789 immuud

2001 4791 2151 4887 venit
2197 4791 2472 4887 leprosos,
2523 4806 2618 4871 qui
2652 4822 2815 4866 extra
2870 4829 3056 4871 castra
3105 4837 3177 4877 se

2004 4879 2341 4936 immunditia
2393 4886 2591 4957 leprm,

2001 4968 2270 5030 quomodo
2321 4985 2626 5050 sanentur,

2000 5051 2154 5156 Jes‘fs
2183 5058 2271 5157 ³³ίῖ
2318 5068 2418 5132 (ιιιὶ
2461 5051 2714 5136 medicus
2746 5089 2982 5157 est,ipse
3018 5051 3337 5156 estet";

2001 5150 2303 5251 aegrissuis
2330 5168 2450 5215 non
2506 5168 2812 5230 herbarum
2844 5150 3057 5247 succis,

2002 5246 2300 5294 cramentis

2005 5324 2343 5387 medicamen

3325 4576 3425 4617 '33
3493 4569 3656 4636 ejus
3690 4574 3823 4629 Ee—

3316 4655 3459 4711 ιΙΙιί
3476 4645 3825 4724 tudinem.

3258 4756 3303 4795 θ
3368 4749 3648 4810 eﬂeeta
3694 4773 3832 4825 est,

2645 4911 2919 4966 quaerunt
2966 4922 2998 4961 a
3056 4915 3339 4976 medico
3412 4911 3830 4996 remedium

2670 4996 2964 5059 quomodo
3007 5003 3489 5086 mundentur;
3537 5036 3617 5080 et
3670 5034 3837 5100 quia

3345 5111 3632 5173 erbum
3678 5122 3833 5190 Dei.

2496 5185 2812 5271 uernarum
2844 5185 3057 5247 succis,
3088 5185 3189 5238 sed
3236 5201 3675 5264 verborum
3718 5185 3832 5270 sa;

2350 5257 2775 5364 luedtcamenta
2824 5282 3131 5364 conquirit.
3174 5276 3369 5343 Quae
3410 5302 3837 5364 verborum

2351 5343 2412 5393 la
2461 5350 2517 5405 si
2575 5358 2701 5425 quis
2756 5359 3022 5419 incultius
3052 5379 3147 5432 per
3180 5343 3841 5463 lilxros‘

410 5459 486 5488 "°
508 5460 671 5515 Levit.
713 5483 782 5532 si,
818 5471 899 5523 1'5.
974 5472 1014 5508 τ’
1041 5470 1192 5523 Juan.
1221 5470 1409 5534 11590.
1482 5467 1718 5523 "Levit.
1747 5485 1819 5523 xu
1845 5481 1887 5526 ct

2351 5509 2393 5547 ⁸ο
2428 5515 2520 5570 1X.
2556 5511 2766 5579 12,13.
