3948 6270
342 279 442 334 ι93

1745 272 2057 329 ORIGENIS

3588 258 3696 311 $96

340 410 435 462 pro
470 395 581 460 ipsa
618 390 889 471 sacerdos,
920 392 1358 445 etmundabitur.
1399 411 1417 443 ι
1450 393 1558 460 Ego
1594 395 1643 445 in
1678 394 1869 446 talibus
1900 397 1941 451 Α
1973 402 2147 446 cetum
2181 392 2601 459 interempturus
2619 396 2764 442 est.»
2797 389 2993 445 Vides
3030 397 3190 453 ergo
3229 377 3571 449 quomodo
3634 377 3696 431 in

341 483 470 536 nihil
500 483 669 535 audeo
699 482 1092 543 dicere,.sentiu
1116 491 1287 535 tamen
1313 483 1516 535 occulta
1543 484 1595 535 in
1619 484 1703 536 his
1726 498 1867 548 qua:-

339 570 458 623 dam
482 571 735 640 mysteria
763 570 1048 632 contineri,
1080 579 1131 622 et
1162 583 1277 623 esse
1303 571 1499 638 aliquid
1522 571 1737 625 latentis
1779 586 1865 623 ar-

339 659 480 721 cani,
511 673 610 726 pro
639 672 742 726 quo
766 665 819 712 et
850 656 1036 710 mulier
1060 670 1176 724 quae
1214 659 1513 725 conceperit
1543 674 1607 712 ex
1634 660 1862 720 semine,

340 758 390 802 et
423 749 707 817 pepererit,
740 747 1011 800 immunda
1035 747 1264 810 dicatur,
1300 756 1355 800 et
1387 756 1634 815 tanquam
1662 747 1864 815 peccati

340 853 427 891 rea
464 837 659 891 oli'erre
679 835 930 903 jubeatur
953 835 1179 889 hostiam
1209 850 1305 903 pro
1327 843 1566 902 peccato,
1593 845 1643 887 et
1674 837 1741 887 ita
1768 850 1864 902 pu-

341 925 561 977 rilleari.
587 924 691 977 Sed
717 931 772 977 et
815 922 923 983 ille
954 923 1067 989 ipse
1098 923 1185 988 qui
1219 923 1479 986 nascitur,
1517 923 1628 976 sive
1675 924 1863 985 virilis,

338 1013 450 1068 sive
473 1011 686 1066 feminei
713 1025 871 1065 sexus
902 1010 992 1072 sit,
1020 1010 1325 1077 pronuntiat
1345 1010 1409 1063 de
1435 1026 1497 1063 eo
1522 1009 1797 1078 Scriptura
1820 1011 1866 1042 "’

336 1101 460 1171 quia
508 1116 610 1153 non
642 1101 714 1153 sit
755 1119 773 1150 ι
805 1099 1030 1152 mundus
1055 1112 1082 1149 a
1113 1098 1267 1152 sorde
1289 1137 1303 1160 ,
1338 1099 1545 1152 etiamsi
1577 1100 1731 1152 unius
1762 1098 1866 1152 diei

336 1192 405 1242 sit
429 1190 532 1241 vita
558 1188 693 1256 ejus.
720 1206 738 1239 ι
770 1188 834 1240 Et
863 1196 920 1240 ut
944 1188 1082 1241 scias
1103 1200 1218 1240 esse
1254 1186 1304 1239 in
1336 1186 1436 1239 hoc
1466 1188 1666 1255 grande
1690 1188 1867 1242 nescio

335 1278 486 1346 quid,
527 1288 578 1330 et
609 1276 713 1329 tale
749 1276 889 1344 quod
921 1275 1048 1330 nulli
1104 1283 1409 1328 sanctorum
1471 1289 1536 1328 ex
1606 1276 1866 1328 sententia

321 1365 565 1429 ‘venerit,
598 1378 754 1418 nemo
784 1379 849 1419 ex
894 1363 1142 1418 omnibus
1177 1363 1380 1417 sanctis
1412 1363 1681 1416 invenitur
1729 1363 1864 1416 diem

332 1452 552 1516 festum,
577 1453 655 1505 vel
683 1451 980 1507 convivium
1007 1465 1253 1520 magnum
1280 1450 1455 1518 egisse
1480 1451 1531 1503 itt
1563 1452 1650 1504 die
1705 1460 1867 1504 nata-

332 1542 399 1596 lis
427 1542 531 1604 sui,
568 1555 725 1595 nemo
776 1540 1047 1593 invenitur
1092 1540 1341 1593 habuisse
1379 1538 1616 1593 laetitiam
1676 1530 1732 1592 in
1780 1541 1865 1594 die

331 1627 527 1682 natalis
574 1628 686 1687 lilii,
718 1626 801 1679 vel
832 1625 953 1679 tilia:
1010 1639 1138 1678 suae.
1190 1624 1301 1679 Soli
1348 1635 1656 1694 peccatores
1706 1641 1864 1695 super

1967 482 2170 549 Spiritu
2201 488 2390 535 sancto
2419 479 2666 547 praedixit
2694 481 2764 531 de
2825 489 3059 545 magno
3116 480 3271 526 ceto
3319 480 3522 536 quem
3604 466 3701 520 in-

1970 569 2292 621 terfecturus
2321 574 2463 619 esset
2490 565 2774 628 Dominus,
2847 562 3029 629 cujus
3071 569 3273 628 typus
3307 562 3466 608 erat
3525 562 3700 608 cetus

1967 656 2055 709 ille
2080 653 2230 708 Jonae
2266 669 2280 705 :
2314 654 2454 705 unde
2481 662 2534 706 et
2563 652 2860 714 Dominus,
2896 651 3003 719 qui
3046 646 3539 701 interfecturus
3572 652 3705 696 erat

1966 754 2140 798 cetum
2174 746 2336 798 istum
2368 742 2663 804 diabolum,
2691 741 2898 794 dicit”
2940 758 2957 793 :
3016 758 3040 791 ο
3097 740 3300 792 Sicut
3342 735 3529 789 enim
3594 732 3701 786 Jo-

1967 848 2064 886 nas
2094 843 2203 886 tres
2229 833 2346 886 dies
2376 842 2432 886 et
2463 840 2574 885 tres
2606 840 2799 884 noctes
2826 830 2939 883 fuit
2975 833 3039 883 in
3079 837 3334 881 ventre
3371 825 3509 879 ceti
3543 862 3563 888 ,
3619 825 3702 877 ita

1963 932 2175 991 Oportet
2203 931 2258 975 et
2302 922 2494 975 Filium
2549 920 2793 975 hominis
2851 933 2991 974 esse
3059 916 3287 971 tribus
3361 915 3599 968 diebus
3647 922 3711 968 et

1965 1012 2136 1065 tribus
2160 1012 2413 1066 noctibus
2456 1012 2509 1065 in
2563 1011 2729 1064 corde
2774 1019 2976 1063 terrae.
3028 1025 3052 1057 ο
3123 1004 3333 1070 Quod
3389 1003 3451 1057 si
3504 1001 3710 1072 placet

1965 1102 2153 1153 audire
2178 1102 2305 1168 quid
2327 1103 2494 1155 etiam
2524 1103 2616 1155 alii
2647 1102 2832 1156 sancti
2858 1100 2933 1153 de
2972 1099 3092 1151 ista
3148 1092 3530 1148 nativitate
3560 1108 3709 1146 sen-

1965 1190 2156 1256 serint,
2190 1190 2315 1242 audi
2345 1191 2514 1244 David
2549 1193 2827 1245 dicentem
2854 1190 2906 1222 ⁸⁸
2939 1205 2954 1241 :
2998 1206 3021 1239 ι
3061 1186 3129 1239 In
3203 1182 3712 1252 iniquitatibus,

1965 1278 2157 1344 inquit.
2182 1287 2478 1345 conceptus
2511 1295 2629 1332 sum
2654 1317 2671 1342 ,
2704 1287 2762 1332 et
2794 1279 2851 1332 in
2902 1277 3197 1346 peccatis
3278 1275 3551 1342 peperit
3616 1288 3715 1327 nte

1965 1374 2139 1420 mater
2170 1380 2317 1430 mea;
2348 1384 2367 1416 ι
2396 1368 2692 1421 ostendens
2717 1368 2871 1435 quod
2918 1381 3351 1435 quaecunque
3399 1365 3620 1417 anima
3653 1364 3715 1418 in

1940 1449 2127 1511 carne
2158 1453 2423 1511 nascitur.
2457 1454 2770 1521 iniquitatis
2825 1463 2884 1506 et
2927 1454 3178 1519 peccati
3226 1453 3450 1507 sorde
3491 1452 3718 1520 pollui-

1924 1543 2085 1603 "tur;
2114 1546 2168 1592 et
2191 1547 2474 1605 propterea
2506 1539 2712 1592 dictum
2742 1553 2877 1593 esse
2925 1538 3108 1601 illud,
3137 1540 3334 1607 quod
3410 1539 3555 1607 jam
3616 1554 3721 1593 su-

1963 1627 2146 1693 perius
2168 1629 2597 1682 memoravimus
2629 1646 2645 1682 :
2673 1629 2803 1697 quia
2847 1646 2868 1679 ι
2909 1643 3095 1683 nemo
3123 1633 3443 1685 mundus
3485 1648 3523 1686 a
3582 1648 3720 1687 sor-

335 1715 633 1783 hujusmodi
662 1704 935 1766 nativitate
983 1713 1246 1764 laetantur.
1288 1690 1591 1766 Invenimus
1651 1690 1847 1768 etenim
1896 1690 1937 1744 Β
1962 1690 2048 1775 de,
2078 1726 2179 1766 nec
2204 1712 2248 1765 si
2281 1713 2440 1767 unius
2463 1713 2569 1767 diei
2603 1715 2674 1767 sit
2689 1690 2816 1767 vita
2848 1714 3009 1782 ejus.
3050 1733 3071 1766 ι
3107 1716 3302 1769 Addi
3378 1718 3491 1771 his
3527 1721 3719 1772 etiam

332 1804 387 1856 in
418 1801 593 1856 Veteri
625 1801 833 1869 quidem
855 1790 1196 1852 Testamento
1220 1798 1265 1829 ⁸⁸
1301 1798 1628 1853 Pharaonem
1683 1814 1859 1869 regem

331 1891 572 1963 Egypti,
602 1891 741 1945 dicm
769 1888 959 1943 natalis
999 1887 1079 1940 sui
1118 1901 1234 1940 cum
1266 1890 1559 1944 festivitate
1589 1890 1861 1944 celebran-

336 1993 464 2046 tem,
502 1983 553 2035 in
585 1982 729 2037 Novo
775 1995 900 2035 vero
932 1980 1269 2037 Testamento
1309 1978 1567 2033 Herodem
1597 1979 1661 2032 “.
1706 1978 1860 2033 Uter-

335 2058 439 2140 que
474 2080 645 2124 tamen
698 2085 883 2124 eorum
919 2071 1086 2138 ipsam
1140 2070 1480 2123 festivitatem
1538 2068 1729 2122 natalis
1778 2069 1858 2122 sui

333 2158 641 2228 profusione
691 2160 902 2213 humani
933 2160 1208 2229 sanguinis
1240 2157 1565 2211 cruentavit.
1596 2157 1683 2211 ille
1717 2157 1857 2210 enim

330 2248 674 2314 praepositum
732 2247 1030 2315 pistorum,
1090 2247 1174 2300 hic
1234 2256 1477 2299 sanetum
1549 2246 1857 2313 prophetam

330 2337 587 2391 Joannem
616 2338 956 2391 obtruncavit
990 2339 1041 2390 in
1068 2352 1306 2392 carcere.
1348 2337 1528 2391 Sancti
1580 2352 1706 2391 vero
1754 2354 1856 2393 non

330 2426 503 2480 solum
537 2441 642 2479 non
674 2433 835 2492 agunt
858 2425 1196 2481 festivitatem
1229 2429 1280 2480 in
1306 2426 1391 2479 die
1415 2425 1604 2479 natalis
1627 2426 1731 2490 sui,
1767 2429 1860 2482 sed

332 2520 386 2566 et
408 2510 608 2580 Spiritu
653 2520 836 2566 sancto
878 2511 1085 2579 repleli'
1112 2520 1458 2566 exsecrantur
1512 2513 1651 2567 hunc
1695 2512 1857 2568 diem.

328 2601 507 2670 Neque
535 2603 676 2655 enim
717 2610 895 2655 tantus
949 2617 1012 2655 ac
1073 2602 1200 2654 talis
1249 2601 1502 2670 propheta
1555 2600 1856 2668 (Jeremiam

329 2691 471 2755 dico,
501 2692 590 2759 qui
621 2692 675 2744 in
714 2700 864 2746 utero
906 2691 1095 2745 matris
1128 2689 1493 2744 sanctiﬁcatus
1509 2699 1609 2754 est,
1635 2699 1689 2743 et
1731 2703 1856 2757 pro-

331 2780 491 2848 pheta
527 2781 575 2832 in
612 2779 855 2847 gentibus
879 2778 1245 2847 consecratus)
1295 2777 1447 2831 libris
1499 2778 1552 2830 in
1596 2787 1855 2832 aeternum

330 2869 598 2922 mansuris
620 2868 815 2936 aliquid
839 2867 1066 2920 inaniter
1090 2867 1430 2928 condidisset,
1466 2866 1564 2919 nisi
1594 2876 1856 2920 secretum

1961 1800 2087 1854 illud
2123 1810 2322 1869 potest,
2368 1812 2426 1855 ut
2480 1804 2806 1872 requiratur
2858 1806 3009 1874 quid
3079 1821 3325 1860 causa
3396 1811 3520 1872 sit,
3579 1825 3719 1863 cum

1959 1890 2222 1957 baptisma
2255 1892 2512 1946 Ecclesiae
2541 1908 2640 1958 pro
2676 1896 3027 1949 remissione
3062 1896 3212 1966 (2|)
3279 1911 3717 1965 peccatorum

1962 1979 2161 2044 detur,
2225 1983 2524 2034 secundum
2577 1981 2843 2037 Ecclesiae
2916 1987 3444 2042 observantiam
3528 1994 3721 2045 etiam

1962 2069 2196 2133 parvulis
2224 2070 2546 2137 baptismum
2572 2071 2726 2136 dari;
2760 2088 2894 2127 cum
2940 2077 3172 2145 utique
3224 2080 3287 2133 si
3340 2082 3521 2135 nihil
3558 2092 3723 2137 esset

1962 2155 2012 2206 in
2047 2156 2281 2221 parvulis
2308 2158 2449 2224 quod
2484 2158 2552 2211 ad
2581 2159 2989 2216 remissionem
3023 2164 3316 2221 deberet
3396 2180 3468 2224 et
3511 2171 3725 2225 indul-

1955 2244 2190 2312 gentiam
2221 2246 2513 2309 pertinere,
2555 2245 2735 2312 gratia
2763 2246 3059 2317 baptismi
3091 2255 3469 2321 superﬂua
3547 2261 3724 2314 video

1960 2341 2127 2384 retur.
2153 2331 2341 2386 Mulier
2368 2348 2499 2403 ergo
2525 2349 2880 2405 quaecunque
2912 2347 3318 2410 wnceperit
3351 2362 3627 2411 semen.
3659 2360 3724 2405 et

1959 2421 2574 2489 pepererit'mascnlum,
2612 2427 2918 2481 immunda
2944 2432 3070 2483 erit
3114 2410 3406 2501 septena
3440 2410 3724 2505 diebus;

1958 2511 2094 2564 sicut
2132 2520 2186 2563 et
2221 2512 2331 2576 illa,
2364 2527 2486 2579 quae
2531 2516 2844 2570 secundum
2883 2518 3023 2573 dies
3081 2526 3540 2594 purgationis
3596 2542 3729 2584 sua

1958 2609 2157 2673 septem
2187 2601 2376 2657 diebus
2400 2615 2724 2674 segregatur
2753 2608 2826 2661 ab
2863 2611 3036 2664 omni
3082 2618 3395 2673 mundo.
3460 2620 3629 2686 Quia
3666 2624 3726 2676 in

1957 2692 2216 2759 sanguine
2240 2692 2520 2748 immundo
2546 2694 2678 2751 facit
2714 2709 2942 2767 septem
2983 2704 3167 2770 dies,
3233 2707 3309 2761 in
3397 2714 3730 2783 sanguine

1960 2788 2135 2835 autem
2193 2782 2391 2836 mundo
2443 2785 2662 2854 triginta
2706 2797 2765 2841 et
2810 2797 2937 2844 tres
2971 2792 3171 2862 dies;
3239 2803 3376 2855 sed
3466 2782 3598 2857 hoc
3669 2805 3729 2858 in

1962 2868 2180 2922 masculi
2218 2871 2520 2938 nativitate,
2550 2873 2751 2941 duplos
2785 2886 2989 2932 autem
3032 2882 3187 2939 dies
3248 2886 3426 2942 facit
3483 2893 3554 2946 in
3602 2909 3732 2946 na-

327 2958 454 3027 quid
498 2958 812 3021 contineret,
854 2964 909 3010 et
955 2956 1257 3024 ingentibus
1303 2955 1573 3024 mysteriis
1620 2954 1853 3023 plenum,
1885 2981 1926 3039 C
1962 2956 2165 3010 tivitate
2194 2955 2423 3014 feminae.
2459 2961 2652 3029 Incipit
2673 2976 2811 3033 ergo
2836 2980 2975 3021 esse
3014 2970 3082 3023 in
3122 2979 3491 3045 sanguine
3536 2998 3730 3035 num-

329 3048 418 3102 ubi
452 3046 650 3101 dicit“
684 3064 696 3098 :
759 3064 777 3097 ι
810 3043 1117 3097 Maledictus
1144 3043 1256 3097 dies
1291 3043 1342 3096 in
1379 3056 1484 3111 quo
1512 3052 1668 3098 natus
1716 3059 1857 3109 sum,

328 3145 381 3189 et
404 3151 506 3191 nox
537 3136 587 3188 in
620 3148 722 3202 qua
738 3135 991 3186 dixerunt
1017 3148 1030 3184 :
1058 3131 1190 3186 Ecce
1214 3136 1501 3195 masculus,
1538 3131 1858 3189 Maledictus

329 3226 417 3292 qui
455 3223 796 3276 annuntiavit
824 3222 967 3292 patri
997 3236 1135 3284 meo,
1168 3221 1351 3275 dicens
1379 3235 1393 3272 :
1424 3219 1589 3275 Natus
1633 3231 1717 3276 est
1766 3224 1858 3277 tibi

330 3313 622 3366 masculus.
652 3310 884 3366 laetetur
927 3312 1087 3366 homo
1134 3309 1221 3364 ille
1270 3311 1409 3364 sicut
1443 3309 1690 3364 civitates
1727 3325 1860 3380 quas

333 3400 585 3453 Dominus
611 3400 872 3453 destruxit
920 3398 972 3452 in
1023 3397 1227 3461 furore,
1260 3408 1315 3452 et
1355 3413 1459 3453 non
1520 3399 1794 3466 paenituit.
1834 3417 1854 3450 ι

330 3489 617 3543 Videturne
645 3488 737 3542 tibi
763 3488 874 3542 haec
895 3497 1000 3542 tam
1024 3487 1206 3554 gravia
1247 3497 1302 3541 et
1333 3495 1438 3541 tam
1483 3500 1708 3541 onerosa
1762 3488 1861 3539 im-

328 3578 537 3646 precari
565 3579 819 3647 propheta
853 3581 1110 3648 potuisse,
1141 3578 1241 3632 nisi
1286 3578 1453 3631 sciret
1493 3590 1612 3630 esse
1657 3575 1858 3645 aliquid

330 3669 383 3720 in
442 3670 539 3743 ista
593 3668 873 3723 nativitate
917 3683 1212 3738 corporea,
1271 3666 1410 3737 quod
1456 3675 1510 3720 et
1558 3664 1858 3731 ltujusmodi

329 3759 544 3827 digndm
574 3758 1035 3812 maledictionibus
1057 3758 1168 3827 (20)
1203 3758 1475 3811 videretur
1495 3794 1510 3820 ,
1536 3765 1591 3809 et
1630 3766 1724 3824 pro
1752 3770 1857 3824 quo

331 3844 602 3914 legislator
633 3853 710 3899 tot
746 3845 1106 3898 immunditias
1130 3852 1444 3906 accusaret,
1483 3843 1675 3911 quibus
1730 3857 1860 3895 con-

331 3958 490 4014 gruas
517 3943 914 4015 puriﬁeationes
939 3950 1328 4009 consequenter
1347 3940 1678 4008 imponeret?
1714 3938 1858 3992 Lon-

329 4047 450 4101 gum
478 4042 560 4086 est
583 4041 785 4093 autem,
811 4039 865 4083 et
889 4029 1107 4083 alterius
1135 4029 1407 4098 temporis,
1450 4036 1508 4080 ut
1560 4028 1857 4082 testimonia

327 4135 446 4189 quae
477 4121 543 4173 de
583 4119 843 4187 propheta
883 4118 1204 4184 sumpsimus
1235 4155 1251 4180 ,
1309 4116 1690 4184 explanemus;
1733 4118 1856 4184 quia

327 4222 466 4261 nunc
492 4222 595 4260 non
634 4204 899 4267 Jcremiae,
925 4204 1014 4256 sed
1057 4204 1278 4258 Levitici
1334 4205 1490 4258 nobis
1523 4203 1853 4270 propositum

1962 3048 2031 3098 do
2059 3047 2123 3097 ab
2147 3055 2333 3100 octava
2360 3047 2446 3103 die
2480 3057 2535 3102 et
2563 3060 2653 3104 est
2695 3053 2751 3104 in
2776 3057 3090 3124 sanguine
3164 3069 3440 3124 mundo
3502 3072 3734 3127 diebus

1961 3132 2178 3200 triginta
2205 3133 2402 3199 tribus,
2437 3136 2543 3190 hoc
2571 3149 2658 3191 est
2715 3141 2905 3196 tribus
2966 3144 3290 3211 decadis.
3374 3167 3451 3211 et
3521 3162 3735 3213 tribus

1963 3221 2232 3273 monadis.
2265 3221 2472 3275 Etcum
2503 3225 2740 3292 cmperit
2766 3240 2900 3282 esse
2936 3230 3000 3283 in
3046 3240 3417 3307 sanguine
3480 3248 3731 3301 mundo

1959 3310 2046 3364 illa
2077 3324 2192 3377 quae
2224 3311 2453 3379 peperit,
2482 3321 2610 3365 tunc
2651 3315 3040 3373 circumcidit
3085 3322 3441 3386 infantem
3498 3350 3517 3386 :
3558 3353 3583 3386 ι
3618 3336 3744 3391 0c-

1963 3404 2079 3446 tava
2107 3397 2245 3448 enim
2273 3396 2358 3450 die
2396 3397 2783 3463 circumcides,
2823 3402 3030 3471 inquit
3048 3408 3141 3475 ³⁷,
3186 3429 3495 3475 carnem
3570 3440 3742 3493 pne,

1962 3483 2092 3551 putii
2126 3484 2259 3553 ejus.
2292 3502 2312 3535 ι
2347 3484 2470 3539 llaec
2517 3496 2602 3541 est
2656 3489 2744 3541 lex
2785 3492 3036 3561 litterae,
3117 3505 3253 3557 sed
3312 3483 3605 3580 requiré
3676 3527 3743 3570 ιιι

1960 3587 2135 3674 quam.
2171 3588 2658 3674 circumcisno—nem-
2711 3583 3049 3674 Apostolus
3116 3600 3498 3666 praedicet,
3545 3619 3745 3674 quam

1961 3673 2065 3759 nos
2089 3667 2143 3759 et
2163 3664 2447 3759 suscipere
2468 3672 2525 3715 et
2573 3664 2780 3759 habere
2829 3668 3040 3734 jubet.
3117 3697 3145 3730 ε
3196 3681 3349 3741 Nos
3385 3664 3609 3759 enini,
3646 3695 3751 3749 in-

1957 3748 2162 3815 quit“,
2194 3762 2378 3801 sumus
2402 3750 2777 3820 circumcisio,
2828 3760 2935 3827 qui
2994 3766 3265 3833 spiritu
3330 3775 3484 3836 Deo
3535 3748 3752 3839 θέε-ἦ-

1959 3850 2099 3891 mus.
2140 3853 2158 3886 ι
2192 3835 2258 3907 Et
2287 3837 2525 3930 quodin
2561 3839 2785 3897 Psalmo
2838 3849 2925 3901 sit
2945 3849 3002 3882 ⁸⁹
3040 3869 3059 3905 :
3111 3874 3139 3907 ι
3191 3835 3754 3930 Alienativvs—uut

1961 3937 2274 4022 peceatores
2304 3929 2581 4022 a-vulva,»
2608 3936 2911 3992 considera
2967 3943 3024 3998 si
3077 3962 3226 4005 non
3291 3959 3383 4013 de
3416 3960 3564 4019 illis
3621 3929 3752 4022 hoc

1958 4016 2106 4081 dicit,
2161 4015 2252 4083 qui
2303 4015 2452 4070 illam
2515 4020 3026 4085 circumcisionem
3101 4015 3558 4115 suscipis)“;
3622 4015 3752 4022 wn

1959 4118 2051 4125 __-
2083 4104 2386 4125 4-----“2.”
2434 4107 2648 4125 μη--.
2702 4124 2707 4125 ,
3536 4091 3559 4117 ν
3615 4069 3754 4125 (ιιιδ

1958 4118 2054 4211 nos
2078 4104 2387 4158 circumcidi
2423 4107 2721 4175 Apostolus
2746 4126 2948 4180 vetat;
2984 4129 3057 4177 et
3092 4091 3755 4211 ιυιξέἔέῖ-ξέηἲιὲἓ

1959 4192 2258 4291 alienantur
2279 4205 2591 4295 peccatores
2618 4215 2649 4255 a
2680 4202 2873 4268 vulva,
2910 4221 3059 4264 cum
3094 4229 3241 4271 non
3279 4192 3755 4297 spiritTuTsed

330 4305 411 4349 est
430 4297 689 4350 disserere
718 4294 1022 4349 lectionem.
1053 4294 1156 4347 Sed
1188 4303 1241 4347 et
1286 4291 1386 4347 Job
1423 4308 1526 4346 non
1574 4292 1689 4346 sine
1739 4290 1859 4359 Spi-

2201 4283 2632 4378 rcumciduntur.
2669 4287 2813 4355 Quia
2861 4296 2965 4362 qni
3028 4299 3095 4353 in
3159 4280 3758 4378 Ῑεςθιοίἑιὲῑῖηἷέἱῐ

330 4384 432 4437 ritu
458 4394 644 4438 sancto
669 4383 910 4455 loquens,
951 4382 1307 4437 maledicebat
1360 4382 1499 4436 dicm
1563 4381 1855 4436 nativitatis

328 4486 460 4538 suae,
495 4472 735 4526 dicens”
768 4488 783 4525 :
819 4489 839 4521 ι
870 4470 1149 4525 Maledicta
1175 4472 1287 4524 dies
1311 4470 1363 4523 in
1403 4483 1506 4537 qua
1538 4480 1692 4523 natus
1713 4484 1852 4533 sum,

328 4570 384 4612 et
415 4575 517 4612 nox
548 4561 598 4612 in
623 4573 727 4627 qua
747 4558 993 4612 dixerunt
1020 4573 1033 4609 :
1060 4557 1194 4611 Ecce
1219 4557 1514 4621 masculus;
1540 4571 1642 4609 nox
1675 4557 1757 4610 illa
1787 4558 1856 4609 sit

332 4649 632 4713 tenebra',et
661 4662 764 4700 non
797 4647 1031 4715 requirat
1053 4645 1211 4714 230
1235 4660 1352 4699 eam
1382 4645 1633 4699 Dominus
1662 4648 1852 4711 denuo,

331 4747 501 4802 neque
542 4737 715 4787 Veniat
745 4737 798 4789 in
842 4736 955 4789 dies
991 4737 1141 4798 anni,
1198 4748 1297 4786 nec
1357 4742 1665 4785 numeretur
1716 4735 1857 4786 inter

330 4819 449 4871 dies
476 4823 754 4877 mensium.
786 4841 805 4875 ι
837 4822 988 4888 Quod
1024 4822 1066 4875 si
1104 4823 1195 4876 tibi
1227 4834 1331 4875 non
1365 4821 1573 4873 videtur
1605 4821 1715 4874 haec
1756 4822 1855 4877 Job

330 4909 635 4974 prophetico
662 4920 711 4961 et
743 4911 924 4967 divino
950 4911 1151 4978 Spiritu
1180 4910 1342 4976 loqui,
1367 4923 1431 4961 ex
1470 4908 1550 4961 his
1576 4911 1853 4964 considera

334 5012 447 5066 qua:
472 5007 762 5065 sequuntur
791 5018 803 5053 :
838 5003 1037 5057 addidit
1059 5002 1198 5056 enim
1232 5000 1278 5031 ”
1309 5016 1321 5050 :
1357 5015 1376 5048 ι
1416 4996 1520 5050 Sed
1574 4999 1855 5053 maledicat

334 5103 469 5151 ram,
498 5090 586 5155 qui
621 5089 889 5144 maledixit
928 5091 1072 5145 illum
1134 5090 1291 5150 diem,
1349 5087 1400 5137 in
1454 5099 1558 5152 quo
1605 5101 1852 5155 magnum

395 5244 441 5274 ⁷⁸
477 5241 593 5295 Joh.
620 5259 728 5307 xxv,
752 5244 807 5297 4.

398 5398 506 5466 (20)
538 5398 689 5455 Lihb.
714 5400 863 5466 editi,
893 5418 913 5451 ι
951 5396 1362 5455 maledictiouis.
1390 5413 1408 5446 ι
1458 5394 1607 5461 Mss,
1641 5413 1659 5446 ι
1692 5399 1858 5454 male-

333 5462 669 5521 dictionibus.
712 5486 729 5516 ν

402 5530 510 5596 (2t;
534 5532 709 5587 Codex
735 5533 1010 5606 Sangcrm.
1038 5544 1091 5591 et
1125 5534 1241 5601 alii,
1276 5548 1296 5583 ι
1333 5544 1430 5600 pro
1464 5531 1792 5587 remissione.
1832 5553 1850 5585 ι

880 5244 926 5276 ⁸ο
945 5243 1134 5297 Genes.
1162 5241 1353 5301 “.20.
1426 5239 1469 5270 ⁸¹
1493 5237 1655 5291 Marc.
1685 5256 1757 5302 vt.
1789 5244 1878 5300 2|.

315 5311 362 5344 ⁸⁸
404 5310 582 5364 Matth.
609 5306 817 5375 111,40.
895 5311 941 5343 ⁸⁶
969 5311 1108 5366 Psal.
1130 5327 1195 5373 .t.,
1220 5308 1270 5361 7.
1332 5306 1377 5338 "
1400 5306 1569 5359 Levit.
1598 5322 1682 5370 ιιι,
1715 5310 1803 5362 12.

895 5311 941 5343 ιο
969 5311 1108 5366 98³1,
1130 5327 1195 5373 ,ιη
1220 5308 1270 5361 7,
1332 5306 1377 5338 ⁸⁷
1400 5306 1569 5359 Levit.
1598 5322 1682 5370 Ill,
1715 5310 1803 5362 12.
1877 5314 1920 5346 ⁸⁸
1940 5314 2138 5383 Philip.
2168 5331 2252 5382 tu,
2276 5320 2332 5374 5.
2424 5306 2446 5356 δ

1959 4369 2235 4468 duntur,a
2268 4372 2442 4468 gratia
2472 4375 2822 4436 exciderunt.
2888 4384 3097 4454 Igitur
3170 4369 3757 4468 inn-mundg—tieri

1960 4453 2150 4556 mulier
2187 4456 2401 4520 dicitur,
2433 4474 2554 4527 qua:
2585 4477 2865 4536 concepto
2897 4453 3156 4535 semine
3208 4453 3564 4556 ρέρξζξῑ.
3607 4453 3760 4556 ἵης

1961 4543 2167 4645 sculum
2229 4560 2354 4645 qua:
2382 4560 2562 4603 autem
2593 4551 2864 4611 feminam
2897 4543 3281 4643 pepererit,

1960 4635 2231 4736 immunda
2257 4637 2393 4736 erit,
2422 4640 2516 4736 sed
2547 4640 2851 4736 dupliciter
2900 4635 3293 4722 immunda;
3350 4635 3487 4730 Bis

1959 4723 2194 4789 septenis
2245 4725 2437 4780 diebus
2490 4728 2544 4781 in
2596 4730 2964 4793 immunditia
3033 4723 3766 4835 scribitur‘pert'n';

1961 4830 2109 4871 nere.

1972 5246 2241 5322 {'_._i_erem.
2275 5266 2367 5322 ξι.
2422 5254 2511 5321 ιι,
2551 5263 2654 5322 15,

1962 5404 2582 5549 ι”ίξξὲξῒιίιξῇἶέιῗίῆῗὛ
2595 5434 2892 5549 iﬁlli“:
2920 5457 2949 5549 ξ

1962 5507 2089 5593 ms‘s.
2114 5507 2775 5622 :rl‘ui9ll;.s,au3
2802 5507 2891 5562 illa
2920 5523 3173 5578 operosa
3212 5536 3327 5580 res
3388 5546 3518 5592 εει

2228 5507 2775 5622 Itui,|l:t.sim3
2802 5507 2891 5562 mn
2920 5523 3173 5578 °P9fosa
3212 5536 3327 5580 res
3388 5546 3554 5597 est.
3610 5563 3642 5597 ι
3699 5547 3787 5605 ια
