3948 6212
371 348 476 401 ιθιι

1542 345 1608 400 ΙΝ
1643 344 2008 402 LEVITICUM
2042 344 2317 400 HOMILIA
2357 343 2487 396 VIII.

3474 347 3583 402 498

377 461 458 514 ris
489 459 591 512 ista
623 450 925 512 contiuiicl‘ea
962 440 1157 498 ῑὲῐηὶξη
1193 457 1260 503 ut
1307 453 1365 507 in
1406 465 1724 515 transcursu
1771 462 1945 530 aliqua
1978 463 2019 518 A
2048 473 2212 526 usque
2236 460 2298 510 ad
2337 456 2496 522 pedes
2531 452 2674 521 ejus.
2704 452 2796 504 Vel
2846 455 2995 507 tertia
3043 457 3267 522 species.
3305 458 3356 510 ίη
3393 460 3580 513 carnis

375 548 649 608 dicamus,
673 538 944 608 septimana
974 532 1098 590 hinc
1130 547 1436 606 prasentis
1469 551 1592 602 vita:
1616 560 1822 619 tempus
1869 552 1947 602 vi-

379 634 503 687 deri
536 641 724 695 potest.
761 627 810 679 ln
848 621 1154 689 septimana
1196 644 1438 698 namque
1462 636 1667 688 dierum
1699 651 1947 690 consum-

376 729 666 777 matusest
696 713 928 771 mundus.
977 712 1037 767 In
1101 731 1216 784 quo
1247 721 1422 778 donec
1465 738 1648 778 sumus
1680 726 1732 778 in
1784 739 1946 778 carne

375 811 572 879 positi,
613 810 679 861 ad
710 803 955 874 liquidum
989 807 1116 872 puri
1161 823 1290 865 esse
1322 827 1424 864 non
1479 828 1783 881 possumus,
1844 813 1946 866 nisi

372 909 578 952 octava
620 899 826 952 venerit
851 898 984 959 dies,
1015 896 1070 950 id
1097 906 1186 952 est
1242 901 1349 954 nisi
1390 901 1555 954 futuri
1591 902 1766 956 saeculi
1816 912 1947 956 tem-

371 1002 482 1054 pus
520 986 793 1041 adfuerit.
833 986 890 1040 In
912 1000 1015 1054 quo
1049 994 1232 1040 tamen
1285 990 1373 1044 die
1411 991 1502 1058 qui
1553 991 1818 1044 masculus
1865 999 1947 1044 est

374 1077 521 1142 (25),
558 1085 619 1130 et
649 1076 882 1131 viriliter
915 1077 1108 1145 egerit,
1145 1078 1326 1132 statim
1354 1079 1406 1132 in
1459 1080 1572 1147 ipso
1603 1080 1828 1133 adventu
1865 1079 1946 1131 fu-

372 1168 482 1220 turi
512 1166 708 1220 sa’culi
735 1175 1017 1236 purgatur,
1045 1177 1099 1221 et
1139 1169 1320 1221 statim
1365 1174 1557 1222 munda
1585 1167 1810 1222 efﬁcitur
1843 1182 1945 1220 ma-

370 1265 478 1318 ter,
510 1270 643 1322 quae
675 1255 864 1324 genuit
888 1269 1032 1308 eum.
1057 1255 1350 1324 Purgatam
1380 1270 1608 1324 namque
1635 1256 1778 1309 vitiis
1826 1270 1946 1309 car-

366 1359 498 1398 nem
529 1359 605 1399 ex
640 1345 1048 1398 resurrectione
1088 1345 1336 1411 recipiet.
1380 1344 1434 1399 Si
1467 1359 1589 1397 vero
1624 1345 1756 1398 nihil
1788 1345 1838 1398 in
1890 1357 1946 1396 se

364 1431 567 1484 habuit
599 1433 767 1486 virile
811 1433 1096 1486 adversum
1141 1441 1438 1500 peccatum,
1495 1435 1584 1486 sed
1613 1435 1864 1487 remissus
1895 1441 1946 1486 et

361 1520 734 1574 eﬂ'eminatus
765 1523 866 1576 fuit
898 1525 948 1576 in
971 1524 1182 1576 aclibus
1211 1525 1344 1586 suis,
1368 1524 1522 1591 cujus
1546 1534 1816 1592 peccatum
1842 1526 1945 1578 tale

360 1620 470 1672 est,
503 1612 660 1677 quod
703 1626 809 1663 non
842 1613 1148 1666 remittatur
1169 1625 1340 1680 neque
1377 1613 1426 1665 in
1449 1615 1698 1680 praesenti
1726 1616 1943 1677 saeculo,

362 1714 553 1765 neque
585 1700 644 1752 in
689 1699 876 1754 futuro
922 1717 937 1752 ε
985 1701 1087 1754 iste
1142 1703 1332 1754 transit
1381 1711 1435 1754 et
1477 1718 1631 1754 unam
1690 1713 1742 1756 et
1787 1703 1942 1756 aliam

356 1787 752 1854 septimanam
784 1788 838 1840 in
885 1788 1224 1840 immunditia
1260 1804 1355 1841 sua
1381 1827 1396 1849 .
1434 1797 1485 1842 et
1526 1790 1677 1842 tertia
1730 1789 1938 1842 demmn

357 1877 678 1945 incipiente
703 1877 909 1930 oboriri
945 1879 1269 1944 septimana,
1295 1889 1548 1945 purgatur
1592 1881 1657 1930 ab
1712 1879 1938 1933 immun-

356 1968 522 2031 ditia,
586 1982 762 2034 quam
817 1965 1070 2020 feminam
1123 1968 1375 2034 pariendo
1404 1970 1692 2022 contraxit.
1749 1969 1942 2024 Hostia:

358 2070 520 2116 vero,
553 2071 688 2124 qua:
720 2070 817 2122 pro
843 2055 1147 2121 hujusmodi
1174 2056 1499 2108 immunditia
1517 2055 1771 2123 jubentur
1794 2059 1938 2111 adhic

356 2149 501 2209 beri,
542 2146 849 2214 dupliciter
882 2146 1304 2214 distinguuntur.
1334 2145 1514 2199 Primo
1540 2145 1753 2211 jubctur
1777 2162 1940 2216 agnus

355 2237 552 2290 offerri
618 2237 918 2289 anniculus
961 2237 1079 2288 sine
1108 2237 1310 2288 macula
1358 2237 1409 2288 in
1442 2236 1844 2302 holocaustum,
1889 2248 1942 2291 et

354 2327 543 2394 pullus
580 2325 974 2386 columbinus,
1003 2335 1092 2378 aut
1124 2333 1297 2378 turtur
1333 2340 1427 2392 pro
1453 2335 1697 2392 peccato.
1737 2325 1939 2380 Secun-

359 2415 426 2465 da
463 2429 602 2466 vero
643 2414 946 2466 mandatur
971 2413 1164 2477 hostia,
1203 2414 1268 2478 si,
1295 2415 1466 2482 inquit
1493 2413 1631 2483 (‘24),
1664 2430 1766 2468 non
1795 2416 1940 2468 inve-

359 2504 509 2555 nerit
534 2518 745 2556 manus
776 2502 898 2569 ejus
921 2503 1060 2569 quod
1088 2503 1310 2555 sufficiat
1357 2503 1422 2556 ad
1467 2519 1683 2571 agnum,
1715 2505 1941 2571 accipiat

360 2593 503 2643 duos
536 2600 822 2653 turtures,
865 2601 959 2643 aut
980 2590 1118 2644 duos
1147 2591 1317 2659 pullos
1341 2591 1732 2655 columbarum,
1776 2607 1936 2644 unum

363 2680 434 2731 ad
463 2681 880 2745 holocaustum,
910 2689 964 2733 et
994 2680 1157 2732 alium
1183 2694 1276 2746 pro
1306 2689 1543 2746 peccato.
1579 2680 1726 2734 Unde
1747 2689 1800 2733 et
1838 2681 1935 2733 mi-

362 2783 489 2821 rum
527 2769 763 2820 videtur
785 2769 936 2834 quod
963 2765 1163 2820 oblatio
1191 2766 1372 2818 Mariae
1405 2781 1507 2819 non
1557 2765 1800 2820 habuerit
1844 2767 1937 2821 ho-

359 2857 527 2908 stiam
556 2856 827 2922 primam,
860 2855 912 2908 id
935 2862 1018 2908 est
1046 2868 1236 2921 agnum
1264 2855 1595 2918 auniculum,
1631 2856 1721 2908 sed
1753 2870 1942 2910 secun-

361 2944 526 3006 dam;
561 2950 838 3009 tanquam
871 2941 1035 3006 cujus
1079 2955 1264 2994 manus
1293 2958 1396 2994 non
1436 2941 1792 2996 suffeceritad
1833 2944 1942 3012 pri-

2046 558 2165 602 cute
2215 548 2272 600 fit
2312 548 2480 608 ulcus,
2521 555 2576 597 et
2613 552 2860 606 sanatur;
2910 555 2962 597 et
2998 544 3054 596 fit
3097 546 3145 598 in
3184 547 3296 599 loco
3344 549 3457 614 ipso
3499 549 3580 600 ul-

2047 638 2182 689 ceris
2223 633 2619 689 cicatrixalba.
2653 631 2755 682 Aut
2789 633 2839 683 in
2880 634 3058 686 carnis
3093 644 3213 687 cute
3271 635 3328 687 fit
3371 639 3580 692 adustio

2047 726 2202 792 ignis,
2230 735 2282 778 et
2321 732 2439 792 post
2471 724 2581 775 Itaac
2626 731 2809 774 sanata
2848 722 3057 774 adustio
3088 724 3189 775 erit
3232 724 3400 777 lucida
3436 726 3578 793 alba,

2047 823 2289 882 autcum
2325 815 2518 866 rubore
2555 812 2801 864 candida.
2831 811 3022 876 Quinta
3055 813 3282 876 species,
3312 829 3430 865 eum
3464 816 3580 868 viro

2046 913 2138 955 aut
2185 902 2392 956 mulieri
2441 902 2496 954 fit
2543 901 2596 954 in
2637 901 2828 968 capite,
2887 909 2980 952 aut
3022 901 3071 952 in
3129 901 3289 953 barba
3334 903 3581 970 contagio

2047 994 2227 1062 lepraa.
2271 993 2462 1047 Ultima
2511 1005 2637 1044 vero
2686 991 2938 1044 scribitur
2983 990 3214 1056 species,
3254 1005 3375 1044 cum
3421 994 3479 1044 lit
3528 993 3578 1045 in

2046 1082 2286 1146 calvitie,
2325 1081 2405 1134 vel
2470 1081 2522 1133 in
2582 1079 2936 1132 recalvatione
2979 1079 3226 1145 contagio
3271 1078 3428 1146 leprze
3484 1095 3577 1132 ru-

2047 1170 2314 1232 bicundze,
2355 1185 2472 1238 quae
2514 1179 2593 1223 est
2635 1170 2777 1237 lepra
2828 1167 3071 1222 eﬂlorens
3117 1169 3167 1220 in
3205 1167 3446 1228 calvitio,
3499 1169 3580 1221 vel

2046 1259 2098 1312 in
2151 1259 2527 1312 recalvatione.
2581 1259 2702 1310 Ilaec
2766 1268 2822 1311 ut
2870 1258 3189 1325 compendio
3234 1257 3580 1325 expositionis

2047 1358 2279 1412 utamur,
2320 1349 2570 1416 quoniam
2617 1347 2831 1413 quidem
2872 1361 3010 1399 nunc
3052 1347 3380 1413 propositum
3428 1345 3581 1398 nobis

2047 1447 2127 1491 est
2175 1438 2405 1492 breviter
2451 1438 2721 1489 auditores
2767 1449 2831 1486 ex
2880 1435 2960 1486 bis
3015 1449 3134 1500 qua:
3187 1434 3410 1486 recitata
3457 1443 3582 1487 sunt

2047 1525 2348 1586 admonere,
2392 1539 2487 1578 nec
2527 1536 2608 1576 est
2660 1534 2866 1590 tempus
2921 1523 3030 1592 (“27)
3072 1523 3138 1575 ad
3173 1523 3426 1589 liquidum
3467 1523 3580 1574 sin-

2046 1612 2164 1680 gula
2189 1627 2410 1680 quaeque
2444 1613 2724 1676 discutere,
2758 1612 3031 1664 referenda
3077 1612 3201 1664 mihi
3239 1611 3488 1663 videntur
3517 1611 3578 1662 ad

2047 1715 2472 1767 unamquamque
2495 1701 2724 1766 Speciem
2753 1710 3106 1767 peccatormn,
3128 1708 3181 1751 et
3208 1700 3258 1751 iu
3291 1699 3373 1751 his
3394 1699 3583 1750 anima:

2047 1790 2287 1854 maculae,
2328 1805 2445 1858 qua:
2485 1805 2547 1843 ex
2599 1791 2828 1857 peccatis
2868 1791 2914 1843 ei
2959 1791 3240 1852 accidunt,
3291 1787 3576 1841 intuendae.

2047 1877 2334 1930 Dicendum
2379 1879 2538 1947 igitur
2568 1880 2742 1946 primo
2777 1888 2858 1931 est
2889 1878 3153 1945 designari
3185 1892 3279 1943 per
3316 1877 3428 1929 ha-c
3461 1890 3581 1942 pec-

2045 1975 2197 2031 cata,
2247 1983 2364 2034 qua:
2425 1968 2474 2020 in
2529 1968 2627 2020 hac
2681 1969 2786 2018 vita
2840 1969 2993 2035 positi
3043 1967 3460 2028 committimus;
3513 1979 3580 2017 ex

2045 2056 2236 2122 quibus
2259 2057 2433 2123 aliqua
2464 2057 2643 2109 curari
2679 2071 2819 2108 nunc
2850 2065 3090 2123 possunt,
3115 2055 3290 2121 aliqua
3324 2069 3450 2108 vero
3476 2068 3577 2106 non

2047 2151 2284 2208 possunt.
2317 2142 2562 2194 Secundo
2604 2157 2728 2194 vero
2765 2153 2818 2194 et
2849 2143 2914 2195 de
2961 2142 3063 2195 illis
3110 2143 3260 2208 ipsis,
3300 2155 3417 2206 qua:
3459 2149 3580 2206 post

2044 2229 2186 2283 hanc
2218 2232 2379 2283 vitam
2429 2231 2700 2283 nobiscum
2751 2240 3046 2290 transeunt.
3083 2229 3372 2297 significari
3419 2228 3577 2281 intel-

2042 2319 2310 2387 ligendum
2338 2328 2436 2382 est,
2465 2328 2518 2372 et
2544 2333 2662 2372 esse
2692 2320 2741 2370 in
2780 2320 2907 2385 ipsis
2932 2319 3170 2385 qumdam
3203 2319 3274 2371 ita
3301 2318 3578 2370 animabus

2043 2415 2236 2476 infixa,
2279 2423 2334 2465 ut
2385 2417 2646 2476 nequeant
2693 2407 2927 2472 aboleri;
2974 2407 3074 2458 alia
3115 2422 3238 2460 vero
3273 2422 3412 2472 esse,
3461 2421 3577 2475 qua:

2044 2502 2409 2573 purgationem
2442 2499 2642 2566 possint
2681 2497 2916 2564 recipere
2967 2495 3256 2548 secundum
3290 2497 3576 2566 inspectio-

2048 2607 2167 2644 nem
2202 2599 2254 2643 et
2287 2589 2538 2657 judicium
2572 2586 2840 2654 pontificis
2882 2587 3042 2649 illius,
3070 2602 3224 2654 quem
3270 2587 3474 2640 occulta
3505 2587 3576 2638 Ia-

2046 2689 2157 2732 tere
2203 2692 2303 2731 non
2340 2685 2579 2745 possunt,
2610 2674 2810 2743 quique
2857 2676 3183 2743 dispensabit
3226 2676 3429 2728 animas
3462 2676 3573 2728 sin-

2045 2768 2282 2835 gulorum
2312 2766 2598 2818 secundum
2627 2765 2724 2818 hoc
2761 2765 2898 2832 quod
2931 2764 2983 2815 in
3020 2765 3097 2817 eis
3128 2763 3358 2815 maculas
3388 2763 3567 2830 lepm,

2043 2865 2134 2907 aut
2204 2855 2520 2922 expiabiles,
2593 2862 2684 2906 aut
2728 2853 3072 2922 inexpiabiles
3127 2851 3338 2905 viderit.
3409 2849 3574 2919 Cujus

2046 2946 2121 2997 rei
2165 2944 2489 2998 differentias
2533 2944 2596 2995 de
2641 2944 2885 3010 prmsenti
2931 2942 3157 2995 lectione
3209 2941 3478 3010 colligere.
3517 2950 3573 2994 et

362 3044 532 3084 mam.
566 3029 675 3083 Sic
710 3029 858 3082 enim
893 3029 1157 3096 scriptum
1181 3037 1261 3083 est
1293 3031 1359 3082 de
1391 3044 1453 3083 ea
1487 3047 1501 3083 :
1539 3029 1828 3094 Venerunt,
1860 3030 1941 3083 in—
1969 3066 2009 3121 Ο
2044 3049 2136 3102 per
2183 3034 2383 3100 singula
2420 3031 2710 3085 secundum
2747 3030 3036 3096 Scriptum
3085 3029 3241 3096 hujus
3288 3029 3537 3081 indicium
3559 3066 3575 3090 ,

356 3119 476 3183 quit
499 3120 572 3183 ⁸ο,
605 3127 877 3185 parentes
906 3117 1040 3184 ejus,
1093 3136 1112 3168 ι
1151 3128 1207 3171 ιιι
1256 3118 1507 3172 oerrrent
1571 3137 1665 3186 pro
1707 3135 1769 3174 eo
1841 3127 1943 3180 ho-

359 3209 552 3266 stiam.
585 3207 901 3259 secundum
923 3207 1064 3274 quod
1095 3207 1346 3273 scriptum
1377 3219 1458 3261 est
1482 3209 1530 3260 in
1557 3209 1668 3275 lege
1707 3209 1938 3270 Domini,

355 3310 456 3362 par
489 3305 784 3348 turturum
821 3303 917 3347 aut
955 3295 1089 3348 duos
1130 3294 1300 3362 pullos
1339 3295 1726 3348 columbarum.
1766 3315 1784 3348 ι
1837 3297 1940 3352 Sed

353 3395 413 3437 et
440 3387 494 3436 in
523 3385 634 3437 hoc
669 3384 986 3436 ostenditur
1019 3397 1199 3436 verum
1227 3397 1347 3436 esse
1374 3383 1499 3437 illud
1525 3387 1663 3451 quod
1689 3386 1940 3452 scriptum

353 3483 458 3533 est,
493 3476 630 3539 quia
660 3473 925 3526 Christus
953 3471 1108 3524 Jesus
1147 3489 1164 3522 ι
1203 3486 1322 3524 cum
1350 3472 1497 3524 dives
1526 3481 1696 3540 esset,
1724 3488 1820 3540 pro
1851 3489 1951 3530 no-

357 3563 440 3615 bis
468 3563 588 3632 (‘25)
618 3577 838 3629 pauper
868 3561 1046 3614 factus
1073 3569 1157 3612 est
1187 3559 1252 3611 ⁹¹.
1287 3577 1305 3609 ι
1352 3560 1472 3613 Ideo
1496 3576 1620 3628 ergo
1643 3571 1696 3616 et
1719 3572 1940 3616 matrem

353 3651 422 3704 de
447 3665 560 3716 qun
630 3659 986 3712 nasceretur,
1036 3648 1198 3714 elegit
1247 3662 1556 3715 pauperem,
1607 3659 1659 3702 et
1713 3651 1939 3717 patriam

352 3728 691 3806 pauperem,
739 3742 808 3792 de
833 3754 936 3807 qua
979 3741 1176 3792 dicitur
1208 3741 1296 3791 ἠς
1333 3756 1351 3787 ι
1391 3739 1454 3791 Et
1477 3747 1557 3798 tu,
1609 3740 1941 3805 Bethlehcm,

352 3832 594 3882 minima
621 3847 689 3883 es
726 3831 781 3880 in
831 3829 1066 3882 millibus
1091 3829 1248 3889 Juda',
1282 3845 1300 3878 ι
1359 3839 1412 3882 et
1462 3829 1684 3898 reliqua.
1753 3829 1941 3884 Verum

351 3917 471 3970 haec
531 3920 796 3971 breviter
857 3927 1238 3973 transcurrere
1281 3919 1548 3986 cogimur,
1600 3934 1697 3972 nec
1737 3913 1942 3988 singula

350 4020 476 4075 quae
509 4009 735 4075 scripta
787 4015 916 4058 sunt
968 4007 1237 4063 discutere
1267 4009 1376 4076 (26)
1431 4009 1683 4076 quoniam
1729 4010 1940 4076 quidem

347 4091 702 4146 festinamus
726 4093 932 4159 aliquid
986 4094 1148 4146 etiam
1204 4095 1270 4147 de
1318 4095 1472 4162 231
1532 4095 1736 4161 legibus
1787 4095 1945 4162 lepra:

349 4194 474 4247 qua:
513 4181 782 4233 recitata:
813 4189 962 4243 sunt,
991 4191 1345 4246 pertractare.

423 4270 481 4321 5.
525 4271 859 4321 Invmrituus
909 4283 1038 4336 ergo
1080 4283 1172 4321 sex
1222 4271 1426 4335 species
1474 4272 1776 4339 propositas
1825 4287 1943 4326 esse

2045 3139 2160 3190 qua:
2201 3132 2419 3190 possunt
2453 3136 2549 3174 nos
2583 3134 2815 3183 movere,
2860 3120 3064 3180 rimari,
3105 3127 3574 3186 extemporaneus,

2044 3212 2229 3278 utjam
2261 3210 2504 3279 superius
2532 3209 2663 3272 dixi,
2693 3209 2791 3261 iste
2831 3222 3007 3260 sermo
3058 3221 3158 3258 non
3217 3208 3438 3274 patitur.
3476 3206 3576 3260 Vix

2043 3287 2182 3352 enim
2215 3300 2329 3352 luce
2360 3296 2539 3350 multis
2569 3305 2788 3365 possent
2819 3295 3171 3348 voluminibus
3201 3295 3403 3362 digesta
3437 3307 3581 3346 com-

2045 3389 2163 3457 poni
2195 3389 2260 3441 ab
2305 3388 2388 3441 his
2436 3387 2630 3453 quibus
2682 3387 2938 3438 Dominus
2983 3385 3046 3436 de
3103 3384 3328 3438 lectione
3375 3382 3578 3436 Veteris

2045 3476 2368 3530 Testamenti
2421 3475 2657 3528 velamen
2709 3475 2990 3528 abstraxit.
3040 3472 3144 3526 Nos
3188 3486 3317 3538 ergo
3355 3487 3449 3538 pro
3497 3472 3574 3522 vi-

2045 3566 2189 3619 ribus
2235 3566 2449 3624 nostris.
2484 3572 2738 3632 quantum
2774 3563 2996 3630 proferri
3030 3565 3080 3614 iu
3124 3563 3354 3614 medium
3382 3575 3579 3614 conve-

2045 3657 2157 3716 nit,
2201 3667 2579 3720 exsequamur,
2625 3651 2860 3718 apostolo
2907 3650 3057 3702 nobis
3115 3648 3278 3701 Paulo
3316 3649 3578 3715 pandente

2045 3741 2400 3810 intelligentiae
2435 3741 2572 3792 viam
2601 3758 2612 3790 :
2647 3754 2751 3806 qua
2790 3739 2918 3791 dicit
2957 3739 3124 3808 legem
3163 3739 3404 3792 umbram
3439 3736 3579 3788 futa-

2048 3846 2225 3884 rorum
2278 3831 2472 3882 habere
2516 3829 2774 3881 bonorum
2810 3827 2876 3888 ³³,
2926 3842 3031 3879 non
3080 3827 3245 3895 ipsam
3294 3827 3576 3894 imaginem

2045 3933 2256 3981 rerum;
2297 3926 2349 3970 et
2387 3918 2676 3970 secundum
2722 3919 2772 3969 id
2815 3918 2952 3984 quod
2987 3931 3048 3968 ea
3082 3930 3199 3983 quae
3233 3915 3298 3968 de
3326 3915 3494 3968 bobus
3524 3914 3576 3967 in

2045 4003 2158 4072 lege
2194 4003 2302 4072 (‘28)
2341 4004 2584 4056 videntur
2615 4005 2838 4070 scripta,
2876 4018 2978 4055 non
3013 4004 3077 4056 de
3120 4003 3311 4066 bobus,
3351 4017 3576 4076 quorum

2044 4091 2154 4145 Deo
2182 4107 2308 4144 cura
2345 4107 2448 4144 non
2483 4095 2570 4153 sit,
2601 4095 2691 4145 sed
2723 4095 2787 4146 de
2821 4092 3074 4159 apostolis
3107 4091 3428 4145 advertenda
3463 4106 3578 4158 pro-

2045 4183 2271 4235 nuntiat.
2305 4181 2360 4232 ln
2397 4183 2538 4248 quod
2586 4183 2932 4249 consequenti
2977 4180 3160 4248 utique
3210 4181 3414 4233 ratione
3448 4181 3577 4232 edo-

2048 4285 2250 4333 cemur,
2284 4273 2420 4337 quod
2450 4279 2505 4322 et
2540 4285 2600 4323 ea
2633 4285 2751 4338 qua:
2781 4272 2844 4323 de
2877 4270 3019 4338 lepra
3054 4269 3361 4322 scribuntur
3387 4259 3575 4320 umbra

347 4357 416 4406 de
461 4357 766 4408 hominum
825 4356 1008 4422 lepra;
1052 4371 1173 4425 qua:
1228 4373 1318 4412 sex
1378 4361 1586 4426 species
1637 4361 1736 4413 hoc
1787 4365 1940 4414 modo
1972 4360 2016 4413 Ι)
2045 4360 2114 4412 sit
2143 4361 2195 4412 in
2221 4361 2340 4414 aliis
2381 4360 2583 4413 habens
2612 4361 2896 4430 imaginem
2930 4357 3188 4412 veritatis.
3228 4355 3392 4424 Igitur
3428 4357 3579 4409 adhi-

347 4446 779 4498 describuntur.
809 4447 914 4497 Aut
959 4445 1105 4498 enim
1146 4446 1198 4497 in
1247 4457 1374 4499 cute
1419 4450 1660 4515 corporis
1701 4451 1759 4501 lit
1805 4451 1945 4504 cica-

346 4533 482 4592 trix,
517 4542 577 4584 et
617 4533 847 4599 signum
889 4532 1229 4592 exalbidum,
1254 4542 1307 4582 et
1345 4543 1466 4584 tunc
1505 4533 1644 4595 lit,in
1676 4543 1795 4586 cute
1827 4551 1949 4586 cor-

345 4623 496 4686 poris
531 4620 666 4687 vjns
705 4623 965 4686 contagio
1014 4621 1198 4685 leprac.
1249 4622 1351 4672 Aut
1397 4621 1643 4673 eﬂlorcus
1685 4622 1948 4675 elllureliit

342 4708 522 4775 lepra,
556 4719 619 4763 ct
666 4717 931 4776 conteget
969 4723 1191 4761 onmem
1225 4721 1397 4761 cutem
1428 4711 1668 4776 contagio
1703 4727 1729 4762 τι
1775 4714 1949 4778 capite

419 4847 468 4877 '°
503 4846 655 4900 Luc.
692 4859 752 4906 ιι,
785 4843 876 4895 24.
960 4842 1008 4874 ἰ
1037 4841 1079 4893 11
1110 4842 1238 4894 Cor.
1267 4856 1374 4900 vin.
1401 4843 1452 4894 9.
1525 4844 1570 4873 "
1591 4842 1745 4896 Micb.
1777 4859 1826 4908 v,
1861 4845 1915 4897 2.

417 4978 535 5046 (23)
565 4981 640 5032 In
667 4993 780 5046 quo
811 4987 994 5046 tamen
1022 4976 1112 5046 die
1139 4975 1226 5039 qui
1255 4975 1511 5046 masculus
1549 4987 1640 5038 est,
1671 4987 1774 5030 etc.
1801 4978 1946 5031 Con-

345 5043 469 5100 sule
514 5041 800 5164 I:t_;etium
863 5043 1320 5110 Origeniauorum
1369 5041 1460 5092 lib.
1512 5058 1571 5104 ll,
1623 5053 1805 5110 quaest.
1860 5048 1948 5110 Il,

348 5130 497 5164 num.
623 5157 638 5164 -

348 5130 497 5165 num.
541 5117 638 5168 17.

421 5182 538 5248 (24)
568 5182 746 5235 Libb.
773 5186 949 5232 antea
996 5172 1160 5248 editi,
1194 5191 1210 5222 ι
1243 5183 1328 5248 aut
1358 5173 1481 5240 pulli
1505 5177 1784 5248 columbini
1808 5218 1820 5238 ,
1856 5190 1954 5232 aut.

347 5239 595 5301 turtures
631 5263 741 5314 pro
775 5251 1058 5312 peccato.
1099 5239 1341 5314 Secundo
1363 5239 1369 5240 ⁷
1391 5255 1513 5314 vero
1541 5246 1816 5296 mandatur
1847 5248 1950 5299 ho-

345 5318 512 5384 stia;
533 5318 609 5384 si.
631 5307 854 5384 "inquit,
910 5327 933 5358 ι
958 5307 1368 5384 Etc._,_sedmss..
1401 5317 1458 5358 ut
1484 5309 1532 5360 iu
1563 5322 1743 5384 nostro
1767 5324 1944 5370 textu.

421 5383 538 5450 (25)
567 5383 683 5434 Pro
720 5374 912 5432 nobis.
958 5374 1313 5425 Desideratur
1341 5374 1390 5424 in
1421 5385 1575 5427 antea
1596 5394 1599 5400 ·
1624 5379 1795 5444 editis,
1846 5385 1949 5436 sed

345 5450 632 5516 suppletur
663 5465 695 5500 e
722 5461 870 5516 mss.
907 5507 921 5516 .
942 5481 960 5493 ρ
1081 5512 1091 5516 Α
1223 5505 1254 5516 η

415 5505 528 5585 (ἐϋ)
559 5515 723 5568 Libb.
765 5507 921 5585 editi
959 5512 1118 5585 post,
1155 5521 1171 5552 ι
1198 5505 1476 5585 discutere,
1518 5525 1535 5556 ι
1575 5511 1780 5585 addunt,
1812 5533 1827 5561 ι
1855 5530 1952 5568 va-

351 5571 536 5646 ιοιῖιυέ,
568 5601 588 5631 ι
627 5582 781 5648 quod
823 5576 1020 5626 abest
1065 5571 1136 5620 ab
1189 5571 1415 5625 omnibus
1467 5590 1589 5628 mss.
1635 5588 1684 5630 et
1735 5571 1948 5650 absque

2045 4449 2262 4500 beamus
2300 4448 2490 4516 primo,
2529 4448 2574 4499 si
2617 4448 2844 4509 videtur,
2891 4447 3058 4514 ipsam
3113 4445 3402 4512 Scriptum
3460 4459 3578 4496 um-

2045 4537 2216 4597 bram,
2248 4545 2301 4587 et
2335 4545 2457 4588 tunc
2497 4536 2561 4589 de
2589 4537 2703 4604 ejus
2738 4537 2962 4588 veritate
2989 4535 3339 4601 requiramus.
3384 4533 3436 4585 lu
3468 4533 3580 4584 vul-

2049 4626 2266 4677 neribus
2297 4640 2580 4691 corporum
2627 4633 2968 4690 posteaquam
3014 4633 3198 4676 curata
3245 4623 3460 4682 fuerint,
3500 4639 3582 4674 re-

2048 4725 2225 4767 manet
2259 4714 2524 4766 interdum
2567 4715 2730 4781 ipsius
2763 4713 2994 4768 vulneris
3036 4715 3270 4780 signum,
3316 4716 3455 4779 quod
3502 4714 3580 4766 ci-

2017 4849 2062 4880 ”
2102 4848 2261 4930 Ilebr.
2288 4863 2340 4912 ιι,
2367 4847 2416 4900 1.

2053 4996 2239 5036 sensus
2271 4982 2544 5047 dispendio
2574 4982 2759 5036 abesse
2793 4989 2982 5048 potest.
3040 4978 3182 5032 Infra
3224 4979 3389 5048 codex
3445 4976 3582 5048 San-

2053 5065 2242 5117 germ.,
2275 5067 2292 5098 ι
2323 5043 2413 5101 sex
2445 5052 2648 5117 species
2673 5043 2970 5116 propositas
3009 5061 3148 5100 esse.
3193 5064 3211 5095 ι
3237 5045 3389 5097 Libb.
3429 5043 3578 5101 editi.

2059 5135 2076 5167 ι
2113 5133 2201 5171 sex
2244 5120 2449 5180 species
2481 5121 2679 5184 positas
2700 5132 2835 5169 esse.
2880 5135 2897 5167 ι
3227 5178 3247 5184 _
3273 5178 3304 5184 __
3329 5177 3340 5184 ,
3462 5173 3493 5184 ..

2126 5187 2232 5256 (9.7)
2272 5175 2448 5238 Codex
2482 5175 2814 5254 'Sangermn
2859 5201 2878 5232 ι
2910 5191 3132 5246 tempus.
3167 5197 3184 5228 ι
3227 5177 3382 5230 Libb.
3411 5175 3541 5225 editt
3565 5211 3580 5234 ι

2061 5272 2078 5303 ’
2111 5264 2434 5393 ίῗὲἓῗθιῗὲἷύἶ
2479 5321 2642 5393 edin.
2693 5313 2977 5393 1i“!.°‘."8‘-
2997 5307 3577 5393 1_F°i'?§__§‘:!!s€r'?_:

2065 5400 2117 5443 et
2139 5374 2254 5450 alii,
2289 5409 2306 5440 ι
2339 5391 2387 5440 in
2425 5389 2556 5454 lege.
2579 5406 2596 5435 ι
2630 5374 2774 5454 Infra
2796 5374 2952 5454 iidem
2983 5390 3132 5454 mss,
3164 5391 3191 5450 ,ι
3218 5374 3415 5454 tum}?
3432 5374 3580 5454 δῖξέιέ

2065 5435 2501 5510 aliis-habena?
2515 5435 2844 5510 Libinediti,
2877 5462 2894 5492 ι
2922 5442 3101 5494 umbra
3131 5439 3262 5501 sint,
3291 5447 3342 5490 et
3373 5436 3422 5487 in
3459 5435 3579 5488 aliis

2067 5527 2308 5579 habeant.
2327 5543 2346 5573 ›
