3948 6270
267 329 367 385 ιοθ

1700 316 2016 374 ORIGENIS

3530 285 3655 341 500

270 437 442 493 ratrix
475 436 790 506 appellatur.
820 436 923 495 Vix
957 434 1099 491 enim
1129 443 1209 490 est
1236 436 1326 504 qui
1372 436 1445 489 ita
1474 444 1712 499 curetur,
1747 445 1805 488 ut
1832 436 1876 493 Α
1905 440 2061 487 cante
2103 430 2428 486 inferuntur,
2466 425 2696 479 intuere
2741 430 2904 473 nunc
2955 413 3124 506 illam
3171 407 3534 506 ani-mam}
3582 405 3658 459 de

270 528 469 580 millum
495 522 724 595 suscepti
748 526 984 580 vulneris
1010 526 1245 579 residere
1268 526 1509 578 videatur
1531 526 1799 578 indicium.

265 614 454 668 Transi
481 630 621 669 nunc
650 616 717 667 ab
747 615 844 667 ista
878 614 1011 681 legis
1042 613 1227 666 umbra
1260 613 1323 665 ad
1354 613 1629 666 veritatem
1657 612 1799 678 ejus,

263 715 319 757 et
352 706 560 758 intuere
589 704 854 771 quomodo
892 703 1069 755 anima
1105 716 1220 768 quae
1253 701 1453 769 peccati
1495 700 1684 754 vulnus
1716 713 1805 751 ac-
1848 720 1851 723 ν

262 795 497 860 ceperit,
538 794 741 847 etiamsi
777 800 1008 857 curetur,
1056 799 1229 843 tamen
1265 792 1422 844 habet
1453 789 1656 858 peccati
1707 789 1789 842 ci-

261 885 513 939 catricem
546 883 597 935 in
626 882 743 936 loco
776 882 1012 935 vulneris
1045 883 1383 936 residentem.
1416 881 1541 945 Qua:
1574 877 1800 932 cicatrix

268 988 371 1027 non
410 973 580 1025 solum
620 988 647 1025 a
680 973 789 1025 Deo
819 972 1045 1038 videtur,
1086 973 1177 1026 sed
1206 980 1258 1025 et
1289 973 1356 1022 ab
1389 971 1466 1022 eis
1513 969 1605 1036 qui
1651 980 1803 1020 acce-

266 1071 462 1128 perunt
486 1060 551 1113 ab
576 1076 639 1114 eo
669 1061 916 1129 gratiam,
948 1076 1047 1129 qua
1074 1060 1350 1128 pervidere
1376 1059 1584 1126 possint
1611 1056 1801 1110 anima:

267 1148 568 1217 languores,
597 1157 651 1201 et
691 1148 997 1202 discernere
1023 1162 1139 1215 qua:
1175 1147 1243 1199 sit
1272 1145 1446 1198 anima
1487 1145 1558 1197 ita
1592 1152 1797 1202 curata,

264 1247 325 1292 ut
362 1237 502 1289 omni
534 1250 726 1305 genere
765 1236 1049 1307 vestigium
1092 1235 1223 1288 illati
1253 1234 1486 1288 vulneris
1515 1230 1797 1301 abiecerit;

264 1332 320 1376 ct
346 1338 462 1390 quae
502 1335 686 1377 curata
718 1324 788 1377 sit
826 1324 1059 1391 quidem,
1093 1323 1185 1377 sed
1222 1321 1360 1376 ferat
1400 1321 1576 1374 adhuc
1607 1320 1802 1374 veteris

265 1411 436 1466 morbi
470 1412 522 1464 in
545 1411 672 1482 [ipso
705 1412 922 1480 vestigio
964 1411 1234 1465 cicatricis
1264 1408 1482 1463 indicia.
1524 1408 1672 1473 Quod
1713 1422 1802 1459 au-

263 1507 370 1555 tem
416 1501 521 1553 sint
569 1501 809 1567 quaedam
861 1501 1050 1554 anima:
1101 1499 1354 1561 vulnera,
1402 1496 1568 1551 lsaias
1615 1497 1799 1557 docet,

265 1588 453 1642 dicens
474 1588 558 1639 οδε
595 1606 612 1638 ‹
639 1589 679 1640 Α
711 1588 935 1656 pedibus
962 1602 1128 1655 usque
1160 1589 1224 1642 ad
1256 1596 1419 1655 caput
1450 1602 1551 1641 non
1583 1595 1663 1640 est
1690 1585 1801 1637 vul-

266 1691 389 1739 nus.
432 1690 603 1744 neque
647 1676 803 1741 livor,
854 1691 1024 1744 neque
1070 1677 1220 1745 plaga
1263 1691 1382 1729 cum
1426 1674 1696 1739 fervore,»
1739 1675 1802 1726 de

1908 536 2013 590 qua
2058 520 2187 573 dicit
2242 515 2527 576 Dominus,
2575 512 2713 580 quia
2767 521 2880 576 ego
2947 500 3192 556 adduxi
3259 496 3658 590 cicatricem

1907 585 2042 677 ejus.
2091 608 2215 661 Post
2249 604 2473 658 vulnera
2515 601 2641 654 sine
2687 597 2871 650 dubio
2902 590 3293 647 cicatricem
3360 585 3661 677 adducit,

1907 673 1960 752 et
2001 698 2309 752 sanitatem.
2353 711 2372 744 ι
2407 693 2472 745 Ει
2505 691 2720 743 curabo
2773 701 2904 750 eos,
2950 691 3016 737 et
3047 677 3529 733 manifestabo
3572 673 3666 728 eis

1906 803 2090 858 pacem
2120 793 2175 840 et
2211 784 2393 837 tidem.
2420 800 2438 832 ι
2474 781 2532 833 Si
2572 793 2711 846 ergo
2745 784 2885 844 post
2917 772 3390 858 cognitionem
3420 776 3489 819 et
3534 778 3669 858 iure:

1905 853 2136 927 dicinam
2176 872 2290 933 Dei,
2317 870 2361 922 si
2391 877 2516 935 post
2556 862 3114 919 manifestationem
3160 855 3375 924 pacis
3407 863 3477 906 et
3524 853 3670 907 ﬁdei

1907 978 2064 1030 quam
2092 976 2189 1029 per
2219 959 2502 1013 Christum
2537 954 2928 1021 suscepimus,
2980 962 3269 1003 rursum
3345 948 3415 999 in
3480 946 3675 999 istam

1906 1054 2214 1108 cicatricem
2259 1048 2524 1103 ascendat
2556 1044 2787 1113 aliquod
2840 1041 3081 1110 peccati
3154 1037 3436 1106 prioris
3495 1037 3671 1089 indi-

1906 1119 2070 1205 cium,
2106 1149 2199 1194 aut
2240 1140 2458 1208 signum
2510 1134 2739 1205 aliquod
2776 1132 3011 1186 erroris
3048 1130 3336 1184 veteris
3404 1128 3678 1181 innove-

1908 1241 2024 1296 tur;
2062 1240 2190 1284 tunc
2233 1230 2294 1282 ﬁt
2327 1230 2382 1281 in
2415 1236 2542 1282 cute
2591 1222 2857 1291 corporis
2894 1221 3099 1274 nostri
3169 1218 3522 1286 contagio
3582 1216 3679 1271 le~

1905 1334 2033 1387 prae,
2062 1334 2180 1386 qua:
2209 1316 2550 1384 inspicienda
2573 1322 2658 1368 est
2687 1327 2792 1382 per
2824 1309 3240 1381 pontiﬁcem,
3295 1308 3679 1363 secundum

1907 1422 1967 1461 ea
1992 1422 2113 1474 qua:
2141 1406 2425 1474 legislator
2453 1402 2735 1470 exposuit.

1974 1498 2029 1551 6.
2071 1498 2317 1551 Secunda
2350 1510 2480 1549 vero
2511 1491 2731 1560 species
2758 1500 2853 1544 est
2892 1491 3116 1560 leprae,
3175 1508 3201 1541 ι
3242 1491 3312 1545 si
3375 1489 3683 1547 clnorue-

1908 1590 1998 1651 rit,
2030 1587 2202 1654 inquit
2231 1587 2297 1649 ³⁸,
2363 1587 2415 1638 in
2453 1597 2598 1648 cute,
2650 1584 2725 1637 ita
2777 1594 2843 1636 ut
2889 1592 3059 1651 tegat
3107 1597 3417 1636 omnem
3472 1593 3685 1638 cutem

1906 1677 2149 1741 corporis
2175 1691 2205 1728 a
2238 1675 2416 1742 capite
2445 1689 2618 1741 usque
2650 1673 2719 1725 ad
2751 1672 2968 1739 pedes,
3009 1686 3136 1739 per
3191 1672 3452 1726 omnia
3505 1688 3682 1741 quae-

266 1765 478 1820 delictis
525 1766 638 1819 haec
687 1766 867 1832 procul
916 1765 1074 1818 dubio
1134 1764 1311 1832 populi
1368 1764 1644 1830 loquens:
1683 1761 1805 1828 quia
1837 1747 2118 1832 Bcunque
2168 1763 2428 1817 sacerdos
2472 1761 2806 1828 inspexerit.
2838 1778 2859 1810 ι
2918 1760 3078 1813 Cum
3162 1775 3358 1830 ergo
3424 1776 3690 1816 οιιιιιεω

266 1862 393 1909 sunt
447 1853 614 1922 aliqui
667 1853 858 1920 quibus
912 1854 1077 1919 possit
1128 1854 1300 1906 adhuc
1356 1852 1800 1905 medicamentum

265 1939 598 2009 malagmatis
643 1940 864 2007 imponi.
896 1939 1000 1993 Alii
1044 1954 1170 1994 vero
1202 1941 1341 2005 quod
1396 1941 1505 1992 sint
1544 1940 1805 1992 intantum

264 2038 594 2100 peccatores,
626 2035 683 2082 ut
724 2029 802 2081 eis
851 2043 945 2081 nec
990 2043 1118 2082 cura
1172 2029 1339 2095 possit
1388 2028 1654 2091 adhiberi,
1706 2028 1806 2080 hoc

266 2119 429 2172 modo
475 2118 611 2171 idem
656 2119 917 2184 propheta
964 2118 1208 2185 designat
1252 2135 1266 2169 :
1317 2134 1335 2166 ι
1378 2115 1491 2169 Non
1539 2125 1653 2180 est,
1713 2117 1797 2168 in-

264 2207 382 2274 quit
407 2205 475 2268 ”,
518 2206 779 2274 malagma
831 2206 1135 2273 imponere,
1177 2219 1351 2273 neque
1405 2205 1578 2258 oleum
1634 2203 1805 2276 (29),

268 2308 446 2361 neque
476 2294 833 2362 alligaturas.»
872 2295 1020 2359 Quod
1056 2303 1230 2348 autem
1262 2294 1533 2356 contritio,
1566 2302 1620 2347 et
1650 2293 1805 2362 plaga

269 2383 473 2438 doloris
510 2398 605 2451 per
648 2382 1061 2451 corruptionem,
1094 2397 1235 2436 cura:
1269 2396 1427 2435 causa
1463 2383 1807 2448 imponantur

270 2475 462 2529 animae
503 2470 763 2527 Jeremias
803 2473 984 2537 docet,
1024 2472 1205 2526 dicens
1227 2471 1316 2522 ηε
1357 2489 1375 2521 ε
1407 2470 1498 2524 Sic
1529 2471 1660 2523 dicit
1705 2471 1808 2524 Do.

265 2566 481 2620 minus:
516 2564 777 2616 Suscitavi
822 2562 1190 2617 contritionem
1229 2561 1377 2628 plaga
1416 2568 1507 2613 tua
1550 2574 1672 2613 cum
1712 2560 1807 2613 do-

267 2654 407 2719 lore;
435 2669 537 2708 non
565 2662 646 2707 est
689 2651 779 2720 qui
815 2652 1015 2719 judicet
1046 2649 1303 2718 judicium
1346 2658 1517 2714 tuum;
1557 2662 1679 2702 cum
1716 2648 1809 2700 do-

269 2745 385 2803 lore
422 2753 603 2798 curata
635 2757 713 2809 es,
743 2742 948 2796 utilitas
976 2756 1078 2794 non
1107 2750 1189 2796 est
1222 2741 1273 2794 in
1317 2750 1387 2794 te.
1420 2739 1618 2794 Omnes
1647 2743 1807 2797 amici

267 2836 345 2891 tui
377 2833 532 2889 obliti
563 2841 685 2887 sunt
720 2832 817 2895 tui,
849 2845 948 2884 nec
995 2829 1104 2896 jam
1159 2829 1565 2897 interrogabunt
1608 2830 1675 2884 de
1706 2837 1756 2883 te
1788 2848 1804 2884 :

265 2925 390 2992 quia
418 2922 572 2992 plaga
626 2922 825 2976 inimici
865 2921 1101 2988 percussi
1142 2929 1192 2973 te
1234 2919 1578 2986 correptione
1630 2920 1805 2975 valida

1908 1862 2082 1907 cutem
2114 1851 2359 1920 corporis
2404 1849 2701 1911 obtexerit,
2748 1859 2895 1901 tunc
2937 1851 3287 1903 mundum
3331 1866 3497 1905 eum
3543 1866 3689 1906 esse

1908 1942 2163 1996 sacerdos
2209 1955 2236 1993 a
2289 1939 2618 2006 contagione
2673 1940 3058 2006 pronuntiat.
3133 1938 3290 1993 Sed
3372 1942 3445 1997 in
3520 1957 3684 2011 qua-

1907 2043 2118 2097 cunque
2158 2029 2243 2083 die
2290 2030 2606 2097 apparuerit
2655 2030 2715 2083 in
2766 2042 2840 2081 eo
2880 2028 3063 2081 color
3106 2029 3361 2099 vivus,
3426 2046 3691 2087 rursum

1903 2117 2177 2184 iudicatur
2202 2120 2512 2170 immundus
2540 2132 2640 2186 per
2670 2118 2784 2171 hoc
2815 2119 2983 2187 quod
3014 2120 3224 2174 color
3263 2122 3342 2175 in
3383 2136 3472 2177 eo
3508 2123 3695 2178 vivus

1908 2211 2180 2278 apparuit,
2210 2222 2368 2275 quem
2404 2219 2530 2261 ante
2581 2223 2693 2263 non
2741 2209 2984 2263 habuit.
3034 2209 3134 2264 De
3205 2213 3362 2268 hoc
3424 2215 3694 2282 quidam

1906 2299 2066 2352 etiam
2098 2307 2221 2351 ante
2252 2311 2338 2350 me
2380 2297 2661 2360 dixerunt,
2700 2312 2811 2366 per
2846 2299 3143 2354 colorem
3203 2303 3465 2359 vivum
3523 2306 3699 2363 indi-

1908 2387 2019 2442 cari
2070 2386 2331 2439 rationem
2361 2385 2487 2439 vita:
2534 2399 2658 2453 qum
2704 2386 2762 2438 in
2802 2386 3065 2441 homine
3108 2400 3235 2443 est
3265 2408 3291 2456 ;
3349 2409 3493 2463 qua
3534 2413 3697 2452 non-

1907 2477 2030 2527 dum
2072 2473 2123 2526 in
2156 2477 2334 2525 anima
2372 2474 2571 2541 posita,
2607 2474 2654 2527 si
2701 2475 2842 2540 quid
2883 2475 3012 2529 illic
3057 2484 3359 2545 peccati
3414 2484 3562 2550 fiat,
3599 2501 3702 2541 re-

1908 2572 2124 2632 putatur
2171 2577 2269 2631 pro
2323 2577 2388 2617 eo
2440 2563 2586 2630 quod
2655 2565 2932 2619 videatur
3004 2573 3341 2628 nondum
3421 2578 3702 2632 rationis

1908 2667 2073 2720 capax
2103 2666 2223 2706 esse
2254 2651 2300 2706 is
2330 2651 2421 2720 qui
2451 2652 2749 2719 delinquit.
2777 2654 2932 2709 Cum
2983 2668 3232 2716 autem
3280 2667 3477 2722 ratio
3518 2668 3585 2722 in
3617 2682 3696 2724 eo

1914 2742 2090 2794 locum
2119 2755 2185 2795 ac
2212 2751 2424 2808 tempus
2459 2741 2759 2804 invenerit,
2789 2746 2839 2798 si
2877 2748 3035 2814 quid
3087 2751 3251 2819 jam
3304 2768 3561 2814 couu-a
3604 2776 3709 2814 η.

1913 2830 2110 2883 tionem
2143 2839 2286 2898 agat,
2326 2828 2500 2882 videri
2531 2829 2826 2897 eumiure
2877 2835 3353 2906 culpabilem.
3400 2846 3540 2903 Nos
3579 2865 3703 2903 au-

1912 2924 2013 2969 tem
2041 2915 2352 2982 diligentius
2394 2927 2515 2979 quae
2546 2915 2765 2982 scripta
2800 2928 2948 2972 sunt
2998 2934 3482 2996 contuentes,
3537 2934 3716 2989 εγω-

268 3027 368 3081 pro
393 3012 536 3066 omni
570 3011 849 3078 iniquitate
883 3020 995 3071 tua,
1028 3007 1279 3075 quoniam
1311 3007 1655 3096 multiplicata
1683 3018 1807 3063 sunt
1840 3039 1883 3096 ο
1918 3014 2122 3059 tramur
2153 3005 2334 3096 Amang
2356 3003 2501 3096 _lt:ec
2532 3005 2603 3058 de
2640 3006 2753 3061 illis
2787 3009 3227 3082 accipienda,
3288 3022 3564 3089 quibus
3615 3026 3715 3080 τοι

267 3108 488 3169 peccata
516 3108 625 3151 tua.
649 3098 784 3162 Quid
813 3096 1125 3150 vociferaris
1149 3110 1310 3162 super
1340 3095 1661 3151 contritione
1694 3096 1817 3149 tua?

267 3186 545 3241 Violentus
572 3196 653 3240 est
677 3185 827 3240 dolor
869 3196 1009 3244 tuus.
1044 3192 1260 3251 propter
1291 3184 1682 3238 multitudinem
1713 3185 1813 3238 ini-

274 3272 535 3338 quitatum
561 3280 768 3324 tuarum
798 3271 1189 3339 pratvaluerunt
1216 3280 1429 3339 peccata
1461 3280 1567 3336 tua,
1593 3280 1647 3323 et
1676 3270 1817 3326 fece-

271 3368 402 3415 runt
429 3360 521 3412 tibi
553 3360 684 3414 haec.
710 3359 995 3429 Propterea
1025 3374 1210 3415 omnes
1240 3360 1329 3427 qui
1357 3360 1614 3413 devorant
1645 3368 1695 3413 te
1724 3360 1817 3414 de-

271 3447 620 3512 vorabuntur,
657 3457 708 3503 ct
738 3464 926 3503 omnes
975 3448 1174 3502 inimici
1211 3450 1284 3501 tui
1327 3462 1517 3503 carnes
1547 3463 1673 3503 suas
1707 3447 1816 3521 (50)

269 3537 631 3594 devorahunt:
656 3549 708 3592 et
727 3548 880 3592 erunt
906 3542 994 3607 qui
1034 3547 1082 3593 te
1118 3539 1487 3593 alllixeruntin
1512 3538 1814 3604 afﬂictione,

275 3635 328 3678 et
354 3639 540 3681 omnes
565 3627 655 3694 qui
692 3629 1099 3681 devastaverunt
1127 3637 1198 3690 te,
1229 3626 1363 3681 dabo
1387 3628 1438 3680 in
1470 3628 1817 3695 depraedatio-

272 3731 422 3779 nem;
440 3718 687 3784 quoniam
707 3718 965 3770 revocabo
987 3717 1266 3771 sanitatem
1284 3725 1450 3779 tuam,
1465 3725 1517 3769 et
1538 3731 1566 3767 a
1584 3716 1817 3769 vulneris

273 3803 347 3853 tui
375 3803 558 3857 dolore
578 3806 836 3857 revocabo
865 3816 932 3867 te,
956 3796 1088 3858 dix'it
1120 3806 1422 3859 Dominus.»
1447 3804 1712 3858 Memento
1743 3806 1817 3859 di-

273 3890 519 3958 ligentius
549 3908 663 3960 qua:
689 3894 917 3947 audieris
950 3910 977 3946 a
1012 3895 1268 3961 propheta
1295 3893 1360 3947 de
1391 3893 1719 3955 vulneribus,
1749 3902 1805 3947 et

273 3979 337 4031 de
362 3980 720 4045 cicatricibus,
737 3991 788 4033 et
810 3983 874 4035 de
894 3983 1186 4035 tumoribus
1204 3982 1328 4034 dici.
1353 3981 1473 4034 llzec
1495 3981 1636 4034 enim
1659 3983 1812 4037 nobis

274 4071 573 4123 necessaria
621 4079 741 4122 sunt
796 4070 858 4122 ad
906 4070 1292 4137 expositionem
1332 4069 1682 4133 cicatricum,
1729 4072 1813 4124 vel

262 4157 572 4221 .vulnerum,
612 4157 692 4210 vel
725 4159 953 4210 aliorum
996 4158 1360 4225 hujuscemodi
1406 4175 1521 4229 quae
1554 4162 1604 4213 in
1648 4160 1807 4228 lcpraa

274 4246 694 4313 inspectionibus
725 4257 1109 4302 memorantur.
1135 4250 1406 4304 Addcmus
1435 4259 1607 4304 tamen
1639 4251 1813 4304 adhuc

1915 3092 2305 3161 phrenesi,vel
2351 3092 2560 3154 furore,
2600 3094 2691 3148 vel
2740 3111 3147 3169 quocunque
3193 3121 3295 3161 ex
3359 3122 3574 3178 pacto
3610 3130 3720 3170 oc.

1888 3191 2137 3249 ‘cupatus
2163 3180 2248 3234 vel
2285 3196 2578 3251 oppressus
2605 3192 2692 3237 881.
2728 3199 2989 3253 sensus,
3039 3201 3121 3246 et
3180 3211 3420 3265 agunt
3481 3215 3717 3261 contra

1914 3270 2197 3324 rationem.
2229 3269 2408 3323 Mundi
2438 3284 2571 3339 ergo
2606 3270 2696 3325 isti
2736 3288 2769 3325 a
2812 3274 3019 3343 lepra,
3059 3280 3135 3336 id
3185 3298 3309 3341 est
3371 3291 3722 3353 immunes

1915 3356 2249 3425 appellantur
2292 3371 2322 3409 a
2360 3366 2611 3424 peccato,
2656 3359 2754 3427 qui
2804 3371 2993 3419 actus
3048 3370 3222 3438 sui,
3283 3378 3405 3432 vel
3466 3392 3719 3451 motus,

1913 3462 2018 3501 non
2055 3446 2252 3500 habent
2290 3460 2531 3500 sensum.
2559 3445 2719 3512 Quod
2757 3449 2806 3503 si
2846 3451 3018 3511 forte
3054 3471 3497 3529 apparuerit
3538 3473 3611 3529 in
3643 3445 3724 3531 εδ

1916 3537 2069 3628 vivus
2091 3534 2242 3588 color
2271 3535 2541 3602 corporis,
2568 3535 2676 3589 hoc
2700 3546 2794 3591 est
2826 3553 3070 3599 sensus
3107 3552 3228 3605 sui
3282 3571 3625 3628 reparata
3662 3566 3726 3619 in

1915 3634 1979 3672 en
2013 3618 2170 3671 fuerit
2190 3622 2438 3708 sanitas,
2468 3627 2522 3671 et
2553 3630 2678 3687 post
2712 3623 2840 3678 haec
2884 3628 3153 3699 aliquid
3198 3618 3476 3703 cont-ra
3521 3618 3733 3708 ratio;

1916 3721 2034 3760 nem
2069 3705 2205 3760 recti
2238 3707 2482 3775 justique
2517 3719 2698 3775 gerat,
2737 3720 3037 3780 reputari
3069 3724 3141 3777 ei
3191 3743 3587 3795 peccatum
3633 3705 3735 3796 dii.

1916 3798 2053 3850 citur
2084 3810 2147 3847 ex
2178 3809 2241 3848 ea
2273 3804 2426 3860 parte
2456 3810 2562 3863 qua
2595 3798 2763 3856 vivus
2796 3805 3002 3872 color,

1916 3898 1981 3938 eo
2011 3884 2145 3936 viva:
2172 3882 2395 3936 rationis
2420 3889 2767 3952 apparuerit.

1982 3979 2036 4071 7A.
2076 3978 2255 4071 Tertia
2286 3978 2487 4071 ledee
2517 3979 2761 4048 leprosis
2791 3996 2890 4041 est
2943 4004 3106 4049 cum
3172 4003 3254 4056 in
3328 4020 3507 4066 cute
3572 4030 3736 4071 cor-

1912 4068 2059 4136 poris
2107 4067 2259 4120 ulcus
2323 4065 2577 4129 elﬁcitur,
2620 4079 2679 4124 et
2734 4072 2792 4125 in
2858 4074 3002 4132 loco
3076 4087 3369 4150 ulceris
3438 4065 3739 4159 cicatrix

1913 4159 2028 4211 alba
2079 4159 2454 4253 cum-rubore
2501 4160 2812 4221 invenitur.
2866 4167 3140 4230 Ulceris
3192 4196 3457 4244 autem
3527 4210 3739 4253 causa

1913 4256 2030 4342 es".
2065 4261 2185 4342 cun?
2227 4247 2280 4300 in
2324 4261 2555 4342 mm"?
2611 4250 2826 4307 ι¹¹¹¹¹ὶο1⁸
2879 4263 3215 4325 sordidus
3274 4247 3740 4342 abundat—vel.

3048 3811 3124 3867 id
3168 3832 3292 3876 est
3334 3840 3608 3887 sensus
3650 3834 3717 3888 in

273 4350 388 4402 qua:
409 4345 461 4390 ct
484 4338 532 4389 in
556 4339 657 4390 alio
686 4338 802 4392 loco
824 4338 962 4391 idem
980 4336 1237 4393 Jeremias
1263 4341 1326 4393 ad
1353 4341 1544 4394 anima:
1564 4340 1802 4404 vulnera,
1837 4352 1880 4405 ι)
1912 4341 2120 4394 noxius.
2170 4338 2247 4391 Ita
2277 4352 2408 4407 ergo
2449 4349 2505 4393 et
2540 4341 2593 4393 in
2653 4344 2852 4399 anima
2906 4351 3146 4412 ulcera
3215 4336 3742 4445 intelliguntur

273 4433 328 4477 et
356 4440 532 4493 curas,
574 4428 627 4479 in
659 4428 850 4494 quibus
880 4436 1055 4482 tamen
1084 4431 1307 4499 vestigia
1338 4429 1619 4483 vulnerum
1659 4444 1805 4483 rese-

275 4514 448 4566 dcrint
487 4524 603 4582 post
648 4517 933 4570 obductam
984 4519 1313 4582 cicatricem,
1346 4518 1428 4572 his
1469 4520 1808 4572 sermonibus

275 4604 597 4655 memorat"
627 4621 640 4655 :
678 4621 697 4655 ι
729 4605 865 4660 Ecce
894 4621 990 4675 ego
1032 4608 1290 4660 adducam
1326 4608 1629 4661 cicatricem
1671 4609 1808 4673 ejus,

274 4697 325 4739 et
373 4689 528 4741 simul
560 4694 759 4746 curabo
791 4710 904 4759 eos,
948 4703 1000 4748 et
1030 4695 1378 4748 manifestabo
1420 4695 1498 4748 eis
1544 4709 1726 4762 pacem
1754 4706 1810 4748 et

278 4775 455 4836 ﬁdem.
486 4789 537 4828 et
570 4779 725 4847 232
753 4793 1061 4837 convertam
1096 4784 1459 4851 captivitatem
1486 4782 1635 4835 ludat
1674 4784 1808 4851 (51),

276 4870 331 4911 ct
367 4862 724 4928 captivitatem
773 4869 1085 4925 Jerusalem.
1113 4890 1131 4923 ι
1172 4871 1226 4923 Si
1256 4884 1380 4937 ergo
1426 4869 1745 4924 sufﬁcienter
1779 4887 1806 4923 a

278 4952 529 5019 propheta
580 4955 860 5014 didicimus
907 4962 972 5013 de
1016 4960 1329 5013 vulneribus
1373 4965 1426 5010 et
1468 4957 1809 5014 cicatricibus

277 5040 591 5108 animarum,
620 5054 675 5098 et
706 5050 851 5101 curis
888 5064 950 5101 ac
983 5049 1321 5109 sanitatibus,
1348 5060 1465 5113 qua:
1497 5047 1603 5099 Deo
1642 5051 1808 5103 medi-

811 5184 855 5215 "
894 5183 1019 5236 ibid.

326 5292 455 5366 ,(f29)
500 5297 671 5366 Neque
694 5299 887 5354 oleum.
928 5299 1084 5352 Deest
1135 5299 1186 5351 in
1228 5298 1382 5366 libris?
1425 5306 1582 5366 antea
1626 5298 1807 5366 editis,

281 5363 371 5410 sed
407 5363 676 5433 suppletur
712 5381 742 5419 e
772 5383 899 5422 mss.
933 5368 1071 5420 Infra
1104 5377 1245 5420 recte
1291 5363 1806 5433 codexASaugcrmg

285 5442 305 5473 α
334 5432 699 5507 contritionem
736 5436 885 5507 plaga
916 5445 1002 5488 tua
1031 5450 1147 5488 cum
1183 5433 1380 5507 dolore.
1408 5451 1427 5484 ι
1474 5430 1802 5499 [ιίιιιιξθόίιῂ

289 5507 307 5542 ί
336 5499 710 5571 ϋριλξιείέίοιιοιιι
738 5499 905 5569 plaga:
932 5514 1032 5556 tute
1053 5518 1170 5557 cum
1198 5502 1395 5571 dolore.
1421 5519 1438 5550 ι

358 5558 463 5627 (50)
501 5563 694 5621 Omnes
724 5558 878 5637 iusst,
910 5590 927 5621 ι
956 5580 1090 5625 tuas.
1115 5589 1131 5621 ι
1165 5570 1304 5625 Infra
1333 5570 1462 5625 libb.
1489 5568 1635 5634 editi,
1676 5584 1693 5620 t
1724 5584 1805 5624 re-

341 5175 391 5209 ”
432 5174 529 5232 lsa.
573 5197 621 5243 ι,
667 5182 719 5236 6.
811 5184 855 5215 θ’
894 5183 1019 5236 ibid.
1093 5185 1138 5216 9‘
1173 5182 1280 5236 Jer.
1314 5197 1442 5248 xxx,
1472 5181 1537 5233 12
1579 5191 1632 5235 et
1666 5196 1816 5253 seqq.

1912 4441 2152 4527 “KQ”?!
2302 4428 2600 4527 imﬂundis
2653 4436 3150 4527 cu“Qu-“libus,
3219 4460 3351 4514 vel

1913 4516 2327 4618 cogitationibus
2360 4516 2758 4621 elIervescunt.
2804 4525 2960 4592 Quae
3000 4536 3056 4589 si
3107 4538 3317 4602 forte

1914 4608 2144 4673 gratiam
2171 4615 2232 4709 et
2262 4608 2649 4709 remissiottem
2691 4628 2917 4673 curata
2964 4637 3129 4683 sunt
3206 4608 3710 4709 βερέθιξη-ὖῖιξ

1915 4706 1968 4796 et
1999 4710 2127 4796 pana
2168 4696 2306 4796 facta
2336 4707 2424 4750 est
2453 4697 2661 4764 anima,
2699 4706 2926 4762 residet
2965 4695 3231 4777 ωηιξη.

1915 4786 1958 4837 si
2005 4784 2117 4852 ipsa
2161 4786 2393 4840 cicatrix
2429 4802 2534 4840 non
2583 4788 2759 4844 habet
2792 4796 3069 4860 similem
3121 4784 3757 4891 θοι-ρᾷιῗὶζ-ἓίξιίῖ

1918 4890 2047 4975 rem,
2084 4876 2300 4981 'scdlesl
2338 4876 2595 4981 albidior,
2632 4877 2795 4947 lepra
2829 4901 2971 4944 esse
3020 4876 3757 4981 pronunti—aiuntfl‘t’;

1912 4965 2061 5054 enim
2084 4963 2259 5017 lucida
2300 4965 2616 5037 videntibus
2657 4970 2778 5042 (32)
2824 4988 2922 5032 est
2965 4992 3032 5037 et
3085 4963 3609 5054 ριενρζξξξξξιξ

1913 5052 2156 5106 utetiam
2200 5066 2367 5120 porro
2401 5057 2723 5117 videntibus
2769 5073 3008 5133 peccati
3068 5080 3137 5134 in
3198 5052 3287 5144 δέ

1890 5186 1933 5217 ⁸⁷
1971 5184 2168 5237 Jerem.
2197 5200 2406 5255 xxxm,
2449 5189 2504 5245 6.
2583 5193 2629 5226 ⁸⁸
2670 5193 2861 5255 chit.
2898 5220 3004 5260 xm
3034 5250 3051 5272 ,
3104 5216 3229 5273 12.

1914 5301 2121 5420 negabo
2163 5306 2540 5371 sanctitatem.
2578 5328 2598 5364 ι
2643 5311 2755 5367 Sed
2796 5335 2947 5377 mss.

1938 5384 1965 5420 a
2030 5385 2100 5420 m.
2127 5388 2145 5419 ι

1938 5384 2100 5423 atem.
2127 5388 2145 5419 ι

2135 5440 2683 5575 (θῖἓὲτξιὶῗὲἳ.8θόἓὲξῖ
2712 5464 3247 5587 233561175533?
3268 5485 3643 5587 ..θιίὲξξίῗτλ
3682 5525 3713 5559 ³

1908 5552 2188 5644 ευιςριεηη
2221 5552 2483 5646 gaza:
2512 5552 3223 5670 evastare.
3267 5560 3559 5637 cuius.
3630 5579 3771 5637 se.

2959 5364 2977 5389 ,
3024 5346 3048 5380 ι
3092 5349 3486 5410 revocabo
3550 5369 3774 5423 sani-
