3948 6222
201 363 367 431 δι’*

1464 368 1539 424 ιδ
1576 373 1950 430 LEVITICUM
1980 370 2254 427 HOMILIA
2288 363 2429 422 Vl".

3413 367 3516 423 502

207 507 301 549 σε,
341 447 502 530 tendat
540 460 766 526 indicia;
803 461 870 554 οἱ.
894 448 1217 554 ξονιδεείε
1272 454 1497 544 peccati
1552 487 1712 551 talis,
1749 489 1888 554 quod

1998 486 2165 539 l'ronte
2180 486 2294 551 ejus
2313 477 2651 545 deduxerint,
2679 482 2918 536 recalvus
2940 490 3040 545 est,
3065 489 3116 536 et
3144 481 3368 536 mundus
3387 490 3520 534 est.»

382 569 592 617 mortem
625 554 725 617 sil;
763 557 818 605 εὶ
859 543 990 601 meo
1042 569 1185 615 non
1246 567 1433 623 solum
1483 574 1612 627 alba
1662 543 1887 630 cicatrix

221 687 317 726 es,
344 671 411 718 se,
437 651 521 703 sed
547 657 598 701 et
628 638 921 698 rubicunda
968 639 1388 713 describitur.
1433 660 1591 726 Quod
1619 678 1744 717 vero
1787 665 1888 717 hu-

231 775 277 810 “,
336 745 533 795 iliorem
559 739 728 805 ipsam
766 728 1105 790 cicatricem
1144 741 1299 800 dicit
1340 749 1543 813 videri,
1574 761 1776 806 certum
1808 761 1891 807 est

240 834 408 911 (λιτὴ
443 826 737 897 hujusmodi
777 822 992 878 macula
1046 836 1300 897 peccati
1351 839 1615 895 humilem
1646 852 1700 895 ει
1742 841 1890 910 deje.

253 938 298 979 ei
332 933 425 970 2m
456 916 682 968 animato
715 912 903 967 faciat.

364 1005 413 1058 8.
450 1004 646 1069 Quarta
678 1011 764 1057 est
803 1001 926 1069 lex,
970 1005 1072 1060 ubi
1123 1008 1367 1078 dicitur,
1416 1016 1541 1082 quia
1594 1019 1637 1071 si
1672 1017 1725 1070 iu
1770 1026 1892 1070 cute

277 1098 391 1151 list
423 1094 627 1148 adustio
669 1093 843 1163 ignis,
884 1103 941 1149 et
973 1106 1109 1164 post
1155 1102 1286 1157 haec
1332 1119 1456 1159 cum
1496 1116 1681 1159 sanata
1732 1106 1890 1158 fuerit

287 1185 523 1245 adustlo,
566 1184 687 1253 ipsa
729 1183 1023 1251 splendida
1069 1187 1213 1255 llat,
1259 1200 1318 1246 et
1349 1194 1473 1247 alba
1503 1209 1625 1247 cum
1672 1196 1885 1257 rubore,

301 1275 395 1328 vel
422 1282 562 1328 certe
607 1274 897 1340 exalbida,
943 1288 1003 1332 et
1035 1280 1186 1334 visio
1222 1282 1343 1350 ejus
1388 1283 1645 1337 humilior
1689 1284 1889 1350 reliqua

317 1374 446 1425 cute,
469 1372 521 1415 et
558 1364 703 1418 hanc
742 1365 883 1419 dicit
916 1380 1046 1421 esse
1093 1369 1311 1437 lepram
1334 1410 1350 1433 ,
1394 1387 1510 1437 qu:e
1550 1373 1601 1424 in
1650 1371 1888 1425 adustio-

316 1466 430 1506 nem
457 1453 697 1507 ellloruit
732 1455 876 1524 (3'5).
908 1454 1048 1511 Vide
1088 1473 1224 1528 ergo
1261 1461 1306 1513 si
1342 1475 1443 1515 non
1489 1459 1698 1514 adustio
1726 1468 1808 1511 est
1839 1459 1890 1511 in

318 1540 454 1594 omni
508 1540 700 1593 anima
774 1555 1128 1611 quaecunque
1189 1544 1386 1612 recipit
1434 1543 1608 1610 jacula
1676 1540 1891 1608 maligni

316 1626 510 1695 ignita;
544 1634 640 1679 aut
671 1627 718 1680 si
765 1642 881 1680 non
924 1628 1041 1696 igni
1083 1630 1355 1693 aduritur,
1394 1629 1570 1683 omnis
1609 1630 1698 1696 qui
1739 1628 1892 1680 ardet

314 1716 369 1768 iu
398 1729 579 1769 amore
604 1717 852 1769 carnali.
886 1716 1011 1771 Ista:
1041 1727 1169 1771 sunt
1201 1733 1330 1786 ergo
1357 1719 1664 1772 adustiones
1689 1726 1744 1771 et
1770 1731 1892 1770 suc-

1986 575 2051 629 Et
2080 572 2460 628 convenienter
2492 567 2603 620 haec
2631 568 2931 637 referuntur
2962 572 3024 621 ad
3048 570 3299 632 animam,
3321 576 3378 621 ut
3402 583 3523 621 cum

1986 679 2046 718 ea
2074 678 2191 731 quas
2220 662 2300 716 sui
2331 666 2517 712 natura
2554 669 2759 734 mortua
2793 666 2918 711 sunt
2949 656 3129 722 abjicit
3158 671 3220 708 ac
3272 656 3523 723 deponit,

1988 754 2180 807 munda
2208 767 2326 805 esse
2347 750 2577 801 dicatur.
2611 748 2714 801 Sed
2745 754 2864 813 post
2902 746 3015 798 haec
3048 744 3092 796 si
3139 757 3199 795 ea
3234 758 3348 811 qua:
3378 744 3525 810 prius

1987 841 2263 907 puriﬁcata
2295 837 2526 898 fuerant,
2584 834 2907 903 repullulare
2953 831 3223 885 sordidius
3264 840 3317 883 et
3349 830 3524 884 humi-

1987 929 2111 991 lius,
2139 943 2298 995 quam
2336 927 2567 993 dignitas
2604 924 2855 993 puritatis
2887 921 3119 988 expetit,
3169 920 3521 982 videbuntur,

1990 1018 2314 1069 immundam
2371 1031 2432 1068 ac
2468 1016 2727 1082 leprosam
2765 1012 2995 1065 animam
3039 1008 3263 1061 reddent
3297 1007 3428 1075 (55).
3464 1007 3527 1059 Et

1989 1104 2091 1158 hoc
2117 1104 2220 1169 jam
2248 1102 2574 1171 generaliter
2600 1102 2666 1154 de
2688 1099 2830 1153 omni
2871 1099 3079 1164 leproso
3101 1136 3115 1157 ,
3150 1097 3201 1148 iu
3235 1110 3339 1163 quo
3370 1095 3529 1150 fuerit

1990 1194 2241 1259 contagio
2299 1193 2486 1259 lepraa,
2532 1199 2585 1244 et
2627 1189 2877 1243 humilior
2940 1187 3208 1240 videbitur
3255 1201 3281 1237 a
3324 1186 3524 1253 reliqua

1989 1294 2144 1346 cute;
2202 1283 2455 1335 humilius
2483 1293 2709 1348 namque
2735 1288 2819 1333 est
2860 1291 3017 1332 omne
3053 1278 3248 1330 animae
3281 1275 3466 1328 vitium
3496 1289 3529 1326 a

1992 1372 2210 1439 reliquis
2237 1371 2351 1436 ejus
2377 1370 2685 1425 virtutibus.
2712 1368 2823 1422 Lex
2857 1384 2973 1436 qua:
2998 1366 3256 1435 spiritalis
3293 1374 3393 1430 est,
3424 1364 3530 1419 alia

1990 1462 2228 1529 quaadam
2271 1460 2527 1514 decernit.
2566 1476 2584 1510 ι
2612 1458 2956 1521 Vestimenta,
2988 1459 3223 1525 inquit’,
3265 1455 3377 1522 ejus
3421 1455 3531 1510 dis-

1992 1559 2107 1601 suta
2159 1550 2291 1610 sint,
2331 1556 2385 1600 et
2422 1556 2585 1613 caput
2617 1545 2731 1612 ejus
2760 1545 3067 1609 revelatum,
3100 1555 3151 1599 et
3182 1559 3243 1597 os
3274 1542 3388 1609 ejus
3446 1544 3534 1596 ad-

1991 1646 2257 1706 opertum.
2284 1655 2302 1688 ι
2324 1636 2424 1689 Per
2446 1650 2562 1704 quae
2581 1637 2822 1703 designat
2843 1651 2963 1688 eum
2981 1637 3142 1702 quiin
3162 1637 3336 1689 anima
3360 1634 3533 1701 lepro-

1993 1740 2088 1779 sus
2108 1733 2212 1788 est,
2240 1725 2290 1776 id
2338 1732 2419 1777 est
2451 1726 2542 1791 qui
2577 1724 2811 1790 peccatis
2842 1724 3083 1777 conﬁxus
3107 1733 3209 1783 est,
3241 1738 3342 1775 non
3373 1735 3531 1789 opor—

313 1804 592 1857 censiones
626 1805 804 1873 ignis.
832 1804 944 1859 Sed
990 1814 1045 1860 et
1076 1806 1165 1860 ille
1196 1807 1528 1860 adustionem
1558 1806 1775 1873 patitur,
1804 1801 1893 1869 qui

2000 1825 2110 1869 tera
2142 1828 2358 1867 assuere
2391 1814 2491 1867 sibi
2519 1822 2838 1884 tegumenta,
2869 1816 3303 1883 etturpitudines
3322 1814 3535 1880 operire

310 1891 489 1958 gloria:
522 1892 790 1946 humana;
832 1894 1133 1960 cupiditate
1191 1895 1552 1959 succenditur,
1588 1903 1642 1948 et
1672 1895 1762 1961 qui
1799 1892 1890 1948 ira:

311 1980 391 2032 vel
424 1982 628 2034 furoris
662 1981 904 2036 aestibus
933 1982 1317 2036 inﬂammatur.
1342 1983 1493 2047 Quod
1538 1984 1581 2035 si
1630 1983 1766 2038 forte
1798 2000 1892 2037 cu-

309 2079 458 2122 retur
486 2070 556 2122 ab
586 2071 678 2124 his
728 2070 1060 2125 vulneribus
1089 2072 1268 2124 anima
1302 2086 1394 2139 per
1442 2072 1631 2135 ﬁdem,
1675 2082 1728 2127 et
1777 2082 1893 2141 post

308 2164 602 2215 sanitatem
644 2172 934 2229 receptam
969 2173 1279 2231 contempto
1325 2178 1390 2217 eo
1434 2164 1637 2218 dixit"
1663 2180 1677 2217 :
1708 2183 1726 2215 ι
1758 2165 1893 2219 Ecce

300 2250 413 2318 jam
438 2265 611 2304 sanus
652 2250 844 2305 factus
880 2266 962 2314 es,
998 2251 1108 2305 noli
1144 2266 1385 2320 peccare,
1415 2267 1481 2305 ne
1516 2253 1642 2320 quid
1675 2254 1766 2307 tibi
1804 2254 1895 2307 de-

308 2339 478 2392 terius
513 2341 847 2410 contingat;
877 2359 897 2392 ι
944 2341 1168 2409 incipiat
1198 2343 1394 2395 veteris
1428 2342 1541 2395 vitii
1593 2341 1800 2397 fructus
1828 2359 1893 2397 ex

244 2478 247 2479 ν
304 2429 542 2481 obducta
573 2429 853 2483 cicatrice
886 2430 1158 2497 proferre,
1190 2444 1287 2483 nec
1320 2440 1631 2499 exaequetur
1662 2433 1890 2486 cicatrix

306 2517 377 2571 ad
431 2518 629 2585 reliqui
686 2518 944 2584 corporis
988 2525 1200 2581 cutem,
1246 2520 1338 2570 sed
1384 2519 1453 2571 sit
1503 2519 1787 2584 humilior,
1840 2530 1893 2573 et

307 2605 467 2658 illum
505 2606 687 2661 adhuc
718 2608 965 2661 retineat
996 2607 1255 2671 colorem,
1301 2621 1457 2674 quem
1507 2610 1691 2662 habuit
1735 2610 1896 2677 lepra:

309 2704 600 2762 tempore;
628 2695 785 2764 lepra
820 2694 944 2764 ejus
986 2698 1038 2749 in
1075 2696 1351 2750 adustione
1382 2694 1642 2759 reﬂoruit,
1680 2706 1734 2752 et
1776 2699 1896 2753 ideo

302 2782 631 2837 immundus
659 2798 693 2836 a
726 2784 1021 2838 sacerdote
1046 2785 1338 2851 judicatur.

374 2873 440 2925 9.
481 2871 687 2936 Quinta
720 2873 941 2939 species
979 2873 1143 2940 lepra:
1171 2884 1274 2937 est,
1317 2889 1437 2928 cum
1476 2875 1528 2928 in
1559 2875 1733 2942 capite
1766 2890 1895 2931 con-

305 2962 464 3029 tagio
509 2961 779 3025 elﬁcitur,
821 2969 916 3015 aut
967 2962 1022 3015 in
1064 2964 1232 3016 barba
1290 2964 1426 3026 viri,
1472 2965 1586 3018 sive
1636 2965 1895 3032 mulieris,

302 3053 384 3107 ita
417 3062 482 3106 ut
511 3054 658 3105 visio
709 3052 1058 3120 contagionis
1099 3053 1271 3120 ipsius
1313 3054 1568 3108 humilior
1592 3055 1662 3109 sit
1702 3071 1730 3109 a
1776 3065 1897 3111 cute

300 3144 589 3212 corporis,
615 3152 676 3197 et
710 3143 833 3196 haec
862 3150 947 3195 est
974 3141 1120 3209 lepra
1151 3143 1360 3210 capitis,
1392 3143 1473 3197 vel
1521 3145 1720 3197 barbae.
1752 3145 1890 3199 Vide
1923 3121 1969 3181 θ

300 3247 445 3301 ergo
472 3232 521 3286 si
556 3238 751 3299 potest
787 3231 927 3293 ﬁeri,
956 3239 1012 3281 ut
1055 3229 1200 3297 lepra
1241 3231 1431 3297 capitis
1461 3241 1676 3298 putetur
1710 3231 1763 3285 in
1806 3247 1893 3297 eo,
1926 3240 1937 3247 '

300 3321 405 3388 qui
440 3335 554 3373 non
588 3318 764 3372 habet
799 3326 962 3384 caput
992 3316 1291 3381 Christum,
1318 3318 1410 3371 sed
1442 3317 1605 3370 alium
1642 3318 1892 3388 aliquem,

300 3408 473 3463 verbi
528 3422 731 3470 causa,
780 3406 1074 3472 Epicurum
1120 3403 1443 3471 voluptatem
1482 3421 1751 3458 summum
1796 3407 1894 3460 bo-

300 3513 445 3553 num
510 3496 953 3566 praedicantem,
1002 3508 1129 3547 num
1164 3494 1256 3546 tibi
1296 3502 1352 3546 et
1402 3503 1593 3561 caput,
1637 3503 1691 3548 et
1731 3495 1896 3549 barba

301 3591 441 3644 talis
470 3578 726 3642 hominis
756 3586 975 3639 videtur
1001 3584 1317 3637 immunda?
1350 3582 1452 3637 Sed
1487 3593 1541 3637 et
1571 3584 1618 3637 is
1646 3584 1735 3650 qui
1772 3599 1895 3637 cum

300 3678 515 3731 debeat
565 3689 698 3729 esse
752 3674 859 3736 vir,
902 3680 958 3726 et
1006 3686 1164 3740 agere
1223 3680 1476 3738 tanquam
1525 3672 1811 3739 perfectus,
1852 3674 1896 3727 si

301 3769 455 3822 forte
501 3764 677 3819 facile
716 3771 772 3817 et
814 3772 1071 3829 tanquam
1113 3777 1246 3829 puer
1292 3761 1539 3814 vincatur
1579 3776 1607 3813 a
1650 3772 1894 3829 peccato,

300 3858 478 3910 etiam
506 3856 632 3924 ipse
661 3853 876 3920 lepram
910 3852 1086 3905 barbae
1113 3853 1312 3906 habere
1345 3852 1601 3905 dicendus
1627 3862 1739 3915 est;
1774 3852 1897 3920 quia

303 3962 440 3999 cum
470 3946 718 3999 vincere
762 3942 987 3995 deberet
1019 3941 1333 4007 malignum,
1362 3949 1416 3994 et
1456 3942 1771 3994 sacerdotali
1804 3944 1898 3997 ho-

303 4051 468 4097 nore,
510 4034 612 4101 qui
667 4032 724 4084 in
777 4032 945 4084 barba
999 4030 1333 4098 designatur,
1388 4031 1670 4093 incedere,
1715 4033 1896 4085 adole-

304 4125 550 4179 scentiae
584 4120 746 4173 vitiis
779 4118 1088 4186 impeditus,
1120 4118 1327 4185 lepram
1363 4120 1544 4171 barba:
1579 4121 1896 4186 perpetitur.

304 4213 610 4265 Mulierem
664 4216 852 4261 autem
924 4208 1158 4260 animam
1216 4207 1269 4260 in
1327 4194 1621 4276 scripturis
1675 4208 1901 4261 indicari

303 4316 454 4365 eam,
502 4314 639 4369 qua:
691 4313 802 4351 non
845 4305 955 4348 tam
1010 4297 1255 4364 proferre
1301 4312 1482 4351 semen
1529 4298 1692 4360 verbi,
1741 4312 1900 4365 quam

303 4393 610 4458 suscipere
668 4394 872 4452 potest,
919 4398 1060 4451 saepe
1107 4384 1313 4437 dictum
1356 4393 1475 4445 est;
1526 4399 1643 4451 quae
1697 4385 1895 4452 lepram

304 4479 526 4534 habere
586 4476 916 4541 designatur
962 4473 1015 4525 in
1068 4475 1266 4539 capite,
1306 4473 1348 4525 si
1382 4473 1556 4525 virum
1595 4474 1683 4539 qui
1738 4483 1899 4537 caput

305 4565 573 4622 mulieris
620 4571 737 4626 est,
769 4561 822 4614 id
857 4568 943 4613 est
997 4559 1275 4625 doctorem
1314 4560 1571 4625 pollutum
1607 4561 1798 4613 habeat
1848 4570 1902 4612 et

302 4652 711 4713 immundum,
765 4656 822 4699 nt
857 4646 1219 4711 Marcionem,
1269 4654 1362 4697 aut
1413 4646 1769 4710 Valentinum,
1808 4655 1900 4699 aut

302 4745 559 4812 aliquem
594 4736 869 4804 ejusmodi
896 4748 1154 4800 sequens.

358 4835 462 4888 £0.
511 4830 696 4882 Sexta
740 4826 853 4892 jam
883 4832 939 4877 et
982 4823 1177 4875 ultima
1226 4822 1433 4889 species
1467 4823 1624 4889 lepra:
1663 4826 1899 4892 ponitur,

296 4932 411 4988 qua:
467 4922 544 4974 [it
594 4918 658 4969 in
703 4913 921 4967 calvitie
967 4911 1055 4963 vel
1125 4910 1400 4964 recalvitie
1443 4911 1606 4980 (5t);
1649 4928 1763 4978 qum
1821 4929 1906 4967 res

297 5020 587 5076 quantum
640 5004 694 5055 in
755 5000 958 5068 scipsis
1009 5006 1130 5059 est,
1186 4999 1393 5051 munda:
1434 5008 1573 5051 sunt.
1623 5002 1711 5053 Sic
1760 5004 1903 5056 enim

298 5098 469 5171 233
512 5094 663 5147 dixit
693 5104 749 5142 et
778 5091 901 5142 lex:
947 5105 966 5136 ι
990 5085 1054 5137 Si
1107 5084 1288 5150 cujus,
1327 5086 1488 5153 inquit
1524 5088 1561 5149 ¹,
1593 5088 1903 5143 deduxerint

289 5187 491 5259 capilli
533 5179 767 5248 capitis.
800 5176 998 5229 calvus
1026 5181 1139 5233 est,
1196 5173 1419 5227 mundus
1442 5184 1541 5227 est.
1579 5176 1635 5228 Si
1664 5190 1840 5231 autem
1872 5192 1901 5230 a

335 5324 399 5358 ον
447 5317 633 5372 Joan.
662 5327 719 5376 ν,
747 5312 840 5364 Η.

345 5434 493 5509 (δᾷ)
535 5428 731 5509 Codex
767 5426 1267 5509 εειηβειλιιιἏ-ξιει
1290 5422 1385 5476 hoc
1413 5424 1530 5478 dicit
1558 5437 1669 5478 esse
1699 5428 1897 5493 lepram

271 5489 404 5572 ειυΞὲ
435 5489 498 5553 ἱίι
529 5496 846 5572 adustione
860 5489 1233 5572 ,ετίιιοιᾘιῖζξξΖ
1250 5504 1270 5535 ι

339 5550 483 5644 (3i)
515 5565 693 5644 μω»
730 5556 905 5644 aliti:
941 5550 1765 5644 1.??‘33‘33favebamus»
1800 5561 1902 5614 Sed

266 5618 480 5702 εοξιῖεῖ
510 5634 821 5694 Saugerm.
851 5630 910 5675 et
945 5618 1046 5672 alii
1079 5625 1142 5668 ut
1173 5618 1230 5669 in
1264 5634 1438 5679 nostro
1467 5635 1619 5684 textu.

1993 1907 2222 1975 peccati.
2276 1907 2428 1963 Sicut
2464 1908 2608 1961 enim
2666 1909 2709 1960 is
2757 1908 2907 1975 cujus
2961 1905 3279 1960 vestimenta
3332 1904 3531 1957 dissuta

1994 2002 2137 2059 sunt,
2159 1996 2354 2049 nudam
2379 2005 2541 2063 atque
2560 1995 2814 2048 inlectam
2842 1993 2979 2061 gerit
3007 1991 3388 2059 turpitudinem
3413 2002 3535 2043 cor-

1994 2083 2178 2149 poris:
2202 2084 2274 2136 ita
2304 2093 2512 2152 Oportet
2542 2098 2661 2137 eum
2693 2082 2782 2150 qui
2820 2081 3050 2147 peccatis
3089 2079 3351 2148 aliquibus
3377 2078 3536 2131 obse-

2003 2182 2126 2239 ptus
2151 2182 2253 2235 est,
2290 2173 2423 2224 mala
2454 2186 2547 2224 sua
2580 2182 2631 2224 et
2661 2170 2857 2239 ﬂagitia
2892 2170 3049 2222 nullis
3076 2170 3355 2223 verborum
3382 2185 3535 2222 assu-

1997 2263 2213 2325 mentis,
2259 2262 2421 2314 nullis
2448 2261 2852 2312 excusationum
2886 2258 3237 2312 velaminibus
3271 2259 3480 2326 operire
3515 2276 3529 2311 :

1997 2347 2073 2399 uti
2103 2360 2169 2399 ne
2201 2347 2293 2399 ﬂat
2331 2348 2630 2414 sepulcrum
2659 2346 2982 2407 dealbatum,
3019 2345 3159 2412 quod
3187 2345 3386 2399 deforis
3411 2345 3532 2413 qui-

1996 2436 2113 2488 dem
2156 2447 2373 2503 apparet
2412 2434 2713 2488 hominihus
2759 2435 3054 2502 speciosum
3086 2472 3099 2495 ,
3150 2434 3295 2487 intus
3347 2444 3527 2488 autem

1995 2525 2207 2591 plenum
2239 2534 2321 2577 est
2372 2524 2583 2577 ossibus
2621 2530 2970 2587 mortuorum,
3018 2530 3072 2575 et
3113 2524 3259 2576 omni
3307 2523 3537 2576 immun-

1992 2611 2142 2663 ditia.
2201 2609 2320 2663 Vult
2376 2625 2505 2678 ergo
2561 2612 2645 2664 lex
2689 2608 2864 2663 divina
2902 2619 3236 2678 peccatorem
3287 2624 3392 2663 non
3445 2623 3535 2664 so-

1992 2699 2104 2752 lum
2127 2699 2442 2752 vestimenta
2469 2714 2570 2753 non
2611 2714 2851 2765 assuere,
2889 2701 2979 2756 sed
3006 2709 3058 2753 et
3083 2709 3239 2767 caput
3278 2714 3382 2752 non
3409 2713 3537 2751 con-

1997 2796 2216 2857 tegere:
2250 2797 2307 2840 ut
2332 2789 2374 2840 si
2399 2789 2537 2855 quod
2572 2796 2653 2841 est
2688 2789 2879 2856 capitis
2901 2790 3175 2853 delictum,
3205 2790 3255 2844 id
3280 2797 3364 2843 est
3390 2773 3445 2841 'si
3484 2788 3536 2839 in

1997 2877 2167 2931 Deum
2222 2877 2424 2944 aliquid
2455 2878 2795 2931 commissum
2826 2887 2926 2942 est,
2963 2879 3006 2931 si
3049 2880 3100 2930 in
3130 2879 3233 2932 lide
3261 2886 3537 2946 peccatum

1997 2975 2097 3030 est,
2133 2981 2200 3019 ne
2222 2967 2333 3019 haec
2361 2967 2574 3032 quidem
2626 2967 2926 3019 habeantur
2958 2967 3168 3020 obtecta
3192 3002 3209 3028 ,
3243 2965 3334 3018 sed
3365 2964 3541 3019 omni-

2001 3055 2101 3109 bus
2134 3056 2489 3123 publicentur,
2518 3065 2575 3108 ut
2605 3058 2909 3110 interventu
2938 3065 2987 3110 et
3037 3054 3381 3122 correptione
3417 3068 3538 3107 om-

2002 3146 2146 3198 nium
2170 3147 2499 3208 emendetur,
2524 3154 2577 3198 et
2602 3145 2813 3197 veniam
2850 3152 3141 3199 mereatur.
3158 3143 3527 3198 Verumtamer

2001 3239 2245 3307 leprosus
2299 3238 2419 3300 iste,
2501 3251 2561 3290 os
2594 3239 2961 3292 tantummodo
3004 3235 3221 3304 jubetur
3262 3236 3539 3301 obtegere.

2000 3322 2137 3386 Quid
2178 3331 2259 3375 est
2305 3322 2405 3375 hoc
2440 3324 2582 3389 quod
2625 3337 2813 3377 omnes
2864 3323 3103 3391 corporis
3136 3330 3314 3390 partes
3373 3322 3541 3375 nudas

2007 3409 2207 3463 habere
2233 3410 2562 3476 praecipitur,
2613 3419 2668 3461 et
2710 3424 2772 3463 os
2814 3409 2982 3463 solum
3030 3411 3238 3475 operire
3274 3409 3542 3477 jubetur?

2003 3493 2191 3547 Nonne
2227 3493 2398 3561 palam
2425 3502 2507 3547 est
2543 3504 2597 3547 et
2624 3495 2675 3548 in
2712 3506 2897 3562 aperto
2920 3494 3172 3562 positum,
3210 3495 3349 3560 quod
3379 3496 3425 3547 ei
3449 3495 3540 3562 qui

2002 3581 2055 3634 in
2096 3581 2242 3650 lepra
2266 3582 2473 3650 peccati
2507 3593 2608 3645 est,
2634 3582 2902 3637 clauditur
2932 3597 3130 3645 sermo,
3161 3582 3429 3635 clauditur
3453 3598 3540 3647 os,

2002 3680 2060 3724 ut
2087 3671 2279 3724 ﬁducia
2308 3673 2575 3725 sermonis
2604 3681 2658 3725 et
2689 3671 2913 3724 docendi
2960 3672 3253 3724 auctoritas
3282 3672 3539 3725 excluda-

2005 3758 2128 3811 tur?
2168 3776 2187 3809 ι
2223 3758 2494 3813 Peccatori
2522 3758 2665 3811 enim
2704 3759 2840 3811 dixit
2863 3758 3001 3811 Deus
3033 3776 3047 3811 :
3089 3758 3266 3824 Quare
3293 3767 3347 3811 tu
3382 3773 3539 3811 enar-

2006 3863 2094 3901 ras
2122 3846 2358 3913 justitias
2390 3860 2556 3911 meas,
2590 3855 2644 3900 et
2678 3845 2906 3900 assumis
2953 3854 3329 3899 testamentum
3361 3859 3538 3899 meum

2004 3953 2097 4006 per
2125 3954 2185 3992 os
2213 3949 2356 3992 tuum
2392 3937 2413 3969 ³
2436 3940 2459 3991 ?
2480 3936 2764 3991 iClausum
2792 3952 2916 4006 ergo
2949 3938 3145 3991 habeat
3176 3954 3236 3992 os
3267 3947 3539 4006 peccator,

2004 4026 2130 4092 quia
2160 4024 2249 4092 qui
2274 4024 2506 4092 seipsmn
2536 4037 2638 4076 non
2671 4024 2870 4085 docuit,
2895 4023 3088 4078 docere
3109 4023 3269 4077 alium
3309 4038 3415 4078 non
3446 4036 3542 4091 po-

2006 4123 2138 4167 test:
2162 4114 2283 4166 ideo
2298 4127 2358 4165 os
2384 4126 2539 4165 suum
2556 4112 2770 4180 jubetur
2784 4112 3017 4179 operire,
3036 4113 3125 4180 qui
3155 4112 3294 4166 male
3314 4112 3540 4180 agendo,

2006 4202 2251 4269 loquendi
2288 4201 2517 4269 perdidit
2546 4201 2866 4254 libertatem.
2891 4219 2909 4251 ι
2935 4200 3259 4264 lmmundus,
3304 4202 3477 4269 inquit
3496 4200 3540 4263 δ,

2009 4289 2133 4352 erit,
2184 4298 2238 4343 et
2269 4297 2543 4355 separatus
2588 4289 2793 4341 sedebit
2836 4287 2985 4350 foris,
3027 4297 3182 4342 extra
3214 4299 3388 4345 castra
3439 4290 3544 4345 erit

2007 4379 2343 4431 conversatio
2372 4375 2506 4441 ejus.
2543 4376 2817 4437 LCIarum
2850 4380 3088 4443 estquod
3110 4380 3283 4433 omnis
3309 4379 3540 4431 immun-

2009 4468 2109 4520 dus
2135 4467 2415 4532 abjiciatur
2435 4484 2460 4519 a
2491 4475 2754 4520 conventu
2781 4465 3059 4531 honorum,
3088 4477 3143 4520 et
3174 4477 3487 4537 segregetur
3510 4483 3540 4520 a

2007 4566 2171 4620 coetu,
2225 4558 2523 4625 castrisque
2578 4566 2914 4620 sanctorum;
2968 4565 3023 4608 et
3072 4557 3193 4610 ideo
3228 4558 3376 4619 dicit,
3415 4556 3540 4624 quia

2006 4656 2155 4699 extra
2200 4655 2378 4699 castra
2422 4645 2524 4698 erit
2558 4644 2891 4699 conversatio
2925 4641 3058 4709 ejus.
3099 4645 3249 4709 Quod
3308 4646 3351 4699 si
3402 4644 3542 4698 forte

2009 4736 2292 4789 mundatus
2322 4734 2499 4796 fuerit,
2539 4743 2730 4802 sponte
2758 4733 2995 4800 quidem,
3041 4747 3072 4786 a
3114 4736 3405 4802 semetipso
3435 4747 3541 4787 non

2008 4825 2152 4878 venit
2176 4824 2237 4877 ad
2270 4826 2603 4878 sacerdotem
2634 4841 2649 4888 ;
2688 4824 2779 4877 sed
2822 4820 3060 4885 offertur,
3099 4825 3293 4893 inquit,
3320 4822 3388 4876 ab
3414 4820 3540 4884 alio,

2006 4928 2102 4966 nec
2135 4914 2298 4966 intrat
2345 4912 2398 4966 in
2426 4923 2620 4967 castra.
2652 4914 2835 4980 Neque
2865 4914 3008 4967 enim
3039 4914 3361 4968 conveniens
3400 4917 3537 4972 erat,

2004 5013 2064 5057 ut
2091 5017 2151 5058 ea
2178 5002 2263 5057 die
2296 5018 2399 5072 qua
2431 5005 2805 5068 inundabatur,
2858 5006 3165 5073 priusquam
3215 5001 3406 5053 ﬁerent
3443 5010 3540 5065 pro

2005 5104 2068 5144 eo
2097 5106 2216 5162 qua:
2246 5092 2646 5158 competebant,
2697 5097 2942 5150 introiret
2985 5096 3038 5147 itt
3073 5098 3270 5143 castra.
3316 5085 3542 5150 Propter

1999 5185 2142 5254 quod
2165 5202 2181 5232 ί
2205 5185 2474 5247 sacerdos,
2508 5184 2923 5252 inquit',exibit
2950 5183 3015 5235 ad
3052 5193 3172 5232 eum
3206 5176 3353 5227 foras
3386 5180 3540 5225 extra

927 5308 945 5340 ³
968 5305 1158 5359 Levii.
1190 5320 1309 5366 xttt,
1338 5305 1421 5359 ιθ.
1490 5310 1510 5340 ³
1539 5308 1658 5361 ibid.
1701 5308 1791 5361 45.
1867 5310 1887 5340 ³

1998 5313 2047 5367 ιΙ.
2086 5329 2133 5376 ι,
2167 5315 2253 5371 16.
2328 5312 2524 5367 ‘Levil.
2557 5328 2673 5377 χιιι,
2700 5312 2787 5365 46.
2862 5312 2882 5343 ⁵
2910 5309 3082 5363 Levit.
3114 5317 3221 5363 xiv,
3252 5300 3307 5353 8.

2080 5433 2187 5502 (55)
2230 5433 2381 5487 Libb.
2435 5441 2589 5502 antea
2636 5428 2758 5481 editi
2780 5468 2803 5502 ι,
2840 5444 2859 5477 ι
2900 5415 3543 5502 τεριιΙΙιιιὲιξξηςξξιιιιςῑιιι

2436 5480 2753 5550 videbuntur
2779 5480 3066 5546 immunda,
3100 5496 3161 5532 ac
3187 5480 3477 5545 lcprosam,
3518 5500 3540 5533 ι

2012 5581 2114 5624 etc.
2152 5569 2371 5623 Codices
2396 5581 2521 5619 vero
2544 5579 2669 5616 mss.
2696 5569 2750 5613 ut
2776 5562 2825 5611 in
2856 5566 3033 5609 nostro
3075 5556 3237 5602 textu.
