3948 6238
220 389 312 455 505

1405 386 1496 442 ιΝ
1540 388 1904 445 LEVITICUM
1941 384 2218 440 IIOMILIA
2258 374 2390 431 VIII.

3371 377 3476 433 506

232 538 250 571 ι
287 489 477 574 mandits
498 480 592 545 8"“:
613 462 1123 574 {“Iﬁg'ﬁ‘dfgsse‘
1149 485 1390 574 Fi’lam
1425 503 1580 559 haec.
1614 506 1836 559 Sordida
1868 514 1910 564 Α
1941 517 2019 564 es,
2051 501 2169 554 vide
2201 511 2268 550 nc
2299 491 2440 544 ultra
2471 485 2663 557 capitis
2693 491 2978 574 contrahas
3003 497 3227 564 culpam.
3267 495 3472 563 Capitis

236 555 603 667 ;rgoV¢5Iime“m
628 555 1046 667 ‘Iab‘ﬁi‘isque
1084 571 1318 635 adhuc
1364 555 1522 656 iste,

241 654 365 750 catur
391 687 418 726 3
438 663 572 750 Icilia.
595 658 736 750 Qui?“
763 654 901 716 νοεῖ
945 665 1456 743 astitersiouetn,
1500 654 1574 734 et-
1593 654 1734 735 nunc
1764 683 1841 734 la-

245 793 352 838 ure
377 779 428 822 ea
452 749 644 856 ἱίὼεωξο
668 747 788 856 Q‘r‘?
836 746 1075 803 tame“
1107 765 1536 841 Vestimenta,
1579 791 1681 828 non
1711 774 1837 826 mibi

267 1131 671 1193 conversationem
695 1114 822 1182 ei“.
850 1122 1067 1180 ιιείιιιε
1106 1133 1274 1187 Dure
1295 1133 1529 1188 omnino
1556 1132 1664 1202 (40)
1687 1144 1736 1186 et
1763 1119 1864 1183 ἰπὶ-³⁵

279 1234 414 1293 tegre
437 1214 849 1277 custoditam.“0“
881 1204 1057 1293 tinim
1081 1208 1334 1272 Iavaret
1366 1223 1707 1286 vestimenta,
1741 1221 1841 1272 nisi

283 1315 490 1367 fuissent
531 1301 741 1361 sordida.
767 1304 865 1347 “ec
906 1291 1151 1353 iterum
1198 1303 1338 1360 lotis
1383 1311 1463 1363 eis
1495 1318 1764 1373 uteretur,
1797 1309 1839 1362 si

282 1401 495 1452 fuissent
518 1387 712 1446 textrini
731 1385 784 1437 in
809 1381 1093 1440 omnibus
1120 1389 1328 1446 alieni.
1362 1393 1511 1458 Quod
1535 1405 1707 1448 autem
1730 1394 1842 1446 radi

277 1487 487 1552 jubetur
519 1491 714 1536 omnem
746 1472 940 1542 pilum,
971 1484 1131 1541 pulo
1177 1483 1333 1547 quod
1384 1497 1542 1536 omne
1587 1482 1844 1550 quidquid

279 1572 503 1626 emortui
543 1567 703 1637 operis
729 1563 918 1617 animae
950 1567 1169 1628 positae
1224 1569 1280 1621 in
1315 1573 1550 1636 peccatis
1597 1579 1840 1622 exortum

278 1672 350 1714 est
389 1663 517 1729 (hoc
546 1660 677 1713 enim
708 1668 842 1708 nunc
870 1652 973 1722 pili
1011 1657 1448 1727 nominantur),
1474 1659 1721 1724 jubeatur
1751 1661 1844 1710 ab-

271 1750 466 1817 jicere.
488 1749 736 1803 Peccator
758 1745 900 1798 enim
933 1759 1114 1800 omne
1146 1748 1294 1815 quod
1321 1748 1370 1802 ei
1401 1747 1514 1799 sive
1545 1747 1595 1798 in
1619 1746 1840 1799 consilio

1941 591 2080 643 enim
2124 594 2396 657 peccatum
2423 585 2523 644 est,
2551 578 2703 631 aliter
2721 593 2878 645 quam
2911 583 3037 637 ﬁdes
3069 584 3317 637 Ecclesiae
3345 597 3472 636 con-
3505 589 3512 597 '

1943 680 2096 741 tinet,
2125 677 2189 730 de
2224 670 2421 728 divinis
2448 669 2650 721 sentire
2671 669 3024 736 dogmatibus.
3054 672 3109 724 In
3142 672 3304 724 barba
3321 685 3468 734 vero,

1941 776 1996 819 ut
2025 762 2320 816 meminerit
2364 772 2424 811 se
2469 756 2578 826 (Η)
2613 747 2790 810 virilis
2819 757 2994 810 aetatis
3013 757 3321 822 deposuisse
3350 769 3472 822 pec-

1940 863 2082 918 cata,
2107 861 2160 904 et
2191 861 2482 904 conversus
2534 846 2626 898 ﬁat
2678 846 2816 898 sicut
2850 845 3042 898 infans.
3075 843 3131 896 ln
3172 843 3470 909 superciliis

1941 952 2119 995 autem
2169 938 2531 1005 arrogantiam
2559 935 2791 1002 dejiciat,
2819 942 2874 986 et
2921 933 3058 985 male
3089 931 3284 984 elatum
3313 940 3371 982 ut
3405 931 3469 982 ad

1939 1032 2287 1085 humilitatem
2365 1025 2563 1080 Christi
2597 1024 2810 1078 inclinet
2833 1019 3196 1090 supercilium.
3226 1017 3471 1070 Secundo

1931 1135 2066 1186 ergo
2095 1121 2162 1171 ad
2185 1118 2323 1170 lnmc
2339 1117 2546 1168 modum
2574 1113 2750 1166 omnis
2777 1111 2919 1179 pilus
2953 1106 3195 1176 corporis
3232 1105 3467 1160 raditur.

1943 1209 2005 1261 Et
2029 1209 2166 1261 sicut
2218 1207 2329 1258 haec
2373 1204 2736 1272 geminantur,
2769 1201 2839 1252 ita
2873 1210 2925 1252 et
2948 1199 3265 1251 vestimenta
3309 1193 3471 1248 semel

1941 1301 1992 1353 in
2024 1302 2190 1365 prima
2227 1293 2597 1363 puriﬁcatione
2643 1292 2831 1344 lavisse
2874 1305 2978 1342 non
3010 1285 3225 1348 sufﬁcit,
3256 1287 3348 1339 sed
3379 1297 3468 1336 se-

1942 1388 2111 1440 cundo
2141 1385 2443 1452 praecipitur
2480 1389 2535 1433 ut
2567 1381 2706 1432 lavet
2737 1380 3052 1433 vestimenta
3073 1391 3167 1429 sua
3194 1387 3245 1428 et
3278 1390 3471 1442 corpus

1941 1491 2092 1529 suum
2117 1489 2278 1541 aqua,
2310 1483 2362 1525 et
2403 1482 2525 1524 tunc
2553 1480 2744 1538 quarto
2776 1470 2984 1522 additur
3005 1469 3072 1530 “,
3114 1485 3132 1516 ι
3166 1476 3218 1518 et
3245 1466 3470 1519 mundus

1940 1565 2060 1617 erit.
2097 1580 2114 1612 ι
2149 1561 2268 1614 Haec
2292 1570 2466 1614 autem
2497 1560 2628 1611 ﬁunt
2655 1559 2790 1611 intra
2835 1566 3008 1609 castra
3037 1555 3249 1622 quidem
3289 1556 3465 1621 posito

1941 1665 2024 1714 eo,
2052 1649 2228 1704 adhuc
2268 1658 2445 1702 tamen
2494 1655 2642 1700 extra
2676 1646 2886 1699 domum
2945 1659 3115 1697 suam.
3150 1644 3468 1708 Dicitenim,

1942 1746 2060 1804 post
2089 1745 2290 1803 septem
2315 1736 2428 1788 dies
2465 1752 2483 1784 ί
2522 1734 2573 1785 iu
2597 1735 2684 1785 die
2713 1740 2900 1785 octava
2934 1739 3170 1783 assumet
3201 1731 3299 1782 sibi
3334 1730 3470 1782 duos

274 1851 466 1891 natum
496 1846 604 1901 est,
632 1837 737 1889 sive
760 1834 813 1885 in
845 1833 1049 1894 verbo,
1097 1835 1215 1888 sive
1249 1836 1300 1886 in
1334 1849 1523 1902 opere.
1556 1833 1767 1900 expedit
1793 1833 1837 1886 si
1870 1805 1910 1857 Β
1940 1842 2120 1895 agnos.
2165 1843 2183 1876 ι
2215 1823 2326 1878 lam
2360 1838 2460 1876 non
2502 1822 2639 1874 alius
2679 1822 2922 1885 assumit,
2968 1821 3058 1872 sed
3112 1821 3222 1885 ipse
3253 1818 3350 1872 sibi
3383 1832 3473 1870 as-

269 1939 396 1980 vere
427 1924 706 1993 puriﬁcari
742 1922 878 1986 vult,
903 1933 967 1974 ut
1005 1923 1228 1985 eradat,
1271 1931 1322 1975 et
1361 1921 1596 1990 abjiciat,
1628 1936 1723 1974 nec
1759 1935 1842 1973 re-

265 2017 454 2070 sidere
467 2014 673 2082 aliquid
692 2013 948 2080 patiatur.
974 2012 1223 2068 Sanctus
1253 2019 1426 2063 autem
1451 2023 1662 2063 servare
1689 2010 1845 2062 debet

260 2119 493 2160 onmem
551 2102 820 2171 capillum,
841 2109 899 2155 et
915 2102 961 2155 si
998 2101 1256 2169 possibile
1282 2108 1382 2162 est,
1431 2113 1529 2152 nec
1554 2098 1843 2152 ascendere

263 2194 441 2248 debet
476 2191 694 2246 ferrum
723 2204 889 2257 super
919 2198 1086 2258 caput
1115 2189 1264 2257 ejus,
1300 2201 1368 2241 ne
1397 2187 1707 2241 abscindere
1747 2187 1844 2240 ali-

270 2282 403 2350 quid
426 2281 497 2335 de
537 2278 963 2348 cogitationibus
993 2278 1108 2331 suis
1141 2275 1488 2344 sapientibus,
1521 2285 1612 2328 aut
1657 2275 1838 2339 dictis,

275 2385 368 2425 aut
395 2372 664 2438 Operibus
686 2370 878 2437 possit.
911 2367 1043 2419 Inde
1083 2365 1317 2432 denique
1351 2373 1456 2427 est,
1491 2365 1630 2432 quod
1661 2373 1713 2416 et
1741 2363 1843 2416 Sa-

277 2461 438 2512 mueli
477 2459 688 2512 ferrum
721 2457 924 2509 dicitur
946 2455 991 2486 ¹⁶
1015 2470 1119 2508 ηοη
1149 2454 1449 2507 ascendisse
1465 2466 1624 2520 super
1648 2459 1840 2518 caput:

275 2550 370 2602 sed
418 2559 476 2601 et
503 2547 766 2600 omnibus
792 2544 1154 2602 Nazarteis".
1193 2543 1283 2610 qui
1335 2551 1458 2594 sunt
1501 2541 1656 2607 justi,
1711 2541 1837 2606 quia

247 2637 482 2703 justus,
515 2637 660 2688 sicut
704 2634 974 2700 scriptum
1031 2640 1112 2684 est
1139 2631 1206 2692 ¹⁸,
1240 2648 1260 2680 ς
1298 2629 1475 2682 omnia
1518 2641 1844 2696 quascunque

241 2725 503 2786 fecerit,
529 2726 1022 2791 prosperabuntur,
1041 2729 1093 2772 et
1110 2718 1234 2770 folia
1261 2717 1376 2784 ejus
1401 2731 1503 2770 non
1536 2716 1838 2769 deciderit.»

232 2814 412 2868 llinc
454 2823 514 2866 et
551 2811 943 2878 discipulorum
980 2808 1188 2860 Domini
1227 2809 1390 2859 etiam
1429 2805 1606 2873 capilli
1656 2804 1844 2871 capitis

232 2905 541 2957 dicuntur
571 2915 698 2955 esse
737 2899 1000 2951 numerati
1033 2899 1075 2929 ’θ
1107 2917 1119 2951 :
1162 2897 1262 2950 hoc
1298 2904 1380 2948 est
1410 2910 1600 2948 omnes
1671 2905 1841 2951 actus.

232 3005 468 3048 omnes
498 3001 808 3050 sermones,
837 2999 1032 3040 omnes
1051 2983 1400 3051 cogitationes
1424 2997 1605 3036 eorum
1626 2995 1844 3034 servan-

234 3091 350 3132 tur
381 3078 539 3146 apud
575 3075 771 3134 Deum,
801 3072 928 3138 quia
953 3070 1133 3138 justas,
1161 3070 1287 3136 quia
1318 3078 1517 3123 sanctae
1541 3077 1682 3121 sunt.
1715 3067 1846 3119 Pec-
1869 3101 1911 3157 α

241 3179 527 3221 catorum
560 3177 695 3216 vero
724 3175 888 3213 omne
914 3174 1067 3226 opus,
1093 3159 1267 3212 omnis
1310 3172 1512 3222 sermo,
1543 3157 1716 3208 omnis
1757 3170 1846 3208 co-

262 3257 468 3325 gitatio
513 3254 680 3306 debet
715 3249 981 3302 abscindi.
1034 3248 1099 3300 Et
1134 3248 1236 3300 hoc
1262 3257 1341 3299 est
1370 3246 1508 3312 quod
1541 3245 1735 3298 dicitur
1762 3246 1844 3298 '°:

275 3345 347 3398 Ut
375 3344 564 3397 omnis
615 3340 765 3408 pilus
795 3338 1039 3407 corporis
1070 3337 1186 3404 ejus
1223 3334 1470 3396 radatur,
1495 3342 1550 3385 et
1582 3342 1706 3385 tunc
1746 3333 1850 3385 erit

273 3435 541 3486 nmndus.
594 3429 704 3482 Sed
755 3437 810 3481 et
842 3431 942 3481 hoc
981 3429 1229 3485 observa,
1261 3423 1400 3489 quod
1441 3437 1546 3473 non
1576 3420 1768 3472 suﬂicit
1799 3420 1848 3472 ci

273 3532 395 3591 post
449 3518 942 3589 puriﬁcationem,
976 3515 1060 3568 vel
1115 3513 1428 3566 vestimenta
1485 3509 1715 3573 lavisse,
1769 3506 1848 3563 vel

272 3626 498 3665 onmem
577 3608 752 3676 pilum
831 3606 1062 3664 rasisse,
1153 3601 1254 3653 nisi
1334 3607 1389 3652 et
1462 3598 1603 3650 lotus
1691 3598 1849 3651 fuerit

274 3702 329 3755 in
383 3716 555 3769 aqua.
618 3697 848 3766 Oportet
913 3707 1145 3760 namque
1209 3704 1329 3742 eum
1377 3688 1610 3755 abjicere
1666 3702 1851 3742 omnes

271 3794 513 3853 sordes,
578 3803 803 3843 omnem
871 3783 1310 3842 immunditiam,
1399 3795 1500 3832 non
1561 3781 1730 3832 solum
1785 3779 1850 3832 de

269 3879 657 3943 vestimentis,
701 3875 796 3928 sed
828 3882 886 3926 et
915 3874 979 3926 de
1010 3872 1228 3938 preprio
1255 3883 1501 3936 corpore,
1529 3878 1585 3920 ut
1611 3869 1750 3921 nulla
1795 3869 1849 3922 in

270 3984 340 4024 eo
391 3967 620 4021 macula
659 3963 953 4018 exstinctze
999 3959 1160 4027 Iepraa
1195 3958 1444 4011 resideat.
1497 3955 1679 4009 Tertio
1725 3971 1852 4025 ergo

273 4075 432 4114 nunc
463 4055 825 4126 puriﬁcatus,
845 4051 921 4104 ita
949 4049 1160 4102 demum
1189 4047 1384 4114 dignus
1403 4044 1627 4098 eﬂicitur
1651 4046 1850 4113 ingredi

275 4155 464 4198 castra
501 4139 756 4200 Domini,
790 4151 896 4189 non
928 4145 1104 4187 tamen
1147 4133 1404 4186 continuo
1441 4131 1768 4200 permittitur
1802 4132 1852 4184 ei

271 4234 505 4288 introire
530 4232 762 4284 domum
795 4237 972 4286 suam,
1003 4221 1094 4275 sed
1117 4221 1314 4274 dicitur
1345 4228 1402 4272 ut
1449 4229 1599 4272 extra
1641 4220 1852 4272 domum

269 4336 425 4375 suam
442 4325 679 4373 maneat
691 4321 898 4380 septem
919 4309 1124 4372 diebus,
1137 4317 1191 4361 et
1203 4309 1574 4361 radatomnem
1590 4307 1750 4374 pilum
1767 4321 1854 4360 ca-

1939 1916 2118 1970 smnit.
2159 1933 2176 1966 t
2212 1914 2368 1976 Duos,
2403 1912 2589 1978 inquit,
2634 1925 2797 1978 agnos
2837 1909 3220 1972 itnmaculatos,
3243 1918 3295 1960 ct
3319 1923 3467 1961 ovem

1939 2019 2094 2058 unam
2149 2001 2453 2055 anniculam
2512 1999 2928 2060 immaculatam,
2985 2005 3040 2049 et
3083 2007 3190 2049 tres
3236 1997 3471 2048 decimas

1940 2094 2258 2162 similaginis
2307 2105 2605 2159 conspersae
2645 2090 2695 2140 in
2757 2087 2895 2147 oleo,
2957 2095 3009 2138 et
3067 2086 3316 2154 cyathum
3367 2085 3466 2137 olei

1941 2199 2122 2247 unum,
2163 2199 2181 2232 ι
2216 2189 2333 2248 post
2355 2182 2468 2232 ba:c
2521 2178 2706 2244 quinta
2742 2175 3108 2242 puriﬁcatione
3160 2173 3470 2240 puriﬁcatus

1940 2279 2298 2324 consnmelur.
2344 2269 2418 2320 Ex
2461 2267 2543 2319 bis
2593 2267 2796 2317 duobus
2851 2265 3022 2328 agnis,
3073 2277 3208 2313 unus
3253 2261 3466 2327 quidem

1941 2359 2264 2417 immolatur,
2306 2366 2358 2408 et
2412 2356 2604 2410 dicitur
2651 2367 2744 2418 pro
2795 2351 3004 2411 delicto,
3053 2367 3071 2398 ι
3108 2350 3160 2402 in
3211 2349 3346 2408 loco,
3389 2349 3467 2400 in-

1940 2450 2053 2515 quit
2084 2448 2148 2509 ",
2181 2447 2231 2497 in
2257 2459 2360 2511 quo
2408 2443 2675 2509 jugulalnr
2704 2457 2798 2508 pro
2825 2449 3059 2504 peccato,
3091 2446 3146 2490 et
3193 2439 3279 2489 ubi
3319 2437 3470 2488 bolo-

1940 2549 2270 2594 canstomata
2313 2539 2442 2591 ﬁuut
2474 2537 2662 2589 inloco
2687 2545 2891 2588 sancto.
2931 2553 2948 2584 ι
2988 2535 3125 2586 Ecce
3149 2534 3256 2598 jam
3283 2534 3470 2599 dignus

1942 2627 2171 2680 efﬁcitur
2215 2636 2271 2678 ut
2302 2626 2491 2678 offerat
2516 2624 2834 2677 sacriﬁcium
2856 2663 2869 2684 ,
2893 2623 2981 2688 qui
3025 2621 3193 2688 potuit
3221 2621 3284 2671 ad
3313 2620 3468 2685 quin-

1941 2724 2049 2768 tam
2083 2714 2502 2783 puriﬁcationem
2523 2711 2818 2785 pervenire,
2853 2719 2905 2762 et
2932 2709 3102 2762 hostia
3131 2707 3244 2773 ejus
3275 2706 3469 2759 Sancta

1942 2816 2242 2860 sanctorum
2277 2803 2356 2856 ﬁt.
2386 2803 2531 2855 Alius
2557 2811 2734 2853 autem
2763 2815 2929 2866 agnus
2965 2798 3329 2850 holocaustum
3362 2793 3473 2848 eiii-

1943 2895 2100 2956 citur,
2138 2893 2188 2944 in
2212 2907 2318 2958 quo
2344 2900 2396 2944 et
2425 2888 2762 2956 repropitiari
2793 2903 2888 2954 pro
2921 2887 3035 2954 ipso
3065 2886 3311 2938 sacerdos
3333 2884 3472 2935 dici-

1944 2991 2046 3045 tur,
2081 2992 2136 3033 ut
2161 2990 2433 3050 purgetur.
2463 2976 2628 3046 Igitur
2659 2979 2858 3044 primus
2892 2991 3074 3042 agnus,
3112 2974 3200 3041 qui
3244 2988 3336 3041 pro
3377 2973 3470 3025 de-

1944 3070 2065 3123 licto
2089 3079 2187 3132 est,
2212 3070 2418 3121 videtur
2441 3065 2568 3118 mihi
2602 3065 2812 3116 virtutis
2843 3064 3008 3131 ipsius
3033 3062 3260 3114 formam
3286 3070 3470 3113 tenere

1943 3173 2098 3226 quam
2123 3157 2408 3222 assumpsit
2431 3155 2476 3206 is
2507 3154 2596 3221 qui
2649 3161 2762 3205 erat
2794 3153 2844 3204 in
2874 3151 3133 3219 peccatis,
3174 3164 3268 3215 per
3309 3162 3470 3212 quam

1943 3246 2112 3314 potuit
2143 3260 2171 3296 a
2192 3259 2249 3298 se
2273 3243 2563 3312 propellere
2581 3241 2823 3293 aﬂ'ectum
2840 3239 3110 3306 peccandi,
3133 3248 3185 3289 et
3213 3237 3468 3288 malonnn

1943 3345 2176 3388 veterum
2245 3329 2620 3398 paenitudinem
2683 3343 2867 3396 gerere
2921 3345 2934 3378 :
2987 3326 3250 3378 secundus
3345 3337 3470 3376 vero

1944 3436 2114 3490 agnus
2131 3423 2350 3487 ﬁguram
2383 3429 2559 3472 tenere
2589 3415 2853 3480 illiusjam
2883 3423 3203 3480 recuperatae
3232 3411 3468 3473 virtutis,

1945 3527 2039 3579 per
2062 3526 2217 3576 quam
2243 3508 2466 3574 abjectis
2515 3517 2566 3560 et
2584 3504 2766 3572 procul
2799 3503 2994 3567 fugatis
3021 3502 3271 3553 omnilms
3296 3500 3462 3560 vitiis,

1948 3601 2206 3662 integrum
2241 3612 2317 3659 se,
2363 3605 2416 3647 et
2455 3596 2507 3647 in
2547 3596 2754 3659 integro
2785 3590 2978 3643 obtulit
3033 3590 3159 3650 Deo,
3193 3597 3246 3640 et
3286 3589 3474 3654 dignus

1946 3689 2146 3740 exstitit
2203 3687 2396 3739 divinis
2468 3684 2747 3735 altaribus.
2805 3681 2932 3734 Ovis
2977 3689 3151 3730 antem
3195 3691 3311 3742 quae
3357 3683 3476 3741 post

1949 3789 2133 3845 agnos,
2163 3774 2446 3826 assumitur
2489 3779 2744 3838 quantum
2792 3769 3058 3835 conjicere
3089 3766 3139 3816 in
3189 3775 3295 3816 tam
3336 3762 3473 3815 difﬁ-

1949 3867 2136 3920 cilibus
2186 3863 2315 3915 locis
2351 3860 2614 3920 valemus,
2653 3857 3031 3910 fecunditatem
3071 3864 3196 3922 puto
3219 3852 3359 3919 quod
3402 3852 3477 3902 si-

1948 3953 2163 4020 gnillcet
2186 3948 2320 4014 ejus,
2344 3950 2430 4015 qui
2465 3959 2751 3999 conversus
2780 3953 2860 3997 est
2884 3958 2912 3994 a
2951 3951 3192 4010 peccato,
3221 3950 3275 3992 et
3300 3948 3465 3992 totum

1951 4056 2007 4095 se
2035 4041 2226 4094 obtulit
2256 4039 2383 4100 Deo,
2409 4051 2508 4103 qua
2539 4044 2652 4103 post
2682 4033 2857 4086 omnia
2891 4032 2942 4083 in
2969 4033 3223 4084 bonorum
3253 4039 3475 4094 operum

1953 4130 2146 4184 fetibus
2206 4129 2392 4189 utitur,
2452 4134 2505 4176 et
2551 4123 2863 4175 innocentia:
2906 4120 3163 4173 fructibus
3211 4117 3388 4183 pollet.
3416 4115 3471 4166 In

1954 4220 2053 4272 tria
2084 4232 2210 4285 ergo
2231 4213 2610 4283 puriﬁcationis
2660 4212 2834 4279 hujus,
2897 4209 2949 4261 id
2994 4217 3076 4260 est
3116 4205 3479 4258 conversionis

1955 4324 1984 4360 a
2013 4317 2232 4375 peccato
2288 4305 2426 4356 ratio
2474 4303 2753 4354 dividitur.
2816 4299 2994 4351 Prima
3019 4307 3100 4351 est
3144 4296 3342 4357 hostia,
3373 4307 3478 4360 qua

271 4412 398 4476 pitis
423 4417 479 4462 et
508 4405 733 4463 barbm,
757 4395 1426 4465 etsuperciliorum,quasi
1454 4410 1556 4448 non
1584 4394 1849 4449 suﬂecerit
1880 4398 1924 4452 D
1954 4404 2164 4464 peccata
2196 4393 2494 4445 solvuntur.
2556 4389 2799 4442 Secunda
2855 4395 2956 4448 est,
3009 4400 3110 4450 qua
3147 4383 3323 4434 anima
3352 4394 3479 4432 cono

271 4498 412 4566 quod
432 4497 597 4565 prius
610 4503 833 4546 omnem
853 4487 1015 4556 pilum
1033 4491 1260 4546 raserat,
1277 4497 1420 4535 nunc
1433 4483 1727 4546 additur,ut
1739 4497 1849 4535 um-

270 4603 393 4642 nem
420 4585 604 4655 pilum
624 4579 824 4646 capitis
857 4584 911 4629 et
937 4574 1137 4637 barbae,
1161 4581 1216 4624 et
1242 4573 1646 4639 superciliorum
1671 4573 1842 4624 radat.

270 4677 416 4729 Idem
429 4683 685 4739 namque
703 4665 987 4720 videbatur
1001 4665 1202 4717 dictum
1218 4662 1270 4714 in
1285 4676 1348 4714 eo
1361 4661 1500 4727 quod
1520 4661 1848 4713 dixeratom-

271 4779 395 4816 nem
421 4762 606 4828 pilum
639 4755 960 4810 radendum.
1003 4752 1108 4806 Sed
1139 4765 1241 4802 non
1272 4750 1399 4801 mihi
1431 4748 1637 4802 videtur
1676 4748 1848 4800 inanis

271 4852 434 4921 235
483 4862 622 4903 esse
671 4847 775 4898 ista
832 4839 1093 4907 repetitio.
1146 4835 1273 4890 Vult
1325 4836 1464 4888 enim
1510 4844 1844 4904 peccatorem

273 4948 649 5007 posteaquam
705 4929 870 4983 fuerit
911 4929 1169 4984 mundus,
1201 4930 1544 4988 posteaquam
1577 4922 1851 4975 remissio-

272 5045 392 5082 nem
459 5040 572 5096 per
634 5019 1015 5090 pmnitentiam
1070 5011 1349 5078 acceperit
1399 5023 1759 5076 peccatorum,
1787 5012 1852 5064 de

271 5118 621 5190 purgatione
661 5111 855 5177 capitis
894 5108 1226 5164 admonere,
1277 5101 1551 5163 et-barbae,
1589 5110 1644 5152 et
1671 5115 1853 5168 super-

271 5187 565 5265 ciliorum,
601 5199 812 5253 velutsi
830 5198 1040 5252 diceret
1073 5193 1126 5245 ei
1165 5187 1459 5253 :Eccejam
1486 5204 1647 5242 sanus
1676 5189 1850 5243 factus

325 5297 422 5347 ισι
469 5291 680 5356 ﬂcgJ.
757 5285 800 5318 ⁸⁷
824 5283 982 5338 Νυω.
1025 5295 1105 5332 Vl.
1178 5276 1227 5307 ¹⁸
1252 5274 1384 5328 Psal.
1428 5292 1466 5340 1,
1511 5277 1563 5329 5.

268 5364 302 5396 ’³
331 5361 489 5418 ibid.
521 5357 618 5410 15.

323 5449 467 5524 (ιο)
515 5441 998 5524 ρηεηίιερεβοιιεξ
1047 5431 1705 5524 5132523.”;mltilzs';si}:
1738 5432 1848 5487 οο·

262 5495 465 5575 ωἰῖὧῪ
483 5533 503 5564 ι
527 5495 681 5564 Infra
711 5495 839 5563 libb.
866 5503 1090 5575 editi,"¢
1115 5495 1282 5575 jubet
1311 5512 1512 5575 omnem
1550 5499 1706 5575 pilum
1731 5537 1846 5556 .....

538 5561 786 5632 ⁷(έΜξΗόξ
802 5575 945 5645 enin:
972 5564 1067 5645 pili
1083 5561 1542 5645 Δ1⁸1ςξιιξῐιθῖἱιιὺθιιιι·
1554 5561 1804 5632 ’διήκει-θ,
1820 5586 1838 5618 ,

403 5634 612 5707 omnes
647 5657 778 5700 mss.
822 5649 879 5693 ιιι
902 5637 956 5689 ίυ
997 5635 1204 5683 "ostro
1243 5634 1398 5684 Iesu"

1638 5276 1682 5307 ¹⁹
1735 5276 1923 5332 Matth.
1972 5297 2024 5343 κ,
2081 5277 2174 5332 50.

1950 4483 2178 4536 vertitur
2213 4483 2277 4533 ad
2323 4479 2506 4530 Deum.
2555 4477 2731 4530 Tertia
2759 4485 2839 4528 est
2875 4471 3241 4532 fecunditatis,
3277 4479 3332 4521 et
3367 4468 3478 4520 fru-

1951 4583 2149 4635 ctuum,
2177 4585 2310 4637 quos
2337 4571 2387 4620 in
2416 4567 2662 4635 operibus
2699 4565 2909 4634 pietatis
2937 4564 2982 4616 is
3010 4563 3098 4629 qui
3125 4561 3323 4612 dicitur
3349 4571 3479 4610 con-

1950 4675 2154 4722 versus,
2209 4659 2457 4711 ostendit.
2492 4658 2554 4708 Et
2575 4656 2697 4722 quia
2730 4664 2835 4706 tres
2859 4653 2972 4705 istm
3009 4659 3130 4702 sunt
3163 4647 3367 4707 hostiae,
3399 4645 3478 4696 id-

1951 4751 2094 4803 circo
2121 4749 2389 4815 subjungit
2417 4758 2469 4800 ct
2495 4757 2602 4798 tres
2634 4755 2908 4796 mensuras
2938 4739 3050 4805 (42)
3081 4736 3296 4788 decima:
3327 4731 3479 4785 simi-

1953 4837 2143 4904 laginis
2175 4835 2542 4894 assumendae,
2602 4841 2661 4883 ut
2690 4831 2884 4896 ubique
2940 4824 3298 4890 intelligamus
3342 4818 3483 4886 puri-

1950 4927 2244 4980 ﬁcationem
2285 4925 2396 4978 ﬁeri
2425 4938 2526 4975 non
2569 4935 2722 4990 posse
2751 4919 2867 4971 sine
2894 4913 3147 4983 mysterio
3171 4907 3476 4961 Trinitatis.

1953 5014 2080 5068 Vide
2117 5012 2457 5078 autemquod
2505 5011 2591 5062 hic
2632 5011 2682 5060 in
2715 5007 2899 5073 quinta
2943 4998 3313 5070 puriﬁcatione
3368 5009 3473 5046 non

1949 5103 2238 5156 assumitur
2268 5101 2460 5163 farina,
2505 5100 2596 5150 sed
2645 5099 2750 5163 jam
2781 5094 3011 5146 similam
3061 5086 3220 5142 habet
3256 5084 3356 5133 iste
3384 5079 3474 5146 qtti

1949 5191 2259 5259 purilicatur
2297 5204 2323 5239 a
2378 5187 2630 5254 peccatis,
2681 5183 2854 5235 simila
2895 5180 2942 5232 ei
2987 5173 3290 5229 ascribitur,
3336 5168 3481 5218 unde

2286 5277 2330 5308 ⁸⁸
2378 5275 2546 5328 Levit.
2596 5287 2704 5330 XIV,
2749 5271 2800 5324 8.
2917 5269 2958 5298 "
3012 5263 3137 5318 ibid.
3201 5268 3312 5317 xw,
3388 5254 3476 5306 10.

2029 5429 2136 5501 (μ)
2158 5429 2315 5501 μεθ..
2348 5446 2366 5477 ι
2394 5441 2469 5479 se.
2501 5444 2520 5476 ι
2549 5423 2698 5477 Libb.
2720 5419 2946 5501 Δ«ξιιίξξενιι
2969 5421 3271 5501 ξξιᾼιι-ρρξςὶζα
3332 5463 3485 5501 In“:

2029 5463 2136 5501 νη]
2166 5463 2315 5490 “lano,
2348 5463 2366 5477 ι
2394 5463 2469 5479 ου.
2503 5463 2520 5476 ι
2551 5463 2698 5477 μιν-ι.
2732 5463 2876 5478 ειη-η.
2918 5463 2930 5466 -
2970 5463 3059 5468 ..η-κ
3087 5463 3098 5477 ,
3379 5464 3393 5476 θ
3472 5468 3485 5482 ι

2022 5500 2130 5566 (42)
2149 5497 2212 5549 Et
2243 5507 2350 5548 tres.
2370 5507 2655 5550 mensuras,
2685 5496 2788 5540 etc.
2821 5483 3129 5566 Sicimbent

1955 5531 2350 5623 VBI‘SAICTIIIIT:
2371 5531 2565 5612 HTE;
2579 5531 2863 5606 wmensuras
2907 5550 3123 5603 decimm
3157 5531 3495 5598 εῑιιιῖιθεῖιιίι

1956 5634 2278 5689 assumenda:
2306 5637 2448 5682 sunt.
2475 5625 2695 5689 Ubique,
2730 5636 2749 5669 ι
2773 5629 2873 5670 etc.
