3948 6250
287 344 388 400 507

1715 340 2025 398 ORIGENIS

3640 310 3768 365 508

288 455 480 509 habeat
505 455 613 523 jam
646 472 834 525 panem
868 460 1143 521 mundum,
1171 471 1223 512 et
1247 459 1361 513 haec
1381 458 1498 513 oleo
1520 457 1822 524 conspergi-

1932 466 2042 519 qum
2062 446 2304 517 superius
2321 446 2587 501 diximus.
2608 447 2872 500 Donum
2896 447 3126 493 autem
3163 429 3431 525 gratim
3451 427 3769 496 spiritus,

290 555 394 601 tur.
423 545 525 599 Sed
547 557 599 600 et
624 548 797 601 oleum
815 547 929 615 ejus
946 548 1008 601 ad
1036 549 1168 601 duos
1193 564 1319 601 usus
1342 548 1613 601 dividitur.
1650 525 1818 601 Unum

289 647 394 699 quo
427 635 599 687 simila
637 639 1029 704 conspergitur,
1073 636 1233 688 alium
1266 652 1370 703 quo
1406 636 1652 689 sacerdos
1680 634 1822 687 acci«

289 724 367 789 pit
414 723 672 791 integram
719 739 1021 777 mensuram
1069 726 1269 792 cyathi,
1300 734 1357 777 ut
1401 726 1497 777 ait.
1539 724 1591 775 In
1633 716 1739 791 qno'
1764 732 1819 776 ut

288 825 388 878 ego
416 810 607 873 sentio,
655 821 710 864 et
761 813 915 879 panis
967 812 1081 877 ejus
1112 814 1320 880 pinguis
1350 812 1572 865 ellicitur
1598 827 1692 879 pro
1724 813 1821 865 mi-

290 900 600 962 sericordia,
623 910 674 952 et
725 901 899 954 oleum
928 917 1033 968 quo
1062 902 1149 954 lux
1176 917 1301 954 vera
1336 912 1388 955 et
1417 904 1652 955 scientiae
1683 903 1820 970 ignis

291 989 621 1049 accenditur,
659 1003 753 1055 per
780 1006 968 1043 manus
1007 993 1306 1045 sacerdOtis
1348 992 1507 1058 capiti
1555 992 1669 1059 ejus
1718 993 1819 1044 im-

293 1077 524 1144 ponitur.
563 1076 636 1129 lta
664 1078 804 1131 enim
835 1080 994 1132 dicit:
1020 1097 1039 1129 ι
1065 1080 1361 1141 Etstatuet,
1407 1081 1575 1148 inquit
1610 1082 1670 1144 ”,
1702 1096 1820 1134 eum

294 1167 545 1219 sacerdos
570 1168 658 1234 qui
695 1170 914 1220 mnmlat
940 1184 1061 1222 eum
1084 1170 1132 1221 in
1164 1179 1451 1236 conspectu
1491 1168 1717 1233 Domini,
1757 1170 1822 1223 ad

292 1255 485 1306 ostium
523 1254 848 1309 tabernaculi
890 1258 1201 1309 testimonii.
1239 1275 1257 1308 ι
1293 1257 1453 1312 Vides
1498 1260 1623 1326 quia
1651 1274 1826 1312 sacer—

295 1343 434 1397 dotis
459 1351 542 1398 est
593 1353 827 1398 Statuere
853 1362 973 1399 eum
1013 1349 1105 1413 qui
1149 1347 1481 1399 convertitur
1523 1363 1550 1399 a
1584 1356 1821 1415 peccato,

295 1438 354 1482 ut
386 1431 592 1483 stabilis
615 1446 732 1483 esse
786 1433 975 1497 possit,
1011 1442 1064 1484 et
1104 1433 1239 1485 ultra
1270 1448 1372 1485 non
1414 1433 1690 1496 ﬂuctuare,
1729 1449 1826 1489 nec

295 1520 492 1571 moveri
516 1518 657 1571 omni
685 1529 840 1571 vento
864 1520 1142 1573 doctrina).
1178 1519 1376 1574 Statuit
1407 1537 1533 1589 ergo
1556 1538 1676 1576 eum
1711 1539 1815 1576 non

296 1610 468 1663 solum
492 1609 629 1661 intra
653 1619 849 1674 castra,
890 1612 981 1663 sed
1016 1612 1079 1663 ad
1130 1611 1302 1678 ipsum
1338 1613 1530 1665 ostium
1581 1615 1826 1666 taberna-

296 1701 402 1754 culi
436 1701 722 1753 testimonii
759 1711 882 1754 ante
916 1702 1218 1757 Dominum.
1253 1704 1309 1755 Et
1357 1714 1704 1773 posteaquam
1740 1721 1826 1760 se-

1931 517 2028 607 per
2055 537 2160 591 olei
2213 533 2504 601 imaginem
2557 534 2972 599 designatur,
3008 537 3080 580 ut
3123 537 3275 576 non
3317 517 3563 616 solum
3603 532 3765 585 pur-

1925 625 2190 693 gationcm
2214 620 2471 685 consequi
2511 620 2707 688 possit
2745 621 2802 673 is
2839 616 2955 683 qui
3016 616 3497 665 convertitur
3536 617 3767 704 Ἆρες-

1926 723 2067 775 cato,
2094 714 2186 766 sed
2213 720 2264 762 et
2290 710 2495 777 Spiritu
2536 720 2758 762 sancto
2798 704 3074 773 repleri,
3122 712 3284 768 quo
3333 704 3409 750 et
3458 709 3771 760 reetpere

1927 804 2155 872 priorem
2187 801 2402 864 stolam,
2454 810 2510 854 et
2552 800 2847 853 annulum
2912 794 3167 865 possit,
3232 798 3314 842 et
3358 801 3501 857 per
3544 787 3773 891 omnia

1929 892 2306 946 reconciliatus
2349 891 2498 945 Patri
2565 892 2622 944 in
2717 890 2935 943 locum
3021 884 3150 937 ﬁlii
3228 884 3609 949 reparari,
3662 893 3779 947 per

1929 983 2100 1044 ipsum
2174 982 2457 1033 Dominum
2522 990 2792 1033 nostrum
2847 977 3081 1032 Jesum
3148 972 3610 1034 Christum,
3670 969 3777 1024 cui

1905 1080 2007 1123 test
2031 1070 2203 1137 gloria
2228 1079 2284 1124 et
2310 1069 2601 1139 imperium
2635 1070 2694 1122 in
2728 1068 2961 1123 saecula
3005 1063 3509 1119 smeulorum.
3531 1062 3777 1115 Amen.

1931 1225 2005 1277 De
2036 1226 2313 1292 sacriﬁciis
2360 1227 2977 1301 repro;zitial_ioni_s,_et
3031 1224 3117 1276 de
3174 1222 3483 1274 duabus
3544 1221 3778 1301 hircis,

1997 1311 2374 1361 quorumunus
2404 1311 2523 1346 sors
2540 1304 2617 1345 est
2651 1293 2923 1351 Domini,
2953 1306 3026 1367 et_
3057 1307 3257 1367 uirus
3311 1293 3779 1367 apopomprzj,

1996 1357 2085 1429 qui
2122 1362 2407 1429 dimittitur
2446 1364 2500 1413 in
2542 1376 2815 1426 eremum,
2864 1371 2924 1413 et
2982 1363 3065 1414 de
3112 1362 3471 1428 ingressu
3497 1357 3771 1427 pautiﬁo

1997 1427 2073 1480 cis
2115 1430 2169 1480 in
2199 1427 2399 1482 Sancta
2430 1438 2774 1482 sanctorum.

1999 1519 2050 1571 1.
2093 1519 2186 1573 Die
2214 1520 2629 1587 propitiationis
2659 1519 2946 1588 indigent
2988 1531 3273 1573 omnes
3357 1517 3493 1585 qui
3535 1530 3785 1583 pecca-

1929 1618 2146 1671 verunt,
2169 1618 2223 1663 et
2254 1610 2377 1662 ideo
2408 1610 2555 1663 inter
2582 1609 3015 1663 solemnitates
3043 1607 3277 1676 legis,
3319 1623 3495 1675 qum
3534 1607 3789 1677 ﬁguras

1930 1695 2210 1749 continent
2266 1696 2583 1750 ccelestium
2654 1697 3167 1765 mys‘eriorum,
3240 1711 3400 1749 una
3467 1696 3786 1763 quadam

296 1784 527 1836 cundum
579 1799 640 1836 ea
695 1800 811 1851 qua:
846 1789 1088 1853 superius
1125 1791 1262 1842 dicta
1325 1800 1488 1853 sunt,
1537 1790 1826 1846 oﬁ‘eruntnr

1933 1780 2246 1834 solemnitas
2279 1784 2538 1849 habetur,
2574 1799 2704 1851 qum
2743 1784 2884 1837 dies
2924 1786 3505 1853 prapitiationis
3559 1787 3791 1854 appel-

297 1873 482 1925 hostiae
510 1888 605 1941 pro
629 1874 1013 1941 puriﬁcatione,
1038 1878 1270 1940 adhibet,
1300 1878 1490 1945 inquit.
1509 1890 1562 1931 et
1581 1882 1826 1948 cyathum

297 1959 420 2024 olei,
448 1970 501 2014 et
533 1971 744 2027 separat
767 1962 894 2016 illud
924 1976 1046 2017 ante
1073 1965 1372 2018 Dominum.
1416 1985 1433 2016 ι
1472 1968 1532 2020 Et
1579 1969 1826 2037 accipiet,

300 2046 472 2114 inquit
502 2049 567 2107 ",
601 2050 851 2101 sacerdos
891 2050 955 2103 de
984 2053 1329 2119 sanguine,et
1350 2063 1509 2121 ponet
1537 2070 1700 2123 super
1731 2072 1820 2109 ex-

300 2143 525 2187 tremam
596 2139 889 2191 auriculam
941 2140 1054 2206 ejus
1099 2142 1373 2207 dextram,
1438 2154 1491 2195 et
1529 2158 1691 2211 super
1736 2161 1829 2199 ex-

301 2234 523 2277 tremam
587 2241 803 2279 manum
860 2229 975 2294 ejus
1011 2232 1284 2293 dextram,
1336 2240 1389 2284 et
1431 2246 1588 2298 Super
1655 2244 1832 2289 extre-

299 2326 444 2363 mum
501 2312 685 2378 pedem
724 2313 839 2378 ejus
865 2316 1133 2368 dextrum.
1166 2336 1184 2368 ι
1219 2317 1280 2369 Ει
1314 2327 1434 2384 post
1465 2320 1599 2382 hare,
1632 2320 1827 2389 inquit,

299 2398 522 2466 accipiet
545 2401 797 2453 sacerdos
849 2417 950 2455 non
990 2403 1163 2469 ipsum
1193 2407 1443 2474 cyathum
1471 2408 1594 2473 olei,
1630 2411 1722 2463 sed
1762 2427 1828 2465 ex

298 2486 415 2553 ipso
444 2502 459 2539 :
487 2504 505 2537 ι
546 2487 608 2541 Ει
636 2488 892 2543 diﬁ‘undet
932 2491 1064 2561 (45),
1115 2493 1305 2561 inquit,
1340 2495 1392 2548 in
1438 2512 1649 2550 manum
1680 2513 1829 2553 suam

299 2578 595 2642 sinistram,
634 2590 690 2634 et
743 2582 966 2650 intinget
1011 2584 1234 2650 digitum
1294 2598 1447 2638 suum
1471 2589 1727 2641 sacerdos
1777 2590 1830 2642 in

298 2666 437 2729 oleo,
466 2668 604 2734 quod
650 2678 734 2720 est
773 2672 829 2721 in
859 2686 1017 2724 manu
1067 2672 1180 2740 ejus
1217 2673 1456 2738 sinistra,
1490 2684 1545 2728 et
1584 2688 1831 2746 asperget

300 2756 494 2821 septies
534 2766 659 2811 ante
690 2758 998 2823 Dominum;
1038 2778 1058 2812 ι
1091 2770 1145 2814 et
1190 2762 1414 2815 iterum:
1445 2780 1464 2814 ‹
1498 2765 1571 2817 Ex
1603 2780 1667 2818 eo
1691 2767 1831 2833 quod

300 2856 545 2911 superest
569 2846 619 2897 in
651 2862 807 2901 manu
837 2847 951 2914 ejus
987 2850 1231 2914 sinistra,
1270 2852 1505 2919 imponet
1534 2869 1695 2921 super
1735 2871 1829 2910 au-

301 2932 521 2985 riculam
544 2935 658 3002 ejus
686 2937 775 3001 qui
824 2937 1137 3005 puriﬁcatur
1166 2941 1429 3006 dextram,
1477 2953 1528 2997 et
1550 2959 1708 3010 super
1735 2962 1830 3001 ex-

305 3028 524 3072 tremam
571 3038 785 3076 manum
821 3024 936 3092 ejus
984 3026 1245 3090 dextram,
1274 3037 1326 3081 et
1349 3044 1508 3096 super
1532 3041 1826 3086 extremum

300 3106 483 3172 pedem
537 3110 652 3174 ejus
696 3112 957 3164 dextrum.
1002 3130 1020 3163 ι
1056 3114 1122 3165 Ει
1170 3125 1289 3182 post
1331 3116 1531 3170 harem
1582 3119 1636 3171 ld
1691 3122 1828 3187 quod

301 3194 542 3247 relictum
576 3198 735 3251 fuerit
782 3214 846 3252 ex
876 3200 1013 3262 oleo,
1049 3201 1301 3268 imponet,
1347 3204 1545 3271 inquit,
1580 3207 1831 3259 sacerdos

300 3282 364 3336 de
426 3299 581 3336 nianu
618 3301 711 3340 sua
753 3302 910 3354 super
938 3298 1097 3356 caput
1145 3292 1256 3357 ejus
1290 3292 1378 3357 qui
1414 3293 1747 3358 purilicatur.
1806 3313 1826 3348 ι

301 3370 461 3425 Vides
491 3376 750 3439 quomodo
770 3377 968 3431 ultima:
990 3387 1043 3430 et
1066 3394 1285 3432 summa:
1305 3379 1693 3447 puriﬁcationis
1723 3390 1828 3446 est,

302 3476 482 3514 aurem
511 3465 776 3529 puriﬁcari
818 3476 874 3520 ut
909 3482 1075 3534 purus
1107 3477 1161 3521 et
1198 3470 1425 3523 mundus
1452 3479 1699 3524 servetur
1733 3488 1830 3524 au-

301 3551 459 3604 ditus.
506 3553 570 3606 Et
612 3570 822 3609 manum
876 3559 1139 3621 dextram,
1192 3566 1251 3611 ut
1292 3560 1489 3613 munda
1533 3561 1643 3613 sint
1668 3576 1828 3629 Opera

301 3640 514 3703 nostra,
559 3658 656 3698 nec
705 3644 902 3713 aliquid
963 3645 1291 3698 immundum
1348 3647 1431 3700 his
1473 3650 1832 3704 admisceatur

297 3740 351 3785 et
378 3733 668 3790 sordidum.
708 3734 809 3789 Sed
861 3745 916 3790 et
949 3739 1109 3805 pedes
1148 3739 1464 3806 puriﬁcandi
1506 3749 1651 3804 sunt,
1677 3750 1734 3792 ut
1764 3741 1828 3794 ad

297 3834 429 3887 Opus
471 3822 663 3876 bonum
727 3828 1096 3880 tantummodo
1157 3829 1490 3897 dirigantur,
1542 3844 1644 3881 nec
1689 3830 1829 3883 ultra

298 3907 476 3977 lapsus
499 3911 793 3977 iuventutis
821 3917 1118 3968 incurrant.
1163 3916 1371 3984 Septies
1403 3926 1580 3969 autem
1618 3930 1833 3984 resper-

300 3996 377 4064 git
407 4000 658 4053 sacerdos
687 4013 871 4056 contra
901 4005 1182 4057 Dominqu
1211 4021 1276 4058 ex
1308 4007 1450 4059 oleo.
1490 4005 1618 4058 Post
1649 4005 1829 4058 omnia

296 4089 489 4141 etenim
507 4105 625 4157 qua:
649 4107 742 4155 pro
770 4094 1351 4159 puriﬁcato‘celebrata
1374 4104 1518 4160 sunt,
1547 4106 1828 4165 postquam

297 4170 591 4230 conversus
615 4188 667 4231 et
699 4182 1078 4236 reconciliatus
1105 4195 1187 4237 est
1222 4187 1351 4248 Deo,
1376 4196 1498 4252 post
1529 4186 1831 4241 immolatas

298 4263 528 4330 hostias,
590 4269 796 4325 ordinis
847 4282 987 4337 erat,
1025 4283 1079 4326 ut
1129 4284 1182 4328 et
1236 4276 1484 4329 virtutem
1519 4291 1680 4343 super
1704 4291 1827 4331 eum

298 4357 692 4424 septemplicem
737 4361 908 4413 sancti
947 4362 1180 4429 Spiritus
1223 4365 1497 4428 invitaret,
1532 4367 1824 4419 secundum
1860 4366 1902 4419 ι)
1928 4365 2168 4430 Quidem,
2234 4375 2494 4435 tanquam
2533 4372 2628 4438 qui
2656 4389 2766 4429 non
2793 4376 3028 4440 fecerit
3066 4405 3155 4445 ea

296 4457 419 4497 eum
450 4446 539 4514 qui
568 4447 775 4502 dixerat
801 4452 845 4483 ”
875 4468 889 4503 :
929 4468 947 4500 α
981 4451 1161 4506 Redde
1198 4453 1325 4506 mihi
1361 4454 1595 4508 laatitiatn
1627 4455 1829 4509 saluta-

298 4534 375 4587 ris
413 4535 506 4596 tui,
552 4545 606 4589 et
645 4539 834 4605 spiritu
895 4542 1183 4610 principali
1240 4543 1497 4597 conﬁrma
1543 4558 1647 4596 me.
1681 4562 1700 4595 ι
1731 4544 1825 4598 Vel

297 4632 445 4675 certe
472 4629 722 4690 quoniam
753 4641 1091 4696 peccatorum
1119 4632 1279 4685 corda
1306 4632 1563 4685 Dominus
1586 4633 1637 4685 in
1667 4633 1834 4686 Evan-

298 4709 432 4775 gelio
481 4712 525 4741 “
587 4723 810 4769 testatur
856 4734 885 4771 a
929 4733 1134 4789 septem
1185 4722 1515 4775 daemonibus
1569 4720 1830 4784 obsideri,

300 4810 659 4867 competenter
688 4806 846 4876 236
878 4811 1072 4875 septies
1109 4818 1232 4863 ante
1268 4809 1547 4861 Dominum
1577 4812 1831 4866 sacerdos

299 4886 354 4940 in
391 4890 753 4954 puriﬁcatione
788 4902 1067 4967 respergit,
1099 4910 1159 4953 ut
1204 4898 1449 4967 expulsio
1478 4908 1680 4963 septem
1719 4903 1827 4969 spi-

301 4976 498 5030 rituum
557 4982 910 5050 malignorum
966 4988 1030 5039 de
1084 4986 1350 5055 puriﬁcati
1408 4986 1591 5047 corde,
1628 4989 1830 5052 septies

302 5075 527 5118 excusso
557 5066 733 5134 digitis
765 5073 884 5127 oleo
914 5073 1233 5127 declaretur.
1273 5071 1362 5125 Sic
1403 5086 1532 5139 ergo
1559 5075 1830 5131 conversis

302 5164 332 5203 a
362 5165 596 5219 peccato,
626 5162 928 5225 puriﬁcatio
950 5162 1165 5229 quidem
1191 5175 1284 5227 per
1332 5160 1418 5213 illa
1442 5161 1618 5212 omnia
1647 5163 1823 5228 datur,

371 5286 416 5318 ³⁸
438 5286 604 5346 Levit.
635 5308 742 5359 stv,
795 5296 879 5350 Η.
953 5296 998 5328 ’δ
1030 5295 1180 5358 ibid.,
1208 5293 1294 5357 l4,
1320 5302 1373 5345 et
1399 5307 1548 5360 seqq.
1623 5296 1666 5325 "
1692 5296 1826 5352 Psal.

1955 5300 2045 5353 Μο
2119 5306 2165 5337 ³⁵
2204 5308 2350 5373 Luc.
2368 5336 2451 5380 ιι.

374 5443 482 5510 (45)
510 5445 659 5510 Mss.,
693 5468 713 5500 ι
745 5449 1019 5502 dill'ttttdet.
1044 5467 1062 5499 ι
1092 5447 1244 5500 Liblt.
1270 5447 1419 5508 editi,
1448 5465 1466 5497 ί
1500 5446 1773 5500 tit-fundet.
1805 5468 1823 5499 ι

374 5444 461 5508 (45
510 5445 659 5510 Mss.,
693 5468 713 5500 ι
745 5449 1019 5502 dill'ttttdet.
1044 5467 1062 5499 ι
1092 5447 1244 5500 Liblt.
1270 5447 1419 5508 editi,
1448 5465 1466 5497 ί
1500 5446 1773 5500 tit-fundet.
1805 5468 1823 5499 ι

374 5444 482 5578 (/14;
516 5514 689 5583 (iudex
734 5518 1015 5583 Sangcrm.
1058 5527 1113 5569 et
1157 5516 1270 5581 alii,
1317 5533 1330 5566 t
1362 5515 1554 5578 Abiud,
1587 5533 1604 5565 ι
1641 5514 1831 5582 sicque

307 5572 644 5646 Septuaginta
677 5572 994 5654 interpretes
1026 5584 1197 5640 Exod.
1218 5572 1291 5650 vi,
1313 5583 1401 5649 23,
1433 5572 1830 5653 quanquam'ex

1932 1871 2090 1921 latur.
2118 1870 2242 1924 llaec
2297 1888 2429 1940 ergo
2463 1890 2585 1942 quae
2621 1890 2803 1929 nunc,
2829 1876 3121 1929 recitata
3179 1886 3375 1930 sunt
3430 1876 3786 1945 legislatio

1929 1967 2010 2010 est
2042 1959 2405 2013 solemnitatis
2430 1963 2625 2030 ipsius,
2651 1979 2786 2030 qua:
2833 1965 3005 2026 dies,
3052 1968 3572 2033 ut,diximtts,
3625 1984 3786 2035 pro-

1931 2049 2224 2117 pitiationis
2265 2052 2506 2104 vocitata
2541 2062 2647 2106 est.
2682 2054 2802 2107 Sed
2878 2055 3275 2110 videamus
3341 2060 3593 2126 primo
3625 2059 3783 2126 quid

1929 2136 2031 2191 sibi
2080 2136 2208 2189 Velit
2256 2139 2450 2190 littera:
2505 2140 2680 2205 ipsius
2727 2143 3198 2207 continentia,
3272 2154 3361 2198 ut
3412 2148 3783 2203 orantibus

1930 2225 2104 2290 vobis,
2133 2226 2179 2279 si
2214 2237 2393 2280 tamen
2422 2228 2495 2279 ita
2540 2229 2789 2282 Domino
2827 2232 3265 2300 supplicetis
3324 2248 3416 2292 ut
3464 2241 3783 2293 exaudiri

1930 2317 2270 2381 mereamini,
2326 2320 2607 2385 possimus
2675 2323 2975 2389 accipere
3035 2327 3381 2392 gratiam
3457 2332 3782 2399 spiritus,

1930 2422 2025 2475 per
2055 2423 2215 2474 quant
2246 2408 2545 2473 explanare
2599 2409 2922 2465 Valeatnus
2968 2419 3345 2484 mysteria
3417 2436 3586 2487 qua!
3619 2438 3783 2475 con-

1932 2498 2238 2551 tinenturin
2270 2498 2411 2565 lege.
2449 2498 2710 2553 Defuncti
2758 2513 2913 2556 sunt
2951 2507 3090 2561 duo
3151 2508 3299 2562 filii
3351 2510 3604 2566 Aaron
3652 2513 3782 2568 Na-

1930 2585 2032 2639 dab
2058 2594 2111 2639 et
2136 2586 2314 2638 Abiud
2347 2585 2483 2655 (44),
2509 2602 2639 2640 cum
2666 2585 2973 2644 offerrent
3012 2594 3274 2662 ignem
3328 2599 3657 2653 alienum
3701 2603 3781 2654 ad

1931 2671 2100 2726 altare
2155 2674 2389 2728 Domini.
2436 2673 2683 2729 Necesse
2727 2690 2893 2744 erat,
2955 2692 3029 2735 ut
3085 2688 3408 2742 caelesti
3460 2690 3778 2746 doctrina

1932 2761 2287 2816 instrueretur
2300 2763 2485 2816 Aaron
2510 2767 2805 2831 quomodo
2824 2780 3198 2836 oporteret
3239 2790 3427 2829 eum
3450 2780 3544 2832 ad
3575 2782 3783 2836 altare

1932 2851 2209 2914 accedere,
2245 2858 2299 2904 et
2347 2866 2459 2920 quo
2515 2853 3051 2920 supplicationum
3136 2862 3307 2915 r-itu
3386 2868 3775 2937 propitium

1931 2936 2135 2991 faceret
2168 2939 2357 3000 Deum,
2392 2942 2470 2992 uti
2497 2956 2568 2994 ne
2611 2942 2668 2994 in
2703 2956 2772 2995 ea
2808 2944 2944 3010 ipse
2998 2947 3488 3021 incurreret,
3536 2936 3609 3012 in
3640 2977 3785 3027 qua

1856 3063 1900 3118 ϐ
1933 3027 2273 3082 incurrerant
2312 3029 2406 3081 ﬁlii
2443 3031 2552 3091 sui,
2591 3031 2830 3087 incaute
2864 3045 2933 3088 et
2978 3037 3633 3105 inconvenienter
3664 3068 3779 3108 ac-

1932 3118 2184 3171 cedentes
2216 3118 2281 3170 ad
2309 3118 2484 3172 altare
2511 3119 2637 3183 Dei,
2673 3122 2943 3177 alienum
3004 3127 3307 3201 ignem,
3367 3148 3454 3192 et
3504 3156 3646 3195 non
3700 3145 3785 3197 il.

1933 3207 2038 3261 lum
2071 3208 2159 3273 qui
2189 3206 2449 3260 divinitus
2479 3209 2644 3261 datus
2676 3209 2899 3276 fuerat,
2938 3214 3231 3275 olleren
3248 3232 3406 3279 tes.
3440 3227 3782 3299 Propter-

1933 3312 1996 3352 ca
2054 3310 2185 3363 ergo
2209 3297 2276 3349 de
2306 3297 2392 3349 his
2418 3297 2526 3351 hoc
2562 3299 2731 3352 modo
2754 3303 3036 3367 praefata
3084 3321 3215 3364 est
3264 3315 3421 3373 lex:
3483 3339 3509 3371 ι
3566 3297 3656 3378 Et
3693 3326 3786 3381 lo—

1930 3400 2084 3442 cutus
2133 3397 2216 3442 est
2274 3389 2544 3443 Dominus
2598 3394 2669 3444 ad
2723 3392 3017 3462 Moysen,
3079 3417 3604 3477 posteaquam
3664 3418 3784 3474 da-

1932 3477 2097 3530 luncti
2151 3485 2283 3531 sunt
2332 3479 2443 3575 duo
2488 3479 2586 3532 ﬁlii
2645 3480 2847 3535 Aaron
2886 3486 3051 3541 dum
3118 3494 3516 3558 oﬂ'errent
3560 3506 3785 3575 ignem

1931 3566 2165 3618 alienum
2225 3574 2349 3618 ante
2406 3566 2732 3623 Dominum.
2804 3571 2884 3625 Et
2961 3578 3162 3636 dixit
3252 3566 3633 3652 Dominu;
3703 3598 3786 3653 ad

1928 4187 2147 4250 mentis,
2176 4203 2354 4291 neque
2379 4190 2578 4246 hosdis
2613 4208 2739 4260 quae
2768 4208 3033 4260 statutae
3077 4225 3277 4270 sunt
3316 4187 3791 4297 praeparat-is:

1931 4288 2105 4387 lletlllle
2162 4279 2453 4346 propitiato
2510 4285 2669 4384 prius
2732 4287 2878 4387 Deo,
2947 4279 3367 4364 morietur-ri.
3436 4279 3795 4387 Ειιὴίῖιξῐέ

1945 4416 2053 4474 ;Δ“έ“
2070 4416 2081 4417 ί
2100 4416 2128 4474 ⁷-
2143 4416 2494 4474 -'.A'_“"‘l"—"'
2536 4416 2766 4474 ‘1“1'jv"
2793 4416 2961 4474 ιινῗῑι
2980 4416 3028 4440 ιι
3066 4416 3155 4445 ea

1927 4453 2396 4555 ﬁeri.antequam
2460 4462 2772 4516 accedatur
2831 4471 2913 4523 ad
2984 4453 3262 4541 altare.

1932 4552 2728 4659 23?;35‘5.f‘i‘i‘l‘ﬂf‘i“.‘ff'3“
2760 4555 2917 4625 μδ»
2965 4570 3055 4659 ad
3112 4587 3418 4641 omnes

2660 4658 2675 4707 ;
2711 4655 3016 4721 praecepit
3052 4665 3278 4722 enim
3335 4685 3429 4730 ut
3468 4655 3797 4743 sciamus

1931 4721 2202 4818 quomodo
2237 4726 2501 4781 accedere
2533 4730 2843 4833 debeamus
2876 4744 2961 4795 ad
3000 4747 3138 4803 alta
3154 4721 3275 4809 rei
3467 4721 3798 4833 ῑνῐῑιιέῐέ

2003 4808 2014 4818 .
2746 4823 2757 4834 ,
3224 4808 3233 4809 ί
3308 4808 3489 4821 --ωο
3553 4808 3788 4833 ιιιυ-ιε

1931 4819 2391 4920 ῗὶιῖιῘη-(ῗῗῑ-εξιῄυν
2419 4818 2561 4884 quod
2617 4833 2919 4920 orationes
2990 4849 3317 4902 nostras
3393 4856 3788 4920 oneramus

1934 4898 2062 4963 Deo,
2098 4910 2155 4952 ut
2187 4905 2432 5003 sciamus
2479 4912 2756 4977 quomodo
2793 4918 3159 4985 debeamus
3226 4898 3581 5003 ohe;;;:

1932 5000 2016 5039 cet
2067 4998 2151 5089 ἰιιο
2192 4991 2538 5060 deponamus
2588 5001 2936 5059 vestimenta
2991 4989 3563 5093 sorditlg,“;;:;

2067 5077 2077 5087 .
2140 5078 2151 5089 .
2400 5088 2456 5101 ..
2849 5093 2913 5107 ··
3236 5077 3361 5093 Π-’
3444 5077 3797 5104 Ί“Ψ“ῡ.ι

1931 5086 2518 5188 :a‘r'pjsttntnundrua,
2555 5103 2765 5188 morum
2807 5106 2982 5163 Vitta,
3030 5102 3653 5185 inquinatnenta
3718 5134 3797 5188 li-

1931 5162 2206 5221 bidinum.
2241 5172 2356 5230 Ant
2378 5179 2602 5252 ignoras
2625 5180 2721 5234 tibi
2753 5162 3013 5250 quoque.
3055 5162 3163 5246 id‘
3390 5162 3796 5278 31:5}:

2522 5324 2565 5356 ﬂ
2608 5319 2773 5378 Levil.
2814 5332 2928 5380 XVI,
2967 5322 2989 5373 ι
3051 5339 3124 5382 et
3188 5350 3440 5412 seqq.

1939 5452 2176 5548 “ehi?”
2190 5470 2537 5548 Jegﬂidum
2593 5492 2785 5546 essent
2822 5475 2987 5548 Abiu,

2184 5528 3045 5632 “plissjr‘tmcotttiugit.

1946 5609 1968 5644 ε
2011 5611 2335 5691 constringi
2345 5609 2455 5693 ιζ,

3064 5502 3088 5533 '
3119 5497 3405 5576 ,Veluy
3432 5508 3721 5574 Αιήιιιι.
3762 5540 3791 5576 ι

3115 5574 3141 5607 ι
3218 5564 3471 5631 ωδ.
3564 5564 3798 5661 suis;

2228 5879 2257 5905 ο
