3948 6246
213 353 310 408 509

1409 373 1479 427 IN
1515 355 1886 430 stmcuit
1923 373 2197 430 nonum
2229 367 2317 424 1x.

3356 369 3462 425 510

213 469 396 522 ciesim
442 462 545 526 Dei.
597 469 648 514 εὶ
712 451 1055 549 ετεδωιῖιιπὶ
1154 483 1408 544 [mpulo
1460 488 1818 540 sacerdotium

1922 487 2139 546 dicitur,
2164 479 2286 549 quia
2323 485 2463 532 terra
2497 481 2600 544 sit,
2623 489 2676 532 et
2707 480 2757 531 in
2805 487 2999 532 terram
3039 479 3136 533 ibit
3165 479 3228 534 ³⁸.
3261 475 3458 532 Volens

215 555 436 612 datum?
462 551 583 605 Audi
625 549 874 616 quomodo
918 543 1161 611 pe"ms
1218 543 1380 623 dicit
1419 575 1484 628 de
1535 576 1814 629 fidelibus:

213 666 235 701 ⁸
270 647 474 705 Gem“
514 639 676 707 inquit
723 637 790 700 ’8’
821 636 1099 706 elecu‘ms
1167 660 1390 723 regale
1443 663 1818 726 sacerdotium,

199 753 338 810 gens
387 742 574 794 sane”.
624 728 848 798 Ρουυιυε
896 727 951 779 ίῐι
1004 743 1520 806 acquisitionem.
1578 772 1598 805 ι
1643 753 1818 807 Habes

199 846 334 898 ergo
373 821 733 882 sacerdotium,
762 818 886 886 quia
919 833 1066 887 gens
1105 840 1506 894 sacerdotalis
1530 857 1602 902 es,
1628 852 1679 895 et
1703 845 1818 896 ideo

203 919 408 974 offerre
458 911 615 964 debes
668 910 782 964 Deo
811 910 1059 966 hostiam
1097 917 1334 992 laudis,
1379 930 1606 984 hostiam
1629 934 1820 984 oratio.

207 1025 371 1070 num,
417 1001 645 1056 hostiam
709 1000 1160 1076 misericordiae,
1219 1017 1465 1072 hostiam
1533 1022 1816 1088 pudicitiae,

221 1096 451 1150 hostiam
483 1091 728 1161 justitiae,
780 1092 1026 1148 hostiam
1092 1108 1448 1162 sanctitatis,
1482 1109 1585 1162 Sed
1617 1121 1674 1162 υι
1708 1112 1818 1164 [ηερ

233 1188 392 1256 digne
432 1183 642 1248 offeras,
698 1185 1047 1242 indumentis
1080 1193 1193 1247 tibi
1217 1211 1362 1264 opus
1394 1209 1475 1254 est
1510 1201 1738 1264 mundis,
1767 1209 1821 1254 et

239 1277 525 1347 segregatis
586 1291 618 1330 a
676 1276 1028 1345 reliquorum
1100 1283 1397 1340 hominum
1449 1291 1820 1345 communibus

247 1364 590 1429 indumentis,
617 1373 668 1418 et
692 1364 882 1434 ignem
913 1368 1174 1422 divinum
1219 1375 1582 1427 necessarium
1631 1377 1816 1440 habes,

248 1469 356 1508 nou
378 1455 600 1522 aliquem
645 1454 889 1508 alienum
931 1472 963 1510 a
989 1457 1141 1524 Deo,
1191 1462 1286 1514 sed
1335 1462 1478 1514 illum
1511 1463 1598 1530 qui
1641 1480 1670 1516 a
1711 1465 1818 1520 Deo

245 1542 548 1598 hominibus
580 1546 761 1609 datur,
794 1545 862 1598 de
881 1561 996 1614 quo
1018 1547 1198 1602 Filius
1225 1550 1316 1602 Dei
1340 1551 1563 1604 dicit":
1595 1569 1612 1601 ι
1641 1552 1819 1619 Ignem

245 1630 364 1682 veni
393 1630 609 1682 mittere
649 1631 704 1682 in
749 1639 988 1697 terram,
1036 1642 1093 1687 et
1142 1649 1305 1701 quam
1329 1636 1448 1689 volo
1485 1640 1816 1690 utaccenda-

247 1728 355 1773 tur.
393 1738 412 1772 ›
455 1721 513 1772 Si
541 1720 695 1773 enim
719 1736 831 1774 nou
863 1722 996 1787 hoc,
1036 1724 1135 1776 sed
1165 1725 1272 1776 alio
1304 1734 1356 1777 et
1387 1725 1511 1778 huic
1551 1726 1817 1779 contrario

247 1807 354 1874 igni
376 1817 622 1874 utamur,
662 1809 759 1863 illo
791 1811 887 1878 qui
929 1825 988 1864 se
1017 1811 1366 1879 transﬁgurat
1392 1814 1530 1866 sicut
1570 1813 1814 1880 angelum

244 1893 390 1954 lucis,
423 1897 628 1950 eadem
662 1897 790 1951 sine
825 1899 993 1952 dubio
1019 1900 1310 1968 patiemur,
1350 1916 1467 1968 quae
1491 1899 1669 1952 Nadab
1697 1916 1816 1968 pas-

245 1997 336 2037 sus
354 1994 436 2037 est
459 1995 519 2038 et
540 1985 748 2038 Abiud.
776 1985 1036 2055 Praecipit
1067 2001 1198 2054 ergo
1220 1991 1524 2041 mandatum
1550 1989 1813 2052 divinum,

247 2079 304 2123 ut
324 2072 633 2126 instruatur
681 2074 897 2136 Aaron,
958 2088 1025 2126 ne
1063 2075 1208 2128 omni
1251 2076 1379 2127 hora
1421 2075 1584 2128 intret
1618 2075 1726 2146 (46)
1762 2077 1813 2128 in

245 2174 418 2216 sancta
449 2163 522 2216 ad
557 2162 766 2225 altare,
802 2163 898 2216 sed
927 2177 1050 2215 cum
1081 2163 1270 2218 fecerit
1300 2166 1447 2232 prius
1469 2180 1530 2218 ea
1555 2180 1672 2234 quae
1699 2167 1809 2220 ﬁeri

243 2252 590 2314 mandantur,
625 2265 698 2304 ne
732 2251 875 2304 forte
911 2252 1197 2306 moriatur.

307 2338 348 2392 2.
381 2338 495 2392 Sed
523 2340 713 2406 primo
742 2341 992 2393 omnium
1041 2341 1387 2394 ostendamus
1411 2343 1677 2408 quomodo
1702 2343 1813 2396 haec

242 2442 346 2496 qua:
380 2432 451 2483 de
477 2429 781 2483 sacriﬁciis
815 2430 1260 2493 conscribuntur,
1291 2430 1489 2498 figuras
1517 2445 1635 2484 esse
1666 2432 1812 2500 Apo-

241 2520 401 2572 stolus
438 2520 580 2573 dicit
605 2529 664 2572 et
695 2518 932 2580 formas,
968 2533 1198 2586 quarum
1233 2521 1432 2571 veritas
1471 2520 1522 2572 in
1566 2521 1688 2573 aliis
1727 2536 1810 2574 os-

244 2611 516 2669 tendatur,
548 2624 620 2661 ne
671 2609 821 2660 forte
876 2608 1155 2660 auditores
1190 2622 1516 2675 pra-sumere
1548 2623 1645 2660 nos
1671 2609 1815 2662 arbi-

241 2709 472 2763 trentur,
508 2712 564 2754 et
587 2701 761 2768 legem
800 2701 896 2752 Dei
933 2701 986 2752 in
1019 2701 1179 2752 alium
1225 2715 1436 2753 sensum
1484 2715 1640 2769 quam
1673 2701 1810 2754 scri-

240 2797 315 2854 pta
345 2801 460 2854 est,
495 2791 776 2843 violenter
829 2788 1138 2849 inﬂectere,
1182 2790 1380 2855 quippe
1407 2791 1448 2841 si
1477 2789 1616 2842 nulla
1651 2790 1702 2842 in
1729 2791 1822 2843 lIlS'

239 2893 341 2945 qua:
364 2883 703 2942 asserimus,
729 2879 1035 2947 apostolica
1058 2879 1323 2944 praecedat
1342 2880 1654 2933 auctoritas.
1673 2879 1803 2932 Pan-

239 2967 307 3024 ltts
348 2985 490 3038 ergo
517 2972 590 3024 ad
615 2969 890 3022 Hebrteos
944 2968 1213 3032 scribens,
1255 2983 1345 3021 eos
1377 2967 1584 3021 scilicet
1611 2969 1700 3036 qui
1736 2969 1810 3022 ιθ.

1918 589 2043 642 ergo
2077 573 2331 624 Dominus
2363 580 2416 642 et
2469 571 2714 624 Salvator
2744 583 2915 630 meus,
2947 571 3047 622 hoc
3073 571 3212 638 quod
3259 569 3312 621 in
3351 579 3458 620 ter-

1919 678 2030 716 ram
2064 665 2197 716 ierat
2229 662 2547 714 resuscitare
2581 661 2723 729 (47),
2753 669 3019 712 terrenum
3057 662 3290 726 suscepit
3335 673 3456 712 cor-

1920 767 2034 818 pus,
2071 762 2126 803 ttt
2170 752 2218 804 id
2252 750 2514 803 elevatum
2547 750 2611 801 de
2647 758 2812 808 terra,
2843 756 3078 812 portaret
3125 747 3187 798 ad
3239 747 3452 799 coelum.

1918 840 1982 892 Et
2011 840 2164 906 hujus
2208 839 2444 906 mysterii
2487 846 2630 890 tenet
2668 835 2886 904 ﬁguram
2924 835 3049 898 hoc,
3079 834 3215 899 quod
3245 834 3295 885 in
3340 834 3456 900 lege

1918 929 2189 989 scribitur,
2240 936 2293 979 ut
2345 927 2482 978 linea
2529 925 2706 976 tunica
2758 925 2988 993 pontifex
3037 925 3302 976 induatur.
3350 923 3455 976 Sed

1919 1020 2058 1083 quod
2115 1016 2318 1068 addidit
2366 1015 2727 1075 sanctiﬁcata,
2769 1030 2870 1066 non
2920 1015 3090 1066 otiose
3139 1012 3454 1065 audiendum

1917 1117 2018 1162 est.
2049 1108 2389 1162 Sanctiﬁcata
2415 1122 2643 1174 namque
2671 1107 2769 1158 fuit
2817 1107 2994 1158 tunica
3031 1105 3209 1157 carnis
3233 1103 3454 1166 Christi,

1918 1213 2021 1251 non
2057 1198 2197 1250 enim
2229 1207 2345 1250 erat
2373 1212 2438 1249 ex
2461 1198 2662 1250 semine
2694 1196 2794 1248 viri
2830 1194 3209 1260 concepta,sed
3235 1207 3299 1245 ex
3331 1207 3455 1244 san-

1917 1297 2004 1340 cto
2035 1286 2234 1352 Spiritu
2293 1296 2568 1353 generata.
2605 1302 2623 1334 ι
2665 1285 2726 1336 Et
2767 1282 3066 1344 fcntoralia,
3103 1281 3270 1346 inquit
3295 1279 3360 1341 ⁸⁵,
3395 1279 3458 1330 lio

1917 1387 2014 1426 nea
2037 1374 2142 1426 sint
2175 1387 2336 1437 super
2393 1387 2586 1439 corpus
2636 1370 2772 1436 ejus.
2809 1385 2828 1418 ›
2863 1368 3140 1421 Femorale
3172 1367 3455 1419 indumen-

1919 1469 2027 1514 tum
2056 1472 2155 1523 est,
2173 1475 2276 1527 quo
2309 1461 2550 1528 pudenda
2577 1459 2817 1526 corporis
2841 1457 3050 1522 contegi
3087 1465 3139 1510 et
3161 1455 3454 1524 constringi

1917 1551 2112 1604 solent.
2139 1551 2193 1604 Si
2225 1565 2350 1619 ergo
2385 1550 2614 1617 aspicias
2662 1549 2992 1602 Salvatorem
3025 1562 3195 1598 meum
3216 1548 3458 1616 (48)sus-

1913 1641 2117 1708 cepisse
2202 1640 2419 1706 quidem
2457 1652 2684 1703 corpus,
2719 1644 2771 1688 et
2819 1637 2871 1690 in
2922 1650 3150 1702 corpore
3196 1637 3450 1701 positum,

1917 1729 2088 1794 egisse
2118 1729 2384 1781 humanos
2413 1737 2583 1788 actus,
2617 1727 2667 1778 id
2709 1734 2790 1779 cst
2826 1725 3097 1788 vescendi,
3139 1734 3192 1777 et
3217 1723 3451 1788 bibendi,

1915 1827 1968 1869 et
2028 1826 2215 1869 caetera
2278 1817 2525 1870 similia:
2565 1816 2662 1868 hoc
2712 1824 2886 1867 autem
2947 1814 3116 1866 solum
3172 1829 3302 1881 opus
3348 1828 3451 1866 non

1915 1905 2085 1972 egisse
2116 1906 2254 1966 quod
2288 1907 2350 1957 ad
2389 1905 2630 1972 pudenda
2676 1904 2916 1971 corporis
2952 1904 3453 1971 pertinet,carnem-

1914 2007 2017 2059 que
2074 1993 2188 2059 ejus
2230 2009 2399 2061 neque
2453 1997 2672 2061 nuptiis,
2709 2010 2876 2060 neque
2927 1993 3173 2051 ﬁliorum,
3203 2008 3454 2059 procrea-

1915 2083 2042 2135 tioui
2093 2085 2361 2148 patuisse,
2411 2085 2650 2137 invenies
2703 2084 2932 2150 qualiter
2977 2081 3248 2134 femoralia
3315 2083 3450 2136 linea

1915 2171 2244 2226 sanctificata
2292 2173 2553 2237 habuerit,
2595 2181 2652 2224 ut
2709 2187 2829 2224 vere
2861 2174 2924 2224 de
2963 2171 3072 2236 ipso
3114 2171 3216 2222 dici
3242 2171 3447 2231 debeat,

1916 2267 2038 2335 quia
2070 2283 2089 2316 ι
2129 2267 2491 2320 inhonestiora
2551 2275 2729 2319 nostra
2765 2265 3206 2317 abundantiorem
3255 2265 3452 2316 habent

1917 2359 2170 2410 honorem
2203 2358 2267 2411 ³⁸.
2312 2376 2329 2407 ι
2367 2357 2658 2410 Considera
2697 2365 2948 2408 tamenet
2981 2357 3152 2421 ipsum
3186 2353 3452 2420 pontiﬁcis

1913 2447 2174 2509 habitum,
2203 2447 2324 2512 quia
2350 2447 2487 2512 quod
2515 2462 2608 2509 per
2632 2455 2874 2498 naturam
2911 2444 3085 2495 minus
3115 2443 3164 2494 itt
3195 2457 3258 2493 eo
3285 2442 3451 2493 hunc-

1912 2544 2051 2589 stum
2092 2537 2325 2596 videtur,
2364 2536 2563 2587 indttlis
2601 2534 2945 2586 fetnoralibus
2987 2533 3173 2594 lineis,
3215 2541 3268 2583 et
3318 2546 3448 2583 zona

1911 2624 2239 2685 constrictis,
2270 2624 2426 2674 etiam
2469 2624 2759 2676 secundum
2803 2623 3032 2674 litteram
3059 2622 3122 2672 de
3164 2635 3228 2672 co
3259 2635 3451 2672 conve-

1912 2712 1991 2764 nit
2021 2713 2148 2775 dici,
2181 2714 2302 2781 quia
2342 2732 2358 2762 ι
2391 2713 2751 2765 iuhonestiora
2789 2710 3448 2765 nostra.abundantiorem

1912 2801 2240 2854 honestatem
2281 2801 2493 2854 habent.
2527 2820 2544 2851 ›
2581 2802 2651 2852 Ita
2691 2815 2816 2868 ergo
2847 2808 2898 2852 et
2935 2802 3105 2851 omnis
3135 2799 3222 2864 qui
3278 2798 3327 2849 in
3359 2810 3449 2848 ca-

1910 2887 2088 2939 stitate
2116 2887 2300 2939 vivens
2337 2887 2578 2938 imitatur
2607 2886 2902 2948 Christum,
2943 2890 3042 2938 hoc
3069 2884 3236 2938 solum
3267 2886 3329 2937 de
3359 2885 3451 2936 hu-

1909 2973 2080 3025 manis
2128 2973 2331 3026 actibus
2381 2975 2724 3035 nescientem,
2754 2974 2866 3040 ipse
2887 2976 3048 3026 etiam
3086 2973 3242 3025 lineis
3279 2970 3448 3025 fema-

237 3071 339 3126 gem
375 3060 611 3128 quidem
646 3057 901 3124 legerent
934 3065 989 3108 et
1025 3055 1135 3107 hate
1162 3054 1417 3107 meditata
1451 3054 1730 3116 haberent,
1757 3063 1811 3107 et

1912 3061 2106 3115 ralibus
2149 3061 2493 3114 sanctiﬁcatis
2525 3062 2738 3114 indutus
2778 3070 2879 3124 est,
2911 3071 2961 3114 et
2999 3061 3445 3114 inhoueStiorihus

238 3147 358 3203 bene
379 3158 544 3210 nota,
578 3148 678 3202 sed
707 3147 1022 3214 indigerent
1060 3143 1355 3205 intellectu,
1374 3142 1607 3208 qualiter
1622 3145 1808 3196 sentiri

239 3238 295 3290 de
314 3238 620 3294 sacrificiis
637 3237 859 3296 debeat,
889 3234 995 3286 hoc
1027 3232 1184 3285 modo
1202 3229 1327 3283 dicit
1359 3229 1402 3260 ²⁰
1435 3248 1446 3282 :
1476 3248 1492 3279 t
1529 3231 1642 3284 Non
1669 3233 1808 3284 enim

243 3327 288 3380 in
323 3337 520 3382 sancta
599 3325 925 3378 manufacta
1001 3322 1248 3374 introivit
1279 3321 1434 3375 Jesus
1490 3322 1809 3388 exemplaria

242 3426 506 3477 verorum,
566 3412 668 3467 sed
730 3412 785 3464 in
845 3411 1021 3478 ipsum
1061 3409 1278 3472 caelum,
1309 3417 1644 3478 utappareat
1671 3424 1810 3463 nunc

245 3503 395 3557 vultui
432 3503 529 3556 Dei
554 3514 667 3570 pro
700 3497 890 3552 nobis.
919 3515 938 3547 ι
961 3496 1240 3550 Etiterum
1268 3496 1394 3549 dicit
1423 3497 1486 3550 de
1517 3497 1706 3550 hostiis
1728 3498 1769 3528 ³¹
1793 3515 1806 3551 :

243 3604 262 3637 σ
283 3588 393 3646 Hoc
430 3592 583 3645 enim
605 3589 744 3642 fecit
765 3586 935 3642 semel
950 3585 1188 3653 seipsum
1219 3586 1448 3638 hostiam
1477 3585 1803 3640 offerendo.»

231 3673 321 3735 Sed
337 3682 469 3751 quid
489 3681 561 3734 de
578 3679 674 3733 his
696 3676 1012 3740 singulatim
1035 3675 1326 3742 quaerimus
1345 3675 1677 3730 testimonia?
1693 3676 1809 3729 Οιι-

219 3777 333 3825 nem
345 3769 655 3840 epistolam
671 3767 849 3835 ipsam
869 3763 938 3818 ad
955 3761 1218 3816 Hebraeos
1239 3764 1493 3830 scriptam
1513 3765 1560 3816 si
1583 3765 1700 3832 quis
1725 3779 1810 3818 re-

210 3868 461 3924 censeat,
496 3868 556 3914 et
607 3855 896 3926 prmeipue
925 3867 1047 3905 eum
1074 3852 1268 3913 locum,
1292 3853 1700 3920 nbipontiﬁcem
1729 3855 1806 3908 le-

202 3947 286 4007 xis
304 3951 536 4006 confert
562 3945 823 4018 pontifici
850 3942 1308 4011 repromissionis,
1338 3942 1404 3995 de
1430 3945 1805 4010 quoscriptum

194 4033 368 4112 237
411 4051 502 4095 est
539 4040 590 4070 ³³
629 4053 647 4089 :
697 4053 717 4087 ι
764 4033 844 4088 Tu
864 4047 924 4087 es
952 4033 1280 4086 sacerdosin
1329 4041 1586 4087 mternum
1616 4049 1806 4087 secun-

192 4126 330 4185 dum
395 4131 667 4186 ordinem
706 4123 1146 4186 Melchisedech,
1185 4140 1203 4172 ι
1260 4123 1497 4178 inveniet
1541 4124 1805 4192 quomodo

187 4224 387 4276 omnis
424 4222 522 4275 hic
571 4219 739 4270 locus
789 4213 1075 4282 Apostoli,
1127 4212 1452 4281 exemplaria
1508 4223 1562 4268 et
1605 4214 1802 4268 formas

185 4312 450 4367 ostendit
488 4321 626 4363 esse
658 4318 848 4358 rerum
884 4303 1128 4356 vivarum
1163 4311 1218 4355 et
1242 4317 1518 4366 verarum,
1555 4303 1640 4355 illa
1688 4319 1804 4371 quae

1911 3152 2019 3205 suis
2071 3152 2508 3204 abundantiorem
2553 3153 2903 3204 circumdedit
2939 3152 3296 3206 honestatem.
3341 3149 3446 3203 Tu-

1911 3239 2025 3291 nica
2059 3254 2184 3308 ergo
2226 3241 2364 3291 linea
2399 3241 2727 3312 sanctiﬁcata
2767 3241 3021 3304 induitur,
3062 3249 3116 3294 et
3167 3239 3444 3292 femoralia

1910 3328 2046 3381 linea
2081 3344 2240 3396 super
2262 3343 2454 3396 corpus
2479 3330 2591 3396 ejus
2631 3342 2771 3384 sunt.
2806 3330 2909 3382 Sed
2953 3344 3015 3380 nc
3048 3329 3186 3382 forte
3219 3330 3446 3381 femora-

1909 3416 1978 3469 lia
2009 3417 2119 3468 haec
2149 3417 2340 3483 quibus
2379 3419 2621 3484 pudenda
2670 3429 3040 3483 conteguntur,
3076 3419 3306 3470 resoluta
3331 3417 3443 3486 (49)

1908 3507 2168 3568 delluant,
2209 3516 2264 3559 et
2293 3507 2671 3573 turpitudinem
2722 3508 2980 3570 revolent,
3028 3515 3119 3557 aut
3167 3514 3441 3571 relegant,

1908 3593 2144 3662 adjungit
2182 3611 2193 3644 :
2223 3613 2244 3644 ‹
2285 3595 2396 3648 Non
2439 3596 2605 3656 enim,
2639 3597 2813 3663 inquit
2844 3597 2906 3659 ³⁷,
2943 3595 3104 3647 facies
3154 3594 3347 3661 gradus
3377 3591 3444 3644 ad

1907 3682 2093 3742 altare,
2124 3696 2190 3733 ne
2232 3681 2364 3734 forte
2386 3681 2437 3733 in
2463 3682 2544 3734 his
2585 3684 2846 3734 reveletur
2888 3681 3158 3748 turpitudo
3183 3689 3290 3730 tua.
3322 3696 3340 3728 ›
3367 3676 3443 3730 Ne

1907 3784 2036 3838 ergo
2054 3770 2322 3836 turpitudo
2343 3778 2424 3822 tua
2442 3769 2791 3822 defluentibus
2809 3768 3146 3820 femoralibus
3162 3767 3441 3827 reveletur,

1907 3873 2037 3911 zona
2064 3894 2079 3919 ,
2134 3857 2339 3923 inquit,
2384 3855 2661 3908 femoralia
2709 3856 3160 3921 constringautur.
3204 3853 3442 3916 Quodam

1908 3956 2142 4014 tempore
2181 3953 2506 4014 exponentes
2552 3944 2806 3998 Joannem
2849 3944 3161 4011 Baptistam,
3214 3953 3267 3995 ct
3313 3942 3444 3996 alias

1904 4034 2208 4100 Jeretniam,
2256 4035 2394 4101 quod
2430 4033 2692 4087 Jeremias
2725 4033 2941 4100 quidem
2967 4046 3177 4093 zonam,
3209 4029 3442 4084 Joannes

1904 4140 2030 4178 vero
2054 4124 2325 4193 pelliceam
2361 4138 2548 4176 zonam
2579 4123 2723 4175 circa
2756 4121 2964 4174 lumbos
3017 4122 3265 4173 habuisse
3292 4119 3442 4172 dice-

1903 4224 2068 4276 retur,
2091 4213 2405 4267 squicieuler
2433 4214 2760 4266 ostendimus
2788 4212 3052 4279 quomodo
3092 4225 3186 4278 per
3221 4211 3331 4263 haec
3353 4211 3442 4264 de-

1905 4302 2131 4356 claretur
2163 4303 2354 4355 iudicia
2390 4301 2500 4372 (50)
2533 4316 2657 4368 pars
2691 4301 2779 4353 illa
2815 4300 3054 4366 corporis
3084 4299 3222 4365 apud
3257 4298 3441 4366 hujus-

185 4392 252 4452 in
279 4400 407 4470 lege
442 4400 668 4468 scripta
693 4401 844 4449 sunt.
876 4392 1106 4459 Oportet
1133 4405 1261 4460 ergo
1284 4407 1382 4446 nos
1408 4407 1654 4460 quaerere
1675 4409 1803 4460 pon-
1832 4376 1878 4430 D
1909 4392 2048 4446 modi
2084 4394 2221 4444 viros
2251 4391 2323 4443 ita
2350 4398 2613 4455 emortua,
2649 4399 2706 4442 ut
2735 4403 2903 4456 neque
2950 4388 3030 4440 vel
3077 4388 3207 4440 levis
3249 4397 3442 4454 motus,

186 4486 438 4555 ﬁlicem,
467 4490 571 4558 qui
631 4482 806 4539 semel
848 4483 902 4535 in
943 4493 1107 4544 anno,
1137 4480 1190 4532 id
1240 4489 1324 4533 est
1371 4495 1469 4547 per
1508 4495 1666 4533 omne
1704 4481 1804 4536 hoc

193 4587 450 4640 praesens
483 4574 787 4633 sarculum,
819 4569 1146 4623 sacriﬁcium
1191 4568 1384 4621 obtulit
1417 4569 1526 4621 Deo
1549 4607 1564 4633 ,
1591 4571 1804 4624 indutus

197 4677 386 4732 Veste,
408 4669 595 4733 cujus,
617 4661 858 4716 Domino
878 4659 1122 4727 juvante,
1140 4671 1257 4724 quae
1279 4656 1346 4710 sit
1363 4657 1599 4723 qualitas
1620 4667 1802 4710 osten-

221 4758 430 4811 demus.
463 4772 483 4806 t
525 4752 772 4814 Tunica,
822 4747 1001 4815 inquit
1026 4746 1097 4811 ⁸³,
1133 4745 1273 4800 linea
1327 4745 1662 4799 sanctiﬁcata
1719 4746 1802 4800 in-

235 4846 441 4899 duetur.
478 4863 499 4894 ι
534 4843 738 4895 Linum
771 4838 838 4891 de
885 4845 1029 4889 terra
1063 4835 1258 4898 oritur,
1292 4835 1474 4886 tunica
1522 4846 1646 4901 ergo
1674 4849 1802 4890 san-

250 4930 466 4983 ctiftcata
492 4929 638 4982 linea
664 4924 906 4979 induitur
926 4937 1085 4977 verus
1113 4921 1356 4988 pontifex
1381 4919 1647 4984 Christus,
1675 4938 1798 4980 cum

264 5031 490 5070 naturam
526 5015 726 5071 terreni
768 5013 1007 5082 corporis
1045 5012 1232 5066 sumit.
1277 5009 1358 5062 De
1387 5020 1612 5073 corpore
1644 5013 1794 5068 enim

335 5125 381 5156 “
399 5125 420 5175 l
439 5125 578 5178 Petr.
613 5141 671 5190 ιι,
697 5127 750 5180 9.
823 5127 868 5158 ²⁹
894 5125 1020 5180 Luc.
1053 5139 1149 5186 xu,
1175 5121 1264 5190 49ζ

279 5191 326 5222 ³⁸
357 5192 622 5260 Geues.1n,
654 5187 738 5252 i9.
811 5194 857 5227 ⁸⁸
874 5195 1043 5249 Levit.
1080 5206 1191 5255 xtl,
1232 5187 1290 5238 4·

369 5346 458 5415 με)
490 5347 620 5415 Mss,
653 5370 670 5403 ι
708 5353 879 5409 intret.
916 5373 935 5407 ι
980 5351 1133 5409 Libb.
1195 5341 1434 5415 _editi,_r
1468 5343 1712 5402 intraret.
1764 5370 1784 5403 ι

288 5406 452 5492 Y‘jaitlo'
473 5429 572 5492 post
603 5406 740 5492 ipss”
771 5406 791 5471 γι
814 5406 1312 5492 έέίρέυῆίίιιοειίεηη
1335 5406 1622 5468 oﬂ'ereudo.
1651 5434 1674 5468 ι
1726 5420 1791 5474 In

318 5475 576 5549 \‘tbb_._ellilis
599 5475 745 5549 deest,
778 5507 794 5540 ι
820 5475 1053 5546 libidini.
1077 5505 1096 5536 ι

355 5545 628 5668 ωξῖἰὶιδὶεεη
661 5571 676 5603 ε
726 5545 1023 5617 resuscitare.
1063 5572 1084 5603 ι

1126 5541 1306 5600 Libb.
1341 5541 1496 5610 editi,
1532 5565 1548 5598 ι
1593 5553 1790 5607 susci-

1395 5115 1676 5187 if°_l|_ebr.nt
1693 5163 1708 5187 ,
1737 5126 1827 5182 24,

1373 5183 1418 5214 ³⁸
1450 5184 1467 5236 Ι
1497 5185 1610 5241 Cor.
1645 5183 1753 5258 xit,
1786 5198 1875 5252 25.
1951 5200 1991 5230 ³⁷
2022 5197 2186 5249 Exod.
2219 5194 2390 5256 “,26
2419 5210 2432 5258 ;
2459 5192 2625 5246 Levit.
2670 5207 2779 5254 xvt,
2803 5191 2857 5242 4.

1908 4496 2081 4548 neque
2119 4479 2254 4532 alius
2276 4479 2556 4546 quisquam
2602 4480 2653 4530 in
2689 4478 2883 4530 lumbis
2913 4491 3096 4529 eorum
3131 4475 3445 4534 fuissecre-

1908 4571 2143 4634 deretur,
2181 4571 2273 4624 sed
2316 4570 2426 4622 sola
2463 4569 2706 4633 castitas,
2730 4578 2785 4621 et
2838 4582 2968 4636 pttra
2997 4566 3266 4634 pudicitia.
3299 4565 3441 4618 Zona

1907 4675 2035 4728 ergo
2059 4659 2297 4727 pontifex
2334 4659 2471 4712 linea
2502 4658 2754 4727 cingitur,
2784 4667 2837 4710 et
2868 4657 3088 4708 cidaritn
3124 4657 3314 4708 liueatu
3342 4655 3443 4706 int-

1904 4751 2049 4820 ponit
2070 4764 2230 4818 super
2257 4759 2412 4817 caput
2438 4765 2609 4807 suum,
2649 4748 2826 4801 omnia
2859 4747 3028 4800 linea.
3057 4746 3262 4799 Cidaris
3300 4743 3440 4811 quod

1903 4841 2095 4894 dicitur
2144 4847 2360 4893 ornatus
2411 4839 2623 4905 quidam
2648 4847 2750 4902 est,
2797 4837 2887 4905 qtti
2920 4836 3079 4902 capiti
3122 4833 3437 4902 superponi-

1904 4939 2012 4992 tur,
2031 4942 2134 4997 quo
2161 4929 2324 4980 utitur
2344 4927 2577 4993 pontifex
2610 4927 2662 4978 in
2690 4924 2974 4978 oll‘ereudis
2996 4925 3208 4985 hostiis,
3236 4921 3317 4974 vel
3335 4935 3439 4973 cae-

1905 5017 2003 5071 teri
2061 5015 2390 5069 sacerdotes.
2425 5014 2528 5068 Sed
2562 5015 2922 5081 unusquisque
2968 5024 3204 5079 nostrutu
3244 5021 3438 5061 ornare

1938 5131 1978 5161 ³¹
2009 5127 2166 5180 llebr.
2192 5141 2284 5182 vtt.
2319 5124 2408 5177 97.
2463 5121 2508 5153 ³²
2531 5120 2827 5183 Psal.Ctxll.
2854 5137 2863 5178 ῑ
2947 5123 2990 5154 ³³
3024 5123 3196 5185 Levit,
3245 5131 3355 5180 XVI.
3380 5116 3432 5168 4.

1973 5357 2084 5424 (48)
2122 5353 2633 5424 CodexSangerm.,
2677 5354 2995 5424 «unostrum.
3030 5360 3051 5393 ι

1975 5416 2086 5492 (49)
2126 5425 2255 5476 Cod.
2290 5416 2652 5492 Saugértu.,_t
2683 5416 3041 5492 dissolulqonfk
3115 5487 3133 5492 Α
3161 5470 3235 5492 m:
3298 5480 3317 5492 ‘
3347 5463 3359 5492 ι

2122 5474 2316 5545 omnes
2347 5474 2506 5552 "65.,
2541 5502 2559 5534 ι
2582 5474 2818 5538 vindicia.
2856 5496 2874 5526 ι
2912 5474 3068 5528 Lihb.
3108 5474 3260 5535 editi,
3296 5480 3318 5517 ι
3345 5474 3431 5520 tn-

1905 5563 2090 5616 dicari.
2125 5577 2143 5610 ι
