3948 6234
486 291 585 356 Si!

1893 315 2204 372 ORIGENIS

487 410 643 464 debet
692 417 849 474 caput
894 426 1049 467 suum
1097 414 1517 476 sacerdotalibus
1545 433 1892 478 ornamentis.
1924 425 2009 477 Et~
2041 425 2089 479 A
2115 422 2294 485 habet,
2324 421 2484 475 etiam
2529 422 2671 489 quod
2720 422 2916 478 habet
2974 415 3314 475 auferetur
3354 417 3433 473 ab
3462 433 3557 484 eo,
3593 440 3613 472 ι
3652 435 3710 478 ιιι
3735 428 3783 481 ei

486 497 624 548 enim
655 498 778 564 quia
811 500 988 556 omnis
1013 502 1113 557 viri
1136 516 1294 573 caput
1321 508 1566 564 Christus
1585 520 1688 573 est,
1711 512 2014 579 quicunque

487 585 557 638 ita
583 588 693 654 agit
717 597 772 641 ut
795 604 861 644 ex
892 592 1101 647 actibus
1129 598 1241 650 suis
1263 600 1507 653 conferat
1535 601 1756 670 gloriam
1780 601 2012 665 Christo,

486 682 813 739 capntsuum
839 678 927 744 qui
963 688 1042 732 est
1082 679 1323 737 Christus
1360 688 1588 740 ornavit.
1616 688 1796 745 Potest
1828 699 1881 742 et
1912 689 2015 742 alio

495 764 648 813 modo
670 762 719 815 in
744 765 895 820 nobis
918 767 1132 837 intelligi
1153 773 1340 838 capitis
1359 784 1594 832 ornatus.
1617 776 1873 842 Quoniam
1898 777 2016 845 qui-

486 849 604 900 dem
626 851 763 915 quod
794 861 874 905 est
903 854 953 908 in
977 857 1128 911 nobis
1151 861 1374 926 primum
1398 877 1459 915 ac
1480 879 1763 930 summum,
1780 877 1833 920 et
1858 877 2016 936 caput

485 936 739 1000 omnium,
768 954 916 995 mens
948 953 1053 1010 est,
1086 946 1149 997 ad
1176 947 1480 1014 dignitatem
1504 953 1824 1018 pontiﬁcium
1860 971 2017 1009 exeo.

484 1017 545 1071 lit
586 1032 746 1090 caput
778 1040 951 1091 suum,
978 1032 1020 1082 si
1055 1033 1175 1099 quis
1220 1045 1449 1090 mentem
1495 1052 1645 1092 suam
1673 1041 2015 1099 adornaverit

484 1108 756 1174 Sapientiae
793 1112 1104 1183 disciplinis.
1148 1121 1252 1175 Ista
1294 1124 1457 1192 igitur
1493 1136 1617 1180 sunt
1646 1129 1836 1196 quibus
1869 1132 2014 1185 indui

486 1200 796 1268 praecipitur
810 1205 1065 1272 pontifex,
1084 1219 1137 1263 et
1164 1211 1232 1264 ita
1263 1213 1472 1270 demum
1493 1216 1711 1270 introire
1730 1217 1782 1270 in
1810 1230 2012 1286 sancta,

486 1301 555 1340 ne
578 1287 690 1342 haec
719 1305 824 1345 non
859 1293 1059 1350 habens
1089 1301 1367 1355 moriatur.

552 1378 608 1431 5.
647 1377 765 1433 Iam
816 1397 944 1437 vero
984 1386 1049 1439 de
1092 1388 1281 1443 hostiis
1328 1393 1566 1458 quaedam
1596 1396 1805 1460 quidem
1848 1397 2015 1465 ipsius

480 1467 800 1521 mandantur
850 1472 1043 1526 debere
1080 1489 1195 1529 esse
1237 1479 1520 1545 pontiﬁcis,
1554 1486 1791 1550 quaedam
1829 1501 1955 1541 vero
1985 1504 2014 1540 a

478 1554 673 1621 populo
713 1560 984 1613 sumenda:
1024 1562 1153 1631 (51).
1189 1564 1354 1632 Ipsius
1385 1569 1525 1621 enim
1574 1571 1765 1625 dicitur
1795 1575 2011 1638 vitulus,

481 1643 621 1708 quod
654 1654 735 1699 est
782 1648 835 1702 in
873 1652 1190 1709 animalibus
1232 1658 1515 1723 pretiosius
1549 1671 1601 1715 et
1632 1663 1917 1719 robustius.
1950 1667 2013 1719 Et

481 1735 775 1789 secundum
805 1739 1000 1792 animal
1042 1743 1201 1808 aries,
1236 1747 1376 1813 quod
1412 1747 1462 1799 in
1494 1751 1680 1804 ovibus
1708 1753 1823 1806 sine
1851 1755 2011 1808 dubio

481 1820 767 1884 pretiosius
791 1836 893 1880 est.
932 1830 977 1882 Δ
1023 1833 1212 1897 populo
1261 1849 1388 1886 vero
1412 1839 1899 1905 munerajubentur
1927 1843 2011 1896 of-

487 1906 633 1971 ferri,
687 1913 825 1967 aries
869 1931 896 1967 a
932 1918 1282 1986 principibus,
1310 1933 1363 1975 et
1398 1925 1528 1978 hirci
1557 1928 1660 1980 duo
1717 1943 1745 1981 a
1793 1932 2009 1999 populo.

487 1993 634 2050 Unus
659 1999 749 2064 qui
781 2001 1077 2059 dimittatur
1103 2009 1153 2060 in
1179 2023 1434 2077 eremum,
1455 2015 1545 2081 qui
1566 2024 1619 2069 et
1646 1993 2009 2087 apopompazus
2032 2058 2051 2065 ι

481 2086 807 2151 nominatur,
837 2099 893 2143 et
916 2107 1051 2146 unus
1070 2097 1158 2162 qui
1190 2099 1411 2154 Domino
1450 2100 1727 2160 oderatur.
1779 2104 1835 2159 Si
1869 2117 2012 2162 esset

482 2174 657 2227 omnis
685 2179 877 2243 populo
917 2182 1006 2235 Del
1034 2194 1272 2250 sanctus,
1310 2198 1361 2243 et
1392 2205 1577 2245 omnes
1627 2205 1807 2248 essent
1847 2196 2008 2264 beati,

483 2273 586 2312 non
642 2261 958 2322 ﬁerentduaa
984 2280 1157 2325 sortes
1212 2289 1370 2342 super
1399 2278 1563 2332 hircis
1596 2299 1609 2334 :
1643 2291 1696 2334 et
1731 2299 1864 2338 unus
1894 2285 2013 2353 qni-

480 2344 598 2396 dem
645 2358 842 2404 sortem
892 2354 1094 2420 ferret,
1136 2367 1194 2412 ut
1247 2361 1604 2420 dimitteretur
1648 2370 1702 2422 in
1749 2385 2007 2435 eremum.

483 2435 621 2489 alius
652 2452 776 2493 vero
800 2449 857 2494 ut
884 2443 1102 2499 Domino
1126 2447 1396 2515 offeretur,
1427 2456 1516 2508 sed
1565 2467 1703 2512 esset
1731 2475 1847 2514 sors
1886 2478 2003 2522 una,

482 2532 532 2575 et
572 2524 741 2599 hostia
786 2545 887 2582 una
920 2533 1141 2589 Domino
1188 2538 1307 2594 soli.
1346 2540 1495 2596 Nunc
1527 2559 1652 2597 vero
1679 2549 1925 2614 quoniam
1958 2551 2007 2603 in

482 2613 819 2670 multitudine
841 2633 1025 2674 eorum
1049 2626 1137 2690 qui
1166 2629 1422 2683 accedunt
1448 2633 1511 2685 ad
1557 2634 1852 2700 Dominum,
1886 2649 2011 2692 sunt

481 2703 693 2767 quidam
724 2699 1072 2771 Domini,‘alii
1103 2723 1275 2766 autem
1315 2728 1458 2778 sunt.
1502 2721 1588 2787 qui
1627 2723 1763 2775 mitti
1795 2699 1860 2778 ad
1890 2741 2010 2781 ere-

482 2805 622 2843 mum
666 2794 911 2865 debeant,
952 2799 1001 2852 id
1027 2803 1216 2868 estqui
1243 2804 1398 2871 abjici
1431 2820 1717 2875 merentur,
1763 2823 1816 2865 et
1856 2831 2010 2885 sepa-

480 2880 587 2931 rari
619 2882 684 2934 ab
715 2883 883 2938 hostia
914 2886 1119 2942 Domini
1164 2908 1177 2944 :
1212 2906 1486 2961 propterea
1522 2912 1642 2964 pars
1678 2900 1864 2955 hostiae
1890 2880 2009 2972 quae

2112 511 2336 564 addatur
2363 510 2454 578 qui
2477 511 2639 564 habet
2665 511 2887 564 multas
2928 523 3120 564 muas
3149 515 3564 575 peccatorum.
3594 509 3781 567 Verum

2113 601 2365 668 quoniam
2389 601 2434 653 is
2449 600 2539 667 qui
2565 600 2619 653 in
2644 608 2797 654 sorte
2826 598 3084 654 Domini
3130 605 3261 660 est,
3296 610 3470 665 spem
3506 599 3651 666 gerit
3685 616 3783 657 non

2115 691 2167 742 in
2195 691 2445 757 praesenti
2472 690 2689 756 saeculo,
2718 692 2825 745 sed
2855 693 2918 743 in
2938 691 3191 750 iuturo,
3226 697 3293 741 et
3326 686 3501 751 cujus
3533 702 3654 744 sors
3687 691 3784 746 Do-

2114 776 2296 830 minus
2347 786 2455 839 est,
2492 778 2735 845 quotidie
2763 780 3071 842 moritur;
3107 785 3444 844 propterea
3483 777 3534 831 is
3580 780 3785 847 quidem

2115 880 2277 932 super
2297 880 2458 933 quem
2485 880 2606 920 sors
2643 866 2864 921 Domini
2906 868 3177 929 cecidit,
3212 865 3558 933 iugulatur,
3587 876 3644 920 et
3682 882 3789 922 mo-

2116 953 2274 1016 ritur,
2313 963 2371 1006 ut
2419 956 2683 1022 sanguine
2722 970 2827 1009 suo
2864 955 3173 1023 purificet
3218 953 3516 1022 populum
3559 955 3684 1020 Dei;
3712 957 3793 1011 ilic

2115 1050 2296 1094 autem
2349 1042 2438 1108 qui
2469 1043 2522 1115 in
2555 1052 2763 1096 sortem
2798 1042 3193 1096 contrariam
3246 1041 3570 1106 ceciderit,
3592 1053 3793 1097 nonest

2116 1128 2310 1196 dignus
2340 1137 2400 1181 ut
2425 1128 2866 1196 moriatur,quia
2884 1130 2984 1198 qui
3018 1129 3082 1182 in
3118 1136 3301 1185 sorte
3339 1128 3575 1185 Domini
3592 1140 3676 1186 est
3695 1148 3790 1186 non

2113 1223 2197 1266 est
2225 1212 2293 1266 de
2328 1214 2430 1268 hoc
2455 1216 2659 1267 mundo
2687 1235 2700 1270 :
2738 1216 2830 1271 ille
2860 1230 3004 1269 vero
3041 1215 3130 1269 de
3160 1217 3285 1273 hoc
3313 1218 3542 1272 mundo
3575 1226 3681 1281 est,
3710 1218 3790 1284 qui

2114 1300 2167 1352 in
2196 1302 2397 1354 mundo
2427 1303 2746 1366 dimittitur,
2778 1312 2837 1361 et
2874 1304 3148 1358 mundus
3185 1304 3359 1371 quod
3413 1320 3585 1360 suum
3609 1315 3692 1361 est
3716 1306 3791 1360 di-

2114 1391 2250 1458 ligit.
2288 1390 2408 1443 Ideo
2432 1407 2549 1445 non'
2569 1394 2871 1457 occiditur,
2905 1409 3017 1448 nec
3045 1394 3284 1464 dignus
3313 1406 3413 1452 est
3456 1395 3699 1465 iugulari
3733 1396 3794 1451 ad

2114 1480 2282 1533 altare
2313 1480 2433 1544 Dei,
2469 1495 2574 1535 nec
2604 1484 2833 1552 sanguis
2865 1483 2999 1550 ejus
3061 1485 3147 1540 ad
3203 1486 3414 1539 basim
3467 1484 3665 1541 altaris
3693 1499 3796 1543 mo-

2116 1576 2265 1620 retur
2301 1567 2529 1625 effundi.

2163 1658 2238 1709 .4.
2282 1658 2386 1711 Sed
2443 1661 2725 1715 videamus
2768 1664 2902 1731 quis
2946 1671 3047 1717 est
3085 1663 3195 1716 hic
3241 1663 3354 1731 qui
3405 1662 3621 1731 accipit
3656 1678 3793 1727 eum,

2117 1747 2271 1815 cujus
2321 1763 2440 1802 sors
2470 1754 2814 1819 apopompazi
2862 1751 3030 1806 facta
3067 1761 3216 1816 est,
3255 1764 3327 1807 ut
3364 1768 3506 1808 eum
3541 1754 3722 1819 eiiciat
3745 1755 3793 1807 in

2098 1848 2374 1905 peremunt.
2406 1854 2423 1886 ι
2460 1837 2652 1903 Homo,
2703 1839 2889 1908 inquit
2913 1840 2995 1903 “,
3039 1850 3319 1906 paratus
3404 1840 3647 1909 accipiet
3682 1841 3788 1894 hir-

2115 1939 2260 1988 cum,
2302 1927 2392 1993 qui
2419 1929 2629 1981 venerit
2658 1930 2709 1982 in
2743 1941 2969 1984 sortem
3009 1931 3189 1999 ejus,
3225 1931 3331 1985 cui
3387 1931 3661 1985 ceciderit
3684 1945 3793 1986 sors

2114 2016 2465 2081 ap0pomptci,
2491 2025 2544 2067 et
2567 2017 2807 2071 adducet
2832 2032 2974 2071 eum
3011 2020 3078 2072 in
3105 2033 3425 2074 eremum.
3467 2039 3489 2072 ι
3517 2019 3668 2074 Finis
3686 2034 3791 2074 sor-

2119 2101 2186 2153 tis
2223 2101 2377 2155 istius
2420 2117 2638 2157 eremus
2680 2114 2794 2168 est,
2832 2107 2889 2160 id
2922 2115 3023 2160 est
3058 2108 3245 2163 locus
3292 2110 3591 2175 desertus,
3623 2109 3790 2163 deser-

2117 2200 2201 2244 tus
2228 2193 2547 2257 virtutibus,
2578 2194 2835 2250 desertus
2885 2198 3044 2262 Deo,
3089 2199 3388 2253 desertus
3427 2199 3679 2269 iustitia,
3707 2199 3791 2252 de-

2115 2291 2293 2335 sertus
2344 2282 2582 2347 Christo,
2616 2286 2875 2341 desertus
2933 2290 3120 2342 omni
3184 2290 3382 2346 bono.
3432 2291 3507 2346 Et
3543 2306 3643 2345 nos
3672 2304 3789 2357 ergo

2115 2370 2351 2437 singulos
2379 2383 2561 2427 manet
2591 2389 2713 2429 sors
2745 2392 2859 2430 una
2904 2392 2940 2431 e
2972 2379 3262 2434 duabus.
3301 2384 3424 2433 Aut
3474 2381 3624 2434 enim
3668 2380 3790 2432 bene

2114 2469 2356 2527 agentes,
2391 2478 2513 2517 sors
2543 2464 2758 2518 Domini
2791 2483 3040 2534 sumus,
3082 2482 3196 2525 aut
3242 2471 3407 2526 male
3435 2482 3787 2540 agentessors

2115 2556 2296 2599 nostra
2330 2562 2429 2601 nos
2454 2551 2603 2604 ducit
2636 2551 2702 2604 ad
2730 2569 3036 2615 eremum.
3062 2559 3185 2615 Vis
3226 2562 3340 2614 tibi
3376 2561 3667 2615 evidenter
3686 2556 3786 2628 (55)

2113 2636 2387 2690 ostendam
2446 2639 2719 2704 quomodo
2758 2641 2882 2694 ista:
2941 2646 3092 2697 duae
3143 2657 3353 2702 sortes
3416 2660 3642 2714 semper
3671 2658 3786 2711 ope-

2115 2733 2317 2785 rentur,
2350 2735 2405 2775 et
2461 2727 2845 2795 unusquisque
2893 2741 3195 2786 nostrqu
3242 2744 3351 2788 aut
3390 2750 3520 2788 sors
3567 2731 3785 2792 Domini,

2112 2820 2203 2862 aut
2233 2826 2353 2865 sors
2383 2816 2719 2881 apopontpani
2764 2818 2851 2870 vel
2896 2823 3109 2874 eremi
3174 2824 3286 2876 ﬁat
3323 2825 3351 2877 τ
3380 2823 3685 2879 Considera
3736 2822 3783 2875 iu

2114 2900 2418 2969 Evangeliis
2444 2902 2591 2954 illum
2646 2907 2879 2965 divitem
2920 2912 3258 2967 viventem
3305 2914 3611 2982 splendide
3633 2923 3685 2968 et
3714 2913 3787 2965 lu-

480 2967 706 3023 oli’ertur
727 2987 754 3024 a
783 2975 995 3042 populo,
1040 2979 1089 3033 id
1133 2989 1214 3033 est
1246 2997 1382 3035 unus
1410 2984 1553 3038 solus
1584 2988 1760 3042 hircus
1788 2992 2008 3050 Domino
2035 3011 2078 3068 ε
2113 2993 2348 3057 xurioso,
2388 3002 2441 3045 et
2470 2992 2746 3048 Lazarum
2786 2998 2856 3050 ad
2895 2999 3175 3065 ianuam
3209 3005 3348 3071 ejus
3374 3007 3681 3075 iacentem.
3717 3005 3789 3056 υί-

483 3054 809 3125 immolatur,
838 3063 973 3119 alius
992 3078 1165 3120 autem
1194 3068 1455 3136 abjicitur,
1484 3084 1536 3127 et
1572 3075 1622 3129 in
1675 3093 1909 3135 eremmn
1936 3086 2010 3138 di-

485 3147 734 3213 mittitur,
779 3163 831 3205 et
879 3168 1254 3226 apopomparus
1285 3165 1604 3220 nominatur.
1651 3168 1777 3225 Sors
1832 3182 2006 3229 tamen

483 3233 623 3286 cadit
644 3251 803 3302 super
832 3250 1131 3310 utrumque,
1159 3257 1212 3300 et
1242 3247 1324 3302 ille
1348 3252 1557 3319 quidem
1582 3255 1669 3321 qui
1694 3257 1743 3308 in
1772 3273 2005 3314 eremum

489 3321 787 3390 dimittitur,
819 3328 1011 3382 dicitur
1035 3337 1171 3398 quod
1214 3336 1323 3403 ipse
1357 3337 1559 3392 auferat
1605 3357 1764 3411 super
1789 3361 1846 3398 se
1889 3363 2013 3412 pec-

486 3421 600 3463 cata
639 3413 861 3469 ﬁliorum
894 3419 1073 3486 Israel,
1109 3437 1162 3476 et
1191 3426 1474 3501 iniustitias
1501 3447 1706 3498 eorum,
1736 3447 1787 3490 et
1816 3439 2010 3508 iniqui-

485 3508 620 3554 tates
656 3503 906 3571 ipsorum.
933 3509 1044 3564 Non
1065 3515 1204 3566 enim
1235 3516 1318 3569 ille
1344 3519 1522 3575 hircus
1545 3524 1632 3591 qui
1662 3525 1867 3581 Domini
1893 3545 2009 3583 sors

485 3588 728 3658 edicitur,
774 3596 864 3649 sed
903 3598 988 3651 ille
1041 3602 1190 3669 cuius
1228 3619 1345 3660 sors
1366 3620 1445 3662 est
1476 3621 1534 3663 ut
1561 3588 1624 3666 vin
1651 3628 1886 3671 eremum
1927 3621 2008 3675 di—

486 3682 746 3747 mittatur,
773 3686 982 3742 auferre
1007 3705 1067 3743 ea
1093 3692 1308 3757 dicitur,
1336 3701 1621 3754 secundum
1658 3703 1802 3765 illud.
1830 3710 2010 3774 credo,

483 3771 622 3838 quod
652 3774 908 3841 scriptum
931 3788 1012 3831 est
1035 3779 1117 3832 ³ος
1154 3800 1172 3832 ι
1214 3784 1340 3839 Dedi
1367 3790 1831 3845 commutationem
1866 3771 2010 3850 tuam

485 3859 789 3929 Egyptum,
819 3875 872 3920 et
900 3867 1250 3937 Ethiopiam,
1290 3885 1343 3929 et
1396 3876 1619 3931 Soenem
1660 3881 1770 3951 (ὃὲ)
1800 3898 1895 3949 pro
1941 3896 2010 3951 te,

488 3961 549 3999 ex
574 3964 678 4016 quo
707 3960 757 4002 tu
809 3954 1133 4011 honorabilis
1160 3959 1328 4017 factus
1368 3977 1427 4016 es
1454 3964 1504 4017 in
1531 3976 1812 4032 conspectu
1854 3969 2016 4040 238

488 4054 625 4094 meo.
660 4061 678 4093 ι
711 4043 934 4098 Peccata
974 4047 1133 4114 igitur
1161 4065 1345 4104 eorum
1375 4054 1461 4120 qui
1495 4056 1858 4121 paenitentiam
1895 4073 2015 4128 ege-

484 4139 627 4194 runt,
645 4139 699 4184 et
740 4147 921 4186 eorum
957 4137 1044 4202 qui
1094 4138 1491 4207 dereliquerunt
1536 4143 1812 4208 malitiam,
1857 4162 2015 4214 super

486 4220 659 4285 capita
702 4236 794 4274 sua
844 4226 1138 4293 suscipiunt
1179 4229 1229 4281 hi
1260 4230 1347 4296 qni
1397 4230 1567 4284 effecti
1613 4242 1735 4284 sunt
1780 4234 1831 4285 in
1869 4246 2014 4289 sorte

484 4306 618 4372 eius,
652 4310 740 4375 qui
787 4311 838 4363 in
887 4326 1122 4365 eremum
1154 4315 1458 4380 dimittitur,
1485 4318 1572 4384 qui
1603 4321 1804 4386 seipsos
1829 4322 2015 4388 dignos
2048 4325 2089 4378 D
2121 4335 2267 4379 tttutu
2289 4341 2407 4380 cum
2445 4327 2529 4382 his

487 4395 574 4446 tali
601 4397 919 4464 ministerio,
946 4401 1025 4453 vel
1056 4402 1354 4470 hujusmodi
1400 4415 1542 4458 sorte
1579 4407 1836 4462 fecerunt.
1872 4411 2015 4464 Con-

486 4486 629 4537 venit
655 4496 828 4540 autem
861 4488 1001 4542 velut
1024 4492 1321 4544 econtrario
1345 4494 1515 4561 aptari
1549 4494 1629 4547 his
1649 4505 1700 4548 et
1723 4496 1846 4549 illud
1875 4499 2017 4564 quod

487 4572 682 4626 dictum
735 4586 818 4629 est
852 4578 938 4627 ’9:
979 4596 997 4627 ι
1059 4579 1157 4644 Qui
1216 4581 1372 4634 habet
1422 4581 1634 4635 dabitur
1672 4584 1742 4640 ei.
1802 4602 1821 4634 ι
1864 4585 2018 4640 Sicut

485 4661 623 4711 enim
648 4663 734 4729 qui
768 4665 1170 4733 habetiustitias
1205 4668 1414 4719 dabitur
1437 4670 1484 4720 ei
1516 4685 1530 4719 :
1565 4671 1633 4721 ita
1668 4679 1720 4723 et
1743 4672 1831 4738 qui
1859 4673 2018 4726 habet

489 4762 726 4813 peccata,
748 4752 798 4803 in
838 4762 1039 4806 tantum
1071 4762 1127 4805 ιιι
1154 4755 1206 4806 in
1236 4764 1377 4807 sorte
1407 4758 1731 4823 ap0pompmi
1783 4759 2018 4812 invenia-

492 4843 576 4885 tur
602 4836 740 4891 illius
767 4839 854 4907 qui
900 4841 949 4893 in
987 4855 1221 4893 eremum
1255 4839 1556 4903 emittitur;
1590 4844 1850 4895 addentur
1885 4847 1931 4898 ei
1956 4863 2016 4901 ea

491 4937 605 4990 qua:
628 4926 996 4997 abstergentur
1028 4943 1055 4980 a
1081 4930 1299 4992 sancis,
1331 4935 1385 4977 nt
1413 4935 1464 4977 et
1495 4927 1545 4979 in
1591 4928 1718 4995 ipsis
1749 4935 2017 5000 complea-

493 5017 578 5060 tur
618 5015 755 5079 quod
786 5013 1041 5082 scriptum
1077 5025 1157 5066 est
1181 5014 1262 5066 “z
1298 5030 1316 5064 ι
1359 5014 1437 5066 Ab
1463 5027 1526 5065 eo
1574 5023 1749 5066 autem
1788 5019 1876 5081 qui
1916 5036 2018 5073 non

561 5123 605 5155 ³⁸
637 5126 736 5181 lsa.
784 5142 947 5191 mn,
974 5128 1027 5181 5.
1099 5128 1141 5158 ³⁹
1169 5127 1350 5181 Matth.
1393 5139 1507 5188 ιιιι.
1543 5124 1620 5177 12.
1696 5126 1739 5155 δυ
1770 5126 1894 5180 ibid.
1967 5131 2009 5162 δι

2163 5151 2210 5195 ηι.
2235 5159 2344 5210 xw,
2380 5149 2447 5203 10
2476 5162 2530 5206 et
2566 5154 2660 5210 21.

563 5262 671 5327 (5i)
708 5263 854 5326 Mss.,
879 5281 897 5313 ι
919 5262 1203 5316 Sumendae.
1232 5280 1249 5311 ι
1272 5261 1419 5313 Lihb.
1448 5259 1597 5320 editi,
1633 5277 1651 5309 ι
1696 5264 1967 5316 sumenda.
2001 5284 2019 5315 ι

564 5329 672 5393 (52)
713 5330 860 5390 Mss..
903 5348 922 5381 ι
966 5330 1212 5382 Soenem.
1245 5347 1264 5379 ι
1307 5329 1458 5380 Lihh.
1484 5327 1640 5388 editi,
1676 5344 1694 5374 ι
1736 5327 2017 5393 Syr-nem.»

565 5396 673 5463 (5'5)
712 5396 764 5447 In
818 5399 945 5452 libb.
991 5406 1143 5451 antea
1194 5397 1350 5451 editis
1399 5397 1570 5458 deest,
1604 5410 1623 5442 ι
1667 5397 1957 5461 evidenter,
1999 5418 2017 5449 ι

497 5464 632 5524 qnnl
666 5465 959 5518 restituitur
985 5480 1047 5518 ex
1079 5479 1204 5517 mss.

570 5525 678 5591 (5t)
702 5527 881 5585 Codex
910 5534 1189 5601 Sangerm.
1214 5548 1232 5582 ι
1257 5531 1311 5584 in
1338 5531 1490 5591 sinus
1506 5528 1794 5582 Abraham.
1822 5529 2021 5586 Simili»

2107 3081 2317 3135 ceribus
2340 3081 2577 3147 plenum,
2598 3094 2653 3135 et
2686 3084 3030 3150 cupientem
3068 3096 3356 3147 saturari
3390 3097 3464 3148 de
3502 3097 3658 3148 micis
3682 3110 3787 3163 quae

2107 3170 2370 3224 cadebant
2412 3169 2478 3222 de
2532 3186 2723 3224 mensa
2773 3175 3004 3239 divitis,
3069 3182 3233 3247 quis
3302 3184 3444 3235 linis
3487 3183 3787 3254 designatur

2108 3256 2417 3323 utriusque:
2447 3274 2465 3305 ι
2491 3255 2734 3312 Μεινιιιιιε
2786 3272 2896 3325 est,
2940 3263 3167 3333 inquit
3196 3271 3276 3332 “,
3308 3269 3589 3337 Lazarus,
3617 3282 3670 3325 et
3704 3273 3786 3323 ab.

2108 3347 2299 3397 ductus
2328 3356 2409 3399 est
2453 3348 2522 3399 ab
2573 3349 2787 3415 angelis
2823 3351 2878 3402 in
2937 3354 3170 3410 sinum
3210 3361 3504 3416 Abrahaa.
3541 3360 3788 3415 Similiter

2110 3442 2285 3482 autem
2320 3441 2373 3483 et
2405 3432 2579 3497 dives,
2618 3447 2672 3486 et
2701 3436 2992 3497 abductus
3029 3455 3147 3498 est
3185 3449 3264 3501 ad
3309 3448 3607 3503 infernum
3635 3451 3685 3501 in
3721 3451 3789 3501 loc

2108 3535 2228 3573 cum
2259 3523 2508 3574 tormenti
2548 3524 2687 3590 (54).
2731 3544 2747 3575 ι
2811 3530 3309 3591 Animadvertis
3340 3541 3645 3593 evidenter
3689 3540 3789 3592 loca

2109 3612 2269 3664 sortis
2301 3612 2585 3679 utriusque
2616 3617 2903 3673 distincta.
2956 3624 3131 3680 Vide
3168 3631 3366 3684 etiam
3417 3634 3518 3700 qui
3548 3642 3674 3686 sunt
3708 3630 3789 3699 qui

2110 3699 2373 3752 abducunt
2420 3699 2557 3769 (55),
2588 3707 2810 3774 angeli,
2848 3711 3103 3781 inquit,
3172 3723 3283 3790 qui
3344 3699 3581 3792 semper
3632 3721 3789 3791 parati

2110 3797 2232 3840 sunt
2262 3790 2326 3841 ad
2353 3791 2744 3849 abducemlum.
2795 3799 3057 3857 Ministri
3110 3811 3289 3864 enim
3325 3811 3430 3866 Dei
3458 3790 3595 3866 sunt
3615 3814 3679 3866 ad
3706 3812 3793 3864 hoc

2112 3877 2282 3944 ipsum
2310 3880 2583 3947 destinati,
2614 3885 2707 3951 qui
2746 3886 3036 3958 impleant
3072 3912 3330 3956 sortem
3366 3920 3547 3973 quam
3573 3904 3666 3957 tibi
3694 3904 3795 3970 ipse

2114 3968 2409 4035 paraveris.
2446 3968 2502 4021 Si
2529 3972 2677 4024 enim
2742 3976 2891 4032 bene
2953 3983 3237 4053 vixeris,
3282 3993 3337 4047 si
3384 3968 3647 4067 vfregeris
3686 4008 3797 4048 estl-

2113 4056 2269 4109 rienti
2294 4071 2481 4125 panem
2507 4069 2660 4115 tuum
2713 4079 2784 4119 ex
2823 4069 3056 4139 animo,
3090 4089 3170 4132 et
3234 4085 3471 4137 nudum
3500 4056 3791 4144 wvestieris,

2115 4155 2316 4199 rectmu
2358 4145 2621 4213 indicium
2668 4152 3055 4230 iudicaveris,
3103 4168 3341 4241 iniquo
3377 4177 3679 4230 adversum
3706 4175 3799 4227 ini-

2115 4239 2370 4304 quitatem
2411 4254 2562 4293 suam
2607 4245 2928 4316 restiteris,
2985 4269 3113 4309 nec
3171 4239 3468 4329 posueris
3519 4268 3797 4322 consilium

2557 4332 2647 4397 qui
2684 4333 2920 4402 laqueos
2945 4341 3417 4410 innocentibus
3447 4368 3673 4426 parant,
3692 4372 3800 4411 sor-

2123 4424 2228 4468 tem
2261 4426 2403 4467 tuam
2454 4416 2624 4473 facies
2674 4423 3011 4484 Dominum.
3062 4435 3141 4489 Si
3191 4456 3347 4498 vero
3384 4416 3612 4502 libidini
3644 4450 3801 4500 inser-

2120 4503 2255 4567 vias,
2290 4504 2575 4570 voluptatis
2609 4522 2833 4581 ama‘tor
2881 4518 2962 4572 sis
2999 4530 3218 4594 magis
3257 4547 3448 4600 quam
3477 4534 3602 4602 Dei,
3634 4549 3798 4589 sacu-

2119 4591 2228 4643 lmu
2265 4592 2482 4661 diligas,
2519 4597 2787 4653 malitiam
2836 4620 2950 4660 non
2984 4591 3241 4684 oderis,
3278 4591 3524 4678 'sortem
3553 4591 3700 4679 tuam
3728 4624 3799 4677 fe-

2121 4680 2238 4731 cisti
2288 4685 2637 4752 apopomptei,
2678 4697 2741 4740 ut
2783 4692 3109 4756 abducaris
3153 4705 3221 4762 in
3262 4727 3543 4768 eremum
3570 4730 3667 4785 per
3694 4732 3800 4770 ma-

2120 4781 2244 4818 num
2271 4770 2503 4825 ministri
2537 4773 2655 4840 Dei,
2691 4779 2787 4845 qui
2816 4781 2870 4834 in
2904 4785 3017 4839 hoc
3042 4789 3261 4858 ipsum
3300 4813 3335 4851 a
3378 4803 3503 4856 Deo
3526 4770 3803 4857 o;diuatus

2122 4864 2200 4907 est
2245 4867 2339 4909 :ct
2375 4858 2496 4912 ideo
2528 4874 2749 4929 paratus
2783 4875 3143 4946 appellatur,
3170 4888 3321 4953 quia
3355 4906 3667 4957 personam
3692 4890 3802 4946 nul-

2124 4941 2223 4994 lius
2247 4945 2543 5013 ernhescit,
2575 4966 2676 5004 nec
2721 4955 2954 5025 divitis,
2983 4982 3091 5022 nec
3147 4941 3464 5045 porculis,
3506 4998 3614 5037 ηερ
3646 4983 3799 5050 regis,

2124 5044 2223 5083 nec
2255 5037 2575 5093 sacerdotis.
2610 5041 2706 5097 Vis
2764 5060 2966 5108 autem
3005 5037 3168 5117 scire
3224 5070 3376 5135 quia
3417 5037 3493 5125 a'd
3554 5087 3658 5128 nos
3689 5037 3804 5143 Eor-

2736 5159 2788 5192 “
2823 5163 2969 5226 Luc.
3014 5188 3139 5240 xvt,
3168 5177 3280 5234 εξ.

2206 5299 2460 5351 'ctuwes
2486 5299 2758 5344 aunuctns
2794 5307 2889 5351 est
2916 5299 2977 5354 in
3015 5303 3197 5361 locum
3241 5317 3568 5371 tormenti,
3606 5335 3631 5372 ι

2563 5356 2735 5409 editi.
2800 5380 2821 5409 ι
2855 5370 3150 5409 addunnns
3235 5395 3259 5409 .
3329 5392 3390 5409 ε..
3458 5386 3631 5409 ..---ι-

2201 5370 2310 5408 tW)
2349 5370 2514 5403 mnu.
2563 5370 2736 5426 euttt,
2800 5380 2821 5413 ι
2855 5370 3187 5435 adducunt.
3234 5395 3260 5428 ι
3327 5392 3396 5434 et
3457 5370 3635 5453 paulo
3670 5394 3804 5453 post.

2133 5410 2241 5483 χειά
2289 5412 2705 5481 adducendum.
2753 5450 2774 5483 ι
2813 5432 2936 5483 Sed
2968 5456 3090 5483 mea
3143 5453 3192 5483 ..ι
3251 5446 3317 5483 ς..
3370 5465 3585 5483 mm..-
3639 5464 3785 5483 .--...

2125 5473 2393 5547 Caeterum
2447 5473 2679 5547 consule

2124 5553 2312 5603 quasi.
2345 5545 2381 5600 5

2813 5432 2936 5515 Sed
2968 5456 3113 5515 mss,
3143 5432 3193 5498 ut
3251 5446 3318 5498 in
3348 5432 3807 5515 ’iaoé'i‘rFté’i'ﬁi;

2443 5499 2711 5623 [ignauia
2734 5499 3011 5569 liuetium
3071 5499 3351 5579 Origeuia
3364 5499 3583 5574 dar];
3609 5499 3725 5579 liii.—
3752 5499 3809 5583 Il:

2564 5578 2603 5616 ι.
2722 5612 2736 5623 .

2391 5589 2407 5611 ι
2443 5589 2603 5616 ιιιιιιισ
2639 5589 2736 5627 ὓς,
