3948 6246
1477 305 1544 359 ΙΝ
1581 306 1938 362 LEVITICUM
1967 306 2238 361 HOMILM
2269 308 2359 361 IX.
2876 306 2881 307 7
3405 306 3518 360 5M

137 368 189 422 sq
246 452 274 466 Δ
366 369 529 466 ωδε
588 364 893 466 dicuntur
925 386 956 441 τ
994 391 1331 466 Animalia

238 452 280 509 ι
346 414 1331 509 Σώἑὶωῖἐνιέὲζιηῆἱῗηιιηαιιθ
1384 427 1501 473 haec
1556 435 1672 487 quae
1717 433 1888 474 sortes
1916 426 1960 480 Α
1994 437 2010 467 ι
2064 433 2182 471 cum
2248 416 2509 481 potestate
2578 414 2848 509 traduxit,
2920 414 3249 482 triumphans
3307 430 3399 469 eos
3456 418 3513 467 in

151 464 280 524 me
296 464 658 555 o4ntpiunt
688 464 755 536 (5

756 468 1021 573 6%}100
1066 504 1225 552 sunt
1266 468 1694 573 immundaInec
1717 510 1883 563 aliena
1984 506 2286 572 sentietipeo.
2320 522 2338 553 ι
2377 501 2650 564 Traduxit,
2690 517 2796 568 quo
2840 503 3106 565 traduxit,
3157 504 3258 555 nisi
3291 504 3355 556 ad
3387 518 3512 557 ere-

165 562 276 663 ctis“
296 548 882 663 'itt‘lgts‘AD‘etased
918 581 1163 636 munda
1202 601 1363 657 sunt,
1389 548 1580 663 etque;
1603 598 1653 650 in
1680 599 1883 652 sacrifi-

195 629 341 678 \\‘\V
507 642 522 656 .
1046 629 1163 636 ί-η-
1202 629 1363 657 ...ι-η,
1389 629 1444 648 υ.
1463 629 1578 663 Ψιοτ
1603 629 1653 650 ι..
1680 629 1883 652 Μυκη-

211 637 547 756 ii‘w‘ft‘:
569 645 773 756 εξιὶῗῖὶὶ
791 666 917 756 tant
947 664 1117 722 scias
1159 674 1291 733 haec
1328 679 1550 750 ﬁguram
1575 694 1752 739 tenere
1781 701 1884 740 non

248 737 557 847 ξξίιῖὲιῆ
597 748 769 847 eum.
803 745 990 847 “dent
1026 769 1204 828 sunt,
1231 769 1331 821 sed
1366 737 1553 823 eorum
1583 737 1752 841 quiin

238 869 392 929 qm“
437 828 646 929 llircus
674 834 838 890 enim
889 842 1122 901 animal
1185 856 1446 909 mundum
1473 867 1574 923 est,
1600 828 1653 914 et
1690 861 1885 918 divinis

301 924 543 992 amatus
569 938 1001 987 consecratum.
1044 936 1122 992 Et
1157 950 1218 995 tu
1253 958 1382 1012 ergo
1427 961 1521 1014 per
1545 951 1767 1016 gratiam
1794 953 1881 1005 ha-

313 1021 484 1090 pcismi
506 1029 860 1077 consecratus
882 1037 946 1078 es
977 1026 1262 1086 altaribus
1291 1034 1403 1097 Dei.
1422 1047 1475 1092 et
1498 1040 1690 1093 animal
1713 1042 1883 1096 factus

313 1126 370 1166 es
390 1114 660 1167 mundum.
690 1113 804 1168 Sed
858 1118 902 1171 si
946 1134 1062 1172 non
1108 1124 1387 1178 custodias
1426 1130 1728 1181 mandatum
1758 1131 1882 1183 illud

298 1200 515 1253 Domini
554 1204 704 1269 quod
735 1203 882 1258 dixit
908 1205 959 1238 “
989 1224 1007 1261 :
1043 1224 1064 1258 ι
1100 1208 1243 1263 Ecce
1280 1224 1441 1264 sanus
1475 1214 1643 1268 factus
1668 1231 1754 1281 es,
1775 1218 1882 1284 jam

300 1288 415 1341 noli
440 1303 686 1356 peccare,
710 1305 781 1346 ue
802 1296 957 1361 quod
983 1297 1083 1350 tibi
1114 1298 1352 1354 deterius
1378 1304 1651 1369 contingat
1677 1318 1692 1368 ;
1740 1325 1759 1358 ι
1793 1308 1881 1361 sed

297 1392 430 1431 cum
461 1391 611 1432 esses
637 1382 914 1448 mundus,
954 1399 1176 1439 rursum
1207 1396 1259 1441 te
1293 1390 1493 1455 peccati
1518 1390 1872 1458 inquinamen-

284 1475 349 1517 to
401 1467 723 1533 maculasti,
769 1479 832 1522 et
884 1485 957 1524 ex
999 1473 1201 1528 virtute
1242 1474 1308 1527 ad
1357 1474 1661 1540 libidinem.
1691 1495 1753 1532 ex
1787 1497 1884 1546 pu-~

285 1555 467 1608 ritate
499 1556 568 1608 ad
603 1556 1036 1614 immunditiam
1087 1562 1400 1626 declinasti,
1436 1571 1523 1627 tuo
1570 1567 1731 1631 vitio,
1763 1585 1880 1622 cum

268 1645 499 1698 animal
550 1647 835 1701 mundum
868 1650 1065 1714 fueris,
1098 1652 1229 1706 sorti
1255 1662 1305 1708 te
1333 1661 1655 1725 apopompazi
1692 1662 1884 1713 eremi—

267 1748 400 1801 que
440 1736 746 1791 tradidisti.

350 1823 425 1876 5.
465 1822 661 1876 Potest
698 1822 965 1878 fortassis
1007 1837 1063 1879 et
1088 1825 1194 1879 alio
1223 1829 1378 1881 modo
1408 1831 1565 1885 homo
1595 1841 1809 1900 paratus
1830 1843 1883 1886 et

264 1911 532 1965 mundus
581 1911 731 1979 (57),
765 1913 864 1980 qui
902 1914 1114 1967 abducit
1148 1929 1269 1967 eum
1311 1918 1462 1985 cujus
1504 1934 1620 1972 sors
1658 1923 1800 1973 venit
1829 1923 1880 1975 in

255 2010 645 2061 eremu:n,et
683 2015 756 2054 eo
780 2001 906 2071 ipso
938 2016 1048 2069 quo
1091 2005 1269 2057 educit
1312 2019 1452 2066 etim.
1476 2009 1624 2073 quasi
1654 2010 1741 2074 qui
1781 2010 1881 2061 int-

263 2090 569 2139 mundum
614 2089 949 2157 contigerit,
996 2088 1395 2144 diciturlavare
1432 2095 1742 2146 vestimenta
1788 2109 1880 2148 sua

263 2176 349 2228 ad
387 2190 724 2244 vesperam,
755 2186 813 2229 et
843 2190 968 2231 esse
1011 2178 1260 2242 mundus,
1288 2181 1448 2231 etiam
1480 2182 1592 2247 ipse
1631 2177 1881 2236 Dominus

258 2275 329 2317 et
352 2264 630 2318 Salvator
661 2274 861 2319 noster
906 2265 1126 2334 intelligi
1152 2281 1218 2318 ex
1267 2280 1328 2319 ea
1356 2278 1523 2333 parte,
1552 2283 1652 2335 qua
1684 2278 1882 2326 natura:

257 2364 524 2416 nostra,
554 2354 609 2407 id
635 2364 729 2408 est
757 2354 947 2408 carnis
979 2363 1035 2406 et
1058 2355 1333 2421 sanguinis
1360 2356 1668 2410 vestimenta
1701 2374 1883 2413 susce-

258 2444 389 2511 pit.
431 2459 558 2512 qua:
605 2444 664 2496 in
720 2458 956 2512 vespera
1006 2442 1234 2496 laverit:
1267 2454 1480 2511 propter
1507 2447 1647 2512 quod
1685 2454 1738 2499 et
1786 2448 1876 2500 du-

259 2536 431 2589 dum
455 2537 739 2604 propheta
764 2535 836 2589 de
864 2548 933 2587 eo
957 2532 1239 2589 dixerat“
1267 2551 1280 2586 :
1310 2552 1329 2584 ι
1358 2535 1422 2587 Ει
1449 2535 1553 2588 vidi
1582 2534 1761 2590 Jesum
1796 2551 1880 2590 sa-

268 2626 589 2678 cerdotem
632 2638 924 2692 magnum,
960 2614 1205 2676 indutum
1229 2624 1546 2677 vestimenta
1578 2625 1881 2687 sordida,et

265 2711 589 2764 diabolum
639 2720 888 2764 stantem
922 2724 952 2761 a
980 2708 1189 2763 dextris
1232 2724 1365 2776 ejus,
1408 2720 1465 2763 ut
1495 2713 1881 2765 contradiceret

267 2803 360 2854 ei.
415 2819 438 2852 ι
469 2801 635 2855 Lavit
661 2814 799 2869 ergo
830 2800 885 2852 in
914 2799 1059 2863 vino,
1090 2798 1140 2851 id
1162 2810 1243 2852 est
1273 2799 1324 2852 in
1360 2800 1618 2866 sanguine
1644 2814 1740 2853 suo
1770 2810 1881 2853 sto—

271 2889 298 2942 l
317 2905 409 2941 um
442 2904 604 2943 suam
629 2888 690 2940 in
724 2901 976 2954 vespera,
1008 2896 1063 2940 et
1092 2888 1264 2940 factus
1292 2896 1373 2939 cst
1402 2887 1645 2940 mundus.
1670 2887 1735 2941 Et
1761 2889 1881 2957 inde

278 2978 558 3032 fortassis
590 2984 720 3030 erat
742 2975 862 3046 (58)
899 2978 1043 3042 quod
1072 2985 1189 3042 post
1231 2976 1669 3029 resurrectionem
1699 2975 1878 3029 Maria:
1903 3005 1944 3061 ο

280 3067 505 3121 volenti
532 3066 708 3135 pedes
730 3065 853 3130 ejus
880 3072 1086 3128 tenere,
1115 3064 1321 3118 dicebat
1349 3064 1430 3117 "z
1464 3081 1483 3114 ς
1514 3064 1626 3118 Noli
1651 3080 1733 3119 me
1764 3075 1877 3118 tan-

281 3176 454 3230 gere.
478 3180 500 3213 ι
538 3161 637 3213 Vis
686 3167 880 3211 autem
914 3156 1092 3209 adhuc
1137 3158 1335 3221 videre,
1365 3166 1420 3211 et
1470 3156 1626 3210 aliam
1653 3158 1874 3212 duarum

283 3253 541 3305 sortium
598 3244 1207 3300 formam?Considera
1255 3246 1388 3299 duos
1427 3246 1566 3310 illos,
1609 3248 1699 3313 qui
1746 3257 1878 3300 tem-

281 3351 439 3405 pore
474 3337 670 3391 crucis
708 3333 832 3400 eius
871 3346 1009 3384 unus
1044 3347 1075 3384 a
1116 3320 1351 3400 dextris,
1392 3346 1446 3389 et
1490 3351 1624 3389 unus
1660 3351 1687 3387 a
1745 3337 1876 3389 sini-

283 3438 419 3477 stra
471 3425 597 3491 eius
652 3427 1034 3492 pependerunt
1081 3424 1335 3484 latrones,
1366 3432 1421 3476 et
1452 3423 1573 3476 vide
1599 3423 1741 3475 illum
1785 3423 1875 3490 qui

282 3515 677 3569 conﬁtebatur
707 3513 1020 3577 Dominum,
1045 3522 1243 3566 sortem
1271 3510 1473 3564 factum
1504 3524 1620 3565 esse
1642 3509 1871 3575 Domini,

284 3612 349 3654 et
412 3604 717 3657 abductum
781 3615 906 3654 esse
949 3603 1262 3655 sine~mora
1313 3600 1380 3651 ad
1436 3599 1767 3663 paradisum,
1816 3599 1875 3652 il-

288 3689 420 3743 lum
472 3704 613 3744 vero
658 3689 832 3742 alium
884 3689 1381 3757 blasphemantem,
1425 3676 1625 3740 sortem
1676 3684 1873 3739 factum

287 3778 469 3848 239
493 3793 621 3834 esse
646 3779 1008 3846 apopompaai,
1038 3778 1128 3844 qui
1156 3778 1207 3828 in
1250 3788 1488 3828 ereumm
1522 3774 1877 3827 abduceretur

287 3870 521 3922 inferni.
560 3868 675 3921 Sed
705 3877 763 3920 et
793 3867 847 3919 in
878 3880 944 3920 eo
958 3868 1101 3934 quod
1123 3864 1339 3927 dicitur,
1366 3862 1492 3929 quia
1536 3864 1708 3915 allixit
1725 3863 1873 3916 cruci

286 3972 421 4011 sua
442 3959 816 4026 principatus,
851 3965 908 4011 et
945 3962 1239 4025 potestates
1269 3952 1588 4016 contrarias,
1607 3961 1661 4007 et
1692 3955 1876 4007 trium-

288 4049 487 4114 phavit
505 4063 606 4102 eas
636 4048 712 4110 “,
737 4058 943 4102 sortem
986 4049 1041 4101 in
1079 4048 1158 4100 eis
1187 4044 1518 4113 apopompaei
1570 4045 1871 4113 complevit,

288 4144 354 4187 et
377 4144 642 4204 tanquam
686 4134 852 4189 homo
880 4144 1103 4201 paratus
1142 4135 1369 4187 abduxit
1397 4147 1488 4187 eas
1531 4133 1581 4186 in
1612 4148 1870 4188 eremum.

296 4222 548 4292 Denique
594 4234 655 4279 et
694 4224 751 4278 in
799 4222 1096 4292 Evangelia
1132 4224 1393 4277 Dominus
1445 4221 1577 4276 dicit
1607 4224 1675 4285 ",
1734 4224 1861 4288 quia

1984 608 2148 655 mum,
2173 594 2238 646 ad
2264 593 2376 644 loca
2407 590 2651 645 deserta?
2682 589 2830 642 Sicut
2857 588 2995 642 enim
3021 590 3095 642 illi
3116 593 3202 657 qui
3228 592 3503 646 confessus

1981 688 2082 745 est,
2115 680 2322 747 aperuit.
2344 678 2573 748 paradisi
2596 675 2807 741 jauuas,
2832 674 3171 728 dicendo‘9u
3207 676 3371 730 Hodie
3395 693 3507 731 me-

1982 783 2100 823 cum
2133 770 2239 822 eris
2258 768 2310 821 in
2341 767 2604 835 paradiso,
2644 784 2663 816 ι
2700 775 2751 816 et
2773 778 2866 830 per
2900 763 2999 816 hoc
3020 763 3259 816 omnibus
3281 766 3505 817 creden-

1986 853 2617 916 tibus,ctcontilentibus
2676 848 3002 918 ingrediendi
3059 850 3261 903 aditum
3339 853 3504 918 dedit,

1985 959 2141 1013 quem
2170 947 2319 1013 prius
2341 945 2507 998 Adam
2531 951 2777 1011 peccante
2809 940 3163 996 concluserat.
3195 944 3326 1010 Quis
3365 947 3506 999 enim

1985 1035 2117 1085 alius
2151 1034 2468 1102 romphazam
2494 1032 2791 1085 llatnmeam
2821 1042 2874 1084 et
2905 1035 3225 1097 versatilem,
3267 1050 3389 1103 quae
3414 1050 3508 1102 ap-

1981 1124 2150 1189 posita
2200 1133 2281 1178 est
2328 1124 2596 1178 custodire
2655 1124 2851 1190 lignum
2888 1126 3009 1177 vitae
3059 1132 3112 1177 et
3154 1124 3297 1176 fores
3353 1139 3506 1191 para-

1982 1213 2079 1266 disi
2118 1212 2183 1279 ”,
2217 1221 2426 1280 poterat
2449 1213 2749 1265 dimovere?
2780 1213 2906 1277 Quis
2932 1212 3064 1264 alius
3080 1213 3352 1265 cherubim
3380 1227 3505 1280 per-

1983 1301 2123 1369 vigili
2146 1301 2417 1354 excubans
2449 1300 2693 1353 cuslodia
2728 1299 2936 1352 valebat
2967 1299 3362 1360 inﬂectere,nisi
3389 1301 3503 1366 ipse

1981 1388 2144 1450 solus,
2171 1389 2256 1441 cui
2289 1389 2409 1440 data
2442 1395 2523 1442 est
2567 1389 2739 1440 omnis
2796 1396 3026 1454 potestas
3073 1389 3125 1441 in
3175 1390 3312 1442 ccelo
3365 1399 3417 1441 et
3452 1391 3503 1440 in

1984 1488 2121 1531 terra
2144 1478 2228 1531 "1'
2255 1478 2340 1541 Ut,
2366 1479 2601 1545 inquam,
2634 1486 2824 1544 praeter
2854 1478 3024 1544 ipsum
3055 1490 3209 1531 nemo
3237 1479 3371 1531 alius
3391 1478 3504 1532 haec

1982 1566 2156 1620 facere
2183 1567 2372 1633 potuit,
2404 1566 2471 1618 ita
2501 1564 2826 1632 principatus
2850 1573 2903 1616 et
2919 1574 3228 1632 potestates,
3253 1574 3306 1619 et
3332 1575 3505 1619 recto—
3565 1616 3575 1626 ,

1984 1669 2067 1707 res
2098 1655 2296 1717 mundi,
2327 1668 2459 1721 quos
2495 1659 2769 1705 enumerat
2797 1654 3161 1719 Apostolus",
3191 1669 3345 1708 nemo
3369 1654 3506 1709 alius

1912 1721 1954 1773 Β
1983 1751 2187 1807 poterat
2211 1743 2555 1808 triumphare.
2581 1749 2633 1793 et
2659 1739 2924 1794 abducere
2946 1742 2996 1794 in
3021 1756 3253 1795 eremum
3287 1743 3503 1807 inferni,

1984 1832 2082 1885 nisi
2118 1833 2227 1898 ipse
2251 1832 2394 1885 solus
2432 1834 2519 1899 qui
2571 1832 2806 1884 dixit":
2850 1848 2869 1880 ι
2918 1830 3179 1885 Conlidite
3224 1831 3356 1897 (59),
3405 1847 3503 1899 ego

1980 1922 2079 1973 vici
2129 1922 2400 1975 mundum.
2433 1939 2450 1972 ι
2478 1920 2676 1976 Idcirco
2708 1936 2836 1990 ergo
2875 1921 3232 1974 necessarimn
3271 1921 3368 1972 fuit
3403 1923 3503 1973 Do-

1983 2010 2181 2061 minum
2202 2019 2255 2062 et
2282 2010 2608 2063 Salvatorem
2630 2026 2823 2072 meum,
2849 2025 2950 2063 non
2978 2011 3145 2063 solmn
3176 2011 3313 2062 inter
3335 2010 3505 2062 homi-

1979 2111 2072 2150 nes
2096 2097 2360 2149 hominem
2399 2098 2564 2161 nasci,
2609 2097 2701 2151 sed
2754 2101 2912 2150 etiam
2956 2100 3019 2150 ad
3049 2096 3254 2149 inferna
3281 2098 3500 2149 descen-

1979 2186 2124 2247 dere,
2151 2194 2207 2237 nt
2229 2196 2420 2237 sortem
2445 2187 2763 2253 apopomptci
2796 2196 3041 2252 tanquam
3087 2186 3244 2237 homo
3290 2195 3503 2251 paratus

1980 2273 2031 2326 in
2058 2287 2290 2326 eremum
2318 2273 2504 2325 inferni
2533 2274 2837 2334 deduceret,
2866 2282 3022 2338 atque
3055 2274 3175 2324 inde
3202 2285 3499 2339 regressus,

1980 2374 2140 2428 opere
2172 2369 2534 2413 consummato
2561 2360 2869 2413 ascenderet
2919 2360 2984 2410 ad
3038 2358 3265 2421 Patrem,
3324 2359 3502 2425 ibique

1978 2448 2183 2516 plenius
2209 2448 2346 2514 apud
2397 2448 2563 2500 altare
2597 2448 2721 2500 illud
2743 2448 2955 2500 caeleste
2994 2446 3392 2515 puriﬁcaretur,
3446 2455 3503 2500 ut

1977 2537 2157 2590 carnis
2182 2547 2374 2589 nostra;
2391 2537 2600 2602 pignus,
2618 2536 2760 2602 quod
2793 2549 2968 2588 secum
2998 2540 3275 2595 evexerat,
3316 2549 3503 2603 perpe-

1979 2633 2066 2676 tua
2092 2624 2318 2689 puritate
2341 2622 2582 2675 donaret.
2624 2621 2721 2674 Hic
2747 2635 2871 2690 ergo
2896 2630 2976 2674 est
3010 2636 3165 2674 verus
3218 2622 3329 2675 dies
3380 2637 3501 2690 pro-

1978 2711 2283 2778 pitiationis,
2325 2725 2447 2764 cum
2500 2709 2814 2777 propitiatus
2853 2718 2934 2761 est
2990 2708 3126 2762 Deus
3170 2709 3499 2766 hominibus.

1978 2800 2127 2854 Sicut
2147 2809 2200 2852 et
2221 2800 2499 2867 Apostolus
2518 2799 2645 2851 dicit
2674 2797 2722 2828 “
2754 2815 2767 2850 :
2800 2815 2820 2847 ι
2849 2798 3105 2863 Quoniam
3132 2800 3270 2852 Deus
3301 2810 3413 2853 erat
3442 2817 3496 2854 tn

1977 2888 2205 2950 Christo,
2225 2889 2481 2940 mundum
2504 2887 2849 2940 reconcilians
2886 2887 3009 2940 sibi.
3056 2906 3075 2938 ι
3116 2888 3177 2940 Et
3212 2887 3403 2941 iterum
3431 2889 3500 2941 de

1977 2977 2189 3031 Christo
2213 2977 2339 3029 dicit
2359 2977 2404 3008 ³⁸
2433 2993 2447 3029 :
2478 2997 2496 3027 ι
2528 2977 2819 3029 l’aciﬂcans
2854 2990 2947 3044 per
2978 2977 3286 3044 sanguinem
3327 2979 3503 3032 crucis

1979 3076 2107 3127 sine,
2142 3061 2251 3115 sive
2296 3076 2412 3127 qua:
2458 3061 2511 3115 in
2554 3062 2688 3116 ctrlo
2706 3071 2850 3125 sunt,
2889 3062 3001 3116 sive
3030 3077 3147 3129 quae
3183 3063 3235 3114 in
3278 3072 3443 3117 terra.
3477 3083 3496 3116 ι

1979 3149 2252 3202 Mandatur
2276 3164 2401 3218 ergo
2440 3150 2490 3202 in
2524 3150 2657 3217 lege,
2702 3161 2757 3202 ut
2811 3152 2863 3202 in
2915 3151 3001 3203 die
3051 3152 3502 3219 repropitiationis

1977 3238 2149 3290 omnis
2191 3236 2411 3304 p0pulus
2450 3237 2689 3289 humiliet
2728 3237 2957 3289 animam
3012 3253 3180 3292 suam.
3227 3239 3501 3305 Quomodo

1977 3326 2215 3378 humiliet
2257 3326 2478 3393 populus
2522 3325 2752 3376 animam
2781 3338 2959 3390 suam,
2994 3325 3106 3392 ipse
3151 3328 3278 3381 dicit
3305 3344 3320 3381 :
3351 3345 3370 3379 ο
3402 3330 3505 3384 Ve-

1984 3415 2148 3474 nient,
2177 3413 2348 3480 inquit
2373 3413 2438 3474 ⁸⁸,
2466 3414 2594 3474 dies,
2646 3426 2767 3466 cum
2813 3415 3081 3468 auferetur
3115 3415 3182 3468 ab
3220 3417 3299 3469 eis
3340 3432 3500 3483 spon-

1976 3516 2086 3561 sus,
2127 3510 2183 3554 et
2228 3511 2351 3553 tunc
2389 3500 2706 3568 jejunabuut
2738 3502 2788 3554 in
2845 3501 2948 3554 illis
2992 3502 3200 3556 diebus.
3253 3521 3272 3554 ι
3315 3503 3501 3558 Plures

1975 3601 2101 3655 ergo
2157 3596 2387 3654 aguntur
2415 3587 2528 3639 dies
2563 3585 2684 3640 festi
2713 3586 3000 3640 secundum
3033 3585 3219 3653 legem.
3263 3585 3357 3639 Est
3381 3589 3500 3654 qui.

1976 3674 2093 3727 dam
2118 3672 2367 3725 solemnis
2397 3674 2509 3725 dies
2552 3674 2604 3725 in
2653 3688 2832 3728 mense
2858 3673 3048 3739 primo,
3087 3681 3244 3728 estet
3271 3675 3405 3739 alius
3445 3678 3499 3727 in

1974 3762 2228 3816 secundo.
2273 3761 2375 3815 Sed
2406 3769 2460 3814 et
2508 3761 2557 3813 in
2604 3776 2787 3814 mense
2830 3763 2999 3828 primo
3034 3762 3137 3815 alia
3190 3762 3500 3817 solemnitas

1975 3868 2208 3931 Paschzc,
2254 3866 2353 3920 alia
2396 3880 2724 3936 azymorum,
2780 3867 2903 3922 licet
2948 3869 3227 3938 conjuncta
3262 3870 3503 3923 videatur

1973 3958 2175 4025 azymis
2198 3955 2414 4010 Pascha:
2441 3955 2769 4009 solemnitas.
2803 3956 3126 4024 Principium
3173 3958 3314 4010 enim
3366 3971 3498 4027 ωηο

1972 4060 2180 4100 morum
2211 4044 2275 4097 ad
2303 4046 2458 4096 linem
2505 4041 2724 4096 Pascha:
2760 4044 3121 4113 coniungitur.
3162 4043 3363 4099 Pascha
3406 4060 3502 4098 au-

1974 4143 2078 4189 tem
2104 4134 2192 4186 ille
2214 4132 2356 4185 solus
2378 4131 2492 4184 dies
2521 4130 2835 4198 appellatur,
2863 4132 2913 4185 in
2942 4148 3045 4200 quo
3094 4146 3263 4201 agnus
3300 4136 3500 4190 occidi-

1975 4233 2080 4279 tur.
2110 4222 2313 4290 Reliqui
2358 4235 2486 4274 vero
2515 4233 2820 4288 azymorum
2860 4221 2974 4274 dies
3008 4222 3362 4289 appellantur.
3408 4224 3497 4278 Sic

302 4321 327 4354 ι
371 4322 494 4361 cum
521 4308 734 4362 exierit
765 4308 839 4360 de
866 4306 1085 4360 homine
1129 4305 1439 4360 immundus
1460 4305 1697 4373 spiritus.
1733 4304 1877 4359 vadit
1903 4305 1950 4363 Ι)
1974 4315 2113 4368 enim
2163 4312 2289 4366 dicit
2315 4312 2359 4343 "’
2396 4327 2411 4364 :
2448 4327 2468 4361 c
2517 4310 2705 4363 Facies
2752 4309 3141 4364 solemnitatem
3189 4325 3496 4381 azymorum

294 4410 414 4463 per
430 4397 539 4451 loca
572 4399 825 4460 deserta,
853 4409 1098 4464 quaerens
1143 4395 1413 4463 requiem,
1463 4403 1518 4448 et
1562 4407 1669 4448 non
1721 4394 1871 4447 inve-

295 4485 415 4537 nit.
442 4504 461 4538 ι
497 4487 591 4541 Sic
619 4497 761 4553 ergo
782 4494 962 4552 potest
987 4494 1043 4539 et
1071 4484 1326 4539 Salvator
1370 4489 1546 4535 noster
1581 4482 1738 4536 homo
1777 4496 1872 4550 pa-

296 4585 455 4630 ratus
482 4577 737 4646 intelligi,
768 4575 863 4643 qui
900 4586 1098 4629 sortem
1142 4572 1367 4638 quidem
1422 4570 1647 4635 Domini,
1692 4571 1874 4625 Eccle-

295 4664 441 4718 siam
465 4679 620 4720 suam
647 4664 867 4729 fecerit,
892 4676 1122 4730 eamque
1146 4660 1336 4715 divino
1355 4658 1871 4722 consecraritaltari,

279 4763 490 4810 sortein
519 4767 665 4810 vero
693 4752 1026 4819 apopompaei
1050 4747 1366 4804 contrarias
1415 4746 1595 4801 fecerit
1640 4756 1874 4815 potesta-

268 4844 386 4900 (εδ,
410 4845 659 4914 spiritus
690 4840 973 4909 nequitiac,
1003 4848 1060 4893 et
1085 4836 1282 4889 mundi
1324 4834 1479 4899 hujus
1524 4844 1761 4890 rectores
1794 4844 1872 4890 te-

264 4925 591 4986 nebrarum
646 4928 869 4987 harum,
919 4938 1083 4993 quos,
1135 4923 1286 4977 sicut
1326 4921 1454 4974 dicit
1501 4922 1782 4989 Apostolus
1804 4922 1868 4989 ⁸⁸,

329 5013 393 5053 ⁸⁸
416 5023 593 5077 Joan.
621 5034 680 5085 ν,
710 5018 801 5071 14.
877 5017 924 5049 ⁸³
955 5016 1133 5085 Zach.
1185 5027 1274 5074 ut.
1324 5012 1349 5063 l
1387 5013 1513 5085 ct_3_.

247 5080 304 5177 ξς
338 5080 799 5177 Eoloss:m'uhl
808 5085 864 5139 4.

324 5147 519 5214 ³0311.
552 5169 677 5219 xvr,
712 5145 803 5207 33.
898 5150 946 5182 ”
974 5148 1023 5201 Il
1056 5149 1197 5201 Cor.
1230 5160 1285 5210 v,
1314 5145 1400 5198 19.

308 5284 459 5364 ($6)
501 5293 670 5364 Msa,
691 5309 730 5364 «_
748 5293 941 5344 sortes
970 5284 1122 5338 istas
1156 5279 1455 5346 excipiunt.
1493 5300 1512 5334 ι
1546 5281 1687 5340 Libb.
1712 5282 1867 5346 editi,

236 5365 255 5395 '
292 5358 514 5428 {mdes
548 5358 922 5428 accipiunt)
1069 5411 1211 5428 ...ι
1490 5417 1501 5428 .

292 5411 980 5485 (ξυιῖτὶίέέῒῗωυηάυε.
1011 5432 1035 5464 ι
1069 5411 1410 5476 Libb.editi,
1440 5433 1457 5467 ι
1490 5417 1791 5470 immundus.
1836 5434 1857 5467 ι

292 5434 444 5570 Issi
523 5501 722 5570 Em.
815 5482 1404 5570 ερεξξξιείιξτηεῑβξξξξςη
1704 5569 1711 5570 ,

485 5482 690 5555 “Erat.
815 5482 1151 5548 Suppletur
1178 5492 1213 5529 e
1246 5494 1375 5557 mss.

453 5546 1038 5625 minimique...
1082 5561 1105 5593 ι
1142 5546 1407 5601 conlidite
1432 5550 1541 5615 quia
1569 5564 1667 5622 eg",
1700 5569 1716 5599 ι
1739 5557 1857 5602 etc.

1608 5012 1654 5044 ⁴⁸
1681 5011 1833 5067 Joan.
1862 5018 2040 5079 xx,l7.

957 5085 1004 5114 ιο
1039 5081 1183 5133 Luc,
1245 5093 1401 5148 “in,
1449 5080 1530 5148 ιδ.
1561 5146 1576 5148 Α
1608 5082 1652 5112 ⁸⁸
1684 5080 1874 5134 Cenes.
1928 5088 2129 5148 ιαμβι.

1975 4408 2172 4468 septem
2223 4397 2428 4453 diebus.
2469 4415 2489 4449 ι
2516 4398 2638 4453 Haec
2664 4410 2792 4465 ergo
2819 4404 2901 4449 est
2953 4397 3122 4464 prima
3152 4397 3489 4452 solemnitas.

1977 4486 2097 4539 Post
2132 4486 2261 4549 haec,
2294 4486 2465 4554 inquit
2504 4485 2569 4549 ⁸⁸,
2615 4501 2635 4534 ι
2696 4498 2815 4537 cum
2849 4484 3212 4538 demessueris
3269 4499 3493 4539 messem

1973 4584 2139 4636 tuam,
2154 4582 2209 4628 et
2234 4572 2644 4642 congregaveris
2662 4575 2964 4628 nativitates
2983 4585 3048 4625 ex
3066 4586 3194 4639 agro
3211 4580 3319 4635 tuo,
3336 4572 3498 4628 facies

1971 4663 2108 4717 diem
2128 4661 2315 4719 festum
2340 4664 2405 4716 de
2433 4662 2598 4716 initiis
2640 4662 2899 4715 fructuum
2938 4668 3169 4713 tuorum.
3201 4676 3220 4710 ο
3253 4659 3350 4725 Qui
3386 4659 3498 4714 dies

1972 4761 2053 4807 est
2072 4761 2191 4821 post
2218 4762 2419 4821 septem
2443 4752 2766 4819 septimanas
2805 4750 3039 4811 Pascha,
3082 4750 3132 4802 id
3175 4759 3256 4801 est
3308 4748 3499 4802 Pente-

1973 4851 2287 4906 coste,cum
2334 4842 2499 4895 etiam
2546 4838 2650 4893 dici
2692 4838 2927 4904 jubetur,
2972 4845 3026 4892 et
3061 4837 3340 4891 mundabis
3383 4834 3495 4905 (60)

1975 4937 2157 4981 sancta
2176 4927 2242 4982 de
2269 4928 2426 4981 domo
2450 4941 2587 4980 mea.
2634 4925 2758 4979 Post
2794 4925 2904 4978 ha'c
2958 4925 3008 4976 in
3051 4924 3274 4990 septimo
3318 4935 3497 4975 mense

2147 5020 2194 5051 "
2244 5019 2446 5072 Coloss.
2500 5032 2559 5079 tt,
2603 5015 2686 5077 14,
2738 5014 2819 5069 l5.
2920 5015 2963 5046 ⁸⁷
3029 5012 3211 5065 Matth.
3254 5025 3351 5072 xtt,
3403 5010 3491 5079 ηιξ.

2230 5088 2272 5118 "
2303 5087 2487 5139 Matth.
2543 5076 2729 5143 xxvtu.
2770 5084 2855 5136 l8.
2951 5081 3216 5145 "Ephes.
3273 5093 3343 5145 vr.
3404 5076 3489 5145 lg.

1483 5147 1527 5178 "
1548 5146 1741 5201 Coloss.
1771 5163 1812 5212 ι,
1839 5149 1873 5201 2

1996 5140 2046 5188 3’6
2075 5140 2260 5209 Matth.
2298 5171 2374 5216 Ix,
2410 5154 2494 5206 15.
2568 5153 2611 5183 ιτ
2644 5140 2810 5204 Exod.
2843 5164 2994 5213 um,
3023 5140 3109 5201 15'.
3182 5145 3226 5178 σε
3254 5144 3377 5195 ibid.
3404 5140 3487 5191 l6.

2042 5284 2151 5352 (60)
2173 5283 2348 5352 Codex
2382 5279 2729 5352 δειῃ-εθτιιιη).
2754 5284 2807 5330 et
2849 5272 3125 5352 mundavi.
3145 5289 3188 5352 ID.
3200 5268 3307 5352 _Ali‘i
3333 5278 3485 5352 msh,

1980 5373 1998 5405 ι
2605 5328 2804 5404 θᾶὶιὶξ(
2850 5351 2899 5394 et
2949 5336 3241 5407 mundabis.
3266 5349 3299 5407 ,ξ
3352 5328 3485 5407 inn-'3!

1971 5394 2542 5489 Ϊ
2556 5394 2644 5464 ubi
2669 5394 2753 5466 est
2778 5420 2832 5463 et
2862 5423 2985 5462 arca
3013 5397 3299 5457 testimonii
3326 5403 3380 5447 et
3409 5394 3484 5444 al-

1974 5498 2105 5542 tare.
2147 5507 2165 5540 ι
