3948 6288
378 278 483 339 515

379 400 496 453 alia:
528 400 755 465 aguntur
776 388 1165 451 solemnitates.
1211 387 1389 441 Primo
1415 386 1499 439 die
1534 382 1732 438 mensis
1778 380 1912 433 Neo-
1940 383 1983 438 Α
2013 379 2304 429 morantem
2336 366 2479 420 intra
2510 363 2729 418 Sancta
2762 360 3212 413 sanctorum,

382 489 553 541 menia
582 487 846 546 tubarum,
873 484 1011 537 sicut
1039 481 1235 535 dicitur
1273 480 1326 532 in
1356 476 1566 530 Psalmo
1594 472 1642 505 ”
1672 486 1687 524 :
1716 490 1733 522 ι
1763 469 1907 522 Tuba

381 577 559 633 canite
597 576 651 629 in
694 576 850 628 initio
900 573 1097 628 mensis
1136 570 1294 624 tubae.
1329 586 1348 618 ι
1388 565 1609 619 Decima
1658 575 1786 614 veru
1829 559 1912 611 die

385 667 591 735 septimi
618 664 813 717 mensis
851 671 934 717 est
965 660 1277 715 solemnitas
1331 650 1807 723 repropitiationis.
1850 647 1909 700 In

386 758 487 810 hac
507 754 618 809 sola
647 755 732 806 die
748 751 979 820 pontifex
998 749 1234 803 induitur
1254 745 1505 801 omnibus
1527 738 1917 809 pontiﬁcalibus

389 846 733 909 indumentis,
766 852 890 897 tunc
917 840 1154 894 induitur
1176 833 1657 890 manifestationem
1703 838 1757 882 et
1778 827 1917 882 veri-

392 941 571 994 tatem,
604 939 730 985 tunc
777 929 1074 998 ingreditur
1116 926 1179 977 ad
1230 924 1319 975 illa
1360 917 1773 978 iuaccessibilia,
1809 929 1914 983 quo

390 1019 554 1074 semel
586 1023 637 1072 in
671 1033 809 1071 anno
847 1016 1025 1070 accedi
1079 1011 1447 1067 tantummodo
1476 1008 1620 1070 licet,
1652 1005 1706 1058 id
1745 1013 1829 1057 est
1862 1003 1912 1055 in

393 1107 587 1161 Sancta
622 1114 945 1159 sanctorum.
1013 1101 1189 1156 Semel
1244 1100 1382 1152 enim
1423 1098 1474 1149 in
1504 1110 1641 1150 anno
1686 1092 1921 1163 pontifex

394 1194 638 1265 pupulum
688 1194 1080 1260 derelinquens,
1125 1188 1431 1255 ingreditur
1463 1187 1526 1238 ad
1560 1184 1703 1237 illum
1752 1183 1922 1236 locum

396 1286 481 1338 ubi
512 1294 592 1338 est
623 1283 1131 1352 repropitiatorimn,
1159 1287 1211 1332 et
1241 1291 1400 1345 super
1434 1272 1923 1342 reprOpitiatorium

397 1373 690 1435 cherubim,
740 1371 827 1424 ubi
867 1381 947 1424 est
972 1378 1168 1421 etarca
1211 1365 1531 1426 testamenti,
1571 1370 1626 1416 et
1658 1359 1929 1413 altarein-

400 1462 542 1514 censi
571 1460 701 1527 (61),
734 1458 838 1525 quo
876 1457 1004 1509 nulli
1040 1454 1260 1508 introire
1301 1451 1378 1504 fas
1408 1460 1508 1512 est,
1544 1450 1646 1501 nisi
1695 1445 1926 1516 pontiﬁci

401 1548 523 1601 soli.
558 1548 613 1599 Si
641 1562 768 1614 ergo
803 1545 1139 1598 considerem
1194 1553 1377 1593 verum
1422 1537 1722 1605 pontiﬁcem
1755 1548 1930 1587 meum

407 1638 680 1691 Dominum
712 1634 888 1689 Jesum
920 1633 1210 1692 Christum,
1243 1629 1505 1697 quomodo
1533 1628 1583 1679 in
1615 1640 1780 1679 carne
1813 1624 1934 1692 qui-

405 1730 523 1781 dem
555 1727 776 1795 positus,
818 1740 910 1792 per
940 1731 1106 1777 totum
1158 1734 1353 1773 annum
1408 1724 1523 1770 erat
1571 1728 1688 1767 cum
1720 1713 1932 1781 populo,

408 1832 604 1869 annum
638 1816 803 1879 illum,
839 1814 901 1866 de
930 1827 1032 1880 quo
1063 1811 1176 1879 ipse
1222 1807 1347 1860 dicit
1380 1806 1423 1835 °°
1451 1820 1466 1859 :
1502 1823 1519 1854 ι
1555 1801 1939 1868 Evangelizare

411 1903 730 1970 pauperibus
772 1899 911 1952 misit
939 1911 1042 1959 me,
1069 1904 1121 1947 et
1156 1907 1345 1947 vocare
1377 1905 1570 1943 annum
1616 1886 1818 1941 Domini
1854 1901 1940 1940 ac-

410 2002 643 2060 ceptum,
675 1998 730 2042 et
769 1989 904 2041 diem
945 1983 1306 2043 remissionis,
1347 1999 1364 2031 ι
1410 1979 1629 2031 adverte
1675 1975 1940 2043 quomodo

412 2077 577 2133 semel
604 2078 653 2129 in
683 2091 820 2128 anno
853 2076 975 2136 isto,
1017 2073 1068 2124 in
1113 2071 1197 2124 die
1222 2064 1674 2138 repropitia-tionis
1702 2065 1863 2118 intrat
1888 2065 1941 2118 in

413 2167 608 2223 Sancta
636 2173 959 2227 sanctorum,
989 2162 1088 2214 hoc
1110 2169 1210 2223 est,
1237 2174 1360 2213 cum
1401 2158 1616 2226 impleta
1663 2157 1943 2224 dispensa-

417 2256 561 2308 tione
591 2260 833 2319 penetrat
859 2250 1042 2310 caaios,
1074 2258 1126 2300 et
1157 2249 1322 2300 intrat
1362 2247 1427 2298 ad
1456 2247 1693 2310 Patrem,
1730 2253 1788 2296 ut
1823 2258 1944 2296 eum

416 2342 698 2409 propitium
750 2340 975 2392 humano
1027 2337 1207 2403 generi
1260 2328 1438 2398 faciat,
1495 2343 1547 2388 et
1613 2340 1800 2387 exoret
1849 2345 1947 2400 pro

416 2431 660 2484 omnibus
689 2428 1021 2481 credentibus
1063 2425 1115 2477 in
1155 2439 1233 2478 se.
1278 2424 1425 2478 lianc
1457 2422 1945 2491 repropitiationem

419 2524 535 2588 ejus
581 2534 682 2586 qua
748 2518 1050 2571 hominibus
1108 2515 1422 2583 repr0pitiat
1469 2513 1708 2575 Patrem,
1770 2510 1949 2564 sciens

422 2609 652 2665 Joannes
693 2607 961 2674 apostolus
1005 2606 1137 2658 dicit
1170 2605 1213 2635 “
1251 2621 1266 2658 :
1301 2621 1319 2653 ι
1352 2603 1474 2655 llzec
1522 2604 1660 2666 dico,
1696 2600 1863 2663 ﬁlioli,
1897 2607 1953 2652 ut

424 2714 528 2752 non
558 2713 852 2766 peccemus.
888 2696 1039 2762 Quod
1082 2702 1138 2746 et
1175 2692 1220 2746 si
1259 2689 1676 2758 peccaverimus,
1721 2688 1952 2741 advoca-

429 2796 538 2839 tqu
598 2788 858 2840 habemus
917 2785 1054 2852 apud
1114 2782 1352 2843 Patrem,
1410 2778 1588 2832 Jesum
1642 2776 1955 2840 Christum,

426 2876 662 2937 justum,
703 2881 756 2922 et
794 2870 906 2938 ipse
944 2880 1026 2924 est
1064 2870 1428 2939 reprOpitiatio
1466 2886 1564 2939 pro
1598 2870 1831 2938 peccatis
1867 2886 1968 2924 no-

3750 206 3875 264 515

3272 345 3355 395 et
3399 330 3589 390 caici
3632 329 3700 383 in
3734 342 3874 383 sor-

2011 474 2115 517 tem
2143 458 2366 514 Domini.

2080 552 2132 604 6.
2167 548 2315 614 Quod
2352 554 2535 599 autem
2575 539 2833 595 dicimus
2873 534 2958 588 de
3024 532 3284 614 sorte,
3321 531 3480 571 non
3537 511 3644 565 sic
3700 506 3877 608 acci-

2013 639 2121 706 piat
2144 598 2374 696 aiiditor,
2399 632 2556 701 quasi
2585 644 2717 685 sors
2745 625 2893 680 talis
2921 617 3160 706 aliqua
3204 608 3555 706 dicatur:
3582 598 3881 706 quanio.

2015 686 2287 706 τ---ημ
2362 686 2374 696 ,
2420 686 2435 701 .

2015 736 2096 781 ter
2121 724 2363 778 homines
2396 736 2563 783 casu,
2601 729 2661 773 et
2719 728 2839 769 non
2890 704 3164 779 judicio
3247 696 3379 765 agi
3442 691 3656 783 solet.
3722 686 3881 740 Sors

2018 814 2229 870 Domini
2278 814 2350 866 ita
2397 807 2730 877 accipienda
2779 810 2904 862 est,
2957 800 3328 859 tanquam
3412 782 3478 836 si
3542 780 3880 833 diceretur

2019 903 2211 958 electio
2250 899 2487 963 Domini,
2527 898 2611 950 vel
2648 907 2789 961 pars
2840 883 3165 943 Domini;
3241 884 3325 930 et
3392 884 3685 926 rursum

2021 991 2136 1059 ejus
2169 989 2260 1057 qui
2301 989 2351 1041 in
2396 954 2663 1039 eremum-
2686 979 2957 1035 mittitur
3003 967 3465 1038 accipienda
3519 969 3631 1016 est
3691 954 3888 1012 veluti

2022 1048 2149 1150 p'ars
2175 1048 2265 1133 illa
2293 1093 2412 1145 qua:
2449 1091 2549 1144 pro
2582 1070 2940 1140 indignitate
2992 1063 3107 1118 sui
3158 1074 3206 1113 a
3268 1054 3603 1108 Domino
3640 1048 3888 1118 sperni-

2027 1143 2114 1222 tur
2148 1177 2203 1221 et
2255 1143 2530 1232 abjicitur.
2592 1161 2774 1229 Magis
2824 1157 3005 1212 enim
3066 1161 3146 1207 et
3212 1159 3487 1205 sermo
3535 1143 3686 1210 ipse
3740 1153 3889 1232 apo-

2027 1256 2281 1325 pompzei,
2308 1230 2505 1321 abjeeti
2555 1260 2611 1303 et
2642 1247 2891 1303 refutati
2940 1235 3543 1312 signiﬁcantiam
3575 1230 3887 1285 continet.

2030 1318 2107 1399 lix
2158 1318 2275 1412 quo?
2317 1318 2611 1411 possumus
2656 1340 2839 1394 etiam
2900 1334 3065 1389 illud
3160 1326 3641 1395 intelligere,
3716 1318 3885 1375 verbi

2030 1435 2225 1504 gratia,
2252 1432 2500 1487 ascendit
2527 1432 2580 1484 in
2613 1442 2717 1485 cor
2742 1436 2923 1481 tuum
2960 1421 3155 1477 mala
3207 1414 3613 1485 cogitatio,
3654 1424 3892 1464 concu-

2033 1523 2296 1592 piscentia
2327 1520 2573 1574 mulieris
2613 1518 2846 1580 alienae,
2896 1521 3009 1566 aut
3065 1509 3359 1563 vicina:
3413 1498 3893 1572 possessionis,

2036 1614 2275 1682 intellige
2305 1613 2491 1667 statim
2520 1610 2667 1663 hanc
2711 1621 2850 1661 esse
2893 1604 2972 1659 de
3012 1609 3227 1657 sorte
3271 1594 3754 1665 apOpOInpmi,
3792 1593 3897 1644 ab—

2032 1707 2144 1774 jice
2172 1681 2481 1763 confestim,
2526 1708 2582 1752 et
2626 1696 2857 1766 expelle
2896 1695 2978 1748 de
3044 1690 3291 1746 corde
3355 1698 3518 1741 tuo.
3566 1681 3897 1750 Quomodo

2039 1794 2275 1861 abjicis‘i
2308 1793 2364 1847 Si
2390 1791 2594 1844 habeas
2645 1796 2843 1841 tecum
2898 1783 3121 1853 parati
3207 1777 3552 1834 hominis
3609 1788 3896 1836 manum,

2043 1887 2093 1940 id
2118 1894 2221 1946 est,
2254 1885 2297 1937 si
2351 1881 2516 1935 lectio
2544 1878 2734 1932 divina
2768 1876 2850 1928 sit
2907 1875 2972 1926 in
3012 1872 3387 1925 inanibus
3437 1868 3611 1929 tuis,
3641 1874 3706 1920 et
3744 1877 3897 1931 pra-

2043 1984 2197 2042 cepta
2233 1972 2327 2025 Dei
2378 1980 2508 2022 ante
2553 1967 2754 2021 oculos
2790 1964 3225 2025 habeantur.
3295 1970 3485 2014 tunc
3527 1972 3690 2012 vere
3723 1958 3894 2009 inve—

2044 2065 2211 2119 nieris
2238 2071 2457 2130 paratus
2482 2059 2549 2112 ad
2589 2053 2932 2122 abjicienda
2986 2063 3062 2107 et
3114 2050 3569 2121 repellenda
3611 2062 3717 2109 ea,
3765 2059 3900 2115 qua:

2047 2164 2172 2208 sunt
2229 2153 2392 2207 sortis
2451 2148 2665 2202 alienae.
2725 2146 2845 2200 Sed
2895 2154 2960 2198 et
3019 2145 3131 2196 ira
3204 2144 3273 2197 si
3313 2139 3657 2195 ascendit
3698 2139 3763 2192 in
3798 2151 3904 2190 cor

2048 2254 2218 2305 tuum,
2242 2242 2288 2295 si
2322 2241 2496 2302 zelus,
2522 2240 2568 2293 si
2604 2237 2854 2298 invidia,
2911 2238 2968 2290 si
3004 2235 3307 2288 malitia
3356 2233 3454 2286 ad
3488 2228 3908 2297 supplantan-

2049 2334 2171 2387 dum
2202 2333 2448 2394 fratrem,
2480 2339 2723 2399 paratus
2755 2338 2889 2384 esto
2921 2339 2993 2382 ut
3027 2326 3371 2394 abjieias
3416 2339 3534 2387 ea,
3575 2332 3646 2378 et
3698 2320 3905 2389 expel-

2050 2420 2151 2481 las,
2193 2428 2247 2472 et
2293 2419 2514 2471 emittas
2566 2418 2622 2469 in
2662 2432 2969 2470 eremum.
3035 2415 3114 2469 Si
3216 2430 3406 2469 vero
3475 2412 3804 2467 ascendat
3845 2409 3903 2463 in

2051 2521 2146 2560 cor
2196 2514 2342 2558 tuum
2428 2505 2678 2574 cogitare
2727 2520 2862 2572 qua:
2905 2506 3024 2560 Dei
3097 2515 3327 2567 sunt,
3380 2504 3477 2558 de
3540 2502 3902 2557 misericor-

2054 2596 2160 2657 dia,
2193 2593 2512 2676 dejustitia,
2548 2594 2619 2647 de
2655 2595 2907 2660 pietate,
2947 2593 3036 2647 de
3094 2609 3336 2662 pace,
3398 2595 3559 2647 haec
3616 2593 3698 2646 de
3745 2602 3909 2646 sorte

2054 2693 2178 2738 sunt
2220 2684 2454 2747 Domini,
2499 2683 2617 2737 haec
2654 2682 3005 2736 offeruntur
3073 2685 3173 2736 ad
3264 2685 3537 2750 altare,
3603 2683 3740 2737 hac
3772 2696 3907 2750 pon-

2057 2772 2185 2825 tifex
2235 2772 2498 2838 suscipit,
2550 2780 2610 2825 et
2654 2771 2711 2824 in
2772 2772 2869 2825 his
2944 2774 3415 2827 reconciliat
3511 2773 3634 2827 tibi
3696 2772 3902 2824 Deum.

2057 2859 2345 2928 PrOptcrea
2370 2874 2503 2927 ergo
2544 2868 2602 2912 et
2641 2861 2690 2913 is
2744 2860 2849 2928 qui
2924 2862 3120 2930 ejicit
3198 2878 3386 2916 enm
3451 2864 3522 2917 in
3581 2879 3713 2934 quo
3772 2877 3903 2918 sors

427 2959 572 3012 stris.
611 2980 630 3011 ι
666 2961 770 3016 Sed
800 2972 854 3016 et
883 2964 1079 3015 Paulus
1118 2963 1362 3016 similiter
1398 2963 1463 3015 de
1509 2963 1608 3015 hac
1652 2961 2028 3034 repropitia-C
2061 2952 2389 3018 apopompzei
2415 2957 2520 3010 esi.
2567 2949 2677 3003 hoc
2710 2959 2802 3002 est
2841 2950 3054 3004 malas
3115 2954 3658 3022 cogitationes,
3716 2953 3904 3006 malas

429 3050 573 3105 tione
593 3065 990 3117 commemorat,
1023 3070 1142 3107 cum
1169 3054 1297 3108 dicit
1321 3054 1385 3107 de
1410 3053 1621 3108 Christo
1644 3055 1686 3084 θ’
1712 3073 1723 3106 :
1757 3073 1773 3103 ι
1801 3053 1968 3118 Quem

429 3145 606 3215 posuit
644 3145 782 3198 Deus
828 3145 1228 3212 propitiatorem
1271 3143 1378 3215 (62)
1418 3146 1470 3197 in
1510 3145 1766 3214 sanguine
1802 3144 1970 3213 ipsius

429 3251 524 3309 per
557 3235 734 3290 ﬁdem.
772 3253 791 3283 ι
824 3235 988 3304 Igitur
1019 3234 1136 3288 dies
1176 3235 1564 3302 propitiationis
1601 3244 1779 3289 manet
1816 3235 1970 3288 nobis

429 3343 702 3397 usquequo
725 3329 929 3382 occidat
950 3330 1046 3390 sol.
1077 3329 1129 3383 id
1154 3339 1233 3383 est
1261 3345 1534 3398 usquequo
1556 3330 1713 3382 ﬁnem
1740 3330 1970 3382 mundus

427 3419 669 3487 accipiat.
709 3418 920 3473 Stamus
957 3421 1098 3474 enim
1135 3437 1234 3474 nos
1272 3437 1368 3489 pro
1405 3421 1625 3483 foribus,
1666 3421 1969 3488 operientes

437 3508 738 3573 pontiﬁcem
797 3519 1032 3561 nostrum
1095 3515 1510 3560 commorantem
1573 3506 1711 3559 intra
1769 3505 1967 3559 Sancta

436 3604 761 3659 sanctorum,
793 3597 844 3649 id
872 3604 951 3649 est
1000 3596 1135 3662 apud
1165 3595 1401 3657 Patrem,
1424 3605 1477 3648 et
1519 3604 1825 3649 exorantem
1871 3608 1967 3657 pro

435 3689 663 3752 peccatis
687 3700 891 3751 eorum,
936 3686 1023 3753 qui
1074 3699 1131 3738 se
1189 3693 1522 3752 exspectant,
1567 3699 1669 3736 non
1720 3698 1816 3749 pro
1853 3696 1966 3735 om-

434 3776 581 3829 nium
605 3775 837 3843 peccatis
870 3782 1199 3827 exorantem.
1243 3771 1353 3824 Non
1397 3771 1539 3823 enim
1578 3769 1737 3839 240
1779 3776 1968 3821 exorat

434 3877 532 3932 pro
559 3866 665 3929 his,
695 3863 785 3931 qui
822 3863 875 3916 in
903 3872 1101 3916 sortem
1132 3862 1349 3913 veniunt
1370 3861 1485 3929 ejus
1515 3861 1672 3925 hirci,
1694 3861 1781 3927 qui
1812 3858 1971 3912 emit-

440 3952 569 4004 titur
595 3952 646 4005 in
674 3951 970 4004 desertum.
1008 3948 1109 4001 Pro
1132 3947 1236 4001 illis
1264 3956 1450 4000 exorat
1473 3954 1696 4009 tantum,
1731 3944 1820 4011 qui
1847 3951 1974 3998 sunt

438 4055 555 4093 sors
582 4039 803 4101 Domini,
832 4039 919 4105 qui
939 4053 1055 4091 eum
1074 4053 1169 4105 pro
1189 4037 1392 4090 foribus
1417 4034 1850 4102 exspectant,qui
1870 4048 1973 4086 non

441 4129 695 4182 recedunt
726 4142 755 4178 a
788 4126 1001 4193 templo,
1053 4126 1271 4194 jejuniis
1311 4133 1363 4176 et
1393 4122 1725 4176 orationibus
1781 4135 1977 4173 vacan-

445 4226 547 4269 tes.
576 4217 653 4268 An
681 4225 732 4268 tu
768 4223 940 4282 putas,
971 4213 1061 4281 qui
1084 4213 1170 4264 vix
1200 4211 1387 4264 diebus
1408 4209 1557 4262 lestis
1597 4209 1662 4261 ad
1695 4208 1975 4261 ecclesiam

443 4306 612 4368 venis,
648 4317 745 4357 nec
772 4302 1011 4355 intentus
1054 4314 1111 4353 es
1161 4299 1226 4353 ad
1278 4299 1538 4351 audienda
1575 4299 1734 4351 verba
1775 4297 1979 4360 divina,

445 4410 543 4449 nec
574 4396 667 4447 das
699 4406 912 4460 operam
938 4390 1005 4442 ad
1044 4389 1309 4456 implenda
1339 4389 1608 4448 mandata,
1636 4388 1778 4454 quod
1805 4387 1978 4455 possit

446 4499 563 4539 sors
612 4482 818 4536 Domini
875 4480 1057 4533 venire
1096 4494 1258 4548 super
1301 4478 1390 4531 te?
1432 4476 1691 4544 Optamus
1721 4484 1897 4529 tamen
1922 4485 1980 4528 ut

448 4575 528 4628 vel
566 4575 647 4626 his
671 4571 867 4625 auditis
899 4586 1115 4640 cperam
1155 4569 1319 4630 detis,
1345 4581 1448 4619 non
1472 4566 1640 4618 solum
1682 4564 1734 4617 in
1755 4564 1980 4619 ecclesia

452 4665 639 4717 audire
668 4663 826 4716 verba
863 4661 971 4721 Dei,
1007 4661 1097 4712 sed
1123 4666 1175 4711 et
1213 4658 1265 4709 in
1308 4654 1555 4707 domibus
1588 4654 1783 4707 vestris
1824 4668 1982 4707 exer-

451 4758 555 4809 ceri
612 4762 665 4806 et
702 4751 943 4806 meditari
985 4749 1039 4801 in
1070 4747 1185 4814 lege
1236 4743 1440 4797 Domini
1490 4742 1575 4795 die
1622 4756 1686 4796 ac
1728 4752 1901 4806 nocte,
1932 4753 1986 4797 et

453 4844 521 4896 ibi
556 4842 695 4894 enim
726 4839 968 4893 Christus
988 4843 1090 4897 est,
1120 4842 1174 4884 et
1197 4831 1393 4897 ubique
1440 4830 1591 4881 adest
1622 4830 1987 4896 quaerentibus

451 4948 532 4987 se.
563 4932 840 4997 Propterea
877 4936 1106 4992 namque
1146 4920 1431 4973 mandatur
1460 4919 1513 4971 in
1547 4918 1688 4986 lege,
1724 4929 1781 4971 ut
1822 4920 1990 4973 medi-

456 5027 631 5070 temur
671 5028 787 5067 eam
813 5026 933 5065 cum
962 5009 1104 5062 imus
1140 5006 1191 5058 in
1236 5006 1338 5068 via,
1389 5012 1443 5056 et
1492 5017 1610 5055 cum
1643 5005 1887 5057 sedemus
1936 5005 1986 5056 in

455 5109 630 5167 domo,
660 5110 712 5156 et
742 5102 984 5168 jacemus
1023 5098 1076 5150 in
1100 5094 1287 5157 cubili,
1310 5102 1319 5109 '
1342 5102 1397 5147 et
1443 5107 1563 5146 cum
1616 5093 1986 5161 exsurgimus;

454 5202 509 5248 et
546 5196 644 5245 hoc
674 5197 774 5252 est,
806 5199 931 5240 vere
956 5198 1051 5253 pro
1097 5181 1295 5235 foribus
1338 5187 1650 5247 exspectare
1683 5180 1985 5246 pontiﬁcem

521 5282 567 5315 "
591 5279 709 5335 Psal
731 5290 890 5344 txxx,
921 5274 974 5327 4.

455 5366 566 5416 ινι,
613 5350 699 5402 12.

527 5435 635 5502 (Gl)
684 5431 865 5502 Altare
915 5424 1145 5502 incensi.
1175 5422 1307 5476 solet
1361 5419 1633 5502 collocare
1686 5419 1739 5470 in
1785 5417 1985 5473 Sancto

458 5492 780 5553 sanctorum.
806 5498 962 5553 Atqui
999 5492 1186 5547 eratin
1224 5499 1431 5544 sancto.

530 5569 638 5634 tbi)
673 5565 850 5620 Codex
885 5553 1183 5631 Sangcrm.,
1210 5576 1226 5606 ‹
1264 5553 1710 5625 prupitiatorium.
1752 5569 1772 5604 ι

1068 5272 1112 5302 ⁶⁰
1147 5270 1251 5324 lsa.
1275 5268 1498 5332 Lxr,let
1521 5267 1576 5319 2.
1649 5265 1692 5298 ⁶¹
1722 5265 1910 5321 lJoan.
1942 5266 2073 5332 11,1,
2110 5267 2166 5324 2.

2063 3035 2407 3107 cupiditates,
2432 3052 2543 3091 non
2574 3047 2662 3091 est
2688 3038 2866 3092 homo
2899 3040 3127 3108 piger,
3206 3058 3359 3098 nec
3394 3053 3775 3113 occupatus
3816 3056 3912 3097 ne-

2057 3128 2213 3194 gotiis
2279 3126 2663 3190 saecularibus,
2708 3129 2809 3181 sed
2859 3140 3154 3196 paratus
3219 3147 3376 3201 est,
3438 3147 3516 3191 et
3563 3146 3909 3206 promptus,

2058 3230 2121 3268 ac
2142 3215 2405 3281 vigilans;
2446 3215 2539 3283 qui
2572 3217 2804 3270 etiamsi
2828 3221 3268 3278 sordescere
3317 3228 3655 3280 videatur
3693 3241 3805 3296 pro
3829 3240 3899 3281 eo

2059 3304 2199 3371 quod
2239 3303 2535 3370 contigerit
2594 3306 2999 3372 immundum,
3081 3310 3148 3362 la
3166 3313 3389 3367 vabit
3431 3319 3675 3371 statim
3714 3317 3902 3370 resti-

2062 3405 2239 3449 tuenta
2272 3409 2395 3456 sua,
2425 3402 2482 3447 et
2504 3395 2614 3446 erit
2648 3396 2922 3448 mundus.
2958 3398 3177 3462 Quod
3240 3404 3662 3475 intelligere
3700 3420 3912 3475 possu-

2067 3500 2189 3538 mus
2210 3493 2478 3551 quautum
2523 3484 2591 3535 ad
2628 3499 3163 3555 unumquemque
3232 3508 3582 3550 nostrum
3628 3498 3912 3566 pertinet,

2064 3574 2360 3628 secundum
2391 3572 2658 3623 moralem
2693 3572 2918 3639 locum,
2959 3590 3123 3631 esse
3166 3580 3572 3640 hominem
3606 3597 3917 3656 paratum,

2068 3664 2328 3715 rationem
2359 3659 2531 3725 ipsam
2561 3674 2687 3726 quae
2729 3661 2890 3714 intra
2934 3678 3063 3719 nos
3112 3679 3278 3735 est,
3334 3689 3473 3743 per
3538 3692 3739 3747 quam
3791 3681 3920 3732 dis.

2067 3750 2236 3803 cretio
2267 3748 2423 3801 nobis
2454 3749 2582 3801 boni
2610 3749 2871 3817 malique
2904 3765 3035 3818 est,
3081 3773 3267 3825 qua;
3312 3766 3549 3829 etiam
3584 3769 3640 3821 si
3682 3772 3921 3824 ﬁdem,

2069 3838 2379 3931 sordescere
2419 3836 2551 3889 dum
2591 3839 2917 3931 discernit,
2968 3852 3038 3896 et
3098 3862 3543 3915 pertractat
3601 3861 3743 3927 ipsa
3792 3877 3920 3931 (ιιιςε

2077 3926 2214 3979 mala
2239 3933 2393 4016 sunt;
2424 3933 2610 4016 tamen
2640 3929 2688 3981 si
2714 3944 2782 3981 ea
2823 3931 3129 4000 abjiciat,
3173 3951 3260 3995 ει
3290 3926 3693 4016 «ηερξηεη³
3725 3926 3905 4006 calide

2077 4030 2155 4107 ac-
2193 4012 2644 4107 procu!.eﬂ“gek
2697 4025 2837 4070 lunc
2904 4021 3358 4090 melioribus
3398 3991 3927 4107 ἓξὲξ-[εὖξῌῇζὲ

2074 4104 2223 4158 velut
2265 4101 2551 4170 puriﬁcata
2591 4119 2658 4156 ac
2697 4104 2912 4170 diluta,
2962 4117 3253 4171 munda
3325 4101 3703 4181 videbitur
3746 4133 3930 4183 ratio-

2078 4194 2273 4247 nabilis
2300 4208 2477 4248 mens.
2511 4193 2628 4248 Nec
2655 4210 2801 4248 sane
2838 4199 3132 4267 mireris,
3189 4218 3407 4279 quod
3448 4220 3665 4275 etiam
3696 4223 3775 4276 ad
3806 4238 3939 4291 per-

2011 4289 2054 4344 D
2084 4301 2268 4340 sonam
2294 4286 2603 4380 D‘alvatoris
2633 4288 2925 4344 traximus
2964 4292 3160 4352 hunc
3225 4309 3366 4373 qui
3438 4312 3638 4380 ejici,
3668 4286 3932 4378 bim-um,

2082 4385 2138 4430 et
2165 4375 2464 4444 expellitin
2494 4389 2781 4441 eremum,
2829 4382 2982 4447 quia
3053 4387 3358 4450 dicitur
3438 4375 3683 4460 lavare
3755 4375 3939 4460 vesti;

2083 4474 2259 4567 menta
2285 4480 2403 4566 sua,
2429 4475 2483 4518 et
2514 4466 2637 4567 liieri
2689 4471 2974 4536 tnundus,
3011 4490 3343 4549 propter
3398 4491 3579 4548 illud
3634 4498 3809 4565 quod
3859 4497 3941 4550 le-

2081 4556 2257 4657 gimus
2304 4556 2357 4607 in
2403 4554 2674 4657 pr‘ophet-a
2723 4558 2841 4611 diei
2903 4561 2984 4614 de
3063 4567 3438 4645 Domino,
3506 4554 3697 4643 sinu"
3755 4606 3937 4657 supra

2081 4643 2354 4744 diximus:
2385 4642 2510 4744 eEt
2555 4643 2670 4697 vidi
2718 4645 2923 4703 Jesum
2956 4632 3438 4724 sacerdotem
3485 4632 3948 4744 ιῐιξὲιζιιῐιῖῖιῖ.

2085 4734 2270 4788 (lutum
2298 4734 2631 4835 vestimenta
2670 4741 2913 4796 sordida
2953 4745 3035 4797 ω,
3086 4765 3110 4798 δ
3163 4752 3399 4820 Quod
3447 4766 3508 4818 si
3567 4734 3808 4840 “Eque
3839 4785 3948 4837 pm

2785 4831 2913 4888 δῖοί
2984 4838 3099 4905 me
3160 4823 3941 4925 ίιιιριιεςειυτςειεξιω

2082 4910 2545 5019 hicinﬂavandis
2577 4919 2965 4981 vestimentis
3017 4943 3259 4998 pOtest
3342 4910 3477 4999 ea“
3504 4910 3737 5019 ﬁgura

2086 5016 2145 5052 va
2156 5002 2196 5052 ri
2226 5003 2369 5071 (63).

2154 5089 2210 5142 7.
2248 5093 2545 5152 Videamus

2326 5107 2545 5152 “eamus
2594 5114 2735 5170 Ροδί
2782 5107 2923 5166 hinc
2978 5127 3117 5183 (ωδε
3174 5134 3354 5180 sunt
3417 5146 3590 5201 quas
3658 5136 3944 5208 pontifex

2361 5206 2381 5235 ι
2417 5190 2482 5235 Et
2505 5202 2687 5235 sumpt
2744 5197 2946 5235 innuh
2985 5208 3041 5235 et
3102 5209 3349 5235 -i-___,_
3435 5224 3453 5235 .
3571 5228 3645 5235 ---

2246 5190 2482 5305 iani-[Et
2505 5202 2715 5305 sitmst,
2744 5204 2958 5305 turi-nit
2985 5208 3067 5305 εξ,
3102 5209 3395 5282 plenum
3435 5224 3770 5282 batillum
3804 5244 3948 5283 car-

2326 5278 2591 5351 liomJIt,
2619 5284 2724 5343 ‘25.
2813 5294 2869 5326 ”
2895 5278 3242 5373 Zachjtn,
3276 5310 3299 5364 l
3342 5323 3427 5367 et
3463 5278 3948 5377 3--'_;“Lefvivu

2093 5427 2289 5549 Coifi
2321 5435 2869 5549 ngiiﬁa“§°f.‘.‘.‘;z.
2904 5477 2943 5549 '_
2964 5548 2971 5549 ί
2993 5474 3205 5549 ηοιθεε
3241 5469 3315 5522 ad
3370 5484 3557 5528 eum

2321 5478 2877 5593 ᾱξξίδῖιῒῗξῑςάϊέξι
2904 5478 3557 5611 gnaragnara
3632 5478 3887 5599 ηειη
3944 5500 3948 5532 ¹
