  <div class='ocr_page' id='page_1' title='image "/cluster/home/n/w/nwhite01/storage/ocr_20150623/12 (Origen; pt. 2)/nyp.33433081862272/266.png"; bbox 0 0 3948 6246; ppageno 0'>
   <div class='ocr_carea' id='block_1_1' title="bbox 433 242 2355 327">
    <p class='ocr_par' dir='ltr' id='par_1_1' title="bbox 433 242 2355 327">
     <span class='ocr_line' id='line_1_1' title="bbox 433 242 2355 327; baseline -0.006 -15"><span class='ocrx_word' id='word_1_1' title='bbox 433 308 449 327; x_wconf 67' lang='grc'>,</span> <span class='ocrx_word' id='word_1_2' title='bbox 542 313 559 327; x_wconf 62' lang='grc'><em>,</em></span> <span class='ocrx_word' id='word_1_3' title='bbox 679 321 698 327; x_wconf 90' lang='lat'>_</span> <span class='ocrx_word' id='word_1_4' title='bbox 1454 242 1520 298; x_wconf 83' lang='lat' dir='ltr'><strong>lN</strong></span> <span class='ocrx_word' id='word_1_5' title='bbox 1557 242 1919 299; x_wconf 80' lang='lat' dir='ltr'><strong>LEVITICUM</strong></span> <span class='ocrx_word' id='word_1_6' title='bbox 1953 244 2228 300; x_wconf 69' lang='lat' dir='ltr'><strong>HOMlldA</strong></span> <span class='ocrx_word' id='word_1_7' title='bbox 2265 246 2355 301; x_wconf 79' lang='lat' dir='ltr'><strong>IX.</strong></span> 
     </span>
    </p>
   </div>
   <div class='ocr_carea' id='block_1_2' title="bbox 240 319 2701 433">
    <p class='ocr_par' dir='ltr' id='par_1_2' title="bbox 240 319 2701 433">
     <span class='ocr_line' id='line_1_2' title="bbox 240 319 2701 433; baseline 0 -22"><span class='ocrx_word' id='word_1_8' title='bbox 240 319 415 433; x_wconf 53' lang='lat' dir='ltr'><strong>vos,</strong></span> <span class='ocrx_word' id='word_1_9' title='bbox 807 330 1042 433; x_wconf 40' lang='lat' dir='ltr'><strong>FW)“,</strong></span> <span class='ocrx_word' id='word_1_10' title='bbox 1108 353 1283 417; x_wconf 78' lang='lat' dir='ltr'><strong>quod</strong></span> <span class='ocrx_word' id='word_1_11' title='bbox 1343 368 1430 412; x_wconf 90' lang='lat' dir='ltr'><strong>est</strong></span> <span class='ocrx_word' id='word_1_12' title='bbox 1475 370 1660 413; x_wconf 87' lang='lat' dir='ltr'><strong>contra</strong></span> <span class='ocrx_word' id='word_1_13' title='bbox 1705 359 1881 414; x_wconf 58' lang='lat' dir='ltr'><strong>Domi.</strong></span> <span class='ocrx_word' id='word_1_14' title='bbox 1905 366 1949 421; x_wconf 83' lang='grc' dir='ltr'><strong>Α</strong></span> <span class='ocrx_word' id='word_1_15' title='bbox 1983 367 2231 419; x_wconf 90' lang='lat' dir='ltr'><strong>tentaret,</strong></span> <span class='ocrx_word' id='word_1_16' title='bbox 2264 372 2439 411; x_wconf 87' lang='lat' dir='ltr'><strong>nonne</strong></span> <span class='ocrx_word' id='word_1_17' title='bbox 2476 357 2701 421; x_wconf 88' lang='lat' dir='ltr'><strong>diceres,</strong></span> 
     </span>
    </p>
   </div>
   <div class='ocr_carea' id='block_1_3' title="bbox 125 328 166 378">
    <p class='ocr_par' dir='ltr' id='par_1_3' title="bbox 125 328 166 378">
     <span class='ocr_line' id='line_1_3' title="bbox 125 328 166 378; baseline 0.049 -2"><span class='ocrx_word' id='word_1_18' title='bbox 125 328 166 378; x_wconf 77' lang='lat' dir='ltr'><strong>ill</strong></span> 
     </span>
    </p>
   </div>
   <div class='ocr_carea' id='block_1_4' title="bbox 144 399 1877 522">
    <p class='ocr_par' dir='ltr' id='par_1_4' title="bbox 144 399 1877 522">
     <span class='ocr_line' id='line_1_4' title="bbox 144 399 1877 522; baseline -0.015 1"><span class='ocrx_word' id='word_1_19' title='bbox 144 399 295 522; x_wconf 45' lang='grc' dir='ltr'><strong>ΜΤ</strong></span> <span class='ocrx_word' id='word_1_20' title='bbox 325 399 686 522; x_wconf 46' lang='grc' dir='ltr'><strong>’.ὶῖθμωδ</strong></span> <span class='ocrx_word' id='word_1_21' title='bbox 711 425 779 471; x_wconf 53' lang='grc'><strong>⁸⁸</strong></span> <span class='ocrx_word' id='word_1_22' title='bbox 807 418 877 475; x_wconf 56' lang='grc' dir='ltr'>ῖ“</span> <span class='ocrx_word' id='word_1_23' title='bbox 913 399 1297 508; x_wconf 41' lang='lat' dir='ltr'><strong>‘saiavlql&#39;ia</strong></span> <span class='ocrx_word' id='word_1_24' title='bbox 1330 445 1455 513; x_wconf 78' lang='lat' dir='ltr'><strong>isne</strong></span> <span class='ocrx_word' id='word_1_25' title='bbox 1491 399 1877 516; x_wconf 54' lang='grc' dir='ltr'><strong>ρυνξξιιιῖννιίο-</strong></span> 
     </span>
    </p>
   </div>
   <div class='ocr_carea' id='block_1_5' title="bbox 145 510 1874 623">
    <p class='ocr_par' dir='ltr' id='par_1_5' title="bbox 145 510 1874 623">
     <span class='ocr_line' id='line_1_5' title="bbox 145 510 1874 623; baseline 0.016 -61"><span class='ocrx_word' id='word_1_26' title='bbox 145 510 472 623; x_wconf 44' lang='grc' dir='ltr'><strong>ἒῗι·</strong></span> <span class='ocrx_word' id='word_1_27' title='bbox 726 523 807 564; x_wconf 82' lang='lat' dir='ltr'><strong>ex</strong></span> <span class='ocrx_word' id='word_1_28' title='bbox 832 523 1199 618; x_wconf 68' lang='lat' dir='ltr'><strong>seraphin),</strong></span> <span class='ocrx_word' id='word_1_29' title='bbox 1228 510 1381 600; x_wconf 83' lang='lat' dir='ltr'><strong>quod</strong></span> <span class='ocrx_word' id='word_1_30' title='bbox 1411 510 1628 591; x_wconf 80' lang='lat' dir='ltr'><strong>missum</strong></span> <span class='ocrx_word' id='word_1_31' title='bbox 1661 549 1740 590; x_wconf 90' lang='lat' dir='ltr'><strong>est</strong></span> <span class='ocrx_word' id='word_1_32' title='bbox 1763 510 1874 601; x_wconf 53' lang='lat' dir='ltr'><strong>t64)</strong></span> 
     </span>
    </p>
   </div>
   <div class='ocr_carea' id='block_1_6' title="bbox 172 595 1876 716">
    <p class='ocr_par' dir='ltr' id='par_1_6' title="bbox 172 595 1876 716">
     <span class='ocr_line' id='line_1_6' title="bbox 172 595 1876 716; baseline 0.009 -53"><span class='ocrx_word' id='word_1_33' title='bbox 172 595 490 716; x_wconf 31' lang='lat' dir='ltr'><strong>Ely/XF.“</strong></span> <span class='ocrx_word' id='word_1_34' title='bbox 507 608 648 716; x_wconf 48' lang='grc' dir='ltr'><strong>(ὶὶὶῐῖὶ</strong></span> <span class='ocrx_word' id='word_1_35' title='bbox 694 607 943 675; x_wconf 86' lang='lat' dir='ltr'><strong>accepit</strong></span> <span class='ocrx_word' id='word_1_36' title='bbox 981 611 1228 686; x_wconf 74' lang='lat' dir='ltr'><strong>forcipe</strong></span> <span class='ocrx_word' id='word_1_37' title='bbox 1272 626 1561 697; x_wconf 82' lang='lat' dir='ltr'><strong>carbonem</strong></span> <span class='ocrx_word' id='word_1_38' title='bbox 1598 642 1758 677; x_wconf 90' lang='lat' dir='ltr'><strong>unum</strong></span> <span class='ocrx_word' id='word_1_39' title='bbox 1810 640 1876 678; x_wconf 79' lang='lat' dir='ltr'><strong>ex</strong></span> 
     </span>
    </p>
   </div>
   <div class='ocr_carea' id='block_1_7' title="bbox 213 698 1877 791">
    <p class='ocr_par' dir='ltr' id='par_1_7' title="bbox 213 698 1877 791">
     <span class='ocr_line' id='line_1_7' title="bbox 213 698 1877 791; baseline 0.009 -39"><span class='ocrx_word' id='word_1_40' title='bbox 213 698 278 791; x_wconf 24' lang='grc' dir='ltr'>ξς</span> <span class='ocrx_word' id='word_1_41' title='bbox 322 698 425 753; x_wconf 68' lang='lat'><strong>4‘“</strong></span> <span class='ocrx_word' id='word_1_42' title='bbox 460 698 863 791; x_wconf 44' lang='grc' dir='ltr'><strong>δγίιξξὶβιξρει·</strong></span> <span class='ocrx_word' id='word_1_43' title='bbox 921 700 1148 791; x_wconf 50' lang='lat' dir='ltr'><strong>altare,</strong></span> <span class='ocrx_word' id='word_1_44' title='bbox 1209 718 1267 762; x_wconf 88' lang='lat' dir='ltr'><strong>et</strong></span> <span class='ocrx_word' id='word_1_45' title='bbox 1314 713 1534 781; x_wconf 79' lang='lat' dir='ltr'><strong>contigit</strong></span> <span class='ocrx_word' id='word_1_46' title='bbox 1575 713 1709 767; x_wconf 82' lang='lat' dir='ltr'><strong>labia</strong></span> <span class='ocrx_word' id='word_1_47' title='bbox 1757 728 1877 780; x_wconf 79' lang='lat' dir='ltr'><strong>pro-</strong></span> 
     </span>
    </p>
   </div>
   <div class='ocr_carea' id='block_1_8' title="bbox 255 778 1870 877">
    <p class='ocr_par' dir='ltr' id='par_1_8' title="bbox 255 778 1870 877">
     <span class='ocr_line' id='line_1_8' title="bbox 255 778 1870 877; baseline 0 -24"><span class='ocrx_word' id='word_1_48' title='bbox 255 778 434 877; x_wconf 45' lang='grc' dir='ltr'><strong>ᾆχῃπν</strong></span> <span class='ocrx_word' id='word_1_49' title='bbox 453 787 527 877; x_wconf 44' lang='lat'><strong>“’1‘</strong></span> <span class='ocrx_word' id='word_1_50' title='bbox 551 778 704 833; x_wconf 55' lang='lat' dir='ltr'><strong>Mx“</strong></span> <span class='ocrx_word' id='word_1_51' title='bbox 726 782 777 813; x_wconf 78' lang='grc'>⁸⁸</span> <span class='ocrx_word' id='word_1_52' title='bbox 808 800 825 836; x_wconf 71' lang='grc' dir='ltr'>ε</span> <span class='ocrx_word' id='word_1_53' title='bbox 867 802 889 877; x_wconf 53' lang='grc' dir='ltr'>ς</span> <span class='ocrx_word' id='word_1_54' title='bbox 930 787 1094 851; x_wconf 80' lang='lat' dir='ltr'><strong>Ecce</strong></span> <span class='ocrx_word' id='word_1_55' title='bbox 1123 796 1332 850; x_wconf 82' lang='lat' dir='ltr'><strong>abstuli</strong></span> <span class='ocrx_word' id='word_1_56' title='bbox 1360 778 1661 865; x_wconf 81' lang='lat' dir='ltr'><strong>iniquitates</strong></span> <span class='ocrx_word' id='word_1_57' title='bbox 1688 778 1825 860; x_wconf 71' lang='lat' dir='ltr'><strong>tuas.</strong></span> <span class='ocrx_word' id='word_1_58' title='bbox 1851 819 1870 853; x_wconf 78' lang='grc' dir='ltr'><strong><em>ι</em></strong></span> 
     </span>
    </p>
   </div>
   <div class='ocr_carea' id='block_1_9' title="bbox 269 871 1874 952">
    <p class='ocr_par' dir='ltr' id='par_1_9' title="bbox 269 871 1874 952">
     <span class='ocr_line' id='line_1_9' title="bbox 269 871 1874 952; baseline 0.009 -25"><span class='ocrx_word' id='word_1_59' title='bbox 269 883 394 946; x_wconf 49' lang='lat' dir='ltr'><strong>\m&quot;</strong></span> <span class='ocrx_word' id='word_1_60' title='bbox 422 871 685 928; x_wconf 81' lang='lat' dir='ltr'><strong>videntur</strong></span> <span class='ocrx_word' id='word_1_61' title='bbox 717 876 978 945; x_wconf 71' lang='lat' dir='ltr'><strong>mystica</strong></span> <span class='ocrx_word' id='word_1_62' title='bbox 1020 883 1150 940; x_wconf 84' lang='lat' dir='ltr'><strong>haec</strong></span> <span class='ocrx_word' id='word_1_63' title='bbox 1177 901 1322 952; x_wconf 88' lang='lat' dir='ltr'><strong>esse,</strong></span> <span class='ocrx_word' id='word_1_64' title='bbox 1374 898 1427 942; x_wconf 90' lang='lat' dir='ltr'><strong>et</strong></span> <span class='ocrx_word' id='word_1_65' title='bbox 1475 891 1575 942; x_wconf 78' lang='lat' dir='ltr'><strong>hec</strong></span> <span class='ocrx_word' id='word_1_66' title='bbox 1621 890 1874 952; x_wconf 88' lang='lat' dir='ltr'><strong>indicare,</strong></span> 
     </span>
    </p>
   </div>
   <div class='ocr_carea' id='block_1_10' title="bbox 312 964 1874 1044">
    <p class='ocr_par' dir='ltr' id='par_1_10' title="bbox 312 964 1874 1044">
     <span class='ocr_line' id='line_1_10' title="bbox 312 964 1874 1044; baseline 0.009 -28"><span class='ocrx_word' id='word_1_67' title='bbox 312 965 425 1039; x_wconf 42' lang='lat' dir='ltr'><strong>“ad</strong></span> <span class='ocrx_word' id='word_1_68' title='bbox 468 964 783 1035; x_wconf 83' lang='lat' dir='ltr'><strong>unicuique</strong></span> <span class='ocrx_word' id='word_1_69' title='bbox 836 972 1161 1026; x_wconf 83' lang='lat' dir='ltr'><strong>secundum</strong></span> <span class='ocrx_word' id='word_1_70' title='bbox 1233 976 1287 1028; x_wconf 93' lang='lat' dir='ltr'><strong>id</strong></span> <span class='ocrx_word' id='word_1_71' title='bbox 1355 979 1492 1044; x_wconf 89' lang='lat' dir='ltr'><strong>quod</strong></span> <span class='ocrx_word' id='word_1_72' title='bbox 1554 987 1770 1044; x_wconf 86' lang='lat' dir='ltr'><strong>peccat,</strong></span> <span class='ocrx_word' id='word_1_73' title='bbox 1829 978 1874 1030; x_wconf 90' lang='lat' dir='ltr'><strong>si</strong></span> 
     </span>
    </p>
   </div>
   <div class='ocr_carea' id='block_1_11' title="bbox 317 1056 1877 1127">
    <p class='ocr_par' dir='ltr' id='par_1_11' title="bbox 317 1056 1877 1127">
     <span class='ocr_line' id='line_1_11' title="bbox 317 1056 1877 1127; baseline 0.004 -15"><span class='ocrx_word' id='word_1_74' title='bbox 317 1060 510 1126; x_wconf 87' lang='lat' dir='ltr'><strong>dignum</strong></span> <span class='ocrx_word' id='word_1_75' title='bbox 544 1056 713 1110; x_wconf 90' lang='lat' dir='ltr'><strong>fuerit</strong></span> <span class='ocrx_word' id='word_1_76' title='bbox 752 1059 1052 1123; x_wconf 81' lang='lat' dir='ltr'><strong>pttril‘tcari</strong></span> <span class='ocrx_word' id='word_1_77' title='bbox 1085 1078 1236 1127; x_wconf 91' lang='lat' dir='ltr'><strong>eum,</strong></span> <span class='ocrx_word' id='word_1_78' title='bbox 1284 1064 1578 1117; x_wconf 81' lang='lat' dir='ltr'><strong>inferantur</strong></span> <span class='ocrx_word' id='word_1_79' title='bbox 1620 1066 1877 1119; x_wconf 83' lang='lat' dir='ltr'><strong>carbones</strong></span> 
     </span>
    </p>
   </div>
   <div class='ocr_carea' id='block_1_12' title="bbox 317 1144 1873 1221">
    <p class='ocr_par' dir='ltr' id='par_1_12' title="bbox 317 1144 1873 1221">
     <span class='ocr_line' id='line_1_12' title="bbox 317 1144 1873 1221; baseline 0.002 -18"><span class='ocrx_word' id='word_1_80' title='bbox 317 1147 548 1203; x_wconf 80' lang='lat' dir='ltr'><strong>membris</strong></span> <span class='ocrx_word' id='word_1_81' title='bbox 572 1144 718 1213; x_wconf 78' lang='lat' dir='ltr'><strong>eius.</strong></span> <span class='ocrx_word' id='word_1_82' title='bbox 745 1146 891 1200; x_wconf 82' lang='lat' dir='ltr'><strong>Nam</strong></span> <span class='ocrx_word' id='word_1_83' title='bbox 924 1152 1191 1216; x_wconf 89' lang='lat' dir='ltr'><strong>quoniam</strong></span> <span class='ocrx_word' id='word_1_84' title='bbox 1216 1153 1346 1206; x_wconf 87' lang='lat' dir='ltr'><strong>dicit</strong></span> <span class='ocrx_word' id='word_1_85' title='bbox 1383 1154 1635 1221; x_wconf 84' lang='lat' dir='ltr'><strong>propheta</strong></span> <span class='ocrx_word' id='word_1_86' title='bbox 1669 1154 1752 1206; x_wconf 89' lang='lat' dir='ltr'><strong>hic</strong></span> <span class='ocrx_word' id='word_1_87' title='bbox 1780 1153 1825 1183; x_wconf 82' lang='lat'><strong>“</strong></span> <span class='ocrx_word' id='word_1_88' title='bbox 1859 1170 1873 1206; x_wconf 91' lang='lat'><strong>:</strong></span> 
     </span>
    </p>
   </div>
   <div class='ocr_carea' id='block_1_13' title="bbox 309 1237 1874 1309">
    <p class='ocr_par' dir='ltr' id='par_1_13' title="bbox 309 1237 1874 1309">
     <span class='ocr_line' id='line_1_13' title="bbox 309 1237 1874 1309; baseline 0.003 -19"><span class='ocrx_word' id='word_1_89' title='bbox 309 1256 329 1290; x_wconf 73' lang='grc' dir='ltr'>ι</span> <span class='ocrx_word' id='word_1_90' title='bbox 368 1239 635 1291; x_wconf 88' lang='lat' dir='ltr'><strong>lmmunda</strong></span> <span class='ocrx_word' id='word_1_91' title='bbox 679 1237 831 1291; x_wconf 91' lang='lat' dir='ltr'><strong>labia</strong></span> <span class='ocrx_word' id='word_1_92' title='bbox 863 1240 1075 1305; x_wconf 89' lang='lat' dir='ltr'><strong>habeo,</strong></span> <span class='ocrx_word' id='word_1_93' title='bbox 1111 1243 1163 1293; x_wconf 90' lang='lat' dir='ltr'><strong>in</strong></span> <span class='ocrx_word' id='word_1_94' title='bbox 1211 1243 1384 1294; x_wconf 91' lang='lat' dir='ltr'><strong>medio</strong></span> <span class='ocrx_word' id='word_1_95' title='bbox 1429 1256 1639 1309; x_wconf 83' lang='lat' dir='ltr'><strong>quoque</strong></span> <span class='ocrx_word' id='word_1_96' title='bbox 1697 1242 1874 1309; x_wconf 85' lang='lat' dir='ltr'><strong>populi</strong></span> 
     </span>
    </p>
   </div>
   <div class='ocr_carea' id='block_1_14' title="bbox 304 1326 1877 1393">
    <p class='ocr_par' dir='ltr' id='par_1_14' title="bbox 304 1326 1877 1393">
     <span class='ocr_line' id='line_1_14' title="bbox 304 1326 1877 1393; baseline 0.001 -12"><span class='ocrx_word' id='word_1_97' title='bbox 304 1328 569 1381; x_wconf 89' lang='lat' dir='ltr'><strong>immunda</strong></span> <span class='ocrx_word' id='word_1_98' title='bbox 618 1326 774 1380; x_wconf 82' lang='lat' dir='ltr'><strong>labia</strong></span> <span class='ocrx_word' id='word_1_99' title='bbox 843 1328 1107 1381; x_wconf 85' lang='lat' dir='ltr'><strong>habentis</strong></span> <span class='ocrx_word' id='word_1_100' title='bbox 1154 1329 1357 1393; x_wconf 90' lang='lat' dir='ltr'><strong>habito,</strong></span> <span class='ocrx_word' id='word_1_101' title='bbox 1398 1345 1417 1380; x_wconf 74' lang='grc' dir='ltr'><strong><em>ι</em></strong></span> <span class='ocrx_word' id='word_1_102' title='bbox 1463 1329 1659 1382; x_wconf 88' lang='lat' dir='ltr'><strong>idcirco</strong></span> <span class='ocrx_word' id='word_1_103' title='bbox 1716 1332 1877 1384; x_wconf 73' lang='lat' dir='ltr'><strong>carbo</strong></span> 
     </span>
    </p>
   </div>
   <div class='ocr_carea' id='block_1_15' title="bbox 294 1416 1873 1483">
    <p class='ocr_par' dir='ltr' id='par_1_15' title="bbox 294 1416 1873 1483">
     <span class='ocr_line' id='line_1_15' title="bbox 294 1416 1873 1483; baseline 0.001 -13"><span class='ocrx_word' id='word_1_104' title='bbox 294 1416 500 1483; x_wconf 75' lang='lat' dir='ltr'><strong>forcipe</strong></span> <span class='ocrx_word' id='word_1_105' title='bbox 567 1423 905 1482; x_wconf 82' lang='lat' dir='ltr'><strong>assumptus</strong></span> <span class='ocrx_word' id='word_1_106' title='bbox 960 1431 989 1469; x_wconf 91' lang='lat' dir='ltr'><strong>a</strong></span> <span class='ocrx_word' id='word_1_107' title='bbox 1034 1418 1324 1483; x_wconf 88' lang='lat' dir='ltr'><strong>seraphim,</strong></span> <span class='ocrx_word' id='word_1_108' title='bbox 1376 1417 1506 1469; x_wconf 83' lang='lat' dir='ltr'><strong>labia</strong></span> <span class='ocrx_word' id='word_1_109' title='bbox 1559 1420 1673 1482; x_wconf 79' lang='lat' dir='ltr'><strong>ejus</strong></span> <span class='ocrx_word' id='word_1_110' title='bbox 1721 1434 1873 1472; x_wconf 83' lang='lat' dir='ltr'><strong>mun-</strong></span> 
     </span>
    </p>
   </div>
   <div class='ocr_carea' id='block_1_16' title="bbox 293 1501 1873 1573">
    <p class='ocr_par' dir='ltr' id='par_1_16' title="bbox 293 1501 1873 1573">
     <span class='ocr_line' id='line_1_16' title="bbox 293 1501 1873 1573; baseline 0.001 -16"><span class='ocrx_word' id='word_1_111' title='bbox 293 1504 388 1557; x_wconf 85' lang='lat' dir='ltr'><strong>dat</strong></span> <span class='ocrx_word' id='word_1_112' title='bbox 429 1501 790 1573; x_wconf 80' lang='lat' dir='ltr'><strong>(65),quibus</strong></span> <span class='ocrx_word' id='word_1_113' title='bbox 825 1504 965 1557; x_wconf 87' lang='lat' dir='ltr'><strong>solis</strong></span> <span class='ocrx_word' id='word_1_114' title='bbox 989 1518 1047 1557; x_wconf 92' lang='lat' dir='ltr'><strong>se</strong></span> <span class='ocrx_word' id='word_1_115' title='bbox 1063 1504 1312 1556; x_wconf 87' lang='lat' dir='ltr'><strong>mundum</strong></span> <span class='ocrx_word' id='word_1_116' title='bbox 1332 1518 1430 1557; x_wconf 90' lang='lat' dir='ltr'><strong>non</strong></span> <span class='ocrx_word' id='word_1_117' title='bbox 1447 1518 1561 1557; x_wconf 82' lang='lat' dir='ltr'><strong>esse</strong></span> <span class='ocrx_word' id='word_1_118' title='bbox 1579 1508 1706 1571; x_wconf 82' lang='lat' dir='ltr'><strong>proli</strong></span> <span class='ocrx_word' id='word_1_119' title='bbox 1717 1514 1873 1559; x_wconf 89' lang='lat' dir='ltr'><strong>tetur.</strong></span> 
     </span>
    </p>
   </div>
   <div class='ocr_carea' id='block_1_17' title="bbox 292 1589 1875 1658">
    <p class='ocr_par' dir='ltr' id='par_1_17' title="bbox 292 1589 1875 1658">
     <span class='ocr_line' id='line_1_17' title="bbox 292 1589 1875 1658; baseline -0.001 -15"><span class='ocrx_word' id='word_1_120' title='bbox 292 1589 383 1643; x_wconf 71' lang='lat' dir='ltr'><strong>Ex</strong></span> <span class='ocrx_word' id='word_1_121' title='bbox 416 1605 522 1657; x_wconf 91' lang='lat' dir='ltr'><strong>quo</strong></span> <span class='ocrx_word' id='word_1_122' title='bbox 556 1591 896 1643; x_wconf 84' lang='lat' dir='ltr'><strong>ostenditur</strong></span> <span class='ocrx_word' id='word_1_123' title='bbox 926 1591 1073 1658; x_wconf 92' lang='lat' dir='ltr'><strong>quod</strong></span> <span class='ocrx_word' id='word_1_124' title='bbox 1105 1604 1274 1656; x_wconf 90' lang='lat' dir='ltr'><strong>usque</strong></span> <span class='ocrx_word' id='word_1_125' title='bbox 1303 1590 1367 1642; x_wconf 90' lang='lat' dir='ltr'><strong>ad</strong></span> <span class='ocrx_word' id='word_1_126' title='bbox 1398 1591 1617 1643; x_wconf 91' lang='lat' dir='ltr'><strong>verbum</strong></span> <span class='ocrx_word' id='word_1_127' title='bbox 1644 1600 1875 1642; x_wconf 90' lang='lat' dir='ltr'><strong>tantum-</strong></span> 
     </span>
    </p>
   </div>
   <div class='ocr_carea' id='block_1_18' title="bbox 284 1646 1947 1748">
    <p class='ocr_par' dir='ltr' id='par_1_18' title="bbox 284 1646 1947 1748">
     <span class='ocr_line' id='line_1_18' title="bbox 284 1646 1947 1748; baseline -0.002 -14"><span class='ocrx_word' id='word_1_128' title='bbox 284 1681 450 1735; x_wconf 85' lang='lat' dir='ltr'><strong>modo</strong></span> <span class='ocrx_word' id='word_1_129' title='bbox 472 1690 779 1748; x_wconf 89' lang='lat' dir='ltr'><strong>peccatum</strong></span> <span class='ocrx_word' id='word_1_130' title='bbox 814 1679 937 1745; x_wconf 85' lang='lat' dir='ltr'><strong>ejus</strong></span> <span class='ocrx_word' id='word_1_131' title='bbox 981 1680 1331 1742; x_wconf 84' lang='lat' dir='ltr'><strong>inveniretur,</strong></span> <span class='ocrx_word' id='word_1_132' title='bbox 1378 1681 1429 1731; x_wconf 92' lang='lat' dir='ltr'><strong>in</strong></span> <span class='ocrx_word' id='word_1_133' title='bbox 1467 1680 1607 1732; x_wconf 87' lang='lat' dir='ltr'><strong>facto</strong></span> <span class='ocrx_word' id='word_1_134' title='bbox 1642 1695 1768 1733; x_wconf 89' lang='lat' dir='ltr'><strong>vero</strong></span> <span class='ocrx_word' id='word_1_135' title='bbox 1792 1680 1872 1733; x_wconf 84' lang='lat' dir='ltr'><strong>vel</strong></span> <span class='ocrx_word' id='word_1_136' title='bbox 1906 1646 1947 1705; x_wconf 71' lang='grc' dir='ltr'><strong>Β</strong></span> 
     </span>
    </p>
   </div>
   <div class='ocr_carea' id='block_1_19' title="bbox 281 1767 1869 1840">
    <p class='ocr_par' dir='ltr' id='par_1_19' title="bbox 281 1767 1869 1840">
     <span class='ocr_line' id='line_1_19' title="bbox 281 1767 1869 1840; baseline -0.002 -17"><span class='ocrx_word' id='word_1_137' title='bbox 281 1785 453 1840; x_wconf 85' lang='lat' dir='ltr'><strong>opere</strong></span> <span class='ocrx_word' id='word_1_138' title='bbox 475 1770 635 1823; x_wconf 89' lang='lat' dir='ltr'><strong>nullo</strong></span> <span class='ocrx_word' id='word_1_139' title='bbox 664 1768 1018 1837; x_wconf 82' lang='lat' dir='ltr'><strong>peccaverit;</strong></span> <span class='ocrx_word' id='word_1_140' title='bbox 1054 1768 1290 1835; x_wconf 84' lang='lat' dir='ltr'><strong>alioquin</strong></span> <span class='ocrx_word' id='word_1_141' title='bbox 1330 1767 1574 1829; x_wconf 79' lang='lat' dir='ltr'><strong>dixisset,</strong></span> <span class='ocrx_word' id='word_1_142' title='bbox 1612 1770 1869 1836; x_wconf 88' lang='lat' dir='ltr'><strong>quoniam</strong></span> 
     </span>
    </p>
   </div>
   <div class='ocr_carea' id='block_1_20' title="bbox 277 1856 1871 1925">
    <p class='ocr_par' dir='ltr' id='par_1_20' title="bbox 277 1856 1871 1925">
     <span class='ocr_line' id='line_1_20' title="bbox 277 1856 1871 1925; baseline -0.001 -12"><span class='ocrx_word' id='word_1_143' title='bbox 277 1861 645 1915; x_wconf 84' lang='lat' dir='ltr'><strong>immundum</strong></span> <span class='ocrx_word' id='word_1_144' title='bbox 704 1871 915 1925; x_wconf 88' lang='lat' dir='ltr'><strong>corpus</strong></span> <span class='ocrx_word' id='word_1_145' title='bbox 971 1856 1176 1916; x_wconf 86' lang='lat' dir='ltr'><strong>habeo,</strong></span> <span class='ocrx_word' id='word_1_146' title='bbox 1215 1856 1298 1909; x_wconf 90' lang='lat' dir='ltr'><strong>vel</strong></span> <span class='ocrx_word' id='word_1_147' title='bbox 1345 1857 1642 1909; x_wconf 87' lang='lat' dir='ltr'><strong>innuundos</strong></span> <span class='ocrx_word' id='word_1_148' title='bbox 1690 1858 1871 1911; x_wconf 75' lang='lat' dir='ltr'><strong>oculos</strong></span> 
     </span>
    </p>
   </div>
   <div class='ocr_carea' id='block_1_21' title="bbox 277 1944 1873 2015">
    <p class='ocr_par' dir='ltr' id='par_1_21' title="bbox 277 1944 1873 2015">
     <span class='ocr_line' id='line_1_21' title="bbox 277 1944 1873 2015; baseline -0.002 -15"><span class='ocrx_word' id='word_1_149' title='bbox 277 1947 490 2012; x_wconf 84' lang='lat' dir='ltr'><strong>habeo,</strong></span> <span class='ocrx_word' id='word_1_150' title='bbox 533 1948 582 2001; x_wconf 93' lang='lat' dir='ltr'><strong>si</strong></span> <span class='ocrx_word' id='word_1_151' title='bbox 632 1954 933 2015; x_wconf 82' lang='lat' dir='ltr'><strong>peccasset</strong></span> <span class='ocrx_word' id='word_1_152' title='bbox 994 1945 1048 1997; x_wconf 91' lang='lat' dir='ltr'><strong>in</strong></span> <span class='ocrx_word' id='word_1_153' title='bbox 1120 1944 1542 2011; x_wconf 89' lang='lat' dir='ltr'><strong>concupiscendo</strong></span> <span class='ocrx_word' id='word_1_154' title='bbox 1591 1944 1780 2007; x_wconf 89' lang='lat' dir='ltr'><strong>aliena,</strong></span> <span class='ocrx_word' id='word_1_155' title='bbox 1820 1953 1873 1998; x_wconf 86' lang='lat' dir='ltr'><strong>et</strong></span> 
     </span>
    </p>
   </div>
   <div class='ocr_carea' id='block_1_22' title="bbox 272 2032 1871 2101">
    <p class='ocr_par' dir='ltr' id='par_1_22' title="bbox 272 2032 1871 2101">
     <span class='ocr_line' id='line_1_22' title="bbox 272 2032 1871 2101; baseline -0.002 -13"><span class='ocrx_word' id='word_1_156' title='bbox 272 2037 545 2098; x_wconf 74' lang='lat' dir='ltr'><strong>dixisset,</strong></span> <span class='ocrx_word' id='word_1_157' title='bbox 569 2033 903 2087; x_wconf 81' lang='lat' dir='ltr'><strong>immundus</strong></span> <span class='ocrx_word' id='word_1_158' title='bbox 930 2047 1120 2085; x_wconf 91' lang='lat' dir='ltr'><strong>manus</strong></span> <span class='ocrx_word' id='word_1_159' title='bbox 1151 2032 1340 2094; x_wconf 82' lang='lat' dir='ltr'><strong>habeo,</strong></span> <span class='ocrx_word' id='word_1_160' title='bbox 1385 2032 1428 2085; x_wconf 89' lang='lat' dir='ltr'><strong>si</strong></span> <span class='ocrx_word' id='word_1_161' title='bbox 1459 2045 1552 2086; x_wconf 85' lang='lat' dir='ltr'><strong>eas</strong></span> <span class='ocrx_word' id='word_1_162' title='bbox 1598 2032 1871 2101; x_wconf 87' lang='lat' dir='ltr'><strong>polluisset</strong></span> 
     </span>
    </p>
   </div>
   <div class='ocr_carea' id='block_1_23' title="bbox 274 2120 1874 2193">
    <p class='ocr_par' dir='ltr' id='par_1_23' title="bbox 274 2120 1874 2193">
     <span class='ocr_line' id='line_1_23' title="bbox 274 2120 1874 2193; baseline -0.003 -15"><span class='ocrx_word' id='word_1_163' title='bbox 274 2127 554 2193; x_wconf 80' lang='lat' dir='ltr'><strong>Operibus</strong></span> <span class='ocrx_word' id='word_1_164' title='bbox 578 2125 819 2190; x_wconf 86' lang='lat' dir='ltr'><strong>iniquis.</strong></span> <span class='ocrx_word' id='word_1_165' title='bbox 851 2120 1006 2173; x_wconf 84' lang='lat' dir='ltr'><strong>Nunc</strong></span> <span class='ocrx_word' id='word_1_166' title='bbox 1034 2130 1210 2173; x_wconf 90' lang='lat' dir='ltr'><strong>autem</strong></span> <span class='ocrx_word' id='word_1_167' title='bbox 1254 2122 1504 2187; x_wconf 89' lang='lat' dir='ltr'><strong>quoniam</strong></span> <span class='ocrx_word' id='word_1_168' title='bbox 1541 2121 1591 2172; x_wconf 93' lang='lat' dir='ltr'><strong>in</strong></span> <span class='ocrx_word' id='word_1_169' title='bbox 1624 2121 1737 2173; x_wconf 89' lang='lat' dir='ltr'><strong>solo</strong></span> <span class='ocrx_word' id='word_1_170' title='bbox 1766 2122 1874 2173; x_wconf 84' lang='lat' dir='ltr'><strong>for-</strong></span> 
     </span>
    </p>
   </div>
   <div class='ocr_carea' id='block_1_24' title="bbox 275 2211 1873 2272">
    <p class='ocr_par' dir='ltr' id='par_1_24' title="bbox 275 2211 1873 2272">
     <span class='ocr_line' id='line_1_24' title="bbox 275 2211 1873 2272; baseline -0.002 -4"><span class='ocrx_word' id='word_1_171' title='bbox 275 2226 441 2269; x_wconf 83' lang='lat' dir='ltr'><strong>tasse</strong></span> <span class='ocrx_word' id='word_1_172' title='bbox 474 2228 746 2269; x_wconf 86' lang='lat' dir='ltr'><strong>sermone</strong></span> <span class='ocrx_word' id='word_1_173' title='bbox 777 2213 1037 2265; x_wconf 89' lang='lat' dir='ltr'><strong>conscius</strong></span> <span class='ocrx_word' id='word_1_174' title='bbox 1079 2211 1179 2263; x_wconf 85' lang='lat' dir='ltr'><strong>sibi</strong></span> <span class='ocrx_word' id='word_1_175' title='bbox 1232 2220 1348 2264; x_wconf 91' lang='lat' dir='ltr'><strong>erat</strong></span> <span class='ocrx_word' id='word_1_176' title='bbox 1392 2211 1570 2264; x_wconf 89' lang='lat' dir='ltr'><strong>delicti</strong></span> <span class='ocrx_word' id='word_1_177' title='bbox 1614 2212 1773 2272; x_wconf 90' lang='lat' dir='ltr'><strong>illius,</strong></span> <span class='ocrx_word' id='word_1_178' title='bbox 1807 2213 1873 2265; x_wconf 93' lang='lat' dir='ltr'><strong>de</strong></span> 
     </span>
    </p>
   </div>
   <div class='ocr_carea' id='block_1_25' title="bbox 272 2298 1873 2373">
    <p class='ocr_par' dir='ltr' id='par_1_25' title="bbox 272 2298 1873 2373">
     <span class='ocr_line' id='line_1_25' title="bbox 272 2298 1873 2373; baseline -0.002 -16"><span class='ocrx_word' id='word_1_179' title='bbox 272 2320 406 2373; x_wconf 81' lang='lat' dir='ltr'><strong>quo</strong></span> <span class='ocrx_word' id='word_1_180' title='bbox 424 2306 564 2358; x_wconf 87' lang='lat' dir='ltr'><strong>dicit</strong></span> <span class='ocrx_word' id='word_1_181' title='bbox 594 2304 872 2356; x_wconf 90' lang='lat' dir='ltr'><strong>Dominus</strong></span> <span class='ocrx_word' id='word_1_182' title='bbox 900 2300 942 2331; x_wconf 80' lang='grc'><strong>⁸⁷</strong></span> <span class='ocrx_word' id='word_1_183' title='bbox 977 2317 989 2351; x_wconf 93' lang='lat'>:</span> <span class='ocrx_word' id='word_1_184' title='bbox 1020 2318 1039 2349; x_wconf 88' lang='grc'><strong><em>‹</em></strong></span> <span class='ocrx_word' id='word_1_185' title='bbox 1068 2298 1201 2364; x_wconf 86' lang='lat' dir='ltr'><strong>Quia</strong></span> <span class='ocrx_word' id='word_1_186' title='bbox 1228 2301 1384 2352; x_wconf 87' lang='lat' dir='ltr'><strong>etiam</strong></span> <span class='ocrx_word' id='word_1_187' title='bbox 1419 2300 1482 2352; x_wconf 88' lang='lat' dir='ltr'><strong>de</strong></span> <span class='ocrx_word' id='word_1_188' title='bbox 1513 2300 1674 2352; x_wconf 89' lang='lat' dir='ltr'><strong>verbo</strong></span> <span class='ocrx_word' id='word_1_189' title='bbox 1702 2301 1873 2353; x_wconf 91' lang='lat' dir='ltr'><strong>otioso</strong></span> 
     </span>
    </p>
   </div>
   <div class='ocr_carea' id='block_1_26' title="bbox 273 2386 1871 2453">
    <p class='ocr_par' dir='ltr' id='par_1_26' title="bbox 273 2386 1871 2453">
     <span class='ocr_line' id='line_1_26' title="bbox 273 2386 1871 2453; baseline -0.004 -8"><span class='ocrx_word' id='word_1_190' title='bbox 273 2392 548 2445; x_wconf 79' lang='lat' dir='ltr'><strong>reddetis</strong></span> <span class='ocrx_word' id='word_1_191' title='bbox 582 2390 866 2443; x_wconf 87' lang='lat' dir='ltr'><strong>rationem</strong></span> <span class='ocrx_word' id='word_1_192' title='bbox 902 2388 953 2439; x_wconf 92' lang='lat' dir='ltr'><strong>in</strong></span> <span class='ocrx_word' id='word_1_193' title='bbox 976 2386 1062 2439; x_wconf 90' lang='lat' dir='ltr'><strong>die</strong></span> <span class='ocrx_word' id='word_1_194' title='bbox 1080 2386 1287 2452; x_wconf 74' lang='lat' dir='ltr'><strong>iudicii,</strong></span> <span class='ocrx_word' id='word_1_195' title='bbox 1321 2404 1339 2436; x_wconf 78' lang='grc' dir='ltr'><strong><em>ι</em></strong></span> <span class='ocrx_word' id='word_1_196' title='bbox 1377 2401 1471 2453; x_wconf 91' lang='lat' dir='ltr'><strong>pro</strong></span> <span class='ocrx_word' id='word_1_197' title='bbox 1497 2400 1563 2439; x_wconf 92' lang='lat' dir='ltr'><strong>eo</strong></span> <span class='ocrx_word' id='word_1_198' title='bbox 1593 2388 1732 2453; x_wconf 90' lang='lat' dir='ltr'><strong>quod</strong></span> <span class='ocrx_word' id='word_1_199' title='bbox 1768 2386 1871 2439; x_wconf 86' lang='lat' dir='ltr'><strong>dif-</strong></span> 
     </span>
    </p>
   </div>
   <div class='ocr_carea' id='block_1_27' title="bbox 276 2473 1871 2543">
    <p class='ocr_par' dir='ltr' id='par_1_27' title="bbox 276 2473 1871 2543">
     <span class='ocr_line' id='line_1_27' title="bbox 276 2473 1871 2543; baseline -0.004 -11"><span class='ocrx_word' id='word_1_200' title='bbox 276 2479 445 2534; x_wconf 80' lang='lat' dir='ltr'><strong>ﬁciie</strong></span> <span class='ocrx_word' id='word_1_201' title='bbox 467 2488 566 2533; x_wconf 87' lang='lat' dir='ltr'><strong>est</strong></span> <span class='ocrx_word' id='word_1_202' title='bbox 597 2479 773 2532; x_wconf 88' lang='lat' dir='ltr'><strong>etiam</strong></span> <span class='ocrx_word' id='word_1_203' title='bbox 816 2474 1073 2543; x_wconf 88' lang='lat' dir='ltr'><strong>perfectis</strong></span> <span class='ocrx_word' id='word_1_204' title='bbox 1116 2473 1323 2539; x_wconf 87' lang='lat' dir='ltr'><strong>culpam</strong></span> <span class='ocrx_word' id='word_1_205' title='bbox 1375 2474 1541 2526; x_wconf 90' lang='lat' dir='ltr'><strong>vitare</strong></span> <span class='ocrx_word' id='word_1_206' title='bbox 1587 2474 1871 2537; x_wconf 88' lang='lat' dir='ltr'><strong>sermonis,</strong></span> 
     </span>
    </p>
   </div>
   <div class='ocr_carea' id='block_1_28' title="bbox 276 2561 1873 2633">
    <p class='ocr_par' dir='ltr' id='par_1_28' title="bbox 276 2561 1873 2633">
     <span class='ocr_line' id='line_1_28' title="bbox 276 2561 1873 2633; baseline -0.004 -11"><span class='ocrx_word' id='word_1_207' title='bbox 276 2568 514 2622; x_wconf 86' lang='lat' dir='ltr'><strong>idcirco</strong></span> <span class='ocrx_word' id='word_1_208' title='bbox 553 2563 848 2633; x_wconf 77' lang='lat' dir='ltr'><strong>indigebat</strong></span> <span class='ocrx_word' id='word_1_209' title='bbox 904 2561 1065 2613; x_wconf 89' lang='lat' dir='ltr'><strong>etiam</strong></span> <span class='ocrx_word' id='word_1_210' title='bbox 1104 2565 1361 2630; x_wconf 84' lang='lat' dir='ltr'><strong>propheta</strong></span> <span class='ocrx_word' id='word_1_211' title='bbox 1409 2568 1519 2615; x_wconf 89' lang='lat' dir='ltr'><strong>sola</strong></span> <span class='ocrx_word' id='word_1_212' title='bbox 1561 2561 1873 2629; x_wconf 90' lang='lat' dir='ltr'><strong>purgatione</strong></span> 
     </span>
    </p>
   </div>
   <div class='ocr_carea' id='block_1_29' title="bbox 275 2651 1873 2718">
    <p class='ocr_par' dir='ltr' id='par_1_29' title="bbox 275 2651 1873 2718">
     <span class='ocr_line' id='line_1_29' title="bbox 275 2651 1873 2718; baseline -0.005 -9"><span class='ocrx_word' id='word_1_213' title='bbox 275 2656 600 2709; x_wconf 85' lang='lat' dir='ltr'><strong>labiorum.</strong></span> <span class='ocrx_word' id='word_1_214' title='bbox 626 2653 743 2708; x_wconf 85' lang='lat' dir='ltr'><strong>Nos</strong></span> <span class='ocrx_word' id='word_1_215' title='bbox 779 2651 1043 2718; x_wconf 84' lang='lat' dir='ltr'><strong>autem,si</strong></span> <span class='ocrx_word' id='word_1_216' title='bbox 1077 2651 1257 2703; x_wconf 86' lang='lat' dir='ltr'><strong>redeat</strong></span> <span class='ocrx_word' id='word_1_217' title='bbox 1282 2651 1641 2718; x_wconf 84' lang='lat' dir='ltr'><strong>unusquisque</strong></span> <span class='ocrx_word' id='word_1_218' title='bbox 1662 2652 1725 2702; x_wconf 89' lang='lat' dir='ltr'><strong>ad</strong></span> <span class='ocrx_word' id='word_1_219' title='bbox 1747 2664 1873 2702; x_wconf 83' lang='lat' dir='ltr'><strong>con-</strong></span> 
     </span>
    </p>
   </div>
   <div class='ocr_carea' id='block_1_30' title="bbox 278 2738 1874 2805">
    <p class='ocr_par' dir='ltr' id='par_1_30' title="bbox 278 2738 1874 2805">
     <span class='ocr_line' id='line_1_30' title="bbox 278 2738 1874 2805; baseline -0.006 -7"><span class='ocrx_word' id='word_1_220' title='bbox 278 2745 598 2801; x_wconf 82' lang='lat' dir='ltr'><strong>scientiam</strong></span> <span class='ocrx_word' id='word_1_221' title='bbox 630 2757 817 2805; x_wconf 89' lang='lat' dir='ltr'><strong>suam,</strong></span> <span class='ocrx_word' id='word_1_222' title='bbox 851 2740 1037 2793; x_wconf 90' lang='lat' dir='ltr'><strong>nescio</strong></span> <span class='ocrx_word' id='word_1_223' title='bbox 1065 2740 1109 2791; x_wconf 87' lang='lat' dir='ltr'><strong>si</strong></span> <span class='ocrx_word' id='word_1_224' title='bbox 1157 2753 1434 2805; x_wconf 82' lang='lat' dir='ltr'><strong>possumus</strong></span> <span class='ocrx_word' id='word_1_225' title='bbox 1461 2738 1668 2805; x_wconf 87' lang='lat' dir='ltr'><strong>aliquod</strong></span> <span class='ocrx_word' id='word_1_226' title='bbox 1709 2752 1874 2790; x_wconf 81' lang='lat' dir='ltr'><strong>mem-</strong></span> 
     </span>
    </p>
   </div>
   <div class='ocr_carea' id='block_1_31' title="bbox 280 2825 1873 2899">
    <p class='ocr_par' dir='ltr' id='par_1_31' title="bbox 280 2825 1873 2899">
     <span class='ocr_line' id='line_1_31' title="bbox 280 2825 1873 2899; baseline -0.006 -12"><span class='ocrx_word' id='word_1_227' title='bbox 280 2835 462 2887; x_wconf 80' lang='lat' dir='ltr'><strong>brum</strong></span> <span class='ocrx_word' id='word_1_228' title='bbox 490 2832 756 2899; x_wconf 90' lang='lat' dir='ltr'><strong>corporis</strong></span> <span class='ocrx_word' id='word_1_229' title='bbox 791 2842 1081 2892; x_wconf 79' lang='lat' dir='ltr'><strong>excusare,</strong></span> <span class='ocrx_word' id='word_1_230' title='bbox 1103 2826 1239 2893; x_wconf 90' lang='lat' dir='ltr'><strong>quod</strong></span> <span class='ocrx_word' id='word_1_231' title='bbox 1265 2840 1367 2878; x_wconf 92' lang='lat' dir='ltr'><strong>non</strong></span> <span class='ocrx_word' id='word_1_232' title='bbox 1398 2826 1504 2893; x_wconf 86' lang='lat' dir='ltr'><strong>igni</strong></span> <span class='ocrx_word' id='word_1_233' title='bbox 1538 2825 1786 2893; x_wconf 83' lang='lat' dir='ltr'><strong>indigeat.</strong></span> <span class='ocrx_word' id='word_1_234' title='bbox 1810 2825 1873 2878; x_wconf 89' lang='lat' dir='ltr'><strong>Et</strong></span> 
     </span>
    </p>
   </div>
   <div class='ocr_carea' id='block_1_32' title="bbox 3408 255 3514 310">
    <p class='ocr_par' dir='ltr' id='par_1_32' title="bbox 3408 255 3514 310">
     <span class='ocr_line' id='line_1_32' title="bbox 3408 255 3514 310; baseline -0.019 0"><span class='ocrx_word' id='word_1_235' title='bbox 3408 255 3514 310; x_wconf 70' lang='grc' dir='ltr'><strong>ειε</strong></span> 
     </span>
    </p>
   </div>
   <div class='ocr_carea' id='block_1_33' title="bbox 2743 356 3509 432">
    <p class='ocr_par' dir='ltr' id='par_1_33' title="bbox 2743 356 3509 432">
     <span class='ocr_line' id='line_1_33' title="bbox 2743 356 3509 432; baseline 0.01 -21"><span class='ocrx_word' id='word_1_236' title='bbox 2743 356 2959 414; x_wconf 85' lang='lat' dir='ltr'><strong>Peream</strong></span> <span class='ocrx_word' id='word_1_237' title='bbox 3002 362 3175 417; x_wconf 85' lang='lat' dir='ltr'><strong>omnia</strong></span> <span class='ocrx_word' id='word_1_238' title='bbox 3214 380 3308 432; x_wconf 84' lang='lat' dir='ltr'><strong>pro</strong></span> <span class='ocrx_word' id='word_1_239' title='bbox 3332 368 3509 420; x_wconf 91' lang='lat' dir='ltr'><strong>salute</strong></span> 
     </span>
    </p>
   </div>
   <div class='ocr_carea' id='block_1_34' title="bbox 1978 446 3509 522">
    <p class='ocr_par' dir='ltr' id='par_1_34' title="bbox 1978 446 3509 522">
     <span class='ocr_line' id='line_1_34' title="bbox 1978 446 3509 522; baseline 0.005 -23"><span class='ocrx_word' id='word_1_240' title='bbox 1978 462 2114 508; x_wconf 90' lang='lat' dir='ltr'><strong>mea,</strong></span> <span class='ocrx_word' id='word_1_241' title='bbox 2137 461 2232 499; x_wconf 89' lang='lat' dir='ltr'><strong>nec</strong></span> <span class='ocrx_word' id='word_1_242' title='bbox 2254 446 2538 513; x_wconf 78' lang='lat' dir='ltr'><strong>quidquam</strong></span> <span class='ocrx_word' id='word_1_243' title='bbox 2566 459 2850 511; x_wconf 82' lang='lat' dir='ltr'><strong>remaneat,</strong></span> <span class='ocrx_word' id='word_1_244' title='bbox 2873 458 3070 502; x_wconf 88' lang='lat' dir='ltr'><strong>tantum</strong></span> <span class='ocrx_word' id='word_1_245' title='bbox 3098 462 3153 503; x_wconf 91' lang='lat' dir='ltr'><strong>ut</strong></span> <span class='ocrx_word' id='word_1_246' title='bbox 3172 468 3268 522; x_wconf 89' lang='lat' dir='ltr'><strong>ego</strong></span> <span class='ocrx_word' id='word_1_247' title='bbox 3288 456 3509 509; x_wconf 73' lang='lat' dir='ltr'><strong>vivam?</strong></span> 
     </span>
    </p>
   </div>
   <div class='ocr_carea' id='block_1_35' title="bbox 1976 533 3505 609">
    <p class='ocr_par' dir='ltr' id='par_1_35' title="bbox 1976 533 3505 609">
     <span class='ocr_line' id='line_1_35' title="bbox 1976 533 3505 609; baseline 0.007 -23"><span class='ocrx_word' id='word_1_248' title='bbox 1976 535 2084 587; x_wconf 86' lang='lat' dir='ltr'><strong>Hoc</strong></span> <span class='ocrx_word' id='word_1_249' title='bbox 2106 548 2271 600; x_wconf 88' lang='lat' dir='ltr'><strong>quare</strong></span> <span class='ocrx_word' id='word_1_250' title='bbox 2310 533 2554 586; x_wconf 88' lang='lat' dir='ltr'><strong>faceres?</strong></span> <span class='ocrx_word' id='word_1_251' title='bbox 2589 534 2713 600; x_wconf 89' lang='lat' dir='ltr'><strong>quia</strong></span> <span class='ocrx_word' id='word_1_252' title='bbox 2750 535 2872 588; x_wconf 91' lang='lat' dir='ltr'><strong>inde</strong></span> <span class='ocrx_word' id='word_1_253' title='bbox 2916 552 3017 590; x_wconf 90' lang='lat' dir='ltr'><strong>non</strong></span> <span class='ocrx_word' id='word_1_254' title='bbox 3056 540 3342 609; x_wconf 89' lang='lat' dir='ltr'><strong>dubitares,</strong></span> <span class='ocrx_word' id='word_1_255' title='bbox 3381 544 3505 597; x_wconf 87' lang='lat' dir='ltr'><strong>hinc</strong></span> 
     </span>
    </p>
   </div>
   <div class='ocr_carea' id='block_1_36' title="bbox 1975 622 3504 686">
    <p class='ocr_par' dir='ltr' id='par_1_36' title="bbox 1975 622 3504 686">
     <span class='ocr_line' id='line_1_36' title="bbox 1975 622 3504 686; baseline 0.006 -9"><span class='ocrx_word' id='word_1_256' title='bbox 1975 624 2201 677; x_wconf 85' lang='lat' dir='ltr'><strong>dubitas.</strong></span> <span class='ocrx_word' id='word_1_257' title='bbox 2252 622 2318 674; x_wconf 87' lang='lat' dir='ltr'><strong>Et</strong></span> <span class='ocrx_word' id='word_1_258' title='bbox 2361 623 2478 674; x_wconf 82' lang='lat' dir='ltr'><strong>ideo</strong></span> <span class='ocrx_word' id='word_1_259' title='bbox 2528 622 2666 674; x_wconf 80' lang='lat' dir='ltr'><strong>bene</strong></span> <span class='ocrx_word' id='word_1_260' title='bbox 2718 622 2969 677; x_wconf 86' lang='lat' dir='ltr'><strong>Dominus</strong></span> <span class='ocrx_word' id='word_1_261' title='bbox 3016 626 3142 679; x_wconf 84' lang='lat' dir='ltr'><strong>dicit</strong></span> <span class='ocrx_word' id='word_1_262' title='bbox 3168 628 3249 682; x_wconf 75' lang='lat'><strong>“:</strong></span> <span class='ocrx_word' id='word_1_263' title='bbox 3286 648 3303 679; x_wconf 74' lang='grc' dir='ltr'>ι</span> <span class='ocrx_word' id='word_1_264' title='bbox 3343 631 3504 686; x_wconf 82' lang='lat' dir='ltr'><strong>Putas</strong></span> 
     </span>
    </p>
   </div>
   <div class='ocr_carea' id='block_1_37' title="bbox 1976 707 3502 782">
    <p class='ocr_par' dir='ltr' id='par_1_37' title="bbox 1976 707 3502 782">
     <span class='ocr_line' id='line_1_37' title="bbox 1976 707 3502 782; baseline 0.007 -23"><span class='ocrx_word' id='word_1_265' title='bbox 1976 710 2189 762; x_wconf 82' lang='lat' dir='ltr'><strong>veniens</strong></span> <span class='ocrx_word' id='word_1_266' title='bbox 2226 708 2391 760; x_wconf 87' lang='lat' dir='ltr'><strong>Filius</strong></span> <span class='ocrx_word' id='word_1_267' title='bbox 2436 707 2683 767; x_wconf 85' lang='lat' dir='ltr'><strong>hominis,</strong></span> <span class='ocrx_word' id='word_1_268' title='bbox 2720 708 2950 763; x_wconf 88' lang='lat' dir='ltr'><strong>inveniet</strong></span> <span class='ocrx_word' id='word_1_269' title='bbox 2995 712 3148 764; x_wconf 80' lang='lat' dir='ltr'><strong>ﬁdem</strong></span> <span class='ocrx_word' id='word_1_270' title='bbox 3195 729 3352 782; x_wconf 86' lang='lat' dir='ltr'><strong>super</strong></span> <span class='ocrx_word' id='word_1_271' title='bbox 3393 728 3502 770; x_wconf 79' lang='lat' dir='ltr'><strong>ter—</strong></span> 
     </span>
    </p>
   </div>
   <div class='ocr_carea' id='block_1_38' title="bbox 1976 796 3501 870">
    <p class='ocr_par' dir='ltr' id='par_1_38' title="bbox 1976 796 3501 870">
     <span class='ocr_line' id='line_1_38' title="bbox 1976 796 3501 870; baseline 0.003 -18"><span class='ocrx_word' id='word_1_272' title='bbox 1976 800 2124 852; x_wconf 81' lang='lat' dir='ltr'><strong>rant?</strong></span> <span class='ocrx_word' id='word_1_273' title='bbox 2156 817 2174 848; x_wconf 71' lang='grc' dir='ltr'><strong><em>ι</em></strong></span> <span class='ocrx_word' id='word_1_274' title='bbox 2212 798 2271 849; x_wconf 87' lang='lat' dir='ltr'><strong>Et</strong></span> <span class='ocrx_word' id='word_1_275' title='bbox 2311 797 2432 864; x_wconf 90' lang='lat' dir='ltr'><strong>quid</strong></span> <span class='ocrx_word' id='word_1_276' title='bbox 2474 811 2570 866; x_wconf 83' lang='lat' dir='ltr'><strong>ego</strong></span> <span class='ocrx_word' id='word_1_277' title='bbox 2617 796 2734 851; x_wconf 85' lang='lat' dir='ltr'><strong>dico</strong></span> <span class='ocrx_word' id='word_1_278' title='bbox 2786 799 2847 850; x_wconf 91' lang='lat' dir='ltr'><strong>de</strong></span> <span class='ocrx_word' id='word_1_279' title='bbox 2877 801 3038 853; x_wconf 87' lang='lat' dir='ltr'><strong>certis</strong></span> <span class='ocrx_word' id='word_1_280' title='bbox 3084 800 3501 870; x_wconf 88' lang='lat' dir='ltr'><strong>indubitatisque</strong></span> 
     </span>
    </p>
   </div>
   <div class='ocr_carea' id='block_1_39' title="bbox 1975 886 3501 955">
    <p class='ocr_par' dir='ltr' id='par_1_39' title="bbox 1975 886 3501 955">
     <span class='ocr_line' id='line_1_39' title="bbox 1975 886 3501 955; baseline 0.002 -15"><span class='ocrx_word' id='word_1_281' title='bbox 1975 888 2261 955; x_wconf 82' lang='lat' dir='ltr'><strong>periculis?</strong></span> <span class='ocrx_word' id='word_1_282' title='bbox 2291 887 2674 939; x_wconf 89' lang='lat' dir='ltr'><strong>Tantummodo</strong></span> <span class='ocrx_word' id='word_1_283' title='bbox 2717 886 2760 938; x_wconf 89' lang='lat' dir='ltr'><strong>si</strong></span> <span class='ocrx_word' id='word_1_284' title='bbox 2799 900 2956 939; x_wconf 85' lang='lat' dir='ltr'><strong>causa</strong></span> <span class='ocrx_word' id='word_1_285' title='bbox 2991 887 3209 940; x_wconf 87' lang='lat' dir='ltr'><strong>dicenda</strong></span> <span class='ocrx_word' id='word_1_286' title='bbox 3251 889 3320 940; x_wconf 90' lang='lat' dir='ltr'><strong>sit</strong></span> <span class='ocrx_word' id='word_1_287' title='bbox 3366 892 3501 955; x_wconf 89' lang='lat' dir='ltr'><strong>apud</strong></span> 
     </span>
    </p>
   </div>
   <div class='ocr_carea' id='block_1_40' title="bbox 1969 977 3504 1045">
    <p class='ocr_par' dir='ltr' id='par_1_40' title="bbox 1969 977 3504 1045">
     <span class='ocr_line' id='line_1_40' title="bbox 1969 977 3504 1045; baseline 0 -15"><span class='ocrx_word' id='word_1_288' title='bbox 1969 978 2197 1045; x_wconf 89' lang='lat' dir='ltr'><strong>judicem</strong></span> <span class='ocrx_word' id='word_1_289' title='bbox 2235 987 2527 1037; x_wconf 88' lang='lat' dir='ltr'><strong>terrenum,</strong></span> <span class='ocrx_word' id='word_1_290' title='bbox 2558 992 2673 1043; x_wconf 73' lang='lat' dir='ltr'><strong>qua:</strong></span> <span class='ocrx_word' id='word_1_291' title='bbox 2713 977 2940 1043; x_wconf 89' lang='lat' dir='ltr'><strong>aliquem</strong></span> <span class='ocrx_word' id='word_1_292' title='bbox 2990 984 3181 1029; x_wconf 90' lang='lat' dir='ltr'><strong>metum</strong></span> <span class='ocrx_word' id='word_1_293' title='bbox 3204 977 3313 1041; x_wconf 84' lang='lat'><strong>(66)</strong></span> <span class='ocrx_word' id='word_1_294' title='bbox 3335 992 3401 1030; x_wconf 86' lang='lat' dir='ltr'><strong>ex</strong></span> <span class='ocrx_word' id='word_1_295' title='bbox 3428 977 3504 1030; x_wconf 85' lang='lat' dir='ltr'><strong>le-</strong></span> 
     </span>
    </p>
   </div>
   <div class='ocr_carea' id='block_1_41' title="bbox 1975 1064 3505 1133">
    <p class='ocr_par' dir='ltr' id='par_1_41' title="bbox 1975 1064 3505 1133">
     <span class='ocr_line' id='line_1_41' title="bbox 1975 1064 3505 1133; baseline 0.003 -17"><span class='ocrx_word' id='word_1_296' title='bbox 1975 1066 2127 1133; x_wconf 85' lang='lat' dir='ltr'><strong>gibus</strong></span> <span class='ocrx_word' id='word_1_297' title='bbox 2164 1065 2361 1118; x_wconf 88' lang='lat' dir='ltr'><strong>habere</strong></span> <span class='ocrx_word' id='word_1_298' title='bbox 2404 1065 2660 1127; x_wconf 87' lang='lat' dir='ltr'><strong>videatur,</strong></span> <span class='ocrx_word' id='word_1_299' title='bbox 2703 1078 2874 1118; x_wconf 91' lang='lat' dir='ltr'><strong>nonne</strong></span> <span class='ocrx_word' id='word_1_300' title='bbox 2919 1064 3164 1119; x_wconf 88' lang='lat' dir='ltr'><strong>omnibus</strong></span> <span class='ocrx_word' id='word_1_301' title='bbox 3202 1066 3392 1132; x_wconf 81' lang='lat' dir='ltr'><strong>vigiliis</strong></span> <span class='ocrx_word' id='word_1_302' title='bbox 3418 1082 3505 1120; x_wconf 79' lang='lat' dir='ltr'><strong>ex-</strong></span> 
     </span>
    </p>
   </div>
   <div class='ocr_carea' id='block_1_42' title="bbox 1975 1154 3501 1221">
    <p class='ocr_par' dir='ltr' id='par_1_42' title="bbox 1975 1154 3501 1221">
     <span class='ocr_line' id='line_1_42' title="bbox 1975 1154 3501 1221; baseline 0.001 -15"><span class='ocrx_word' id='word_1_303' title='bbox 1975 1155 2217 1214; x_wconf 90' lang='lat' dir='ltr'><strong>cubatur,</strong></span> <span class='ocrx_word' id='word_1_304' title='bbox 2259 1154 2517 1205; x_wconf 87' lang='lat' dir='ltr'><strong>advocato</strong></span> <span class='ocrx_word' id='word_1_305' title='bbox 2569 1162 2788 1217; x_wconf 88' lang='lat' dir='ltr'><strong>patrono</strong></span> <span class='ocrx_word' id='word_1_306' title='bbox 2839 1167 3057 1205; x_wconf 87' lang='lat' dir='ltr'><strong>munera</strong></span> <span class='ocrx_word' id='word_1_307' title='bbox 3113 1165 3501 1221; x_wconf 72' lang='lat' dir='ltr'><strong>prmparantur,</strong></span> 
     </span>
    </p>
   </div>
   <div class='ocr_carea' id='block_1_43' title="bbox 1975 1241 3504 1307">
    <p class='ocr_par' dir='ltr' id='par_1_43' title="bbox 1975 1241 3504 1307">
     <span class='ocr_line' id='line_1_43' title="bbox 1975 1241 3504 1307; baseline 0.001 -12"><span class='ocrx_word' id='word_1_308' title='bbox 1975 1241 2180 1295; x_wconf 91' lang='lat' dir='ltr'><strong>etiamsi</strong></span> <span class='ocrx_word' id='word_1_309' title='bbox 2215 1256 2405 1305; x_wconf 87' lang='lat' dir='ltr'><strong>anceps</strong></span> <span class='ocrx_word' id='word_1_310' title='bbox 2436 1243 2729 1307; x_wconf 88' lang='lat' dir='ltr'><strong>periculum</strong></span> <span class='ocrx_word' id='word_1_311' title='bbox 2752 1242 2839 1304; x_wconf 87' lang='lat' dir='ltr'><strong>sit,</strong></span> <span class='ocrx_word' id='word_1_312' title='bbox 2869 1242 3137 1294; x_wconf 88' lang='lat' dir='ltr'><strong>autetiam</strong></span> <span class='ocrx_word' id='word_1_313' title='bbox 3172 1242 3335 1295; x_wconf 90' lang='lat' dir='ltr'><strong>solius</strong></span> <span class='ocrx_word' id='word_1_314' title='bbox 3368 1253 3504 1298; x_wconf 75' lang='lat' dir='ltr'><strong>nota:</strong></span> 
     </span>
    </p>
   </div>
   <div class='ocr_carea' id='block_1_44' title="bbox 1975 1328 3500 1397">
    <p class='ocr_par' dir='ltr' id='par_1_44' title="bbox 1975 1328 3500 1397">
     <span class='ocr_line' id='line_1_44' title="bbox 1975 1328 3500 1397; baseline 0.001 -13"><span class='ocrx_word' id='word_1_315' title='bbox 1975 1341 2147 1384; x_wconf 88' lang='lat' dir='ltr'><strong>metus</strong></span> <span class='ocrx_word' id='word_1_316' title='bbox 2182 1329 2262 1382; x_wconf 91' lang='lat' dir='ltr'><strong>vel</strong></span> <span class='ocrx_word' id='word_1_317' title='bbox 2293 1329 2468 1381; x_wconf 90' lang='lat' dir='ltr'><strong>damni</strong></span> <span class='ocrx_word' id='word_1_318' title='bbox 2503 1331 2670 1383; x_wconf 84' lang='lat' dir='ltr'><strong>ratio?</strong></span> <span class='ocrx_word' id='word_1_319' title='bbox 2707 1328 2812 1383; x_wconf 89' lang='lat' dir='ltr'><strong>Nos</strong></span> <span class='ocrx_word' id='word_1_320' title='bbox 2861 1344 3024 1396; x_wconf 90' lang='lat' dir='ltr'><strong>quare</strong></span> <span class='ocrx_word' id='word_1_321' title='bbox 3061 1344 3167 1383; x_wconf 91' lang='lat' dir='ltr'><strong>non</strong></span> <span class='ocrx_word' id='word_1_322' title='bbox 3217 1331 3500 1397; x_wconf 89' lang='lat' dir='ltr'><strong>credimus,</strong></span> 
     </span>
    </p>
   </div>
   <div class='ocr_carea' id='block_1_45' title="bbox 1975 1419 3503 1493">
    <p class='ocr_par' dir='ltr' id='par_1_45' title="bbox 1975 1419 3503 1493">
     <span class='ocr_line' id='line_1_45' title="bbox 1975 1419 3503 1493; baseline 0 -20"><span class='ocrx_word' id='word_1_323' title='bbox 1975 1421 2111 1488; x_wconf 92' lang='lat' dir='ltr'><strong>quod</strong></span> <span class='ocrx_word' id='word_1_324' title='bbox 2157 1432 2340 1471; x_wconf 88' lang='lat' dir='ltr'><strong>omnes</strong></span> <span class='ocrx_word' id='word_1_325' title='bbox 2380 1419 2668 1472; x_wconf 91' lang='lat' dir='ltr'><strong>astabimus</strong></span> <span class='ocrx_word' id='word_1_326' title='bbox 2693 1437 2711 1469; x_wconf 73' lang='grc' dir='ltr'>ι</span> <span class='ocrx_word' id='word_1_327' title='bbox 2751 1428 2873 1493; x_wconf 74' lang='lat' dir='ltr'><strong>ante</strong></span> <span class='ocrx_word' id='word_1_328' title='bbox 2915 1420 3148 1471; x_wconf 82' lang='lat' dir='ltr'><strong>tribunal</strong></span> <span class='ocrx_word' id='word_1_329' title='bbox 3187 1419 3410 1484; x_wconf 86' lang='lat' dir='ltr'><strong>Christi,</strong></span> <span class='ocrx_word' id='word_1_330' title='bbox 3446 1430 3503 1474; x_wconf 92' lang='lat' dir='ltr'><strong>ut</strong></span> 
     </span>
    </p>
   </div>
   <div class='ocr_carea' id='block_1_46' title="bbox 1976 1507 3501 1576">
    <p class='ocr_par' dir='ltr' id='par_1_46' title="bbox 1976 1507 3501 1576">
     <span class='ocr_line' id='line_1_46' title="bbox 1976 1507 3501 1576; baseline -0.001 -14"><span class='ocrx_word' id='word_1_331' title='bbox 1976 1516 2207 1576; x_wconf 89' lang='lat' dir='ltr'><strong>reportet</strong></span> <span class='ocrx_word' id='word_1_332' title='bbox 2230 1508 2588 1573; x_wconf 81' lang='lat' dir='ltr'><strong>unusquisque</strong></span> <span class='ocrx_word' id='word_1_333' title='bbox 2619 1507 2828 1575; x_wconf 88' lang='lat' dir='ltr'><strong>propria</strong></span> <span class='ocrx_word' id='word_1_334' title='bbox 2867 1509 3104 1574; x_wconf 91' lang='lat' dir='ltr'><strong>corporis</strong></span> <span class='ocrx_word' id='word_1_335' title='bbox 3134 1518 3287 1575; x_wconf 88' lang='lat' dir='ltr'><strong>prout</strong></span> <span class='ocrx_word' id='word_1_336' title='bbox 3317 1511 3501 1576; x_wconf 83' lang='lat' dir='ltr'><strong>gessit,</strong></span> 
     </span>
    </p>
   </div>
   <div class='ocr_carea' id='block_1_47' title="bbox 1976 1595 3506 1664">
    <p class='ocr_par' dir='ltr' id='par_1_47' title="bbox 1976 1595 3506 1664">
     <span class='ocr_line' id='line_1_47' title="bbox 1976 1595 3506 1664; baseline 0 -11"><span class='ocrx_word' id='word_1_337' title='bbox 1976 1600 2085 1653; x_wconf 75' lang='lat' dir='ltr'><strong>sive</strong></span> <span class='ocrx_word' id='word_1_338' title='bbox 2118 1600 2253 1652; x_wconf 91' lang='lat' dir='ltr'><strong>bona</strong></span> <span class='ocrx_word' id='word_1_339' title='bbox 2277 1598 2388 1650; x_wconf 87' lang='lat' dir='ltr'><strong>sive</strong></span> <span class='ocrx_word' id='word_1_340' title='bbox 2431 1597 2563 1648; x_wconf 90' lang='lat' dir='ltr'><strong>mala</strong></span> <span class='ocrx_word' id='word_1_341' title='bbox 2597 1598 2658 1649; x_wconf 78' lang='lat'><strong>°’.</strong></span> <span class='ocrx_word' id='word_1_342' title='bbox 2698 1616 2717 1648; x_wconf 72' lang='grc' dir='ltr'><strong><em>ι</em></strong></span> <span class='ocrx_word' id='word_1_343' title='bbox 2758 1595 2880 1650; x_wconf 67' lang='lat' dir='ltr'><strong>Haec</strong></span> <span class='ocrx_word' id='word_1_344' title='bbox 2919 1598 2965 1651; x_wconf 92' lang='lat' dir='ltr'><strong>si</strong></span> <span class='ocrx_word' id='word_1_345' title='bbox 3011 1597 3212 1664; x_wconf 82' lang='lat' dir='ltr'><strong>integre</strong></span> <span class='ocrx_word' id='word_1_346' title='bbox 3263 1599 3506 1653; x_wconf 88' lang='lat' dir='ltr'><strong>credere-</strong></span> 
     </span>
    </p>
   </div>
   <div class='ocr_carea' id='block_1_48' title="bbox 1974 1685 3500 1754">
    <p class='ocr_par' dir='ltr' id='par_1_48' title="bbox 1974 1685 3500 1754">
     <span class='ocr_line' id='line_1_48' title="bbox 1974 1685 3500 1754; baseline -0.001 -12"><span class='ocrx_word' id='word_1_347' title='bbox 1974 1703 2113 1750; x_wconf 86' lang='lat' dir='ltr'><strong>mus,</strong></span> <span class='ocrx_word' id='word_1_348' title='bbox 2145 1697 2285 1741; x_wconf 89' lang='lat' dir='ltr'><strong>esset</strong></span> <span class='ocrx_word' id='word_1_349' title='bbox 2324 1685 2472 1739; x_wconf 90' lang='lat' dir='ltr'><strong>nobis</strong></span> <span class='ocrx_word' id='word_1_350' title='bbox 2509 1686 2797 1740; x_wconf 89' lang='lat' dir='ltr'><strong>secundum</strong></span> <span class='ocrx_word' id='word_1_351' title='bbox 2835 1686 2974 1754; x_wconf 90' lang='lat' dir='ltr'><strong>quod</strong></span> <span class='ocrx_word' id='word_1_352' title='bbox 3012 1687 3265 1753; x_wconf 87' lang='lat' dir='ltr'><strong>scriptum</strong></span> <span class='ocrx_word' id='word_1_353' title='bbox 3302 1698 3381 1741; x_wconf 90' lang='lat' dir='ltr'><strong>est</strong></span> <span class='ocrx_word' id='word_1_354' title='bbox 3406 1687 3451 1719; x_wconf 83' lang='lat'>&quot;</span> <span class='ocrx_word' id='word_1_355' title='bbox 3482 1701 3500 1740; x_wconf 88' lang='lat'><strong>:</strong></span> 
     </span>
    </p>
   </div>
   <div class='ocr_carea' id='block_1_49' title="bbox 1978 1772 3503 1842">
    <p class='ocr_par' dir='ltr' id='par_1_49' title="bbox 1978 1772 3503 1842">
     <span class='ocr_line' id='line_1_49' title="bbox 1978 1772 3503 1842; baseline 0.003 -17"><span class='ocrx_word' id='word_1_356' title='bbox 1978 1792 1996 1825; x_wconf 74' lang='grc' dir='ltr'>ι</span> <span class='ocrx_word' id='word_1_357' title='bbox 2034 1774 2346 1842; x_wconf 71' lang='lat' dir='ltr'><strong>Redemptio</strong></span> <span class='ocrx_word' id='word_1_358' title='bbox 2383 1776 2571 1827; x_wconf 72' lang='lat' dir='ltr'><strong>anima:</strong></span> <span class='ocrx_word' id='word_1_359' title='bbox 2607 1775 2729 1839; x_wconf 88' lang='lat' dir='ltr'><strong>viri,</strong></span> <span class='ocrx_word' id='word_1_360' title='bbox 2759 1774 2954 1826; x_wconf 77' lang='lat' dir='ltr'><strong>divitia:</strong></span> <span class='ocrx_word' id='word_1_361' title='bbox 2996 1772 3133 1839; x_wconf 84' lang='lat' dir='ltr'><strong>ejus.</strong></span> <span class='ocrx_word' id='word_1_362' title='bbox 3166 1793 3185 1824; x_wconf 77' lang='grc' dir='ltr'><strong><em>ι</em></strong></span> <span class='ocrx_word' id='word_1_363' title='bbox 3221 1774 3323 1827; x_wconf 90' lang='lat' dir='ltr'><strong>Sed</strong></span> <span class='ocrx_word' id='word_1_364' title='bbox 3363 1776 3503 1829; x_wconf 88' lang='lat' dir='ltr'><strong>unde</strong></span> 
     </span>
    </p>
   </div>
   <div class='ocr_carea' id='block_1_50' title="bbox 1972 1859 3504 1929">
    <p class='ocr_par' dir='ltr' id='par_1_50' title="bbox 1972 1859 3504 1929">
     <span class='ocr_line' id='line_1_50' title="bbox 1972 1859 3504 1929; baseline 0.001 -16"><span class='ocrx_word' id='word_1_365' title='bbox 1972 1875 2255 1929; x_wconf 85' lang='lat' dir='ltr'><strong>possumus</strong></span> <span class='ocrx_word' id='word_1_366' title='bbox 2284 1862 2415 1925; x_wconf 64' lang='lat' dir='ltr'><strong>hzcc,</strong></span> <span class='ocrx_word' id='word_1_367' title='bbox 2444 1861 2526 1912; x_wconf 88' lang='lat' dir='ltr'><strong>vel</strong></span> <span class='ocrx_word' id='word_1_368' title='bbox 2563 1861 2781 1923; x_wconf 89' lang='lat' dir='ltr'><strong>sentire,</strong></span> <span class='ocrx_word' id='word_1_369' title='bbox 2809 1859 2889 1912; x_wconf 91' lang='lat' dir='ltr'><strong>vel</strong></span> <span class='ocrx_word' id='word_1_370' title='bbox 2922 1861 3156 1922; x_wconf 88' lang='lat' dir='ltr'><strong>credere,</strong></span> <span class='ocrx_word' id='word_1_371' title='bbox 3193 1860 3272 1912; x_wconf 90' lang='lat' dir='ltr'><strong>vel</strong></span> <span class='ocrx_word' id='word_1_372' title='bbox 3309 1861 3504 1914; x_wconf 82' lang='lat' dir='ltr'><strong>intelli-</strong></span> 
     </span>
    </p>
   </div>
   <div class='ocr_carea' id='block_1_51' title="bbox 1972 1948 3498 2017">
    <p class='ocr_par' dir='ltr' id='par_1_51' title="bbox 1972 1948 3498 2017">
     <span class='ocr_line' id='line_1_51' title="bbox 1972 1948 3498 2017; baseline 0.001 -15"><span class='ocrx_word' id='word_1_373' title='bbox 1972 1963 2113 2017; x_wconf 88' lang='lat' dir='ltr'><strong>gere,</strong></span> <span class='ocrx_word' id='word_1_374' title='bbox 2147 1964 2265 2002; x_wconf 93' lang='lat' dir='ltr'><strong>cum</strong></span> <span class='ocrx_word' id='word_1_375' title='bbox 2303 1963 2366 2002; x_wconf 92' lang='lat' dir='ltr'><strong>ne</strong></span> <span class='ocrx_word' id='word_1_376' title='bbox 2402 1949 2467 2001; x_wconf 88' lang='lat' dir='ltr'><strong>ad</strong></span> <span class='ocrx_word' id='word_1_377' title='bbox 2506 1949 2617 2001; x_wconf 74' lang='lat' dir='ltr'><strong>inec</strong></span> <span class='ocrx_word' id='word_1_378' title='bbox 2650 1948 2759 2013; x_wconf 88' lang='lat' dir='ltr'><strong>ipsa</strong></span> <span class='ocrx_word' id='word_1_379' title='bbox 2813 1948 3022 2015; x_wconf 89' lang='lat' dir='ltr'><strong>quidem</strong></span> <span class='ocrx_word' id='word_1_380' title='bbox 3060 1949 3316 2002; x_wconf 86' lang='lat' dir='ltr'><strong>audienda</strong></span> <span class='ocrx_word' id='word_1_381' title='bbox 3365 1964 3498 2003; x_wconf 90' lang='lat' dir='ltr'><strong>con-</strong></span> 
     </span>
    </p>
   </div>
   <div class='ocr_carea' id='block_1_52' title="bbox 1971 2038 3504 2102">
    <p class='ocr_par' dir='ltr' id='par_1_52' title="bbox 1971 2038 3504 2102">
     <span class='ocr_line' id='line_1_52' title="bbox 1971 2038 3504 2102; baseline 0.001 -11"><span class='ocrx_word' id='word_1_382' title='bbox 1971 2039 2283 2093; x_wconf 86' lang='lat' dir='ltr'><strong>veniamus?</strong></span> <span class='ocrx_word' id='word_1_383' title='bbox 2306 2038 2434 2102; x_wconf 83' lang='lat' dir='ltr'><strong>Quis</strong></span> <span class='ocrx_word' id='word_1_384' title='bbox 2463 2038 2601 2091; x_wconf 88' lang='lat' dir='ltr'><strong>enim</strong></span> <span class='ocrx_word' id='word_1_385' title='bbox 2631 2046 2863 2090; x_wconf 90' lang='lat' dir='ltr'><strong>vestrum</strong></span> <span class='ocrx_word' id='word_1_386' title='bbox 2898 2052 3015 2089; x_wconf 81' lang='lat' dir='ltr'><strong>eum</strong></span> <span class='ocrx_word' id='word_1_387' title='bbox 3048 2040 3340 2091; x_wconf 89' lang='lat' dir='ltr'><strong>recitantur</strong></span> <span class='ocrx_word' id='word_1_388' title='bbox 3363 2039 3504 2093; x_wconf 81' lang='lat' dir='ltr'><strong>Scri-</strong></span> 
     </span>
    </p>
   </div>
   <div class='ocr_carea' id='block_1_53' title="bbox 1970 2124 3504 2195">
    <p class='ocr_par' dir='ltr' id='par_1_53' title="bbox 1970 2124 3504 2195">
     <span class='ocr_line' id='line_1_53' title="bbox 1970 2124 3504 2195; baseline 0 -15"><span class='ocrx_word' id='word_1_389' title='bbox 1970 2138 2138 2195; x_wconf 65' lang='lat' dir='ltr'><strong>plura:</strong></span> <span class='ocrx_word' id='word_1_390' title='bbox 2176 2127 2373 2195; x_wconf 60' lang='lat' dir='ltr'><strong>prabet</strong></span> <span class='ocrx_word' id='word_1_391' title='bbox 2403 2125 2675 2178; x_wconf 84' lang='lat' dir='ltr'><strong>auditum?</strong></span> <span class='ocrx_word' id='word_1_392' title='bbox 2708 2124 2845 2177; x_wconf 91' lang='lat' dir='ltr'><strong>Deus</strong></span> <span class='ocrx_word' id='word_1_393' title='bbox 2889 2140 2982 2192; x_wconf 87' lang='lat' dir='ltr'><strong>per</strong></span> <span class='ocrx_word' id='word_1_394' title='bbox 3020 2127 3326 2193; x_wconf 79' lang='lat' dir='ltr'><strong>praphetam</strong></span> <span class='ocrx_word' id='word_1_395' title='bbox 3364 2142 3504 2180; x_wconf 89' lang='lat' dir='ltr'><strong>com-</strong></span> 
     </span>
    </p>
   </div>
   <div class='ocr_carea' id='block_1_54' title="bbox 1974 2213 3499 2281">
    <p class='ocr_par' dir='ltr' id='par_1_54' title="bbox 1974 2213 3499 2281">
     <span class='ocr_line' id='line_1_54' title="bbox 1974 2213 3499 2281; baseline -0.001 -13"><span class='ocrx_word' id='word_1_396' title='bbox 1974 2217 2223 2278; x_wconf 87' lang='lat' dir='ltr'><strong>minatur,</strong></span> <span class='ocrx_word' id='word_1_397' title='bbox 2250 2224 2302 2266; x_wconf 85' lang='lat' dir='ltr'><strong>et</strong></span> <span class='ocrx_word' id='word_1_398' title='bbox 2327 2215 2536 2280; x_wconf 89' lang='lat' dir='ltr'><strong>quidem</strong></span> <span class='ocrx_word' id='word_1_399' title='bbox 2584 2213 2634 2265; x_wconf 93' lang='lat' dir='ltr'><strong>in</strong></span> <span class='ocrx_word' id='word_1_400' title='bbox 2684 2214 2759 2265; x_wconf 89' lang='lat' dir='ltr'><strong>ira</strong></span> <span class='ocrx_word' id='word_1_401' title='bbox 2807 2228 2991 2281; x_wconf 89' lang='lat' dir='ltr'><strong>magna</strong></span> <span class='ocrx_word' id='word_1_402' title='bbox 3015 2214 3054 2243; x_wconf 81' lang='grc'><strong>⁷³</strong></span> <span class='ocrx_word' id='word_1_403' title='bbox 3088 2231 3102 2266; x_wconf 91' lang='lat'><strong>:</strong></span> <span class='ocrx_word' id='word_1_404' title='bbox 3134 2231 3155 2268; x_wconf 72' lang='grc' dir='ltr'>ι</span> <span class='ocrx_word' id='word_1_405' title='bbox 3189 2214 3252 2266; x_wconf 81' lang='lat' dir='ltr'><strong>Et</strong></span> <span class='ocrx_word' id='word_1_406' title='bbox 3297 2216 3499 2267; x_wconf 87' lang='lat' dir='ltr'><strong>mittam</strong></span> 
     </span>
    </p>
   </div>
   <div class='ocr_carea' id='block_1_55' title="bbox 1973 2294 3500 2371">
    <p class='ocr_par' dir='ltr' id='par_1_55' title="bbox 1973 2294 3500 2371">
     <span class='ocr_line' id='line_1_55' title="bbox 1973 2294 3500 2371; baseline -0.001 -13"><span class='ocrx_word' id='word_1_407' title='bbox 1973 2306 2163 2358; x_wconf 84' lang='lat' dir='ltr'><strong>famem</strong></span> <span class='ocrx_word' id='word_1_408' title='bbox 2190 2318 2347 2369; x_wconf 90' lang='lat' dir='ltr'><strong>super</strong></span> <span class='ocrx_word' id='word_1_409' title='bbox 2372 2313 2590 2366; x_wconf 86' lang='lat' dir='ltr'><strong>terram,</strong></span> <span class='ocrx_word' id='word_1_410' title='bbox 2616 2317 2714 2355; x_wconf 90' lang='lat' dir='ltr'><strong>non</strong></span> <span class='ocrx_word' id='word_1_411' title='bbox 2744 2302 2936 2356; x_wconf 82' lang='lat' dir='ltr'><strong>famem</strong></span> <span class='ocrx_word' id='word_1_412' title='bbox 2962 2303 3133 2371; x_wconf 87' lang='lat' dir='ltr'><strong>panis,</strong></span> <span class='ocrx_word' id='word_1_413' title='bbox 3162 2318 3331 2369; x_wconf 91' lang='lat' dir='ltr'><strong>neque</strong></span> <span class='ocrx_word' id='word_1_414' title='bbox 3355 2294 3500 2357; x_wconf 81' lang='lat' dir='ltr'><strong>sitiin</strong></span> 
     </span>
    </p>
   </div>
   <div class='ocr_carea' id='block_1_56' title="bbox 1971 2388 3500 2460">
    <p class='ocr_par' dir='ltr' id='par_1_56' title="bbox 1971 2388 3500 2460">
     <span class='ocr_line' id='line_1_56' title="bbox 1971 2388 3500 2460; baseline -0.001 -16"><span class='ocrx_word' id='word_1_415' title='bbox 1971 2407 2141 2460; x_wconf 85' lang='lat' dir='ltr'><strong>aquae,</strong></span> <span class='ocrx_word' id='word_1_416' title='bbox 2169 2391 2257 2444; x_wconf 90' lang='lat' dir='ltr'><strong>sed</strong></span> <span class='ocrx_word' id='word_1_417' title='bbox 2288 2388 2477 2441; x_wconf 87' lang='lat' dir='ltr'><strong>famem</strong></span> <span class='ocrx_word' id='word_1_418' title='bbox 2521 2390 2765 2442; x_wconf 87' lang='lat' dir='ltr'><strong>audiendi</strong></span> <span class='ocrx_word' id='word_1_419' title='bbox 2807 2388 2969 2441; x_wconf 87' lang='lat' dir='ltr'><strong>verba</strong></span> <span class='ocrx_word' id='word_1_420' title='bbox 3016 2390 3128 2443; x_wconf 83' lang='lat' dir='ltr'><strong>Dei.</strong></span> <span class='ocrx_word' id='word_1_421' title='bbox 3157 2408 3176 2438; x_wconf 79' lang='grc' dir='ltr'><strong><em>ι</em></strong></span> <span class='ocrx_word' id='word_1_422' title='bbox 3212 2390 3314 2442; x_wconf 89' lang='lat' dir='ltr'><strong>Sed</strong></span> <span class='ocrx_word' id='word_1_423' title='bbox 3361 2404 3500 2443; x_wconf 89' lang='lat' dir='ltr'><strong>nunc</strong></span> 
     </span>
    </p>
   </div>
   <div class='ocr_carea' id='block_1_57' title="bbox 1970 2478 3499 2546">
    <p class='ocr_par' dir='ltr' id='par_1_57' title="bbox 1970 2478 3499 2546">
     <span class='ocr_line' id='line_1_57' title="bbox 1970 2478 3499 2546; baseline -0.002 -11"><span class='ocrx_word' id='word_1_424' title='bbox 1970 2481 2161 2535; x_wconf 87' lang='lat' dir='ltr'><strong>famem</strong></span> <span class='ocrx_word' id='word_1_425' title='bbox 2186 2497 2285 2535; x_wconf 93' lang='lat' dir='ltr'><strong>non</strong></span> <span class='ocrx_word' id='word_1_426' title='bbox 2309 2482 2449 2533; x_wconf 91' lang='lat' dir='ltr'><strong>misit</strong></span> <span class='ocrx_word' id='word_1_427' title='bbox 2469 2479 2605 2533; x_wconf 87' lang='lat' dir='ltr'><strong>Deus</strong></span> <span class='ocrx_word' id='word_1_428' title='bbox 2630 2493 2790 2546; x_wconf 90' lang='lat' dir='ltr'><strong>super</strong></span> <span class='ocrx_word' id='word_1_429' title='bbox 2817 2478 3101 2532; x_wconf 89' lang='lat' dir='ltr'><strong>Ecclesiam</strong></span> <span class='ocrx_word' id='word_1_430' title='bbox 3130 2493 3299 2542; x_wconf 89' lang='lat' dir='ltr'><strong>suam,</strong></span> <span class='ocrx_word' id='word_1_431' title='bbox 3326 2493 3499 2546; x_wconf 87' lang='lat' dir='ltr'><strong>neque</strong></span> 
     </span>
    </p>
   </div>
   <div class='ocr_carea' id='block_1_58' title="bbox 1971 2565 3497 2624">
    <p class='ocr_par' dir='ltr' id='par_1_58' title="bbox 1971 2565 3497 2624">
     <span class='ocr_line' id='line_1_58' title="bbox 1971 2565 3497 2624; baseline -0.001 -2"><span class='ocrx_word' id='word_1_432' title='bbox 1971 2571 2111 2624; x_wconf 87' lang='lat' dir='ltr'><strong>sitim</strong></span> <span class='ocrx_word' id='word_1_433' title='bbox 2158 2569 2223 2622; x_wconf 89' lang='lat' dir='ltr'><strong>ad</strong></span> <span class='ocrx_word' id='word_1_434' title='bbox 2267 2568 2583 2620; x_wconf 89' lang='lat' dir='ltr'><strong>audiendum</strong></span> <span class='ocrx_word' id='word_1_435' title='bbox 2629 2568 2848 2619; x_wconf 89' lang='lat' dir='ltr'><strong>verbum</strong></span> <span class='ocrx_word' id='word_1_436' title='bbox 2892 2566 3003 2617; x_wconf 86' lang='lat' dir='ltr'><strong>Dei.</strong></span> <span class='ocrx_word' id='word_1_437' title='bbox 3056 2565 3315 2619; x_wconf 85' lang='lat' dir='ltr'><strong>Habemus</strong></span> <span class='ocrx_word' id='word_1_438' title='bbox 3356 2569 3497 2620; x_wconf 84' lang='lat' dir='ltr'><strong>enim</strong></span> 
     </span>
    </p>
   </div>
   <div class='ocr_carea' id='block_1_59' title="bbox 1970 2655 3501 2728">
    <p class='ocr_par' dir='ltr' id='par_1_59' title="bbox 1970 2655 3501 2728">
     <span class='ocr_line' id='line_1_59' title="bbox 1970 2655 3501 2728; baseline -0.003 -16"><span class='ocrx_word' id='word_1_439' title='bbox 1970 2674 2159 2728; x_wconf 86' lang='lat' dir='ltr'><strong>panem</strong></span> <span class='ocrx_word' id='word_1_440' title='bbox 2214 2659 2389 2711; x_wconf 88' lang='lat' dir='ltr'><strong>vivum</strong></span> <span class='ocrx_word' id='word_1_441' title='bbox 2436 2657 2524 2724; x_wconf 87' lang='lat' dir='ltr'><strong>qui</strong></span> <span class='ocrx_word' id='word_1_442' title='bbox 2569 2658 2633 2709; x_wconf 91' lang='lat' dir='ltr'><strong>de</strong></span> <span class='ocrx_word' id='word_1_443' title='bbox 2683 2655 2819 2708; x_wconf 73' lang='lat' dir='ltr'><strong>ctelo</strong></span> <span class='ocrx_word' id='word_1_444' title='bbox 2881 2655 3190 2718; x_wconf 83' lang='lat' dir='ltr'><strong>descendit,</strong></span> <span class='ocrx_word' id='word_1_445' title='bbox 3246 2655 3501 2708; x_wconf 87' lang='lat' dir='ltr'><strong>habemus</strong></span> 
     </span>
    </p>
   </div>
   <div class='ocr_carea' id='block_1_60' title="bbox 1971 2741 3500 2816">
    <p class='ocr_par' dir='ltr' id='par_1_60' title="bbox 1971 2741 3500 2816">
     <span class='ocr_line' id='line_1_60' title="bbox 1971 2741 3500 2816; baseline -0.003 -17"><span class='ocrx_word' id='word_1_446' title='bbox 1971 2761 2158 2816; x_wconf 88' lang='lat' dir='ltr'><strong>aquam</strong></span> <span class='ocrx_word' id='word_1_447' title='bbox 2190 2747 2360 2799; x_wconf 88' lang='lat' dir='ltr'><strong>vivam</strong></span> <span class='ocrx_word' id='word_1_448' title='bbox 2394 2745 2672 2797; x_wconf 89' lang='lat' dir='ltr'><strong>salientem</strong></span> <span class='ocrx_word' id='word_1_449' title='bbox 2698 2744 2749 2795; x_wconf 91' lang='lat' dir='ltr'><strong>in</strong></span> <span class='ocrx_word' id='word_1_450' title='bbox 2779 2743 2936 2794; x_wconf 87' lang='lat' dir='ltr'><strong>vitam</strong></span> <span class='ocrx_word' id='word_1_451' title='bbox 2971 2752 3242 2794; x_wconf 74' lang='lat' dir='ltr'><strong>azternam.</strong></span> <span class='ocrx_word' id='word_1_452' title='bbox 3271 2741 3378 2795; x_wconf 87' lang='lat' dir='ltr'><strong>Cur</strong></span> <span class='ocrx_word' id='word_1_453' title='bbox 3406 2756 3500 2795; x_wconf 85' lang='lat' dir='ltr'><strong>nos</strong></span> 
     </span>
    </p>
   </div>
   <div class='ocr_carea' id='block_1_61' title="bbox 1970 2830 3500 2902">
    <p class='ocr_par' dir='ltr' id='par_1_61' title="bbox 1970 2830 3500 2902">
     <span class='ocr_line' id='line_1_61' title="bbox 1970 2830 3500 2902; baseline -0.003 -15"><span class='ocrx_word' id='word_1_454' title='bbox 1970 2836 2112 2902; x_wconf 90' lang='lat' dir='ltr'><strong>ipsos</strong></span> <span class='ocrx_word' id='word_1_455' title='bbox 2162 2834 2497 2888; x_wconf 82' lang='lat' dir='ltr'><strong>fecunditatis</strong></span> <span class='ocrx_word' id='word_1_456' title='bbox 2544 2843 2779 2898; x_wconf 90' lang='lat' dir='ltr'><strong>tempore</strong></span> <span class='ocrx_word' id='word_1_457' title='bbox 2812 2831 2950 2882; x_wconf 89' lang='lat' dir='ltr'><strong>fame</strong></span> <span class='ocrx_word' id='word_1_458' title='bbox 2992 2844 3240 2883; x_wconf 79' lang='lat' dir='ltr'><strong>uocamus</strong></span> <span class='ocrx_word' id='word_1_459' title='bbox 3278 2845 3340 2882; x_wconf 90' lang='lat' dir='ltr'><strong>ac</strong></span> <span class='ocrx_word' id='word_1_460' title='bbox 3377 2830 3500 2883; x_wconf 72' lang='lat' dir='ltr'><strong>siti?</strong></span> 
     </span>
    </p>
   </div>
   <div class='ocr_carea' id='block_1_62' title="bbox 282 2914 1875 3003">
    <p class='ocr_par' dir='ltr' id='par_1_62' title="bbox 282 2914 1867 2990">
     <span class='ocr_line' id='line_1_62' title="bbox 282 2914 1867 2990; baseline -0.006 -15"><span class='ocrx_word' id='word_1_461' title='bbox 282 2923 571 2990; x_wconf 85' lang='lat' dir='ltr'><strong>propheta</strong></span> <span class='ocrx_word' id='word_1_462' title='bbox 600 2920 828 2986; x_wconf 88' lang='lat' dir='ltr'><strong>quidem</strong></span> <span class='ocrx_word' id='word_1_463' title='bbox 847 2920 1107 2985; x_wconf 89' lang='lat' dir='ltr'><strong>quoniam</strong></span> <span class='ocrx_word' id='word_1_464' title='bbox 1136 2916 1201 2967; x_wconf 91' lang='lat' dir='ltr'><strong>ab</strong></span> <span class='ocrx_word' id='word_1_465' title='bbox 1219 2914 1465 2967; x_wconf 89' lang='lat' dir='ltr'><strong>omnibus</strong></span> <span class='ocrx_word' id='word_1_466' title='bbox 1488 2916 1713 2967; x_wconf 84' lang='lat' dir='ltr'><strong>lllltlldtls</strong></span> <span class='ocrx_word' id='word_1_467' title='bbox 1734 2923 1867 2979; x_wconf 83' lang='lat' dir='ltr'><strong>erat,</strong></span> 
     </span>
    </p>
   </div>
   <div class='ocr_carea' id='block_1_63' title="bbox 1977 2914 3498 3003">
    <p class='ocr_par' dir='ltr' id='par_1_63' title="bbox 1977 2919 3498 2992">
     <span class='ocr_line' id='line_1_63' title="bbox 1977 2919 3498 2992; baseline -0.005 -16"><span class='ocrx_word' id='word_1_468' title='bbox 1977 2923 2139 2992; x_wconf 60' lang='lat' dir='ltr'><strong>Pigra:</strong></span> <span class='ocrx_word' id='word_1_469' title='bbox 2168 2932 2221 2976; x_wconf 84' lang='lat' dir='ltr'><strong>et</strong></span> <span class='ocrx_word' id='word_1_470' title='bbox 2248 2923 2440 2975; x_wconf 87' lang='lat' dir='ltr'><strong>desidis</strong></span> <span class='ocrx_word' id='word_1_471' title='bbox 2466 2922 2653 2973; x_wconf 65' lang='lat' dir='ltr'><strong>anima:</strong></span> <span class='ocrx_word' id='word_1_472' title='bbox 2679 2927 2782 2984; x_wconf 88' lang='lat' dir='ltr'><strong>est,</strong></span> <span class='ocrx_word' id='word_1_473' title='bbox 2817 2920 2868 2971; x_wconf 93' lang='lat' dir='ltr'><strong>in</strong></span> <span class='ocrx_word' id='word_1_474' title='bbox 2907 2919 3227 2971; x_wconf 83' lang='lat' dir='ltr'><strong>abundantia</strong></span> <span class='ocrx_word' id='word_1_475' title='bbox 3260 2920 3498 2975; x_wconf 83' lang='lat' dir='ltr'><strong>omnium</strong></span> 
     </span>
    </p>
   </div>
   <div class='ocr_carea' id='block_1_64' title="bbox 291 3003 1871 3070">
    <p class='ocr_par' dir='ltr' id='par_1_64' title="bbox 291 3003 1871 3070">
     <span class='ocr_line' id='line_1_64' title="bbox 291 3003 1871 3070; baseline -0.004 -9"><span class='ocrx_word' id='word_1_476' title='bbox 291 3010 514 3063; x_wconf 86' lang='lat' dir='ltr'><strong>idcirco</strong></span> <span class='ocrx_word' id='word_1_477' title='bbox 577 3007 790 3061; x_wconf 88' lang='lat' dir='ltr'><strong>meruit</strong></span> <span class='ocrx_word' id='word_1_478' title='bbox 820 3015 873 3057; x_wconf 90' lang='lat' dir='ltr'><strong>ut</strong></span> <span class='ocrx_word' id='word_1_479' title='bbox 912 3020 1053 3058; x_wconf 90' lang='lat' dir='ltr'><strong>unus</strong></span> <span class='ocrx_word' id='word_1_480' title='bbox 1080 3005 1145 3057; x_wconf 92' lang='lat' dir='ltr'><strong>de</strong></span> <span class='ocrx_word' id='word_1_481' title='bbox 1176 3003 1439 3070; x_wconf 87' lang='lat' dir='ltr'><strong>seraphim</strong></span> <span class='ocrx_word' id='word_1_482' title='bbox 1476 3003 1779 3055; x_wconf 89' lang='lat' dir='ltr'><strong>mitteretur</strong></span> <span class='ocrx_word' id='word_1_483' title='bbox 1806 3003 1871 3054; x_wconf 90' lang='lat' dir='ltr'><strong>ad</strong></span> 
     </span>
    </p>
   </div>
   <div class='ocr_carea' id='block_1_65' title="bbox 288 3088 1871 3165">
    <p class='ocr_par' dir='ltr' id='par_1_65' title="bbox 288 3088 1871 3165">
     <span class='ocr_line' id='line_1_65' title="bbox 288 3088 1871 3165; baseline -0.006 -14"><span class='ocrx_word' id='word_1_484' title='bbox 288 3112 449 3164; x_wconf 83' lang='lat' dir='ltr'><strong>eum,</strong></span> <span class='ocrx_word' id='word_1_485' title='bbox 479 3098 576 3165; x_wconf 88' lang='lat' dir='ltr'><strong>qui</strong></span> <span class='ocrx_word' id='word_1_486' title='bbox 608 3097 735 3163; x_wconf 87' lang='lat' dir='ltr'><strong>ejus</strong></span> <span class='ocrx_word' id='word_1_487' title='bbox 765 3096 879 3147; x_wconf 89' lang='lat' dir='ltr'><strong>sola</strong></span> <span class='ocrx_word' id='word_1_488' title='bbox 917 3094 1054 3146; x_wconf 88' lang='lat' dir='ltr'><strong>labia</strong></span> <span class='ocrx_word' id='word_1_489' title='bbox 1086 3100 1361 3160; x_wconf 88' lang='lat' dir='ltr'><strong>purgaret.</strong></span> <span class='ocrx_word' id='word_1_490' title='bbox 1393 3088 1499 3143; x_wconf 87' lang='lat' dir='ltr'><strong>Nos</strong></span> <span class='ocrx_word' id='word_1_491' title='bbox 1526 3105 1653 3142; x_wconf 90' lang='lat' dir='ltr'><strong>vero</strong></span> <span class='ocrx_word' id='word_1_492' title='bbox 1685 3104 1871 3143; x_wconf 90' lang='lat' dir='ltr'><strong>vereor</strong></span> 
     </span>
    </p>
   </div>
   <div class='ocr_carea' id='block_1_66' title="bbox 291 3180 1876 3257">
    <p class='ocr_par' dir='ltr' id='par_1_66' title="bbox 291 3180 1876 3257">
     <span class='ocr_line' id='line_1_66' title="bbox 291 3180 1876 3257; baseline -0.006 -17"><span class='ocrx_word' id='word_1_493' title='bbox 291 3204 370 3242; x_wconf 83' lang='lat' dir='ltr'><strong>ne</strong></span> <span class='ocrx_word' id='word_1_494' title='bbox 416 3190 599 3257; x_wconf 84' lang='lat' dir='ltr'><strong>ignem</strong></span> <span class='ocrx_word' id='word_1_495' title='bbox 662 3201 773 3239; x_wconf 92' lang='lat' dir='ltr'><strong>non</strong></span> <span class='ocrx_word' id='word_1_496' title='bbox 833 3182 1093 3236; x_wconf 88' lang='lat' dir='ltr'><strong>membris</strong></span> <span class='ocrx_word' id='word_1_497' title='bbox 1156 3180 1395 3249; x_wconf 89' lang='lat' dir='ltr'><strong>singulis,</strong></span> <span class='ocrx_word' id='word_1_498' title='bbox 1460 3180 1551 3232; x_wconf 89' lang='lat' dir='ltr'><strong>sed</strong></span> <span class='ocrx_word' id='word_1_499' title='bbox 1605 3188 1711 3232; x_wconf 91' lang='lat' dir='ltr'><strong>toto</strong></span> <span class='ocrx_word' id='word_1_500' title='bbox 1758 3194 1876 3233; x_wconf 89' lang='lat' dir='ltr'><strong>cor-</strong></span> 
     </span>
    </p>
   </div>
   <div class='ocr_carea' id='block_1_67' title="bbox 286 3267 1875 3348">
    <p class='ocr_par' dir='ltr' id='par_1_67' title="bbox 286 3267 1875 3348">
     <span class='ocr_line' id='line_1_67' title="bbox 286 3267 1875 3348; baseline -0.008 -16"><span class='ocrx_word' id='word_1_501' title='bbox 286 3293 436 3348; x_wconf 86' lang='lat' dir='ltr'><strong>pore</strong></span> <span class='ocrx_word' id='word_1_502' title='bbox 470 3286 818 3331; x_wconf 88' lang='lat' dir='ltr'><strong>mereamur.</strong></span> <span class='ocrx_word' id='word_1_503' title='bbox 869 3272 1002 3326; x_wconf 90' lang='lat' dir='ltr'><strong>Cum</strong></span> <span class='ocrx_word' id='word_1_504' title='bbox 1048 3270 1201 3323; x_wconf 82' lang='lat' dir='ltr'><strong>enim</strong></span> <span class='ocrx_word' id='word_1_505' title='bbox 1243 3268 1524 3322; x_wconf 86' lang='lat' dir='ltr'><strong>lasciviunt</strong></span> <span class='ocrx_word' id='word_1_506' title='bbox 1583 3267 1749 3330; x_wconf 89' lang='lat' dir='ltr'><strong>oculi,</strong></span> <span class='ocrx_word' id='word_1_507' title='bbox 1793 3268 1875 3320; x_wconf 86' lang='lat' dir='ltr'><strong>vel</strong></span> 
     </span>
    </p>
   </div>
   <div class='ocr_carea' id='block_1_68' title="bbox 288 3355 1874 3434">
    <p class='ocr_par' dir='ltr' id='par_1_68' title="bbox 288 3355 1874 3434">
     <span class='ocr_line' id='line_1_68' title="bbox 288 3355 1874 3434; baseline -0.008 -14"><span class='ocrx_word' id='word_1_508' title='bbox 288 3382 404 3434; x_wconf 85' lang='lat' dir='ltr'><strong>per</strong></span> <span class='ocrx_word' id='word_1_509' title='bbox 451 3366 686 3419; x_wconf 87' lang='lat' dir='ltr'><strong>illicitas</strong></span> <span class='ocrx_word' id='word_1_510' title='bbox 731 3358 1238 3427; x_wconf 85' lang='lat' dir='ltr'><strong>concupiscentias,</strong></span> <span class='ocrx_word' id='word_1_511' title='bbox 1284 3356 1369 3409; x_wconf 85' lang='lat' dir='ltr'><strong>vel</strong></span> <span class='ocrx_word' id='word_1_512' title='bbox 1430 3370 1525 3423; x_wconf 89' lang='lat' dir='ltr'><strong>per</strong></span> <span class='ocrx_word' id='word_1_513' title='bbox 1577 3355 1874 3422; x_wconf 77' lang='lat' dir='ltr'><strong>spectacula</strong></span> 
     </span>
    </p>
   </div>
   <div class='ocr_carea' id='block_1_69' title="bbox 290 3442 1874 3528">
    <p class='ocr_par' dir='ltr' id='par_1_69' title="bbox 290 3442 1874 3528">
     <span class='ocr_line' id='line_1_69' title="bbox 290 3442 1874 3528; baseline -0.011 -17"><span class='ocrx_word' id='word_1_514' title='bbox 290 3456 464 3528; x_wconf 63' lang='grc'><strong>24],</strong></span> <span class='ocrx_word' id='word_1_515' title='bbox 495 3451 797 3512; x_wconf 88' lang='lat' dir='ltr'><strong>diabolica,</strong></span> <span class='ocrx_word' id='word_1_516' title='bbox 828 3448 955 3517; x_wconf 91' lang='lat' dir='ltr'><strong>quid</strong></span> <span class='ocrx_word' id='word_1_517' title='bbox 988 3447 1132 3499; x_wconf 90' lang='lat' dir='ltr'><strong>aliud</strong></span> <span class='ocrx_word' id='word_1_518' title='bbox 1173 3446 1274 3498; x_wconf 85' lang='lat' dir='ltr'><strong>nisi</strong></span> <span class='ocrx_word' id='word_1_519' title='bbox 1314 3444 1488 3513; x_wconf 90' lang='lat' dir='ltr'><strong>ignem</strong></span> <span class='ocrx_word' id='word_1_520' title='bbox 1527 3442 1623 3495; x_wconf 91' lang='lat' dir='ltr'><strong>sibi</strong></span> <span class='ocrx_word' id='word_1_521' title='bbox 1652 3456 1874 3510; x_wconf 86' lang='lat' dir='ltr'><strong>congre-</strong></span> 
     </span>
    </p>
   </div>
   <div class='ocr_carea' id='block_1_70' title="bbox 289 3532 1874 3617">
    <p class='ocr_par' dir='ltr' id='par_1_70' title="bbox 289 3532 1874 3617">
     <span class='ocr_line' id='line_1_70' title="bbox 289 3532 1874 3617; baseline -0.011 -17"><span class='ocrx_word' id='word_1_522' title='bbox 289 3546 471 3617; x_wconf 76' lang='lat' dir='ltr'><strong>gant?</strong></span> <span class='ocrx_word' id='word_1_523' title='bbox 515 3543 662 3598; x_wconf 88' lang='lat' dir='ltr'><strong>Cum</strong></span> <span class='ocrx_word' id='word_1_524' title='bbox 709 3554 874 3592; x_wconf 87' lang='lat' dir='ltr'><strong>aures</strong></span> <span class='ocrx_word' id='word_1_525' title='bbox 925 3553 1031 3590; x_wconf 90' lang='lat' dir='ltr'><strong>non</strong></span> <span class='ocrx_word' id='word_1_526' title='bbox 1076 3544 1390 3587; x_wconf 86' lang='lat' dir='ltr'><strong>avertuntur</strong></span> <span class='ocrx_word' id='word_1_527' title='bbox 1413 3534 1478 3585; x_wconf 91' lang='lat' dir='ltr'><strong>ab</strong></span> <span class='ocrx_word' id='word_1_528' title='bbox 1514 3532 1689 3584; x_wconf 88' lang='lat' dir='ltr'><strong>auditu</strong></span> <span class='ocrx_word' id='word_1_529' title='bbox 1720 3546 1874 3592; x_wconf 86' lang='lat' dir='ltr'><strong>vano,</strong></span> 
     </span>
    </p>
   </div>
   <div class='ocr_carea' id='block_1_71' title="bbox 290 3621 1876 3703">
    <p class='ocr_par' dir='ltr' id='par_1_71' title="bbox 290 3621 1876 3703">
     <span class='ocr_line' id='line_1_71' title="bbox 290 3621 1876 3703; baseline -0.014 -10"><span class='ocrx_word' id='word_1_530' title='bbox 290 3652 367 3692; x_wconf 84' lang='lat' dir='ltr'><strong>ac</strong></span> <span class='ocrx_word' id='word_1_531' title='bbox 402 3631 862 3703; x_wconf 89' lang='lat' dir='ltr'><strong>derogationibus</strong></span> <span class='ocrx_word' id='word_1_532' title='bbox 889 3627 1274 3695; x_wconf 84' lang='lat' dir='ltr'><strong>proximorum,</strong></span> <span class='ocrx_word' id='word_1_533' title='bbox 1307 3637 1427 3675; x_wconf 92' lang='lat' dir='ltr'><strong>cum</strong></span> <span class='ocrx_word' id='word_1_534' title='bbox 1462 3636 1646 3673; x_wconf 89' lang='lat' dir='ltr'><strong>manus</strong></span> <span class='ocrx_word' id='word_1_535' title='bbox 1672 3636 1698 3671; x_wconf 92' lang='lat' dir='ltr'><strong>a</strong></span> <span class='ocrx_word' id='word_1_536' title='bbox 1734 3621 1876 3673; x_wconf 85' lang='lat' dir='ltr'><strong>caede</strong></span> 
     </span>
    </p>
   </div>
   <div class='ocr_carea' id='block_1_72' title="bbox 287 3707 1877 3797">
    <p class='ocr_par' dir='ltr' id='par_1_72' title="bbox 287 3707 1877 3797">
     <span class='ocr_line' id='line_1_72' title="bbox 287 3707 1877 3797; baseline -0.017 -12"><span class='ocrx_word' id='word_1_537' title='bbox 287 3739 676 3797; x_wconf 85' lang='lat' dir='ltr'><strong>nequaquam,</strong></span> <span class='ocrx_word' id='word_1_538' title='bbox 708 3734 814 3774; x_wconf 91' lang='lat' dir='ltr'><strong>nec</strong></span> <span class='ocrx_word' id='word_1_539' title='bbox 841 3732 871 3770; x_wconf 91' lang='lat' dir='ltr'><strong>a</strong></span> <span class='ocrx_word' id='word_1_540' title='bbox 908 3715 1112 3782; x_wconf 85' lang='lat' dir='ltr'><strong>rapinis</strong></span> <span class='ocrx_word' id='word_1_541' title='bbox 1140 3726 1202 3764; x_wconf 89' lang='lat' dir='ltr'><strong>ac</strong></span> <span class='ocrx_word' id='word_1_542' title='bbox 1243 3707 1720 3778; x_wconf 65' lang='lat' dir='ltr'><strong>depraedationibus</strong></span> <span class='ocrx_word' id='word_1_543' title='bbox 1748 3723 1877 3761; x_wconf 87' lang='lat' dir='ltr'><strong>con-</strong></span> 
     </span>
    </p>
   </div>
   <div class='ocr_carea' id='block_1_73' title="bbox 290 3795 1876 3879">
    <p class='ocr_par' dir='ltr' id='par_1_73' title="bbox 290 3795 1876 3879">
     <span class='ocr_line' id='line_1_73' title="bbox 290 3795 1876 3879; baseline -0.015 -8"><span class='ocrx_word' id='word_1_544' title='bbox 290 3795 573 3879; x_wconf 81' lang='lat' dir='ltr'><strong>tinentur,</strong></span> <span class='ocrx_word' id='word_1_545' title='bbox 606 3827 736 3868; x_wconf 88' lang='lat' dir='ltr'><strong>cum</strong></span> <span class='ocrx_word' id='word_1_546' title='bbox 781 3806 947 3876; x_wconf 86' lang='lat' dir='ltr'><strong>pedes</strong></span> <span class='ocrx_word' id='word_1_547' title='bbox 995 3803 1206 3855; x_wconf 86' lang='lat' dir='ltr'><strong>veloces</strong></span> <span class='ocrx_word' id='word_1_548' title='bbox 1247 3809 1372 3853; x_wconf 86' lang='lat' dir='ltr'><strong>sunt</strong></span> <span class='ocrx_word' id='word_1_549' title='bbox 1410 3802 1476 3851; x_wconf 92' lang='lat' dir='ltr'><strong>ad</strong></span> <span class='ocrx_word' id='word_1_550' title='bbox 1508 3795 1876 3849; x_wconf 77' lang='lat' dir='ltr'><strong>effundendum</strong></span> 
     </span>
    </p>
   </div>
   <div class='ocr_carea' id='block_1_74' title="bbox 292 3885 1877 3977">
    <p class='ocr_par' dir='ltr' id='par_1_74' title="bbox 292 3885 1877 3977">
     <span class='ocr_line' id='line_1_74' title="bbox 292 3885 1877 3977; baseline -0.018 -14"><span class='ocrx_word' id='word_1_551' title='bbox 292 3909 659 3977; x_wconf 84' lang='lat' dir='ltr'><strong>sanguinem,</strong></span> <span class='ocrx_word' id='word_1_552' title='bbox 682 3914 918 3968; x_wconf 90' lang='lat' dir='ltr'><strong>cumque</strong></span> <span class='ocrx_word' id='word_1_553' title='bbox 943 3909 1139 3963; x_wconf 84' lang='lat' dir='ltr'><strong>corpus</strong></span> <span class='ocrx_word' id='word_1_554' title='bbox 1177 3906 1281 3946; x_wconf 92' lang='lat' dir='ltr'><strong>non</strong></span> <span class='ocrx_word' id='word_1_555' title='bbox 1312 3886 1673 3951; x_wconf 86' lang='lat' dir='ltr'><strong>Domino,sed</strong></span> <span class='ocrx_word' id='word_1_556' title='bbox 1712 3885 1877 3937; x_wconf 83' lang='lat' dir='ltr'><strong>forni-</strong></span> 
     </span>
    </p>
   </div>
   <div class='ocr_carea' id='block_1_75' title="bbox 293 3981 1878 4056">
    <p class='ocr_par' dir='ltr' id='par_1_75' title="bbox 293 3981 1878 4056">
     <span class='ocr_line' id='line_1_75' title="bbox 293 3981 1878 4056; baseline -0.02 -2"><span class='ocrx_word' id='word_1_557' title='bbox 293 3998 505 4053; x_wconf 75' lang='lat' dir='ltr'><strong>cationi</strong></span> <span class='ocrx_word' id='word_1_558' title='bbox 539 3994 838 4054; x_wconf 89' lang='lat' dir='ltr'><strong>tradimus,</strong></span> <span class='ocrx_word' id='word_1_559' title='bbox 866 3988 994 4056; x_wconf 90' lang='lat' dir='ltr'><strong>quid</strong></span> <span class='ocrx_word' id='word_1_560' title='bbox 1022 3985 1162 4037; x_wconf 85' lang='lat' dir='ltr'><strong>aliud</strong></span> <span class='ocrx_word' id='word_1_561' title='bbox 1205 3981 1305 4035; x_wconf 90' lang='lat' dir='ltr'><strong>nisi</strong></span> <span class='ocrx_word' id='word_1_562' title='bbox 1354 3986 1521 4032; x_wconf 88' lang='lat' dir='ltr'><strong>totum</strong></span> <span class='ocrx_word' id='word_1_563' title='bbox 1554 3988 1744 4041; x_wconf 88' lang='lat' dir='ltr'><strong>corpus</strong></span> <span class='ocrx_word' id='word_1_564' title='bbox 1773 3981 1878 4025; x_wconf 84' lang='lat' dir='ltr'><strong>tra-</strong></span> 
     </span>
    </p>
   </div>
   <div class='ocr_carea' id='block_1_76' title="bbox 294 4067 1879 4153">
    <p class='ocr_par' dir='ltr' id='par_1_76' title="bbox 294 4067 1879 4153">
     <span class='ocr_line' id='line_1_76' title="bbox 294 4067 1879 4153; baseline -0.019 -9"><span class='ocrx_word' id='word_1_565' title='bbox 294 4090 485 4142; x_wconf 86' lang='lat' dir='ltr'><strong>dimus</strong></span> <span class='ocrx_word' id='word_1_566' title='bbox 517 4089 575 4140; x_wconf 91' lang='lat' dir='ltr'><strong>in</strong></span> <span class='ocrx_word' id='word_1_567' title='bbox 610 4077 963 4153; x_wconf 85' lang='lat' dir='ltr'><strong>gehennam?</strong></span> <span class='ocrx_word' id='word_1_568' title='bbox 1011 4078 1080 4128; x_wconf 82' lang='lat' dir='ltr'><strong>At</strong></span> <span class='ocrx_word' id='word_1_569' title='bbox 1128 4074 1240 4125; x_wconf 67' lang='lat' dir='ltr'><strong>haec</strong></span> <span class='ocrx_word' id='word_1_570' title='bbox 1293 4083 1418 4123; x_wconf 90' lang='lat' dir='ltr'><strong>cum</strong></span> <span class='ocrx_word' id='word_1_571' title='bbox 1461 4067 1724 4125; x_wconf 88' lang='lat' dir='ltr'><strong>dicuntur,</strong></span> <span class='ocrx_word' id='word_1_572' title='bbox 1755 4077 1879 4115; x_wconf 86' lang='lat' dir='ltr'><strong>con-</strong></span> 
     </span>
    </p>
   </div>
   <div class='ocr_carea' id='block_1_77' title="bbox 298 4149 1875 4239">
    <p class='ocr_par' dir='ltr' id='par_1_77' title="bbox 298 4149 1875 4239">
     <span class='ocr_line' id='line_1_77' title="bbox 298 4149 1875 4239; baseline -0.016 -14"><span class='ocrx_word' id='word_1_573' title='bbox 298 4172 534 4239; x_wconf 82' lang='lat' dir='ltr'><strong>Iemptni</strong></span> <span class='ocrx_word' id='word_1_574' title='bbox 561 4149 866 4222; x_wconf 67' lang='lat' dir='ltr'><strong>habentur.</strong></span> <span class='ocrx_word' id='word_1_575' title='bbox 890 4159 1104 4226; x_wconf 82' lang='lat' dir='ltr'><strong>Quare?</strong></span> <span class='ocrx_word' id='word_1_576' title='bbox 1129 4158 1252 4226; x_wconf 83' lang='lat' dir='ltr'><strong>quia</strong></span> <span class='ocrx_word' id='word_1_577' title='bbox 1280 4155 1413 4208; x_wconf 84' lang='lat' dir='ltr'><strong>fides</strong></span> <span class='ocrx_word' id='word_1_578' title='bbox 1442 4154 1608 4207; x_wconf 86' lang='lat' dir='ltr'><strong>deest.</strong></span> <span class='ocrx_word' id='word_1_579' title='bbox 1633 4149 1875 4217; x_wconf 88' lang='lat' dir='ltr'><strong>Alioquin</strong></span> 
     </span>
    </p>
   </div>
   <div class='ocr_carea' id='block_1_78' title="bbox 1974 3007 3501 3079">
    <p class='ocr_par' dir='ltr' id='par_1_78' title="bbox 1974 3007 3501 3079">
     <span class='ocr_line' id='line_1_78' title="bbox 1974 3007 3501 3079; baseline -0.004 -15"><span class='ocrx_word' id='word_1_580' title='bbox 1974 3013 2245 3079; x_wconf 89' lang='lat' dir='ltr'><strong>penuriam</strong></span> <span class='ocrx_word' id='word_1_581' title='bbox 2276 3013 2400 3076; x_wconf 88' lang='lat' dir='ltr'><strong>pali.</strong></span> <span class='ocrx_word' id='word_1_582' title='bbox 2432 3009 2543 3062; x_wconf 85' lang='lat' dir='ltr'><strong>Non</strong></span> <span class='ocrx_word' id='word_1_583' title='bbox 2567 3009 2787 3061; x_wconf 89' lang='lat' dir='ltr'><strong>audistis</strong></span> <span class='ocrx_word' id='word_1_584' title='bbox 2808 3022 2870 3062; x_wconf 75' lang='lat' dir='ltr'><strong>ex</strong></span> <span class='ocrx_word' id='word_1_585' title='bbox 2903 3008 3095 3059; x_wconf 90' lang='lat' dir='ltr'><strong>divinis</strong></span> <span class='ocrx_word' id='word_1_586' title='bbox 3127 3008 3416 3074; x_wconf 87' lang='lat' dir='ltr'><strong>Scripturis</strong></span> <span class='ocrx_word' id='word_1_587' title='bbox 3432 3007 3501 3069; x_wconf 73' lang='grc' dir='ltr'><strong>τ’,</strong></span> 
     </span>
    </p>
   </div>
   <div class='ocr_carea' id='block_1_79' title="bbox 1972 3091 3501 3166">
    <p class='ocr_par' dir='ltr' id='par_1_79' title="bbox 1972 3091 3501 3166">
     <span class='ocr_line' id='line_1_79' title="bbox 1972 3091 3501 3166; baseline -0.006 -17"><span class='ocrx_word' id='word_1_588' title='bbox 1972 3100 2092 3166; x_wconf 88' lang='lat' dir='ltr'><strong>quia</strong></span> <span class='ocrx_word' id='word_1_589' title='bbox 2140 3106 2402 3151; x_wconf 85' lang='lat' dir='ltr'><strong>certamen</strong></span> <span class='ocrx_word' id='word_1_590' title='bbox 2435 3103 2518 3148; x_wconf 91' lang='lat' dir='ltr'><strong>est</strong></span> <span class='ocrx_word' id='word_1_591' title='bbox 2568 3095 2703 3146; x_wconf 88' lang='lat' dir='ltr'><strong>inter</strong></span> <span class='ocrx_word' id='word_1_592' title='bbox 2747 3094 2987 3144; x_wconf 89' lang='lat' dir='ltr'><strong>homines</strong></span> <span class='ocrx_word' id='word_1_593' title='bbox 3029 3092 3173 3143; x_wconf 90' lang='lat' dir='ltr'><strong>carni</strong></span> <span class='ocrx_word' id='word_1_594' title='bbox 3220 3091 3501 3142; x_wconf 87' lang='lat' dir='ltr'><strong>adversum</strong></span> 
     </span>
    </p>
   </div>
   <div class='ocr_carea' id='block_1_80' title="bbox 1972 3177 3506 3254">
    <p class='ocr_par' dir='ltr' id='par_1_80' title="bbox 1972 3177 3506 3254">
     <span class='ocr_line' id='line_1_80' title="bbox 1972 3177 3506 3254; baseline -0.007 -16"><span class='ocrx_word' id='word_1_595' title='bbox 1972 3186 2235 3254; x_wconf 76' lang='lat' dir='ltr'><strong>Spiritum,</strong></span> <span class='ocrx_word' id='word_1_596' title='bbox 2269 3194 2322 3237; x_wconf 91' lang='lat' dir='ltr'><strong>et</strong></span> <span class='ocrx_word' id='word_1_597' title='bbox 2358 3182 2566 3251; x_wconf 86' lang='lat' dir='ltr'><strong>spiritui</strong></span> <span class='ocrx_word' id='word_1_598' title='bbox 2609 3182 2860 3233; x_wconf 85' lang='lat' dir='ltr'><strong>adversus</strong></span> <span class='ocrx_word' id='word_1_599' title='bbox 2897 3179 3151 3231; x_wconf 87' lang='lat' dir='ltr'><strong>carnem?</strong></span> <span class='ocrx_word' id='word_1_600' title='bbox 3185 3178 3248 3230; x_wconf 82' lang='lat' dir='ltr'><strong>Et</strong></span> <span class='ocrx_word' id='word_1_601' title='bbox 3293 3177 3506 3229; x_wconf 86' lang='lat' dir='ltr'><strong>nescitis</strong></span> 
     </span>
    </p>
   </div>
   <div class='ocr_carea' id='block_1_81' title="bbox 1974 3263 3505 3340">
    <p class='ocr_par' dir='ltr' id='par_1_81' title="bbox 1974 3263 3505 3340">
     <span class='ocr_line' id='line_1_81' title="bbox 1974 3263 3505 3340; baseline -0.005 -18"><span class='ocrx_word' id='word_1_602' title='bbox 1974 3273 2112 3340; x_wconf 91' lang='lat' dir='ltr'><strong>quod</strong></span> <span class='ocrx_word' id='word_1_603' title='bbox 2145 3272 2187 3324; x_wconf 91' lang='lat' dir='ltr'><strong>si</strong></span> <span class='ocrx_word' id='word_1_604' title='bbox 2218 3285 2432 3328; x_wconf 86' lang='lat' dir='ltr'><strong>carnem</strong></span> <span class='ocrx_word' id='word_1_605' title='bbox 2467 3268 2631 3320; x_wconf 90' lang='lat' dir='ltr'><strong>solam</strong></span> <span class='ocrx_word' id='word_1_606' title='bbox 2657 3266 2924 3327; x_wconf 86' lang='lat' dir='ltr'><strong>nutriatis,</strong></span> <span class='ocrx_word' id='word_1_607' title='bbox 2954 3276 3010 3318; x_wconf 92' lang='lat' dir='ltr'><strong>et</strong></span> <span class='ocrx_word' id='word_1_608' title='bbox 3040 3266 3205 3331; x_wconf 86' lang='lat' dir='ltr'><strong>ipsam</strong></span> <span class='ocrx_word' id='word_1_609' title='bbox 3237 3263 3505 3330; x_wconf 83' lang='lat' dir='ltr'><strong>frequenti</strong></span> 
     </span>
    </p>
   </div>
   <div class='ocr_carea' id='block_1_82' title="bbox 1975 3352 3508 3425">
    <p class='ocr_par' dir='ltr' id='par_1_82' title="bbox 1975 3352 3508 3425">
     <span class='ocr_line' id='line_1_82' title="bbox 1975 3352 3508 3425; baseline -0.005 -13"><span class='ocrx_word' id='word_1_610' title='bbox 1975 3361 2191 3413; x_wconf 88' lang='lat' dir='ltr'><strong>mollitie</strong></span> <span class='ocrx_word' id='word_1_611' title='bbox 2223 3374 2285 3411; x_wconf 88' lang='lat' dir='ltr'><strong>ac</strong></span> <span class='ocrx_word' id='word_1_612' title='bbox 2310 3358 2420 3425; x_wconf 85' lang='lat' dir='ltr'><strong>jugi</strong></span> <span class='ocrx_word' id='word_1_613' title='bbox 2447 3357 2752 3407; x_wconf 88' lang='lat' dir='ltr'><strong>deliciarum</strong></span> <span class='ocrx_word' id='word_1_614' title='bbox 2784 3354 2924 3404; x_wconf 81' lang='lat' dir='ltr'><strong>[luxu</strong></span> <span class='ocrx_word' id='word_1_615' title='bbox 2950 3352 3197 3413; x_wconf 78' lang='lat' dir='ltr'><strong>foveatis,</strong></span> <span class='ocrx_word' id='word_1_616' title='bbox 3227 3352 3508 3404; x_wconf 85' lang='lat' dir='ltr'><strong>insolescet</strong></span> 
     </span>
    </p>
   </div>
   <div class='ocr_carea' id='block_1_83' title="bbox 1974 3438 3504 3509">
    <p class='ocr_par' dir='ltr' id='par_1_83' title="bbox 1974 3438 3504 3509">
     <span class='ocr_line' id='line_1_83' title="bbox 1974 3438 3504 3509; baseline -0.008 -7"><span class='ocrx_word' id='word_1_617' title='bbox 1974 3448 2271 3502; x_wconf 88' lang='lat' dir='ltr'><strong>necessario</strong></span> <span class='ocrx_word' id='word_1_618' title='bbox 2292 3448 2571 3497; x_wconf 87' lang='lat' dir='ltr'><strong>adversum</strong></span> <span class='ocrx_word' id='word_1_619' title='bbox 2605 3443 2870 3509; x_wconf 88' lang='lat' dir='ltr'><strong>spiritum,</strong></span> <span class='ocrx_word' id='word_1_620' title='bbox 2898 3448 2949 3493; x_wconf 90' lang='lat' dir='ltr'><strong>et</strong></span> <span class='ocrx_word' id='word_1_621' title='bbox 2982 3440 3168 3492; x_wconf 92' lang='lat' dir='ltr'><strong>fortior</strong></span> <span class='ocrx_word' id='word_1_622' title='bbox 3193 3439 3279 3491; x_wconf 93' lang='lat' dir='ltr'><strong>illo</strong></span> <span class='ocrx_word' id='word_1_623' title='bbox 3303 3438 3504 3491; x_wconf 82' lang='lat' dir='ltr'><strong>ellicie-</strong></span> 
     </span>
    </p>
   </div>
   <div class='ocr_carea' id='block_1_84' title="bbox 1977 3529 3504 3600">
    <p class='ocr_par' dir='ltr' id='par_1_84' title="bbox 1977 3529 3504 3600">
     <span class='ocr_line' id='line_1_84' title="bbox 1977 3529 3504 3600; baseline -0.007 -10"><span class='ocrx_word' id='word_1_624' title='bbox 1977 3538 2093 3590; x_wconf 85' lang='lat' dir='ltr'><strong>tur?</strong></span> <span class='ocrx_word' id='word_1_625' title='bbox 2117 3536 2264 3600; x_wconf 86' lang='lat' dir='ltr'><strong>Quod</strong></span> <span class='ocrx_word' id='word_1_626' title='bbox 2289 3535 2333 3587; x_wconf 90' lang='lat' dir='ltr'><strong>si</strong></span> <span class='ocrx_word' id='word_1_627' title='bbox 2367 3534 2475 3595; x_wconf 83' lang='lat' dir='ltr'><strong>fiat,</strong></span> <span class='ocrx_word' id='word_1_628' title='bbox 2501 3547 2619 3585; x_wconf 86' lang='lat' dir='ltr'><strong>eum</strong></span> <span class='ocrx_word' id='word_1_629' title='bbox 2653 3534 2765 3584; x_wconf 88' lang='lat' dir='ltr'><strong>sine</strong></span> <span class='ocrx_word' id='word_1_630' title='bbox 2792 3530 2951 3582; x_wconf 87' lang='lat' dir='ltr'><strong>dubio</strong></span> <span class='ocrx_word' id='word_1_631' title='bbox 2983 3530 3035 3581; x_wconf 93' lang='lat' dir='ltr'><strong>in</strong></span> <span class='ocrx_word' id='word_1_632' title='bbox 3060 3529 3314 3581; x_wconf 90' lang='lat' dir='ltr'><strong>ditionem</strong></span> <span class='ocrx_word' id='word_1_633' title='bbox 3352 3542 3504 3579; x_wconf 85' lang='lat' dir='ltr'><strong>suam</strong></span> 
     </span>
    </p>
   </div>
   <div class='ocr_carea' id='block_1_85' title="bbox 1977 3613 3505 3689">
    <p class='ocr_par' dir='ltr' id='par_1_85' title="bbox 1977 3613 3505 3689">
     <span class='ocr_line' id='line_1_85' title="bbox 1977 3613 3505 3689; baseline -0.007 -13"><span class='ocrx_word' id='word_1_634' title='bbox 1977 3624 2264 3684; x_wconf 89' lang='lat' dir='ltr'><strong>redactum,</strong></span> <span class='ocrx_word' id='word_1_635' title='bbox 2296 3620 2407 3671; x_wconf 93' lang='lat' dir='ltr'><strong>suis</strong></span> <span class='ocrx_word' id='word_1_636' title='bbox 2452 3627 2604 3689; x_wconf 82' lang='lat' dir='ltr'><strong>coget</strong></span> <span class='ocrx_word' id='word_1_637' title='bbox 2648 3617 2847 3683; x_wconf 88' lang='lat' dir='ltr'><strong>legibus</strong></span> <span class='ocrx_word' id='word_1_638' title='bbox 2893 3630 2954 3667; x_wconf 90' lang='lat' dir='ltr'><strong>ac</strong></span> <span class='ocrx_word' id='word_1_639' title='bbox 2988 3614 3131 3667; x_wconf 85' lang='lat' dir='ltr'><strong>vitiis</strong></span> <span class='ocrx_word' id='word_1_640' title='bbox 3170 3614 3407 3667; x_wconf 85' lang='lat' dir='ltr'><strong>obedire.</strong></span> <span class='ocrx_word' id='word_1_641' title='bbox 3447 3613 3505 3666; x_wconf 92' lang='lat' dir='ltr'><strong>Si</strong></span> 
     </span>
    </p>
   </div>
   <div class='ocr_carea' id='block_1_86' title="bbox 1972 3702 3507 3772">
    <p class='ocr_par' dir='ltr' id='par_1_86' title="bbox 1972 3702 3507 3772">
     <span class='ocr_line' id='line_1_86' title="bbox 1972 3702 3507 3772; baseline -0.008 -5"><span class='ocrx_word' id='word_1_642' title='bbox 1972 3727 2099 3767; x_wconf 86' lang='lat' dir='ltr'><strong>vero</strong></span> <span class='ocrx_word' id='word_1_643' title='bbox 2130 3712 2195 3763; x_wconf 89' lang='lat' dir='ltr'><strong>ad</strong></span> <span class='ocrx_word' id='word_1_644' title='bbox 2226 3709 2502 3763; x_wconf 88' lang='lat' dir='ltr'><strong>ecclesiam</strong></span> <span class='ocrx_word' id='word_1_645' title='bbox 2541 3707 2841 3772; x_wconf 80' lang='lat' dir='ltr'><strong>frequenter</strong></span> <span class='ocrx_word' id='word_1_646' title='bbox 2873 3703 3076 3764; x_wconf 87' lang='lat' dir='ltr'><strong>venias,</strong></span> <span class='ocrx_word' id='word_1_647' title='bbox 3105 3717 3284 3754; x_wconf 91' lang='lat' dir='ltr'><strong>aurem</strong></span> <span class='ocrx_word' id='word_1_648' title='bbox 3315 3702 3507 3754; x_wconf 90' lang='lat' dir='ltr'><strong>litteris</strong></span> 
     </span>
    </p>
   </div>
   <div class='ocr_carea' id='block_1_87' title="bbox 1976 3791 3507 3861">
    <p class='ocr_par' dir='ltr' id='par_1_87' title="bbox 1976 3791 3507 3861">
     <span class='ocr_line' id='line_1_87' title="bbox 1976 3791 3507 3861; baseline -0.01 -7"><span class='ocrx_word' id='word_1_649' title='bbox 1976 3799 2165 3854; x_wconf 90' lang='lat' dir='ltr'><strong>divinis</strong></span> <span class='ocrx_word' id='word_1_650' title='bbox 2195 3799 2495 3857; x_wconf 87' lang='lat' dir='ltr'><strong>admoveas,</strong></span> <span class='ocrx_word' id='word_1_651' title='bbox 2533 3794 2954 3861; x_wconf 78' lang='lat' dir='ltr'><strong>explanationem</strong></span> <span class='ocrx_word' id='word_1_652' title='bbox 2997 3791 3362 3842; x_wconf 90' lang='lat' dir='ltr'><strong>mandatorum</strong></span> <span class='ocrx_word' id='word_1_653' title='bbox 3402 3802 3507 3840; x_wconf 78' lang='lat' dir='ltr'><strong>coe-</strong></span> 
     </span>
    </p>
   </div>
   <div class='ocr_carea' id='block_1_88' title="bbox 1976 3874 3504 3954">
    <p class='ocr_par' dir='ltr' id='par_1_88' title="bbox 1976 3874 3504 3954">
     <span class='ocr_line' id='line_1_88' title="bbox 1976 3874 3504 3954; baseline -0.01 -12"><span class='ocrx_word' id='word_1_654' title='bbox 1976 3889 2182 3942; x_wconf 88' lang='lat' dir='ltr'><strong>lestium</strong></span> <span class='ocrx_word' id='word_1_655' title='bbox 2216 3886 2416 3954; x_wconf 87' lang='lat' dir='ltr'><strong>capias,</strong></span> <span class='ocrx_word' id='word_1_656' title='bbox 2446 3888 2585 3937; x_wconf 87' lang='lat' dir='ltr'><strong>sicut</strong></span> <span class='ocrx_word' id='word_1_657' title='bbox 2618 3883 2752 3935; x_wconf 90' lang='lat' dir='ltr'><strong>cibis</strong></span> <span class='ocrx_word' id='word_1_658' title='bbox 2789 3888 2842 3933; x_wconf 80' lang='lat' dir='ltr'><strong>et</strong></span> <span class='ocrx_word' id='word_1_659' title='bbox 2880 3878 3082 3932; x_wconf 90' lang='lat' dir='ltr'><strong>deliciis</strong></span> <span class='ocrx_word' id='word_1_660' title='bbox 3126 3891 3274 3940; x_wconf 85' lang='lat' dir='ltr'><strong>caro,</strong></span> <span class='ocrx_word' id='word_1_661' title='bbox 3298 3877 3368 3928; x_wconf 90' lang='lat' dir='ltr'><strong>ita</strong></span> <span class='ocrx_word' id='word_1_662' title='bbox 3400 3874 3504 3942; x_wconf 86' lang='lat' dir='ltr'><strong>spi-</strong></span> 
     </span>
    </p>
   </div>
   <div class='ocr_carea' id='block_1_89' title="bbox 1977 3967 3503 4034">
    <p class='ocr_par' dir='ltr' id='par_1_89' title="bbox 1977 3967 3503 4034">
     <span class='ocr_line' id='line_1_89' title="bbox 1977 3967 3503 4034; baseline -0.011 -1"><span class='ocrx_word' id='word_1_663' title='bbox 1977 3982 2109 4034; x_wconf 90' lang='lat' dir='ltr'><strong>ritus</strong></span> <span class='ocrx_word' id='word_1_664' title='bbox 2140 3978 2312 4030; x_wconf 89' lang='lat' dir='ltr'><strong>verbis</strong></span> <span class='ocrx_word' id='word_1_665' title='bbox 2343 3975 2537 4029; x_wconf 85' lang='lat' dir='ltr'><strong>divinis</strong></span> <span class='ocrx_word' id='word_1_666' title='bbox 2574 3971 2906 4026; x_wconf 89' lang='lat' dir='ltr'><strong>convalescet</strong></span> <span class='ocrx_word' id='word_1_667' title='bbox 2941 3984 3002 4020; x_wconf 88' lang='lat' dir='ltr'><strong>ac</strong></span> <span class='ocrx_word' id='word_1_668' title='bbox 3039 3967 3299 4031; x_wconf 88' lang='lat' dir='ltr'><strong>sensibus,</strong></span> <span class='ocrx_word' id='word_1_669' title='bbox 3326 3975 3378 4018; x_wconf 89' lang='lat' dir='ltr'><strong>et</strong></span> <span class='ocrx_word' id='word_1_670' title='bbox 3414 3981 3503 4017; x_wconf 83' lang='lat' dir='ltr'><strong>ro—</strong></span> 
     </span>
    </p>
   </div>
   <div class='ocr_carea' id='block_1_90' title="bbox 1975 4052 3510 4125">
    <p class='ocr_par' dir='ltr' id='par_1_90' title="bbox 1975 4052 3510 4125">
     <span class='ocr_line' id='line_1_90' title="bbox 1975 4052 3510 4125; baseline -0.011 -3"><span class='ocrx_word' id='word_1_671' title='bbox 1975 4067 2178 4122; x_wconf 87' lang='lat' dir='ltr'><strong>bustior</strong></span> <span class='ocrx_word' id='word_1_672' title='bbox 2206 4063 2448 4125; x_wconf 76' lang='lat' dir='ltr'><strong>effectus,</strong></span> <span class='ocrx_word' id='word_1_673' title='bbox 2481 4075 2694 4114; x_wconf 91' lang='lat' dir='ltr'><strong>carnem</strong></span> <span class='ocrx_word' id='word_1_674' title='bbox 2735 4058 2831 4111; x_wconf 90' lang='lat' dir='ltr'><strong>sibi</strong></span> <span class='ocrx_word' id='word_1_675' title='bbox 2879 4069 3063 4123; x_wconf 88' lang='lat' dir='ltr'><strong>parere</strong></span> <span class='ocrx_word' id='word_1_676' title='bbox 3107 4063 3282 4120; x_wconf 81' lang='lat' dir='ltr'><strong>coget,</strong></span> <span class='ocrx_word' id='word_1_677' title='bbox 3304 4067 3366 4105; x_wconf 91' lang='lat' dir='ltr'><strong>ac</strong></span> <span class='ocrx_word' id='word_1_678' title='bbox 3398 4052 3510 4105; x_wconf 89' lang='lat' dir='ltr'><strong>suis</strong></span> 
     </span>
    </p>
   </div>
   <div class='ocr_carea' id='block_1_91' title="bbox 1979 4142 3509 4218">
    <p class='ocr_par' dir='ltr' id='par_1_91' title="bbox 1979 4142 3509 4218">
     <span class='ocr_line' id='line_1_91' title="bbox 1979 4142 3509 4218; baseline -0.007 -17"><span class='ocrx_word' id='word_1_679' title='bbox 1979 4151 2182 4218; x_wconf 86' lang='lat' dir='ltr'><strong>legibus</strong></span> <span class='ocrx_word' id='word_1_680' title='bbox 2228 4147 2468 4215; x_wconf 87' lang='lat' dir='ltr'><strong>obsequi.</strong></span> <span class='ocrx_word' id='word_1_681' title='bbox 2516 4144 2850 4197; x_wconf 82' lang='lat' dir='ltr'><strong>Nutrimenta</strong></span> <span class='ocrx_word' id='word_1_682' title='bbox 2901 4142 3062 4209; x_wconf 88' lang='lat' dir='ltr'><strong>igitur</strong></span> <span class='ocrx_word' id='word_1_683' title='bbox 3108 4142 3324 4206; x_wconf 88' lang='lat' dir='ltr'><strong>spiritus</strong></span> <span class='ocrx_word' id='word_1_684' title='bbox 3364 4148 3509 4205; x_wconf 89' lang='lat' dir='ltr'><strong>sunt,</strong></span> 
     </span>
    </p>
   </div>
   <div class='ocr_carea' id='block_1_92' title="bbox 296 4229 3502 4316">
    <p class='ocr_par' dir='ltr' id='par_1_92' title="bbox 296 4229 3502 4316">
     <span class='ocr_line' id='line_1_92' title="bbox 296 4229 3502 4316; baseline -0.011 -1"><span class='ocrx_word' id='word_1_685' title='bbox 296 4261 355 4315; x_wconf 80' lang='lat' dir='ltr'><strong>si</strong></span> <span class='ocrx_word' id='word_1_686' title='bbox 403 4229 492 4313; x_wconf 82' lang='lat' dir='ltr'><strong>tibi</strong></span> <span class='ocrx_word' id='word_1_687' title='bbox 529 4257 700 4312; x_wconf 88' lang='lat' dir='ltr'><strong>hodie</strong></span> <span class='ocrx_word' id='word_1_688' title='bbox 745 4253 1041 4313; x_wconf 89' lang='lat' dir='ltr'><strong>diceretur,</strong></span> <span class='ocrx_word' id='word_1_689' title='bbox 1086 4248 1209 4316; x_wconf 89' lang='lat' dir='ltr'><strong>quia</strong></span> <span class='ocrx_word' id='word_1_690' title='bbox 1257 4244 1418 4312; x_wconf 76' lang='lat' dir='ltr'><strong>iudex</strong></span> <span class='ocrx_word' id='word_1_691' title='bbox 1465 4241 1638 4295; x_wconf 68' lang='lat' dir='ltr'><strong>saeculi</strong></span> <span class='ocrx_word' id='word_1_692' title='bbox 1676 4239 1785 4293; x_wconf 92' lang='lat' dir='ltr'><strong>vult</strong></span> <span class='ocrx_word' id='word_1_693' title='bbox 1828 4247 1877 4291; x_wconf 91' lang='lat' dir='ltr'><strong>te</strong></span> <span class='ocrx_word' id='word_1_694' title='bbox 1906 4237 2153 4296; x_wconf 89' lang='lat' dir='ltr'><strong>Ddivina</strong></span> <span class='ocrx_word' id='word_1_695' title='bbox 2203 4237 2376 4296; x_wconf 86' lang='lat' dir='ltr'><strong>lectio,</strong></span> <span class='ocrx_word' id='word_1_696' title='bbox 2409 4236 2679 4289; x_wconf 88' lang='lat' dir='ltr'><strong>orationes</strong></span> <span class='ocrx_word' id='word_1_697' title='bbox 2727 4233 2973 4291; x_wconf 65' lang='lat' dir='ltr'><strong>assiduae,</strong></span> <span class='ocrx_word' id='word_1_698' title='bbox 3021 4244 3197 4282; x_wconf 88' lang='lat' dir='ltr'><strong>sermo</strong></span> <span class='ocrx_word' id='word_1_699' title='bbox 3217 4229 3502 4283; x_wconf 64' lang='lat' dir='ltr'><strong>doctrinm.</strong></span> 
     </span>
    </p>
   </div>
   <div class='ocr_carea' id='block_1_93' title="bbox 301 4327 1877 4402">
    <p class='ocr_par' dir='ltr' id='par_1_93' title="bbox 301 4327 1877 4402">
     <span class='ocr_line' id='line_1_93' title="bbox 301 4327 1877 4402; baseline -0.014 0"><span class='ocrx_word' id='word_1_700' title='bbox 301 4349 552 4402; x_wconf 84' lang='lat' dir='ltr'><strong>crastino</strong></span> <span class='ocrx_word' id='word_1_701' title='bbox 608 4345 799 4397; x_wconf 80' lang='lat' dir='ltr'><strong>vivum</strong></span> <span class='ocrx_word' id='word_1_702' title='bbox 835 4351 1081 4401; x_wconf 74' lang='lat' dir='ltr'><strong>exurere,</strong></span> <span class='ocrx_word' id='word_1_703' title='bbox 1113 4345 1168 4390; x_wconf 89' lang='lat' dir='ltr'><strong>et</strong></span> <span class='ocrx_word' id='word_1_704' title='bbox 1192 4335 1279 4387; x_wconf 88' lang='lat' dir='ltr'><strong>his</strong></span> <span class='ocrx_word' id='word_1_705' title='bbox 1307 4331 1502 4401; x_wconf 83' lang='lat' dir='ltr'><strong>auditis</strong></span> <span class='ocrx_word' id='word_1_706' title='bbox 1534 4332 1576 4385; x_wconf 93' lang='lat' dir='ltr'><strong>si</strong></span> <span class='ocrx_word' id='word_1_707' title='bbox 1613 4338 1752 4384; x_wconf 87' lang='lat' dir='ltr'><strong>esset</strong></span> <span class='ocrx_word' id='word_1_708' title='bbox 1789 4327 1877 4381; x_wconf 88' lang='lat' dir='ltr'><strong>tibi</strong></span> 
     </span>
    </p>
   </div>
   <div class='ocr_carea' id='block_1_94' title="bbox 303 4419 1881 4499">
    <p class='ocr_par' dir='ltr' id='par_1_94' title="bbox 303 4419 1881 4499">
     <span class='ocr_line' id='line_1_94' title="bbox 303 4419 1881 4499; baseline -0.013 -8"><span class='ocrx_word' id='word_1_709' title='bbox 303 4438 474 4491; x_wconf 80' lang='lat' dir='ltr'><strong>unius</strong></span> <span class='ocrx_word' id='word_1_710' title='bbox 520 4433 633 4489; x_wconf 89' lang='lat' dir='ltr'><strong>diei</strong></span> <span class='ocrx_word' id='word_1_711' title='bbox 685 4429 923 4499; x_wconf 91' lang='lat' dir='ltr'><strong>spatium</strong></span> <span class='ocrx_word' id='word_1_712' title='bbox 970 4426 1220 4486; x_wconf 90' lang='lat' dir='ltr'><strong>liberum,</strong></span> <span class='ocrx_word' id='word_1_713' title='bbox 1253 4428 1455 4488; x_wconf 90' lang='lat' dir='ltr'><strong>quanta</strong></span> <span class='ocrx_word' id='word_1_714' title='bbox 1487 4419 1726 4474; x_wconf 72' lang='lat' dir='ltr'><strong>faceres?</strong></span> <span class='ocrx_word' id='word_1_715' title='bbox 1751 4431 1881 4485; x_wconf 91' lang='lat' dir='ltr'><strong>quo-</strong></span> 
     </span>
    </p>
   </div>
   <div class='ocr_carea' id='block_1_95' title="bbox 304 4507 1879 4592">
    <p class='ocr_par' dir='ltr' id='par_1_95' title="bbox 304 4507 1879 4592">
     <span class='ocr_line' id='line_1_95' title="bbox 304 4507 1879 4592; baseline -0.017 -11"><span class='ocrx_word' id='word_1_716' title='bbox 304 4527 475 4579; x_wconf 82' lang='lat' dir='ltr'><strong>modo</strong></span> <span class='ocrx_word' id='word_1_717' title='bbox 500 4534 554 4579; x_wconf 90' lang='lat' dir='ltr'><strong>et</strong></span> <span class='ocrx_word' id='word_1_718' title='bbox 583 4536 689 4592; x_wconf 88' lang='lat' dir='ltr'><strong>per</strong></span> <span class='ocrx_word' id='word_1_719' title='bbox 717 4531 856 4585; x_wconf 88' lang='lat' dir='ltr'><strong>quos</strong></span> <span class='ocrx_word' id='word_1_720' title='bbox 877 4515 1208 4567; x_wconf 86' lang='lat' dir='ltr'><strong>discurreres</strong></span> <span class='ocrx_word' id='word_1_721' title='bbox 1225 4511 1250 4562; x_wconf 87' lang='lat'><strong>?</strong></span> <span class='ocrx_word' id='word_1_722' title='bbox 1274 4521 1433 4576; x_wconf 89' lang='lat' dir='ltr'><strong>quam</strong></span> <span class='ocrx_word' id='word_1_723' title='bbox 1462 4507 1697 4569; x_wconf 82' lang='lat' dir='ltr'><strong>humilis,</strong></span> <span class='ocrx_word' id='word_1_724' title='bbox 1724 4519 1879 4572; x_wconf 91' lang='lat' dir='ltr'><strong>quam</strong></span> 
     </span>
    </p>
   </div>
   <div class='ocr_carea' id='block_1_96' title="bbox 304 4593 1886 4681">
    <p class='ocr_par' dir='ltr' id='par_1_96' title="bbox 304 4593 1886 4681">
     <span class='ocr_line' id='line_1_96' title="bbox 304 4593 1886 4681; baseline -0.013 -15"><span class='ocrx_word' id='word_1_725' title='bbox 304 4612 501 4681; x_wconf 84' lang='lat' dir='ltr'><strong>lugens</strong></span> <span class='ocrx_word' id='word_1_726' title='bbox 553 4619 617 4665; x_wconf 83' lang='lat' dir='ltr'><strong>et</strong></span> <span class='ocrx_word' id='word_1_727' title='bbox 678 4603 933 4660; x_wconf 87' lang='lat' dir='ltr'><strong>sordidus</strong></span> <span class='ocrx_word' id='word_1_728' title='bbox 988 4596 1315 4655; x_wconf 85' lang='lat' dir='ltr'><strong>oberrares?</strong></span> <span class='ocrx_word' id='word_1_729' title='bbox 1366 4593 1545 4648; x_wconf 82' lang='lat' dir='ltr'><strong>Nonne</strong></span> <span class='ocrx_word' id='word_1_730' title='bbox 1590 4593 1886 4647; x_wconf 85' lang='lat' dir='ltr'><strong>ell&#39;underes</strong></span> 
     </span>
    </p>
   </div>
   <div class='ocr_carea' id='block_1_97' title="bbox 276 4856 1890 4950">
    <p class='ocr_par' dir='ltr' id='par_1_97' title="bbox 276 4856 1890 4950">
     <span class='ocr_line' id='line_1_97' title="bbox 276 4856 1890 4950; baseline -0.02 -10"><span class='ocrx_word' id='word_1_731' title='bbox 276 4890 418 4945; x_wconf 77' lang='lat' dir='ltr'><strong>quae</strong></span> <span class='ocrx_word' id='word_1_732' title='bbox 460 4874 728 4950; x_wconf 83' lang='lat' dir='ltr'><strong>possides</strong></span> <span class='ocrx_word' id='word_1_733' title='bbox 774 4866 1209 4934; x_wconf 89' lang='lat' dir='ltr'><strong>redemptionem</strong></span> <span class='ocrx_word' id='word_1_734' title='bbox 1259 4858 1461 4950; x_wconf 76' lang='lat' dir='ltr'><strong>faceres</strong></span> <span class='ocrx_word' id='word_1_735' title='bbox 1514 4859 1701 4950; x_wconf 67' lang='lat' dir='ltr'><strong>animm</strong></span> <span class='ocrx_word' id='word_1_736' title='bbox 1750 4856 1890 4950; x_wconf 68' lang='lat' dir='ltr'><strong>tum?</strong></span> 
     </span>
    </p>
   </div>
   <div class='ocr_carea' id='block_1_98' title="bbox 269 4944 1890 5028">
    <p class='ocr_par' dir='ltr' id='par_1_98' title="bbox 269 4944 1890 5028">
     <span class='ocr_line' id='line_1_98' title="bbox 269 4944 1890 5028; baseline -0.008 -18"><span class='ocrx_word' id='word_1_737' title='bbox 269 4944 537 5028; x_wconf 46' lang='lat' dir='ltr'><strong>Quod-si</strong></span> <span class='ocrx_word' id='word_1_738' title='bbox 578 4962 755 5015; x_wconf 87' lang='lat' dir='ltr'><strong>etiam</strong></span> <span class='ocrx_word' id='word_1_739' title='bbox 793 4955 990 5023; x_wconf 90' lang='lat' dir='ltr'><strong>aliquis</strong></span> <span class='ocrx_word' id='word_1_740' title='bbox 1052 4960 1107 5004; x_wconf 92' lang='lat' dir='ltr'><strong>te</strong></span> <span class='ocrx_word' id='word_1_741' title='bbox 1165 4946 1448 5001; x_wconf 87' lang='lat' dir='ltr'><strong>retardare</strong></span> <span class='ocrx_word' id='word_1_742' title='bbox 1492 4954 1580 4998; x_wconf 88' lang='lat' dir='ltr'><strong>aut</strong></span> <span class='ocrx_word' id='word_1_743' title='bbox 1636 4944 1890 5011; x_wconf 87' lang='lat' dir='ltr'><strong>impedire</strong></span> 
     </span>
    </p>
   </div>
   <div class='ocr_carea' id='block_1_99' title="bbox 378 5043 1807 5123">
    <p class='ocr_par' dir='ltr' id='par_1_99' title="bbox 378 5043 1807 5123">
     <span class='ocr_line' id='line_1_99' title="bbox 378 5043 1807 5123; baseline -0.013 -6"><span class='ocrx_word' id='word_1_744' title='bbox 378 5068 428 5097; x_wconf 80' lang='lat'><strong>&quot;</strong></span> <span class='ocrx_word' id='word_1_745' title='bbox 461 5064 573 5117; x_wconf 85' lang='lat' dir='ltr'><strong>lsa.</strong></span> <span class='ocrx_word' id='word_1_746' title='bbox 605 5076 682 5123; x_wconf 76' lang='lat' dir='ltr'><strong>vr,</strong></span> <span class='ocrx_word' id='word_1_747' title='bbox 721 5060 771 5110; x_wconf 86' lang='lat'><strong>7.</strong></span> <span class='ocrx_word' id='word_1_748' title='bbox 884 5050 1117 5123; x_wconf 65' lang='lat' dir='ltr'><strong>“_ibid._‘</strong></span> <span class='ocrx_word' id='word_1_749' title='bbox 1136 5049 1193 5100; x_wconf 83' lang='lat'><strong>5.</strong></span> <span class='ocrx_word' id='word_1_750' title='bbox 1311 5045 1354 5075; x_wconf 76' lang='grc'><strong>⁸⁷</strong></span> <span class='ocrx_word' id='word_1_751' title='bbox 1386 5043 1568 5098; x_wconf 82' lang='lat' dir='ltr'><strong>Matth.</strong></span> <span class='ocrx_word' id='word_1_752' title='bbox 1596 5060 1691 5109; x_wconf 84' lang='lat' dir='ltr'><strong>xu,</strong></span> <span class='ocrx_word' id='word_1_753' title='bbox 1719 5045 1807 5098; x_wconf 79' lang='lat'><strong>&#39;56.</strong></span> 
     </span>
    </p>
   </div>
   <div class='ocr_carea' id='block_1_100' title="bbox 259 5116 1280 5191">
    <p class='ocr_par' dir='ltr' id='par_1_100' title="bbox 259 5116 1280 5191">
     <span class='ocr_line' id='line_1_100' title="bbox 259 5116 1280 5191; baseline -0.026 1"><span class='ocrx_word' id='word_1_754' title='bbox 259 5123 311 5154; x_wconf 81' lang='lat'><strong>&quot;</strong></span> <span class='ocrx_word' id='word_1_755' title='bbox 345 5116 568 5189; x_wconf 67' lang='lat' dir='ltr'><strong>Amos.</strong></span> <span class='ocrx_word' id='word_1_756' title='bbox 599 5116 726 5191; x_wconf 75' lang='lat' dir='ltr'><strong>vnn,</strong></span> <span class='ocrx_word' id='word_1_757' title='bbox 761 5126 849 5179; x_wconf 77' lang='grc' dir='ltr'><strong>Η.</strong></span> <span class='ocrx_word' id='word_1_758' title='bbox 928 5121 973 5152; x_wconf 80' lang='grc'>⁷³</span> <span class='ocrx_word' id='word_1_759' title='bbox 1004 5116 1201 5172; x_wconf 83' lang='lat' dir='ltr'><strong>Galat.</strong></span> <span class='ocrx_word' id='word_1_760' title='bbox 1223 5129 1280 5167; x_wconf 86' lang='lat' dir='ltr'><strong>v.</strong></span> 
     </span>
    </p>
   </div>
   <div class='ocr_carea' id='block_1_101' title="bbox 352 5214 1891 5310">
    <p class='ocr_par' dir='ltr' id='par_1_101' title="bbox 352 5214 1891 5310">
     <span class='ocr_line' id='line_1_101' title="bbox 352 5214 1891 5310; baseline -0.017 -18"><span class='ocrx_word' id='word_1_761' title='bbox 352 5232 682 5310; x_wconf 49' lang='grc' dir='ltr'><strong>(δημίῳ).</strong></span> <span class='ocrx_word' id='word_1_762' title='bbox 731 5227 888 5310; x_wconf 69' lang='lat' dir='ltr'><strong>editi,</strong></span> <span class='ocrx_word' id='word_1_763' title='bbox 925 5238 947 5271; x_wconf 85' lang='grc'>‹</span> <span class='ocrx_word' id='word_1_764' title='bbox 989 5221 1089 5286; x_wconf 90' lang='lat' dir='ltr'><strong>qui</strong></span> <span class='ocrx_word' id='word_1_765' title='bbox 1149 5216 1354 5266; x_wconf 89' lang='lat' dir='ltr'><strong>missus</strong></span> <span class='ocrx_word' id='word_1_766' title='bbox 1394 5222 1491 5277; x_wconf 88' lang='lat' dir='ltr'><strong>est,</strong></span> <span class='ocrx_word' id='word_1_767' title='bbox 1540 5231 1558 5261; x_wconf 73' lang='grc' dir='ltr'><strong>ν</strong></span> <span class='ocrx_word' id='word_1_768' title='bbox 1592 5214 1679 5266; x_wconf 89' lang='lat' dir='ltr'><strong>sed</strong></span> <span class='ocrx_word' id='word_1_769' title='bbox 1731 5227 1891 5277; x_wconf 89' lang='lat' dir='ltr'><strong>mss.,</strong></span> 
     </span>
    </p>
   </div>
   <div class='ocr_carea' id='block_1_102' title="bbox 254 5300 1857 5375">
    <p class='ocr_par' dir='ltr' id='par_1_102' title="bbox 254 5300 1857 5375">
     <span class='ocr_line' id='line_1_102' title="bbox 254 5300 1857 5375; baseline 0 0"><span class='ocrx_word' id='word_1_770' title='bbox 254 5310 278 5345; x_wconf 64' lang='grc'><strong><em>⁸</em></strong></span> <span class='ocrx_word' id='word_1_771' title='bbox 338 5300 776 5375; x_wconf 56' lang='grc' dir='ltr'><strong>ήί-όδᾸηίδδωη</strong></span> <span class='ocrx_word' id='word_1_772' title='bbox 803 5301 977 5375; x_wconf 46' lang='lat' dir='ltr'><strong>v3.1?</strong></span> <span class='ocrx_word' id='word_1_773' title='bbox 1040 5368 1058 5375; x_wconf 82' lang='lat'>_</span> <span class='ocrx_word' id='word_1_774' title='bbox 1102 5346 1258 5375; x_wconf 65' lang='grc' dir='ltr'><strong>ευρ-..</strong></span> <span class='ocrx_word' id='word_1_775' title='bbox 1292 5346 1400 5375; x_wconf 71' lang='lat' dir='ltr'><strong>nm.</strong></span> <span class='ocrx_word' id='word_1_776' title='bbox 1458 5349 1574 5375; x_wconf 69' lang='lat'><strong>-.|:.:</strong></span> <span class='ocrx_word' id='word_1_777' title='bbox 1628 5365 1644 5375; x_wconf 86' lang='lat'><strong>.</strong></span> <span class='ocrx_word' id='word_1_778' title='bbox 1679 5349 1857 5375; x_wconf 73' lang='lat'><strong>:........:</strong></span> 
     </span>
    </p>
   </div>
   <div class='ocr_carea' id='block_1_103' title="bbox 346 5346 1891 5441">
    <p class='ocr_par' dir='ltr' id='par_1_103' title="bbox 346 5346 1891 5441">
     <span class='ocr_line' id='line_1_103' title="bbox 346 5346 1891 5441; baseline -0.003 -38"><span class='ocrx_word' id='word_1_779' title='bbox 346 5346 999 5441; x_wconf 46' lang='lat' dir='ltr'><strong>33&#39;5&quot;)“.jggjj7p9rw.</strong></span> <span class='ocrx_word' id='word_1_780' title='bbox 1039 5346 1420 5441; x_wconf 43' lang='lat' dir='ltr'><strong>D’Illtl‘irfml‘lbb.</strong></span> <span class='ocrx_word' id='word_1_781' title='bbox 1446 5349 1594 5441; x_wconf 60' lang='lat' dir='ltr'><strong>gditi,</strong></span> <span class='ocrx_word' id='word_1_782' title='bbox 1627 5365 1644 5398; x_wconf 73' lang='grc' dir='ltr'>ι</span> <span class='ocrx_word' id='word_1_783' title='bbox 1677 5349 1891 5441; x_wconf 72' lang='lat' dir='ltr'><strong>inveni-</strong></span> 
     </span>
    </p>
   </div>
   <div class='ocr_carea' id='block_1_104' title="bbox 238 5416 1893 5508">
    <p class='ocr_par' dir='ltr' id='par_1_104' title="bbox 238 5416 1893 5508">
     <span class='ocr_line' id='line_1_104' title="bbox 238 5416 1893 5508; baseline -0.012 -17"><span class='ocrx_word' id='word_1_784' title='bbox 238 5439 323 5508; x_wconf 59' lang='lat' dir='ltr'><strong>fe</strong></span> <span class='ocrx_word' id='word_1_785' title='bbox 340 5416 473 5508; x_wconf 65' lang='grc' dir='ltr'><strong>ἶᾶἷί</strong></span> <span class='ocrx_word' id='word_1_786' title='bbox 500 5416 961 5503; x_wconf 46' lang='lat' dir='ltr'><strong>regnorum</strong></span> <span class='ocrx_word' id='word_1_787' title='bbox 1019 5416 1116 5468; x_wconf 89' lang='lat' dir='ltr'><strong>vel</strong></span> <span class='ocrx_word' id='word_1_788' title='bbox 1142 5426 1335 5480; x_wconf 83' lang='lat' dir='ltr'><strong>opere.</strong></span> <span class='ocrx_word' id='word_1_789' title='bbox 1383 5434 1402 5466; x_wconf 71' lang='grc' dir='ltr'><strong><em>ι</em></strong></span> <span class='ocrx_word' id='word_1_790' title='bbox 1446 5416 1543 5471; x_wconf 88' lang='lat' dir='ltr'><strong>Sed</strong></span> <span class='ocrx_word' id='word_1_791' title='bbox 1578 5431 1689 5473; x_wconf 88' lang='lat' dir='ltr'><strong>mss.</strong></span> <span class='ocrx_word' id='word_1_792' title='bbox 1738 5424 1800 5469; x_wconf 88' lang='lat' dir='ltr'><strong>ut</strong></span> <span class='ocrx_word' id='word_1_793' title='bbox 1836 5416 1893 5471; x_wconf 92' lang='lat' dir='ltr'><strong>in</strong></span> 
     </span>
    </p>
   </div>
   <div class='ocr_carea' id='block_1_105' title="bbox 230 5504 681 5567">
    <p class='ocr_par' dir='ltr' id='par_1_105' title="bbox 230 5504 681 5567">
     <span class='ocr_line' id='line_1_105' title="bbox 230 5504 681 5567; baseline -0.027 1"><span class='ocrx_word' id='word_1_794' title='bbox 230 5504 468 5567; x_wconf 59' lang='grc' dir='ltr'>θελξιτύ</span> <span class='ocrx_word' id='word_1_795' title='bbox 499 5513 681 5562; x_wconf 77' lang='lat' dir='ltr'><strong>textu.</strong></span> 
     </span>
    </p>
   </div>
   <div class='ocr_carea' id='block_1_106' title="bbox 1914 5034 2385 5105">
    <p class='ocr_par' dir='ltr' id='par_1_106' title="bbox 1914 5034 2385 5105">
     <span class='ocr_line' id='line_1_106' title="bbox 1914 5034 2385 5105; baseline -0.017 -7"><span class='ocrx_word' id='word_1_796' title='bbox 1914 5044 1960 5077; x_wconf 79' lang='grc'>⁸⁸</span> <span class='ocrx_word' id='word_1_797' title='bbox 1988 5041 2115 5097; x_wconf 88' lang='lat' dir='ltr'><strong>Luc.</strong></span> <span class='ocrx_word' id='word_1_798' title='bbox 2144 5053 2297 5105; x_wconf 80' lang='lat' dir='ltr'><strong>xvm,</strong></span> <span class='ocrx_word' id='word_1_799' title='bbox 2331 5034 2385 5091; x_wconf 90' lang='lat'><strong>8.</strong></span> 
     </span>
    </p>
   </div>
   <div class='ocr_carea' id='block_1_107' title="bbox 1985 4318 3505 4386">
    <p class='ocr_par' dir='ltr' id='par_1_107' title="bbox 1985 4318 3505 4386">
     <span class='ocr_line' id='line_1_107' title="bbox 1985 4318 3505 4386; baseline -0.005 -8"><span class='ocrx_word' id='word_1_800' title='bbox 1985 4326 2078 4379; x_wconf 90' lang='lat' dir='ltr'><strong>llis</strong></span> <span class='ocrx_word' id='word_1_801' title='bbox 2113 4324 2268 4378; x_wconf 91' lang='lat' dir='ltr'><strong>alitur</strong></span> <span class='ocrx_word' id='word_1_802' title='bbox 2290 4322 2442 4386; x_wconf 89' lang='lat' dir='ltr'><strong>cibis,</strong></span> <span class='ocrx_word' id='word_1_803' title='bbox 2481 4323 2562 4375; x_wconf 89' lang='lat' dir='ltr'><strong>his</strong></span> <span class='ocrx_word' id='word_1_804' title='bbox 2588 4320 2929 4382; x_wconf 86' lang='lat' dir='ltr'><strong>convalescit,</strong></span> <span class='ocrx_word' id='word_1_805' title='bbox 2954 4320 3036 4372; x_wconf 90' lang='lat' dir='ltr'><strong>his</strong></span> <span class='ocrx_word' id='word_1_806' title='bbox 3064 4319 3235 4371; x_wconf 82' lang='lat' dir='ltr'><strong>victor</strong></span> <span class='ocrx_word' id='word_1_807' title='bbox 3260 4318 3505 4371; x_wconf 75' lang='lat' dir='ltr'><strong>edicitur.</strong></span> 
     </span>
    </p>
   </div>
   <div class='ocr_carea' id='block_1_108' title="bbox 1983 4405 3509 4480">
    <p class='ocr_par' dir='ltr' id='par_1_108' title="bbox 1983 4405 3509 4480">
     <span class='ocr_line' id='line_1_108' title="bbox 1983 4405 3509 4480; baseline -0.004 -15"><span class='ocrx_word' id='word_1_808' title='bbox 1983 4414 2130 4479; x_wconf 87' lang='lat' dir='ltr'><strong>Quod</strong></span> <span class='ocrx_word' id='word_1_809' title='bbox 2162 4414 2285 4480; x_wconf 90' lang='lat' dir='ltr'><strong>quia</strong></span> <span class='ocrx_word' id='word_1_810' title='bbox 2316 4426 2419 4465; x_wconf 90' lang='lat' dir='ltr'><strong>non</strong></span> <span class='ocrx_word' id='word_1_811' title='bbox 2454 4409 2649 4474; x_wconf 92' lang='lat' dir='ltr'><strong>facitis,</strong></span> <span class='ocrx_word' id='word_1_812' title='bbox 2686 4410 2848 4463; x_wconf 91' lang='lat' dir='ltr'><strong>nolite</strong></span> <span class='ocrx_word' id='word_1_813' title='bbox 2897 4406 3149 4474; x_wconf 90' lang='lat' dir='ltr'><strong>conqueri</strong></span> <span class='ocrx_word' id='word_1_814' title='bbox 3188 4405 3253 4459; x_wconf 93' lang='lat' dir='ltr'><strong>de</strong></span> <span class='ocrx_word' id='word_1_815' title='bbox 3283 4406 3509 4459; x_wconf 76' lang='lat' dir='ltr'><strong>infirmi-</strong></span> 
     </span>
    </p>
   </div>
   <div class='ocr_carea' id='block_1_109' title="bbox 1989 4496 3511 4566">
    <p class='ocr_par' dir='ltr' id='par_1_109' title="bbox 1989 4496 3511 4566">
     <span class='ocr_line' id='line_1_109' title="bbox 1989 4496 3511 4566; baseline -0.007 -10"><span class='ocrx_word' id='word_1_816' title='bbox 1989 4513 2095 4557; x_wconf 89' lang='lat' dir='ltr'><strong>tate</strong></span> <span class='ocrx_word' id='word_1_817' title='bbox 2142 4503 2339 4563; x_wconf 90' lang='lat' dir='ltr'><strong>carnis,</strong></span> <span class='ocrx_word' id='word_1_818' title='bbox 2385 4500 2547 4553; x_wconf 91' lang='lat' dir='ltr'><strong>nolite</strong></span> <span class='ocrx_word' id='word_1_819' title='bbox 2600 4500 2779 4552; x_wconf 88' lang='lat' dir='ltr'><strong>dicere</strong></span> <span class='ocrx_word' id='word_1_820' title='bbox 2819 4499 2943 4566; x_wconf 90' lang='lat' dir='ltr'><strong>quia</strong></span> <span class='ocrx_word' id='word_1_821' title='bbox 2990 4496 3250 4558; x_wconf 90' lang='lat' dir='ltr'><strong>volumus,</strong></span> <span class='ocrx_word' id='word_1_822' title='bbox 3282 4496 3373 4549; x_wconf 89' lang='lat' dir='ltr'><strong>sed</strong></span> <span class='ocrx_word' id='word_1_823' title='bbox 3408 4510 3511 4547; x_wconf 88' lang='lat' dir='ltr'><strong>non</strong></span> 
     </span>
    </p>
   </div>
   <div class='ocr_carea' id='block_1_110' title="bbox 1987 4582 3514 4659">
    <p class='ocr_par' dir='ltr' id='par_1_110' title="bbox 1987 4582 3514 4659">
     <span class='ocr_line' id='line_1_110' title="bbox 1987 4582 3514 4659; baseline -0.005 -16"><span class='ocrx_word' id='word_1_824' title='bbox 1987 4602 2289 4659; x_wconf 80' lang='lat' dir='ltr'><strong>possumus,</strong></span> <span class='ocrx_word' id='word_1_825' title='bbox 2327 4588 2567 4640; x_wconf 92' lang='lat' dir='ltr'><strong>volumus</strong></span> <span class='ocrx_word' id='word_1_826' title='bbox 2609 4585 2941 4639; x_wconf 89' lang='lat' dir='ltr'><strong>continenter</strong></span> <span class='ocrx_word' id='word_1_827' title='bbox 2972 4584 3169 4644; x_wconf 88' lang='lat' dir='ltr'><strong>vivere,</strong></span> <span class='ocrx_word' id='word_1_828' title='bbox 3209 4582 3301 4635; x_wconf 89' lang='lat' dir='ltr'><strong>sed</strong></span> <span class='ocrx_word' id='word_1_829' title='bbox 3337 4582 3514 4635; x_wconf 88' lang='lat' dir='ltr'><strong>carnis</strong></span> 
     </span>
    </p>
   </div>
   <div class='ocr_carea' id='block_1_111' title="bbox 1988 4668 3512 4749">
    <p class='ocr_par' dir='ltr' id='par_1_111' title="bbox 1988 4668 3512 4749">
     <span class='ocr_line' id='line_1_111' title="bbox 1988 4668 3512 4749; baseline -0.007 -16"><span class='ocrx_word' id='word_1_830' title='bbox 1988 4679 2276 4749; x_wconf 83' lang='lat' dir='ltr'><strong>fragilitate</strong></span> <span class='ocrx_word' id='word_1_831' title='bbox 2302 4676 2610 4744; x_wconf 89' lang='lat' dir='ltr'><strong>decipimur,</strong></span> <span class='ocrx_word' id='word_1_832' title='bbox 2638 4684 2689 4728; x_wconf 90' lang='lat' dir='ltr'><strong>et</strong></span> <span class='ocrx_word' id='word_1_833' title='bbox 2723 4675 3091 4741; x_wconf 88' lang='lat' dir='ltr'><strong>impuguamur</strong></span> <span class='ocrx_word' id='word_1_834' title='bbox 3117 4670 3347 4724; x_wconf 90' lang='lat' dir='ltr'><strong>stimulis</strong></span> <span class='ocrx_word' id='word_1_835' title='bbox 3378 4668 3512 4734; x_wconf 76' lang='lat' dir='ltr'><strong>eius.</strong></span> 
     </span>
    </p>
   </div>
   <div class='ocr_carea' id='block_1_112' title="bbox 1989 4757 3516 4827">
    <p class='ocr_par' dir='ltr' id='par_1_112' title="bbox 1989 4757 3516 4827">
     <span class='ocr_line' id='line_1_112' title="bbox 1989 4757 3516 4827; baseline -0.009 -5"><span class='ocrx_word' id='word_1_836' title='bbox 1989 4770 2065 4823; x_wconf 84' lang='lat' dir='ltr'><strong>Tu</strong></span> <span class='ocrx_word' id='word_1_837' title='bbox 2099 4771 2195 4821; x_wconf 88' lang='lat' dir='ltr'><strong>das</strong></span> <span class='ocrx_word' id='word_1_838' title='bbox 2221 4766 2464 4820; x_wconf 88' lang='lat' dir='ltr'><strong>stimulos</strong></span> <span class='ocrx_word' id='word_1_839' title='bbox 2492 4764 2666 4818; x_wconf 89' lang='lat' dir='ltr'><strong>carnis</strong></span> <span class='ocrx_word' id='word_1_840' title='bbox 2698 4772 2818 4827; x_wconf 70' lang='lat' dir='ltr'><strong>tum,</strong></span> <span class='ocrx_word' id='word_1_841' title='bbox 2847 4770 2899 4813; x_wconf 91' lang='lat' dir='ltr'><strong>tu</strong></span> <span class='ocrx_word' id='word_1_842' title='bbox 2933 4775 3048 4814; x_wconf 90' lang='lat' dir='ltr'><strong>eam</strong></span> <span class='ocrx_word' id='word_1_843' title='bbox 3078 4760 3332 4812; x_wconf 87' lang='lat' dir='ltr'><strong>adversus</strong></span> <span class='ocrx_word' id='word_1_844' title='bbox 3356 4757 3516 4824; x_wconf 88' lang='lat' dir='ltr'><strong>spiri-</strong></span> 
     </span>
    </p>
   </div>
   <div class='ocr_carea' id='block_1_113' title="bbox 1993 4849 3515 4920">
    <p class='ocr_par' dir='ltr' id='par_1_113' title="bbox 1993 4849 3515 4920">
     <span class='ocr_line' id='line_1_113' title="bbox 1993 4849 3515 4920; baseline -0.011 -10"><span class='ocrx_word' id='word_1_845' title='bbox 1993 4866 2103 4910; x_wconf 92' lang='lat' dir='ltr'><strong>tum</strong></span> <span class='ocrx_word' id='word_1_846' title='bbox 2138 4865 2282 4909; x_wconf 90' lang='lat' dir='ltr'><strong>tuum</strong></span> <span class='ocrx_word' id='word_1_847' title='bbox 2320 4868 2522 4917; x_wconf 88' lang='lat' dir='ltr'><strong>armas,</strong></span> <span class='ocrx_word' id='word_1_848' title='bbox 2551 4861 2604 4907; x_wconf 92' lang='lat' dir='ltr'><strong>et</strong></span> <span class='ocrx_word' id='word_1_849' title='bbox 2627 4860 2893 4920; x_wconf 90' lang='lat' dir='ltr'><strong>potentem</strong></span> <span class='ocrx_word' id='word_1_850' title='bbox 2922 4849 3079 4911; x_wconf 84' lang='lat' dir='ltr'><strong>facis,</strong></span> <span class='ocrx_word' id='word_1_851' title='bbox 3102 4861 3221 4909; x_wconf 85' lang='lat' dir='ltr'><strong>cum</strong></span> <span class='ocrx_word' id='word_1_852' title='bbox 3249 4860 3363 4898; x_wconf 87' lang='lat' dir='ltr'><strong>eam</strong></span> <span class='ocrx_word' id='word_1_853' title='bbox 3395 4858 3515 4895; x_wconf 88' lang='lat' dir='ltr'><strong>ear-</strong></span> 
     </span>
    </p>
   </div>
   <div class='ocr_carea' id='block_1_114' title="bbox 1993 4929 3517 5007">
    <p class='ocr_par' dir='ltr' id='par_1_114' title="bbox 1993 4929 3517 5007">
     <span class='ocr_line' id='line_1_114' title="bbox 1993 4929 3517 5007; baseline -0.014 -8"><span class='ocrx_word' id='word_1_854' title='bbox 1993 4947 2146 4999; x_wconf 90' lang='lat' dir='ltr'><strong>nihus</strong></span> <span class='ocrx_word' id='word_1_855' title='bbox 2197 4945 2378 5007; x_wconf 89' lang='lat' dir='ltr'><strong>satias,</strong></span> <span class='ocrx_word' id='word_1_856' title='bbox 2423 4943 2544 4995; x_wconf 85' lang='lat' dir='ltr'><strong>vino</strong></span> <span class='ocrx_word' id='word_1_857' title='bbox 2600 4940 2762 4993; x_wconf 88' lang='lat' dir='ltr'><strong>nimio</strong></span> <span class='ocrx_word' id='word_1_858' title='bbox 2812 4939 3070 4997; x_wconf 90' lang='lat' dir='ltr'><strong>inundas,</strong></span> <span class='ocrx_word' id='word_1_859' title='bbox 3113 4934 3253 4987; x_wconf 87' lang='lat' dir='ltr'><strong>onmi</strong></span> <span class='ocrx_word' id='word_1_860' title='bbox 3298 4929 3517 4983; x_wconf 87' lang='lat' dir='ltr'><strong>mollitie</strong></span> 
     </span>
    </p>
   </div>
   <div class='ocr_carea' id='block_1_115' title="bbox 2490 5026 3526 5093">
    <p class='ocr_par' dir='ltr' id='par_1_115' title="bbox 2490 5026 3526 5093">
     <span class='ocr_line' id='line_1_115' title="bbox 2490 5026 3526 5093; baseline -0.008 -5"><span class='ocrx_word' id='word_1_861' title='bbox 2490 5034 2532 5066; x_wconf 82' lang='lat'>“</span> <span class='ocrx_word' id='word_1_862' title='bbox 2561 5032 2606 5087; x_wconf 89' lang='lat' dir='ltr'><strong>ll</strong></span> <span class='ocrx_word' id='word_1_863' title='bbox 2633 5030 2755 5086; x_wconf 85' lang='lat' dir='ltr'><strong>Cor.</strong></span> <span class='ocrx_word' id='word_1_864' title='bbox 2783 5047 2837 5093; x_wconf 73' lang='grc' dir='ltr'><strong>ν,</strong></span> <span class='ocrx_word' id='word_1_865' title='bbox 2873 5031 2953 5084; x_wconf 85' lang='lat' dir='ltr'><strong>l0.</strong></span> <span class='ocrx_word' id='word_1_866' title='bbox 3061 5028 3105 5059; x_wconf 72' lang='grc'><strong>⁷⁸</strong></span> <span class='ocrx_word' id='word_1_867' title='bbox 3133 5030 3288 5083; x_wconf 81' lang='lat' dir='ltr'><strong>Prov.</strong></span> <span class='ocrx_word' id='word_1_868' title='bbox 3323 5042 3438 5089; x_wconf 82' lang='lat' dir='ltr'><strong>xui,</strong></span> <span class='ocrx_word' id='word_1_869' title='bbox 3473 5026 3526 5080; x_wconf 79' lang='lat'><strong>8.</strong></span> 
     </span>
    </p>
   </div>
   <div class='ocr_carea' id='block_1_116' title="bbox 2064 5206 3515 5289">
    <p class='ocr_par' dir='ltr' id='par_1_116' title="bbox 2064 5206 3515 5289">
     <span class='ocr_line' id='line_1_116' title="bbox 2064 5206 3515 5289; baseline -0.01 -17"><span class='ocrx_word' id='word_1_870' title='bbox 2064 5216 2720 5289; x_wconf 28' lang='lat' dir='ltr'><strong>(66)ACodex_Sangerm.,</strong></span> <span class='ocrx_word' id='word_1_871' title='bbox 2767 5228 2785 5260; x_wconf 72' lang='grc' dir='ltr'>ι</span> <span class='ocrx_word' id='word_1_872' title='bbox 2820 5209 2911 5288; x_wconf 80' lang='lat' dir='ltr'><strong>qui</strong></span> <span class='ocrx_word' id='word_1_873' title='bbox 2963 5206 3515 5289; x_wconf 36' lang='lat' dir='ltr'><strong>aliquemnmﬁlgmm:</strong></span> 
     </span>
    </p>
   </div>
   <div class='ocr_carea' id='block_1_117' title="bbox 1999 5261 3516 5347">
    <p class='ocr_par' dir='ltr' id='par_1_117' title="bbox 1999 5261 3516 5347">
     <span class='ocr_line' id='line_1_117' title="bbox 1999 5261 3516 5347; baseline -0.001 -11"><span class='ocrx_word' id='word_1_874' title='bbox 1999 5261 2854 5347; x_wconf 50' lang='lat' dir='ltr'><strong>st‘iBirZITSuJJcB&#39;ii’ian-on?</strong></span> <span class='ocrx_word' id='word_1_875' title='bbox 2885 5261 3122 5347; x_wconf 39' lang='lat' dir='ltr'><strong>&quot;touch,</strong></span> <span class='ocrx_word' id='word_1_876' title='bbox 3153 5286 3172 5347; x_wconf 54' lang='grc' dir='ltr'>ξ</span> <span class='ocrx_word' id='word_1_877' title='bbox 3202 5266 3381 5347; x_wconf 38' lang='lat' dir='ltr'><strong>filiiﬁlii?</strong></span> <span class='ocrx_word' id='word_1_878' title='bbox 3405 5261 3516 5347; x_wconf 43' lang='lat' dir='ltr'><strong>flii</strong></span> 
     </span>
    </p>
   </div>
   <div class='ocr_carea' id='block_1_118' title="bbox 2000 5338 3517 5416">
    <p class='ocr_par' dir='ltr' id='par_1_118' title="bbox 2000 5338 3517 5416">
     <span class='ocr_line' id='line_1_118' title="bbox 2000 5338 3517 5416; baseline -0.02 -11"><span class='ocrx_word' id='word_1_879' title='bbox 2000 5338 2260 5416; x_wconf 70' lang='grc' dir='ltr'><strong>ιιιεε.,ιι1›ἰ’</strong></span> <span class='ocrx_word' id='word_1_880' title='bbox 2277 5352 2397 5406; x_wconf 89' lang='lat' dir='ltr'><strong>libri</strong></span> <span class='ocrx_word' id='word_1_881' title='bbox 2427 5350 2553 5405; x_wconf 89' lang='lat' dir='ltr'><strong>editi</strong></span> <span class='ocrx_word' id='word_1_882' title='bbox 2577 5338 2791 5409; x_wconf 74' lang='lat' dir='ltr'><strong>habent,</strong></span> <span class='ocrx_word' id='word_1_883' title='bbox 2826 5360 2850 5393; x_wconf 73' lang='grc' dir='ltr'><strong><em>ο</em></strong></span> <span class='ocrx_word' id='word_1_884' title='bbox 2873 5342 3134 5398; x_wconf 70' lang='lat' dir='ltr'><strong>advocato</strong></span> <span class='ocrx_word' id='word_1_885' title='bbox 3162 5338 3380 5396; x_wconf 74' lang='lat' dir='ltr'><strong>[lall‘ouo</strong></span> <span class='ocrx_word' id='word_1_886' title='bbox 3400 5341 3517 5382; x_wconf 80' lang='lat' dir='ltr'><strong>tnu-</strong></span> 
     </span>
    </p>
   </div>
   <div class='ocr_carea' id='block_1_119' title="bbox 2002 5434 2207 5475">
    <p class='ocr_par' dir='ltr' id='par_1_119' title="bbox 2002 5434 2207 5475">
     <span class='ocr_line' id='line_1_119' title="bbox 2002 5434 2207 5475; baseline 0 -1"><span class='ocrx_word' id='word_1_887' title='bbox 2002 5434 2147 5475; x_wconf 87' lang='lat' dir='ltr'><strong>nera.</strong></span> <span class='ocrx_word' id='word_1_888' title='bbox 2185 5438 2207 5474; x_wconf 72' lang='grc' dir='ltr'><strong><em>ι</em></strong></span> 
     </span>
    </p>
   </div>
  </div>
