3948 6256
284 314 366 374 59.1
1468 334 1535 390 IN
1571 335 1934 392 LEVI'FICUM
1969 334 2247 392 HOMILIA
2283 335 2369 391 IX.

3397 347 3500 401 522

288 430 497 490 randum
523 437 606 485 est
637 431 724 488 his
769 435 861 505 qui
892 447 1369 504 compungunlur
1400 460 1457 506 et
1496 462 1863 507 convertuntur

1972 453 2140 508 obtuli
2179 451 2245 506 ad
2273 453 2446 506 altare
2469 453 2582 510 Dei.
2614 453 2669 507 Si
2713 455 2924 524 diligam
2954 459 3148 514 fratres
3205 478 3351 516 meos
3380 504 3394 525 ,
3427 466 3497 518 ita

286 524 338 578 ad
366 521 669 579 Dominum.
703 523 820 581 Non
846 527 980 582 enim
1010 539 1259 597 superat
1305 539 1604 596 bonitatem
1637 543 1727 596 Dei
1759 559 1870 596 ma-

282 615 396 671 litia
445 614 784 670 delictorum.

254 730 269 757 e
340 706 407 760 9.
433 705 613 760 Sumit
625 720 750 776 ergo
762 705 994 776 pontifex
1014 706 1284 766 batillum
1313 716 1530 784 plenum
1554 720 1871 776 carbonibus

273 795 440 864 ignis
478 797 540 849 de
567 795 738 861 altari,
764 799 906 866 quod
929 808 1008 850 εει
1036 809 1238 855 contra
1269 804 1580 872 Dominum,
1608 818 1660 861 et
1691 810 1870 877 implet

270 901 518 939 mnuum
552 900 701 938 suam
733 887 797 940 de
830 888 1048 942 incenso
1099 895 1520 960 compositionis
1567 899 1788 960 minuto,
1819 908 1872 953 et

267 975 461 1028 infert
513 975 576 1029 in
625 975 872 1030 interiora
917 977 1234 1035 velaminis.
1290 983 1652 1054 lntelligamus
1700 988 1870 1054 primo

264 1064 411 1130 quid
447 1065 706 1134 designet
728 1064 971 1129 historia,
999 1076 1055 1120 et
1082 1076 1214 1125 tunc
1236 1072 1366 1138 quid
1397 1087 1586 1128 sensus
1619 1076 1871 1143 spiritalis

261 1152 494 1208 habeat
561 1156 912 1222 requiremus.
968 1157 1171 1224 Duplex
1220 1161 1362 1216 aedes
1407 1171 1488 1218 est
1546 1165 1871 1220 tabernaculi

263 1241 608 1294 testimonii
655 1242 737 1294 vel
789 1243 968 1310 templi
1018 1243 1251 1300 Domini.
1305 1246 1481 1301 Prima
1528 1258 1626 1313 est,
1670 1249 1723 1301 in
1765 1263 1867 1317 qua

260 1330 465 1386 altare
504 1331 888 1386 holocaustum
914 1341 998 1385 est
1023 1332 1160 1401 (75),
1187 1335 1328 1402 quod
1351 1338 1621 1406 perpetuis
1658 1337 1869 1406 ignibus

260 1421 599 1484 excitatur,
625 1420 679 1473 in
712 1435 815 1488 qua
841 1423 954 1474 aede
980 1421 1111 1475 solis
1149 1422 1274 1476 licet
1303 1425 1552 1478 assistere
1579 1425 1871 1478 sacerdoti-

261 1509 390 1573 bus,
427 1519 496 1564 et
524 1511 930 1565 sacriﬁciorum
961 1511 1102 1566 ritus
1141 1527 1206 1566 ac
1242 1513 1532 1568 ministeria
1579 1515 1867 1581 celebrare,

256 1607 307 1653 et
340 1615 554 1666 neque
597 1599 827 1666 Levitis,
851 1615 1026 1671 neque
1063 1602 1154 1656 alii
1188 1603 1435 1672 cuiquam
1466 1603 1575 1674 ('74)
1614 1614 1866 1672 praeterea

259 1689 615 1758 indulgetur
675 1705 946 1746 accessus.
999 1692 1245 1746 Secunda
1296 1706 1424 1746 vero
1470 1693 1610 1747 aedes
1654 1693 1869 1748 interior

256 1786 370 1841 est,
413 1779 550 1832 solo
598 1779 670 1831 ab
706 1780 810 1833 hac
839 1780 1072 1835 discreta
1103 1780 1382 1835 velamine.
1425 1783 1568 1835 Intra
1609 1785 1746 1851 quod
1776 1799 1864 1838 ve-
1899 1771 1940 1825 Β

257 1871 498 1933 tamen,
558 1884 694 1924 arca
743 1872 1057 1924 testamenti
1105 1880 1160 1925 et
1214 1873 1662 1939 pr0pitiatorium,
1709 1888 1865 1940 super

259 1960 422 2027 quod
479 1961 778 2014 cherubim
828 1963 931 2016 duo
994 1970 1198 2015 statuta
1256 1970 1408 2026 sunt,
1454 1973 1508 2016 et
1559 1962 1725 2015 altare
1779 1963 1863 2014 in-

271 2052 430 2105 censi
462 2049 590 2121 (75)
621 2050 952 2105 collocatum
989 2061 1091 2104 est.
1129 2049 1185 2104 in
1231 2053 1368 2105 hanc
1407 2053 1569 2105 aedem
1601 2051 1762 2104 semel
1807 2051 1860 2104 in

285 2152 431 2191 anno
460 2140 686 2206 primus
718 2139 1032 2207 quicunque
1065 2149 1180 2193 erat
1220 2140 1472 2208 pontifex,
1501 2141 1691 2193 oblatis
1718 2140 1864 2206 prius

291 2228 480 2284 hostiis
514 2231 954 2300 pr0pitiationis,
987 2231 1054 2285 de
1082 2231 1273 2299 quibus
1307 2247 1460 2299 supra
1495 2233 1859 2302 exposuimus,

289 2317 736 2386 ingrediehatur,
764 2321 973 2374 habens
1017 2328 1296 2388 utramque
1329 2337 1538 2375 manum
1589 2323 1858 2390 repletam,

284 2422 450 2462 cnam
485 2410 688 2464 batillo
719 2410 1044 2472 carbonum,
1074 2419 1130 2464 et
1171 2410 1324 2462 aliam
1355 2412 1748 2479 compositionis
1777 2412 1861 2464 in-

285 2511 473 2562 censo,
500 2507 564 2552 ut
593 2513 721 2552 cum
751 2497 946 2552 fuisset
968 2501 1253 2567 ingressus,
1271 2500 1446 2553 statim
1480 2500 1752 2568 supposito
1781 2500 1863 2553 in-

286 2601 455 2640 censa
487 2587 828 2641 carbonibus
848 2585 1028 2641 fumus
1050 2587 1376 2650 ascenderet,
1401 2596 1672 2657 totamque
1691 2589 1861 2642 aedem

286 2675 561 2744 repleret,
609 2686 674 2729 ut
723 2685 1011 2744 aspectum
1063 2683 1399 2737 sanctorum,
1439 2687 1593 2742 quem
1657 2675 1862 2743 ingres-

285 2781 382 2818 sus
416 2765 698 2834 pontiﬁcis
735 2763 1094 2828 revelaverat,
1126 2765 1293 2818 nubes
1322 2764 1524 2818 velaret
1552 2763 1770 2817 incensi.
1803 2761 1860 2817 Si

287 2855 384 2906 tibi
435 2857 846 2910 sacriﬁciorum
898 2868 1016 2908 mos
1061 2854 1232 2922 patuit
1272 2857 1544 2922 antiquus,
1579 2852 1704 2920 quid
1751 2853 1862 2907 haec

285 2947 451 2998 etiam
501 2947 816 3000 secundum
886 2945 1148 2998 rationem
1206 2943 1483 3011 mysticam
1536 2941 1858 3004 contineant,

284 3035 448 3106 243
476 3037 804 3090 videamus.
838 3034 984 3088 Duas
1024 3032 1223 3086 audisti
1267 3035 1445 3086 aedes:
1496 3045 1656 3085 unam
1708 3031 1859 3098 quasi

283 3127 567 3180 visibilem
595 3133 655 3178 et
693 3133 977 3194 patentem
1009 3123 1400 3184 sacerdotibus,
1429 3120 1586 3174 aliam
1618 3135 1743 3174 vero
1779 3121 1860 3174 in-

281 3216 560 3270 visibilem
589 3253 607 3280 ,
647 3223 708 3267 et
741 3214 1078 3266 inaccessam
1101 3251 1116 3274 ,
1169 3221 1394 3279 excepto
1431 3209 1545 3263 solo
1590 3209 1861 3277 pontiﬁce,

281 3305 462 3359 caeteri
498 3305 643 3358 foris
677 3310 830 3356 sunt.
861 3300 1041 3354 Prima
1075 3299 1217 3354 aedes
1244 3299 1344 3352 ista
1373 3308 1502 3367 puto
1533 3299 1676 3366 quod
1711 3297 1864 3350 intel-

283 3394 376 3463 ligi
409 3395 588 3462 possit
617 3395 745 3447 haec
779 3392 834 3444 in
872 3405 979 3459 qua
1021 3404 1162 3442 nunc
1191 3402 1374 3441 sumus
1406 3387 1458 3440 in
1494 3401 1657 3439 carne
1707 3385 1862 3452 positi

281 3482 527 3538 Ecclesia
555 3522 571 3546 ,
613 3483 672 3535 in
707 3494 819 3548 qua
865 3479 1181 3533 sacerdotes
1237 3475 1550 3529 ministrant
1600 3475 1664 3527 ad
1699 3473 1865 3528 altare

283 3571 772 3631 holocaustorum,
803 3578 1071 3620 succenso
1100 3563 1190 3616 illo
1217 3562 1360 3632 igne,
1394 3562 1461 3615 de
1493 3575 1597 3630 quo
1623 3560 1756 3614 dixit
1778 3560 1866 3614 Je-

281 3677 379 3716 sus
403 3662 492 3715 “z
545 3679 564 3712 ι
598 3659 806 3728 Ignem
837 3657 958 3709 veni
1003 3655 1220 3709 mittere
1267 3655 1320 3707 in
1349 3663 1550 3707 terram
1577 3691 1592 3716 ,
1622 3662 1674 3705 et
1705 3666 1862 3720 quam

282 3750 410 3804 volo
458 3759 520 3804 ut
555 3747 919 3803 accendatur.
957 3763 977 3795 ι
1026 3744 1094 3798 Ει
1128 3744 1250 3798 nolo
1298 3744 1510 3797 mireris
1562 3742 1702 3810 quod
1753 3744 1865 3795 huic

289 3839 436 3892 mdes
487 3837 629 3892 solis
679 3833 1062 3888 sacerdotibus
1095 3840 1298 3899 pateat.
1325 3830 1525 3885 Omnes
1554 3831 1695 3884 enim
1750 3829 1866 3896 qui-

280 3941 499 3994 cunque
529 3933 823 3993 unguento
849 3921 988 3974 sacri
1015 3920 1326 3974 chrismatis
1351 3919 1568 3972 delibuti
1603 3927 1746 3980 sunt,
1779 3933 1866 3970 sa-

281 4019 544 4070 cerdotes
575 4013 766 4067 effecti
813 4021 979 4074 sunt,
1008 4011 1148 4063 sicut
1199 4018 1253 4062 et
1299 4008 1487 4062 Petrus
1537 4007 1604 4059 ad
1654 4020 1862 4060 omnem

282 4106 414 4157 dicit
452 4104 775 4158 Ecclesiam
810 4101 856 4132 ⁸⁸
885 4116 899 4152 :
939 4115 958 4148 ι
995 4097 1100 4154 Vos
1131 4109 1310 4153 autem
1343 4111 1507 4166 genus
1531 4095 1780 4158 electum,
1810 4104 1864 4146 et

284 4196 466 4262 regale
492 4191 902 4256 sacerdotium,
931 4205 1064 4259 gens
1087 4197 1295 4242 sancta.
1328 4205 1346 4238 ι
1382 4185 1520 4239 Estis
1550 4199 1679 4252 ergo
1701 4198 1866 4252 genus

282 4283 639 4338 sacerdotale
666 4319 684 4344 ,
748 4289 807 4333 et
837 4280 956 4333 ideo
1014 4278 1272 4333 acceditis
1322 4277 1386 4328 ad
1425 4284 1632 4330 sancta.
1669 4273 1773 4326 Sed
1811 4281 1865 4325 et

1971 550 2027 593 ut
2055 542 2288 595 animam
2326 556 2493 594 meam
2527 557 2715 610 ponam
2744 559 2838 612 pro
2861 546 3114 602 fratribus
3147 553 3299 615 meis,
3331 553 3374 605 si
3403 569 3499 620 pro

1963 628 2200 696 justitia,
2235 642 2332 696 pro
2363 631 2589 684 veritate
2638 646 2802 698 usque
2837 634 2901 685 ad
2951 646 3171 690 mortem
3204 649 3498 707 certavere,

1971 718 2338 773 holocaustum
2388 720 2550 772 obtuli
2581 719 2644 772 ad
2675 720 2840 773 altare
2869 723 2982 776 Dei.
3009 723 3065 778 Si
3099 728 3333 779 membra
3383 746 3498 782 mea

1969 810 2038 862 ab
2087 809 2228 862 omni
2281 809 2716 874 concupiscentia
2776 813 2956 866 carnis
3004 813 3425 880 mortiﬁcavero,
3455 818 3499 870 si

1971 897 2197 950 mundus
2226 898 2352 950 mihi
2384 899 2674 951 cruciﬁxus
2724 899 2811 961 sit,
2847 911 2900 954 et
2951 917 3048 970 ego
3101 903 3314 966 nmndo,
3348 904 3499 958 holo-

1969 995 2208 1038 caustum
2234 985 2400 1037 obtuli
2421 987 2485 1038 ad
2510 987 2675 1042 altare
2703 991 2813 1055 Dei,
2842 999 2896 1043 et
2918 989 3027 1056 ipse
3053 1005 3183 1044 meae
3207 993 3388 1045 hostia:
3415 1009 3498 1047 sa-

1969 1075 2158 1129 cerdos
2180 1075 2397 1129 afﬁcior.
2425 1075 2533 1129 Hoc
2559 1091 2687 1146 ergo
2713 1080 2866 1132 modo
2893 1080 3244 1133 sacerdotium
3274 1084 3499 1148 geritur,

1970 1165 2020 1218 in
2054 1167 2221 1233 prima
2252 1167 2383 1230 aede,
2408 1175 2462 1219 et
2490 1167 2675 1220 hostia:
2702 1167 3018 1240 offeruntur,
3055 1179 3106 1222 et
3133 1184 3196 1222 ex
3245 1172 3344 1224 hac
3388 1173 3502 1226 aede

1968 1253 2320 1308 sanctiﬁcatis
2366 1255 2582 1308 indutus
2634 1257 2966 1311 vestimentis
3004 1258 3243 1325 pontifex
3289 1261 3502 1325 proﬁci-

1967 1341 2153 1406 scitur,
2181 1351 2234 1396 et
2267 1343 2568 1412 ingreditur
2603 1343 2655 1396 in
2709 1345 2962 1398 interiora
2995 1347 3274 1401 velaminis
3301 1387 3318 1409 .
3360 1350 3502 1403 sicut

1968 1431 2213 1498 superius
2251 1430 2401 1483 Pauli
2436 1433 2598 1485 verba
2623 1433 2927 1500 posuimus,
2961 1435 3188 1489 dicentis
3220 1436 3297 1488 8°:
3333 1456 3354 1489 ι
3389 1438 3498 1491 Non

1970 1519 2020 1571 in
2054 1534 2210 1572 manu
2237 1519 2374 1573 facta
2399 1529 2600 1587 sancta,
2627 1522 2717 1574 sed
2751 1522 2804 1574 in
2834 1523 3005 1590 ipsum
3032 1525 3224 1577 caelum
3253 1536 3498 1595 penetra-

1969 1607 2064 1668 vit,
2095 1608 2283 1674 inquit,
2310 1607 2481 1672 Iesus,
2511 1619 2564 1661 ct
2595 1619 2812 1677 apparet
2840 1611 3002 1663 vultui
3041 1613 3127 1666 Dei
3153 1629 3247 1680 pro
3275 1616 3444 1669 nobis.
3475 1633 3494 1666 ι

1968 1696 2096 1749 lei
2132 1711 2257 1761 ergo
2292 1697 2460 1759 locus,
2489 1705 2540 1750 et
2570 1700 2683 1766 ipsa
2717 1700 2805 1754 Dei
2863 1702 3016 1754 sedes
3042 1741 3056 1765 ,
3111 1716 3202 1769 per
3229 1704 3498 1758 interioris

1967 1786 2098 1839 aedis
2123 1787 2344 1852 ﬁguram
2394 1795 2555 1853 atque
2589 1789 2871 1857 imaginem
2905 1791 3234 1857 designatur.
3267 1794 3367 1846 Sed
3402 1795 3500 1846 mi-

1969 1892 2084 1928 rum
2113 1886 2365 1931 contnere
2392 1878 2630 1930 ordinem
2677 1889 3155 1934 sacramentorum.
3196 1881 3498 1950 Ingrediens

1967 1968 2203 2034 pontifex
2262 1968 2314 2021 in
2366 1967 2559 2022 Sancta
2604 1977 2929 2033 sanctorum,
2974 1972 3148 2034 ignem
3209 1987 3388 2026 secum
3433 1975 3499 2027 de

1965 2055 2066 2108 hoc
2117 2055 2267 2108 altari
2301 2065 2494 2122 portat,
2548 2065 2600 2110 et
2648 2057 2918 2111 incensum
2972 2061 3022 2112 in
3072 2062 3171 2112 hac
3209 2062 3322 2114 aude
3369 2078 3498 2116 sns-

1967 2145 2111 2212 cipit.
2151 2143 2254 2198 Sed
2282 2154 2334 2199 et
2373 2145 2687 2198 vestimenta
2725 2147 2913 2212 quibus
2944 2148 3153 2200 indutus
3180 2158 3280 2209 est,
3311 2151 3375 2202 de
3399 2152 3500 2204 hoc

1967 2232 2082 2286 loco
2129 2233 2372 2300 sumpsit.
2423 2232 2655 2286 Putasne
2693 2234 2994 2301 dignabitur
3036 2235 3290 2290 Dominus
3348 2253 3498 2292 meus

1965 2335 2123 2375 verus
2153 2321 2396 2388 pontifex
2427 2333 2479 2377 et
2516 2337 2545 2375 a
2585 2336 2669 2376 me
2699 2323 2971 2388 suscipere
3008 2333 3211 2390 partem
3265 2326 3496 2392 aliquam

1967 2409 2172 2463 incensi
2219 2411 2622 2478 compositionis
2655 2412 2844 2464 minuti
2895 2413 3033 2479 quod
3065 2418 3244 2466 sec'um
3295 2413 3501 2468 deferat

1965 2498 2031 2551 ad
2057 2497 2299 2552 Patrem?
2326 2499 2557 2553 Putasne
2585 2500 2820 2554 inveniet
2847 2501 2898 2553 in
2926 2515 3010 2554 me
3033 2501 3231 2569 aliquid
3260 2501 3495 2570 igniculi,

1963 2593 2020 2638 et
2050 2583 2418 2640 holocaustum
2471 2600 2646 2639 meum
2680 2587 2898 2648 ardens,
2934 2595 2992 2638 ut
3042 2587 3289 2655 dignetur
3334 2601 3399 2641 ex
3434 2601 3499 2641 eo

1964 2671 2204 2726 batillum
2235 2687 2389 2726 suum
2425 2673 2645 2742 implere
2681 2675 3026 2735 carbonibus,
3058 2684 3110 2728 et
3141 2676 3191 2728 in
3225 2677 3352 2743 ipsis
3389 2677 3498 2731 Deo

1967 2760 2108 2815 Patri
2143 2760 2360 2816 odorem
2392 2763 2672 2816 suavitatis
2702 2763 2930 2818 offerre?
2978 2763 3172 2818 Beatus
3222 2775 3305 2820 est
3349 2767 3501 2837 cujus

1966 2860 2073 2905 tam
2121 2853 2292 2918 vivos,
2321 2860 2533 2922 tamque
2572 2855 2768 2930 ignitos
2789 2854 3080 2909 holocausti
3115 2857 3194 2910 sui
3237 2858 3498 2912 carbones

1965 2941 2248 3007 invenerit,
2275 2950 2338 2995 ut
2365 2955 2456 2996 eos
2485 2951 2634 3008 aptos
2654 2944 2857 3010 judicet
2883 2958 3017 3011 quos
3048 2944 3204 2997 altari
3242 2957 3498 3014 superpo-

1966 3038 2054 3082 nat
2072 3029 2293 3084 incensi.
2317 3029 2508 3084 Beatus
2525 3031 2574 3084 in
2600 3031 2751 3100 cujus
2776 3033 2936 3086 corde
2961 3033 3221 3087 invenerit
3245 3044 3350 3086 tam
3368 3034 3495 3087 sub-

1966 3119 2130 3183 tilcm,
2166 3129 2272 3174 tam
2307 3121 2570 3174 minutum
2601 3131 2815 3190 tamque
2839 3122 3130 3191 spiritalem
3169 3138 3406 3188 sensum,
3441 3135 3495 3179 et

1962 3209 2034 3262 ita
2056 3210 2266 3264 diversa
2284 3208 2536 3264 virtutum
2559 3211 2818 3265 suavitate
2834 3213 3208 3280 compositum,
3243 3224 3300 3265 ut
3325 3213 3498 3281 reple-

1963 3314 2020 3353 re
2048 3298 2294 3368 dignetur
2318 3313 2384 3352 ex
2400 3313 2464 3353 eo
2492 3314 2680 3352 manus
2706 3300 3076 3368 suas,Deoque
3103 3299 3248 3353 Patri
3277 3315 3495 3355 suavem

1963 3389 2182 3442 odorem
2214 3387 2577 3454 intelligentiae
2607 3388 2722 3456 eius
2752 3389 2966 3443 oﬁerre.
2999 3389 3067 3440 At
3096 3398 3280 3443 contra
3315 3389 3496 3443 infelix

1965 3474 2323 3544 anima,cujus
2357 3477 2474 3531 ﬁdei
2506 3477 2644 3544 ignis
2675 3477 3062 3545 exstinguitur,
3111 3487 3165 3530 et
3199 3476 3496 3546 refrigescit

1963 3562 2242 3615 charitatis
2270 3563 2456 3616 calor:
2514 3564 2578 3616 ad
2609 3578 2768 3630 quam
2822 3579 2942 3618 cum
3001 3564 3205 3617 venerit
3263 3565 3495 3618 coclestis

1965 3648 2204 3719 pontifex
2235 3661 2439 3713 boater,
2483 3665 2726 3718 quaerens
2756 3652 2822 3703 ab
2854 3666 2915 3704 ea
2951 3652 3147 3718 ignitus
3171 3658 3224 3703 et
3253 3653 3498 3704 ardentes

1963 3742 2222 3796 carbones
2265 3756 2422 3809 super
2443 3755 2576 3808 quos
2609 3742 2882 3794 incensum
2921 3739 3107 3794 offerat
3136 3741 3300 3801 Patri,
3336 3739 3486 3792 inv'c-

1965 3834 2046 3887 nit
2072 3833 2124 3886 in
2155 3846 2216 3885 ea
2263 3832 2441 3903 aridos
2471 3830 2681 3884 cineres
2708 3840 2762 3883 et
2809 3829 3026 3895 frigidas
3083 3827 3307 3881 favillas.
3339 3828 3495 3881 Tales

1967 3930 2092 3978 sunt
2119 3934 2309 3974 omnes
2349 3919 2438 3986 qui
2475 3919 2795 3972 subtrahunt
2825 3930 2882 3970 se
2915 3925 2969 3969 et
3020 3916 3172 3984 longe
3226 3915 3432 3970 faciunt
3461 3931 3490 3968 a

1962 4011 2126 4063 verbo
2155 4008 2288 4071 Dei,
2322 4023 2389 4060 ne
2433 4005 2706 4060 audientes
2754 4019 3026 4058 sermones
3053 4006 3258 4058 divinos
3305 4019 3494 4058 accen-

1964 4099 2159 4151 dantur
2181 4097 2245 4149 ad
2277 4098 2454 4156 ﬁdem,
2480 4095 2806 4148 incalescant
2831 4093 2897 4146 ad
2923 4095 3262 4158 charitatem,
3290 4093 3497 4161 ignian-

1966 4194 2054 4239 tur
2081 4186 2144 4238 ad
2195 4183 2640 4237 misericordiam.
2681 4181 2769 4235 Vis
2801 4182 2892 4236 tibi
2928 4183 3199 4235 ostendam
3229 4183 3496 4248 quomodo

1966 4273 2030 4325 de
2063 4270 2242 4323 verbis
2286 4268 2516 4338 Spiritus
2566 4268 2735 4322 sancti
2772 4267 2908 4337 ignis
2945 4276 3122 4331 exeat,
3155 4279 3209 4322 et
3241 4269 3498 4322 accendat

286 4375 676 4442 unusquisque
696 4377 940 4423 nostrmn
965 4369 1128 4420 habet
1155 4368 1206 4418 in
1227 4381 1285 4419 se
1302 4365 1666 4419 holocaustum
1685 4377 1860 4424 suum,
1895 4380 1937 4434 ι)
1965 4363 2124 4416 corda
2151 4360 2522 4414 credentium?
2565 4359 2698 4412 Audi
2724 4359 2984 4413 dicentem
3021 4359 3180 4411 David
3213 4357 3265 4410 in
3293 4357 3498 4424 psalmo

285 4471 352 4515 et
374 4461 689 4518 holocausti
727 4460 814 4514 sui
848 4460 962 4527 ipse
991 4458 1274 4511 succendit
1321 4455 1511 4518 altare,
1564 4463 1621 4506 ut
1653 4467 1862 4519 semper

282 4553 490 4606 ardeat.
527 4552 655 4620 Ego
693 4550 742 4602 si
797 4547 1107 4600 renuntiem
1155 4545 1406 4598 omnibus
1432 4557 1550 4611 qua:
1574 4542 1820 4610 possideo
1844 4583 1858 4604 ,

281 4652 348 4695 et
377 4647 564 4698 tollam
601 4655 830 4694 crucem
858 4652 1058 4700 meam,
1093 4645 1149 4690 et
1172 4650 1364 4704 sequar
1384 4635 1679 4698 Christum,
1708 4632 1856 4687 holo-

280 4746 537 4788 caustum
567 4729 752 4785 obtuli
781 4729 848 4780 ad
877 4727 1054 4779 altare
1077 4724 1174 4777 Dei
1203 4744 1214 4777 :
1247 4733 1336 4776 aut
1365 4724 1407 4777 si
1444 4723 1712 4777 tradidero
1745 4735 1864 4774 cor-

280 4835 386 4888 pus
409 4837 606 4876 nicum
646 4829 709 4870 ut
743 4818 967 4869 ardeam
1024 4815 1235 4866 habens
1265 4813 1574 4865 charitatem
1603 4849 1618 4873 ,
1667 4817 1720 4862 et
1751 4808 1864 4874 glo-

280 4908 410 4965 riam
465 4907 738 4977 martyrii
788 4916 1150 4970 consequar,
1191 4900 1555 4954 holocaustum
1601 4899 1858 4964 tneipsum

357 5022 565 5080 “Luc.
622 5033 726 5081 ιη,
776 5016 866 5068 49.

352 5155 452 5226 (75)
484 5155 564 5208 1η
588 5168 702 5226 qua
723 5148 900 5226 altare
929 5134 1854 5226 Ιιοιοερυίιρςιιρηιῇἔδρας-ξιξιξ·[ηρῐῖιξὶ

270 5203 453 5280 hami-'1:
634 5203 849 5277 Exod.,
883 5226 1062 5282 num._
1083 5210 1146 5282 ξ’»,
1181 5222 1282 5259 non
1307 5207 1463 5282 fuisse
1497 5207 1546 5255 in
1577 5212 1759 5282 sancto
1780 5203 1857 5282 al-

268 5271 1147 5348 tare-holocaustorum,ut_hic
1192 5283 1336 5348 putat
1372 5274 1639 5348 Origenes,
1669 5271 1768 5348 sed.
1806 5271 1857 5322 in

257 5342 387 5417 auio
405 5342 802 5415 sacerdotum
845 5345 955 5399 sub
983 5344 1106 5403 dio,
1136 5342 1207 5392 ad
1253 5343 1386 5408 quod
1420 5353 1654 5396 accessus
1701 5342 1859 5389 etiam

257 5419 656 5562 ιῗῗῗῗίεω).
705 5481 878 5543 editi,
917 5496 939 5528 ι
989 5473 1171 5527 alicui
1215 5488 1458 5541 unquam.
1494 5495 1512 5527 ι
1545 5474 1680 5536 ilss.,
1720 5491 1736 5523 ς
1769 5471 1861 5524 alii

237 5557 535 5638 “liquam.
577 5578 601 5610 ι

585 5648 888 5706 ΡΑτιιοι..
916 5631 1048 5689 Gn.
1086 5625 1248 5686 XII.

947 5010 1052 5063 ⁸³1
1095 5009 1214 5062 Pet.
1267 5026 1324 5073 ιι,
1366 5011 1418 5064 9.
1487 5011 1532 5042 ⁸⁸
1565 5004 1932 5068 Πρω-,ωλι

1966 4451 2075 4519 (76)
2108 4451 2150 4482 ⁸⁷
2180 4467 2232 4502 :c
2259 4450 2531 4518 Eloquium
2563 4448 2767 4504 Domini
2791 4449 3132 4518 igniviteum.
3171 4465 3190 4499 ι
3217 4447 3281 4501 Ει
3305 4449 3492 4501 iterum

1967 4542 2018 4592 in
2049 4539 2338 4607 Evangelio
2367 4539 2622 4606 scriptum
2644 4547 2746 4600 est,
2771 4547 3050 4606 postquam
3082 4537 3335 4590 Dominus
3359 4538 3496 4590 locu-

1970 4638 2052 4679 tus
2090 4637 2170 4679 est
2199 4627 2263 4678 ad
2297 4625 2581 4693 Cleopham
2613 4641 2626 4677 :
2669 4642 2686 4674 ι
2721 4623 2913 4678 Nonne
2941 4639 3034 4678 cor
3068 4634 3305 4677 nostrum
3335 4663 3350 4686 ,
3409 4624 3491 4675 in-

1965 4716 2080 4780 quit
2127 4715 2192 4778 ⁸⁸,
2221 4723 2338 4768 erat
2368 4713 2558 4768 ardens
2585 4715 2723 4766 intra
2759 4728 2876 4776 nos,
2905 4727 3022 4764 cum
3063 4713 3298 4779 aperiret
3342 4711 3494 4765 nobis

1967 4801 2310 4869 Scripturas?
2343 4819 2362 4851 ι
2403 4798 2482 4852 Tu
2517 4815 2642 4868 ergo
2689 4799 2826 4851 unde
2867 4799 3116 4852 ardebis?
3164 4797 3311 4851 Unde
3345 4798 3493 4849 iuve-

1963 4891 2175 4944 nicntur
2206 4891 2258 4942 in
2292 4899 2340 4944 te
2371 4891 2626 4944 carbones
2659 4888 2814 4956 ignis,
2844 4888 2930 4954 qui
2983 4903 3253 4955 nunquam
3287 4885 3490 4938 Domini

2005 5003 2048 5036 ⁸⁷
2071 5003 2209 5057 Psal.
2237 5018 2343 5063 (ιιι,
2380 4999 2466 5053 40.
2537 5002 2580 5032 ⁸⁸
2613 5002 2741 5052 Luc.
2779 5014 2920 5059 xxiv,
2959 4998 3046 5050 51.

2165 5134 2431 5206 Ιξεῄαιέᾳνε
2453 5135 2670 5206 incensi,
2691 5144 2794 5206 etc.
2831 5131 2957 5206 Vide
2989 5137 3156 5206 notas.
3182 5125 3252 5206 ad
3282 5125 3489 5206 nulla“?

1965 5199 2147 5256 hoiuil.
2181 5202 2213 5255 9
2247 5201 2298 5254 in
2325 5201 2580 5263 Exodum,
2616 5201 2702 5253 ubi
2736 5200 2909 5251 monui
2955 5199 3116 5246 altare
3148 5199 3365 5263 incensi.
3387 5199 3488 5259 non

1966 5255 2125 5325 fuisse
2171 5271 2224 5322 in
2261 5271 2455 5322 Sancto
2485 5255 2807 5328 sanctorum,
2837 5263 2927 5316 sed
2961 5263 3008 5312 in
3041 5255 3490 5328 sancto._0rigcpi

2174 5314 2450 5390 ﬁcitas;
2485 5314 2950 5387 hia'le'in—tell'ectus
2977 5329 3120 5380 locus
3169 5321 3298 5373 l-leb.
3336 5314 3412 5380 lx,
3432 5314 3486 5375 4,

1967 5407 2030 5460 de
2059 5423 2163 5472 quo
2193 5403 2493 5473 consulendi
2525 5402 2932 5473 interpretes...”
3116 5458 3129 5473 ‘
3153 5455 3202 5473 η,

2037 5458 2152 5545 (ἳϐἲ
2173 5473 2295 5528 Mss.
2329 5487 2349 5522 ι
2378 5469 2599 5539 psalmo.
2629 5458 2773 5520 DL”).
2807 5461 2933 5516 editi
2962 5478 2979 5509 ι
3020 5458 3260 5526 psalmis.
3292 5469 3311 5501 ο

3113 5613 3186 5671 17
