3948 6260
614 307 727 359 523

2047 294 2363 357 OtthEle
3599 319 3672 373 δε,

618 413 803 480 igniris
831 411 1063 479 eloquio,
1095 426 1365 481 nunquam
1401 413 1576 467 verbis
1604 411 1837 482 Spiritus
1868 414 2036 467 sant-ti
2068 414 2145 464 iu-
2172 417 2216 469 A
2250 412 2360 464 rius
2391 409 2798 465 tabernaculum
2823 446 2840 472 ,
2893 416 2947 462 et
2996 409 3235 464 caelorum
3267 412 3450 467 excelsa
3473 429 3665 473 conscen-

612 499 945 553 flammaris?
991 502 1124 556 Audi
1180 511 1231 556 et
1289 504 1458 570 ipsum
1519 504 1681 556 David
1736 503 1993 555 dicentem
2049 502 2138 554 ⁸⁹ε

616 606 637 639 ι
676 589 954 643 Concaluit
985 605 1080 644 cor
1114 606 1288 645 meum
1316 594 1456 644 intra
1493 606 1598 654 me,
1622 600 1675 644 et
1714 591 1765 644 in
1795 591 2141 643 meditatione

614 692 726 730 mea
755 681 1050 734 exardescit
1084 681 1240 750 ignis.
1280 700 1298 733 ι
1332 682 1487 737 Unde
1514 691 1564 733 tu
1590 682 1960 735 concalescis?
1994 683 2141 736 Unde

527 756 530 759 ’
612 765 748 832 ignis
777 769 1111 835 accenditur,
1140 770 1227 837 qui
1256 785 1526 837 nunquam
1561 770 1612 822 in
1646 771 1841 822 divinis
1869 773 2140 825 meditaris

610 858 870 926 eloquiis:
927 858 1032 910 imo
1083 859 1224 926 quod
1272 867 1354 911 est
1388 856 1674 920 infelicius,
1710 859 2033 912 concalescis
2088 860 2138 912 in

608 946 924 1015 spectaculis
960 946 1113 1008 circi,
1156 945 1481 999 concalescis
1533 945 1584 997 in
1617 960 1878 1013 equorum
1911 957 2136 1000 conten-

606 1034 855 1095 tionibus,
883 1032 934 1085 in
958 1034 1250 1086 certamine
1276 1031 1597 1085 athletarum
1621 1032 1643 1084 ?
1673 1033 1832 1100 Atqui
1870 1033 1966 1086 iste
2002 1035 2137 1101 ignis

603 1137 708 1177 non
743 1129 825 1174 est
872 1123 935 1173 de
970 1120 1125 1173 altari
1168 1119 1400 1184 Domini,
1453 1120 1544 1173 sed
1581 1120 1627 1173 is
1657 1130 1759 1180 est,
1796 1122 1886 1188 qui
1942 1122 2138 1175 dicitur

602 1213 745 1279 ignis
774 1212 1023 1276 alienus;
1058 1219 1111 1263 et
1141 1209 1334 1263 audisti
1366 1208 1521 1277 paulo
1552 1211 1796 1277 superius
1818 1249 1833 1273 ,
1869 1212 1993 1278 quia
2042 1214 2131 1280 qui

603 1302 914 1354 obtulerunt
939 1300 1169 1352 alienum
1196 1298 1370 1367 ignem
1398 1304 1519 1351 ante
1551 1298 1851 1362 Dominum,
1886 1300 2133 1354 exstincti

603 1402 749 1444 sunt.
779 1388 1117 1443 Concalescis
1154 1396 1208 1439 et
1237 1403 1355 1440 cum
1395 1397 1445 1440 te
1479 1387 1756 1455 repleverit
1807 1388 2083 1444 iracundia
2115 1429 2131 1453 ,

597 1488 653 1532 et
685 1492 803 1531 cum
842 1484 890 1530 te
916 1474 1323 1529 inllainmaverit
1361 1473 1530 1535 furor,
1579 1475 1752 1528 ureris
1783 1476 2044 1529 interdum
2080 1484 2132 1529 et

599 1582 777 1622 amore
805 1567 1031 1632 carnali,
1057 1581 1118 1619 ac
1146 1566 1465 1634 turpissima:
1514 1565 1753 1618 libidinis
1775 1564 1997 1631 iactaris
2053 1566 2133 1618 in-

598 1658 821 1711 cendiis.
850 1656 951 1709 Sed
989 1656 1164 1710 omnis
1188 1655 1291 1709 iste
1319 1655 1458 1722 ignis
1491 1656 1694 1708 alienus
1725 1663 1807 1709 est
1836 1665 1890 1707 et
1917 1664 2131 1708 contra-

2243 502 2395 561 dere,
2418 498 2529 564 jam
2577 513 2682 551 non
2739 499 2848 551 erit
2884 500 3058 559 homo,
3113 501 3198 551 sed
3229 504 3481 555 secundum
3511 508 3666 561 verbum

2245 591 2414 657 ipsius
2461 590 2563 642 erit
2596 597 2852 655 tanquam
2904 588 3113 654 angelus
3150 590 3255 640 Dei.
3288 590 3378 643 Aut
3422 592 3536 645 forte
3555 596 3667 649 eti-nn

2246 673 2335 725 ille
2387 688 2548 740 super
2581 688 2701 724 eum
2734 687 2916 725 sermo
2943 673 3278 740 complebitur
3320 691 3457 742 quem
3485 679 3573 745 ipse
3600 685 3673 736 po-

2243 762 2419 814 minus
2447 760 2580 814 dixit
2611 761 2656 793 ³³
2683 779 2695 815 :
2736 780 2755 812 ι
2787 762 2897 829 Ego
2926 762 3035 814 dixi
3060 778 3072 814 :
3102 762 3179 814 Dii
3200 765 3406 828 estis,et
3426 767 3502 819 lilii
3527 769 3672 824 Excelsi

2240 864 2449 904 Omnes.
2484 869 2504 902 ι
2568 848 2694 903 Sive
2749 866 2879 918 ergo
2914 850 3162 918 spiritalis
3191 850 3421 919 effectus,
3465 870 3572 910 unus
3595 874 3677 912 cum

2241 938 2468 991 Domino
2522 939 2750 1007 spiritus
2811 938 2944 1005 ﬁat;
2976 941 3085 995 sive
3115 956 3205 1009 per
3243 945 3588 997 resurrectionis
3607 948 3682 1013 glo-

2239 1026 2374 1078 riam
2424 1027 2478 1080 in
2526 1029 2850 1095 angelorum
2899 1030 3138 1084 ordinem
3184 1039 3421 1097 transeat,
3463 1043 3579 1086 recte
3608 1049 3683 1099 tatu

2239 1133 2344 1172 non
2371 1118 2477 1171 erit
2505 1118 2703 1183 homo;
2736 1118 2830 1172 sed
2860 1120 3212 1187 unusquisque
3245 1121 3349 1187 ipse
3390 1122 3474 1174 sibi
3498 1126 3573 1175 hoc
3589 1140 3685 1189 prai-

2235 1217 2362 1270 stat,
2395 1215 2453 1260 ut
2472 1207 2558 1259 vel
2585 1208 2813 1261 excedat
2837 1208 3067 1261 hominis
3090 1208 3487 1276 appellationem,
3503 1211 3569 1264 vel
3587 1212 3683 1263 intra

2236 1296 2605 1349 conditionem
2636 1295 2796 1364 hujus
2838 1295 3075 1349 vocabuli
3101 1305 3386 1349 censeatur.
3419 1298 3467 1349 Si
3491 1299 3602 1353 enim
3632 1300 3687 1352 fa-

2235 1391 2353 1435 ctus
2401 1381 2562 1437 homo
2615 1383 2684 1436 ab
2717 1383 2870 1437 initio
2923 1392 3186 1437 servasset
3235 1384 3351 1437 illud
3380 1388 3504 1452 quod
3529 1387 3580 1438 ad
3603 1402 3686 1439 eum

2235 1467 2515 1537 Scriptura
2543 1469 2676 1523 dicit
2704 1470 2792 1522 ’δε
2854 1487 2873 1520 ‹
2924 1470 3061 1523 Ecce
3100 1471 3247 1538 posui
3294 1478 3409 1523 ante
3435 1471 3585 1524 oculos
3608 1482 3689 1524 tuus

2234 1569 2460 1613 mortem
2483 1569 2538 1613 et
2564 1560 2752 1624 vitam,
2780 1561 2919 1630 elige
2949 1562 3044 1615 tibi
3070 1561 3259 1626 vitam;
3288 1580 3305 1613 ι
3341 1562 3381 1616 si
3405 1563 3492 1616 hoc
3514 1563 3688 1629 iecisset,

2233 1662 2504 1714 nunquam
2536 1649 2788 1716 profecto
2841 1650 3140 1702 humanum
3183 1665 3340 1719 genus
3367 1652 3567 1705 mortalis
3602 1668 3693 1706 ron-

598 1748 708 1799 rius
739 1747 862 1808 Deo,
892 1760 1046 1813 quem
1080 1745 1168 1812 qui
1214 1746 1543 1809 accenderit,
1582 1746 1697 1798 sine
1749 1745 1907 1799 dubio
1939 1744 2125 1799 Nadab
2164 1722 2204 1778 Β
2233 1734 2366 1787 ditio
2397 1736 2678 1788 tenuisset.
2733 1737 2839 1791 56d
2892 1739 3145 1804 quoniam
3196 1738 3531 1807 derelinquens
3558 1740 3691 1802 vitam,

596 1840 651 1885 et
672 1824 841 1884 Abiud
874 1830 1104 1898 perferet
1135 1840 1351 1882 sortem.

664 1920 754 1977 10.
784 1921 873 1973 Ait
899 1934 1027 1988 ergo
1054 1920 1324 1987 eloquium
1357 1919 1592 1973 divinum
1626 1921 1669 1950 9°
1700 1934 1714 1969 :
1753 1937 1770 1968 ε
1805 1920 1868 1972 Et
1896 1904 2151 1988 imponet

595 2012 867 2064 incensum
922 2024 1083 2077 super
1134 2011 1307 2078 ignem
1360 2010 1410 2061 in
1457 2018 1755 2078 conspectu.
1792 2010 2025 2075 Domini,
2076 2022 2130 2064 et

599 2101 806 2168 operiet
848 2099 1024 2153 fumus
1061 2098 1262 2152 incensi
1294 2098 1405 2169 (77)
1438 2100 1860 2168 propitiatorium
1883 2102 2019 2166 quod
2049 2110 2130 2154 est

593 2206 754 2257 super
785 2190 1105 2250 testimonia,
1131 2199 1185 2241 et
1208 2204 1309 2242 non
1343 2192 1614 2251 morietur,
1630 2200 1683 2242 et
1710 2199 1882 2243 suntet
1907 2191 1971 2243 de
2004 2206 2129 2244 san-

592 2282 747 2348 guine
771 2280 941 2342 vituli,
966 2287 1020 2333 et
1055 2288 1324 2348 rcsperget
1353 2279 1517 2345 digito
1545 2294 1643 2332 suo
1673 2294 1833 2347 super
1865 2281 2122 2348 propitia-

591 2374 784 2425 toriutn
816 2379 1001 2424 contra
1036 2371 1313 2423 orientem.
1353 2387 1372 2421 ι
1413 2367 1563 2421 Ritus
1595 2370 1820 2437 quidem
1867 2373 2004 2438 apud
2034 2387 2126 2424 ve-

590 2470 732 2513 teres
790 2458 1187 2526 propitiationis
1237 2472 1333 2525 pro
1401 2457 1724 2522 hominibus,
1797 2459 1885 2525 qui
1967 2460 2127 2514 liebat

590 2549 654 2601 ad
687 2547 875 2609 Deum,
903 2548 1133 2616 qualiter
1154 2547 1519 2601 celebraretur
1545 2546 1760 2599 edocuit
1785 2565 1798 2601 :
1829 2549 1921 2601 sed
1954 2558 2005 2602 tu
2034 2551 2125 2615 qui

590 2640 655 2689 ad
686 2635 955 2690 Christum
974 2636 1184 2700 venisti,
1204 2635 1505 2703 pontiﬁcem
1538 2651 1746 2699 verum,
1766 2637 1852 2702 qui
1870 2640 2127 2706 sanguine

590 2740 687 2779 suo
731 2724 894 2780 Deum
927 2727 1019 2780 tibi
1046 2726 1331 2795 pr0pitium
1371 2724 1517 2789 fecit,
1568 2736 1621 2780 et
1677 2727 2044 2780 reconciliavit
2076 2738 2125 2782 te

588 2817 758 2881 Patri,
806 2832 909 2871 non
960 2819 1166 2871 haereus
1215 2818 1265 2869 in
1298 2818 1556 2884 sanguine
1584 2817 1793 2880 carnis;
1855 2818 1948 2871 sed
1979 2819 2123 2871 disce

590 2906 765 2973 potius
788 2908 1096 2976 sanguinem
1137 2905 1315 2968 Verbi,
1344 2916 1399 2958 et
1431 2905 1553 2959 a'udi
1581 2907 1749 2974 ipsum
1800 2906 1893 2959 tibi
1941 2888 2127 2959 dicen:

2234 1832 2457 1877 mortem
2491 1834 2711 1878 secutus
2736 1835 2840 1890 est,
2872 1827 3034 1879 homo
3067 1828 3236 1881 factus
3257 1838 3365 1893 est;
3396 1838 3442 1881 et
3463 1843 3549 1883 non
3571 1829 3691 1882 solum

2230 1911 2422 1974 homo,
2457 1916 2549 1966 sed
2597 1923 2653 1966 et
2685 1924 2855 1978 terra,
2883 1927 3102 1984 propter
3133 1918 3269 1986 quod
3300 1928 3350 1971 et
3378 1920 3424 1971 in
3461 1927 3612 1971 terram
3637 1933 3695 1971 rev

2229 2002 2344 2056 dire
2377 2002 2575 2056 dicitur
2617 2005 2685 2057 ⁸⁸.
2721 2005 2966 2072 Requiro
3015 2016 3190 2059 tamen
3225 2022 3338 2075 quae
3363 2013 3427 2063 sit
3456 2009 3539 2061 ista
3576 2023 3693 2069 mors,

2227 2106 2389 2157 quam
2412 2093 2543 2144 dicit
2571 2102 2696 2146 ante
2729 2111 2749 2144 ι
2778 2095 2967 2150 oculos
3003 2106 3119 2150 tuos
3144 2099 3310 2165 posui.
3340 2115 3357 2149 ι
3393 2098 3456 2151 De
3479 2099 3565 2150 vita
3591 2098 3692 2149 enim

2228 2193 2333 2232 non
2381 2180 2660 2233 dubitatur
2695 2184 2844 2250 quod
2886 2186 3231 2253 semetipsum
3282 2188 3462 2242 indicet
3486 2189 3612 2251 Deus,
3631 2186 3694 2255 qui

2226 2273 2358 2325 dicit
2387 2273 2433 2304 ³⁸
2457 2290 2470 2325 :
2509 2291 2527 2323 ι
2562 2272 2673 2342 Ego
2700 2289 2823 2328 sum
2857 2278 3063 2331 veritas
3088 2288 3141 2330 et
3168 2279 3296 2334 vita.
3327 2297 3344 2329 ι
3389 2279 3498 2344 θυῖε
3522 2289 3586 2332 est
3605 2292 3697 2345 ergo

2226 2362 2324 2415 ista
2361 2377 2504 2416 mors
2544 2365 2665 2417 vitae
2698 2368 2978 2420 contraria
3009 2408 3024 2431 ,
3060 2385 3219 2437 quam
3260 2370 3425 2438 posuit
3460 2370 3573 2422 Deus
3612 2378 3698 2420 ante

2225 2453 2411 2506 oculos
2439 2455 2704 2506 nostros?
2762 2454 2839 2508 De
2870 2456 2967 2510 illo
3003 2458 3110 2511 dici
3152 2470 3309 2526 puto.
3341 2460 3399 2511 de
3434 2474 3522 2524 quo
3561 2452 3700 2508 Paulus

2223 2541 2356 2593 dicit
2379 2541 2421 2571 9"
2448 2556 2462 2590 :
2497 2557 2516 2589 ι
2543 2539 2890 2599 Novissimus
2939 2547 3191 2601 inimicus
3232 2550 3507 2601 destruetur
3536 2561 3695 2598 Illtll‘Sd

2223 2630 2328 2683 Istc
2357 2640 2438 2682 est
2486 2644 2613 2698 ergo
2654 2631 2920 2688 inimicus
2963 2636 3227 2697 diabolus.
3254 2639 3339 2705 qui
3375 2638 3524 2705 primo
3545 2636 3700 2702 quidem

2223 2732 2344 2775 ante
2373 2722 2555 2776 oculos
2584 2728 2823 2793 positus.
2861 2728 2958 2781 sed
3002 2729 3326 2783 novissimus
3345 2728 3614 2782 destruetur.
3635 2724 3704 2776 Pu-

2221 2813 2353 2868 situs
2387 2824 2564 2866 autem
2599 2816 2787 2868 fuerat
2824 2828 2951 2870 ante
2976 2819 3161 2871 oculos
3182 2857 3197 2880 ,
3229 2832 3328 2872 nan
3354 2827 3403 2869 ut
3432 2827 3702 2883 sequeremur

2220 2915 2362 2965 enin,
2387 2904 2480 2955 scd
2511 2910 2567 2956 ut
2588 2903 2920 2959 vitaremus.
2968 2905 3121 2961 Unde
3161 2914 3215 2961 et
3253 2905 3469 2960 arbitror
3495 2902 3704 2972 (ιιωάίρεθ

588 3005 696 3049 tem
735 2997 800 3059 ει,
835 2998 959 3064 quia
999 3013 1020 3046 ι
1049 2997 1134 3050 hic
1167 2995 1383 3063 sanguis
1416 3009 1564 3047 meus
1594 3004 1693 3057 est,
1722 2993 1812 3061 qui
1843 3009 1940 3059 pro
1970 2995 2119 3048 vobis
2147 3025 2187 3080 C
2222 3004 2316 3055 per
2349 3004 2405 3042 se
2427 2991 2608 3043 anima
2643 2992 2921 3057 humana,
2974 3009 3150 3063 neque
3198 2993 3444 3057 mortalis,
3477 3007 3615 3058 neque
3640 2992 3707 3041 itu-

586 3086 885 3142 ctl‘undetur
936 3090 989 3140 in
1047 3086 1414 3140 remissionem
1466 3095 1827 3152 peccatorum.
1885 3103 1905 3137 ι
1961 3084 2121 3140 Novit

585 3176 745 3246 244
774 3178 859 3244 qui
893 3176 1160 3245 mysteriis
1192 3174 1424 3229 imbutus
1458 3182 1534 3227 est
1566 3174 1698 3243 (78),
1731 3182 1784 3228 et
1818 3190 2036 3229 carnem
2066 3187 2122 3230 et

584 3267 894 3335 sanguinem
919 3265 1077 3318 \‘erbi
1117 3264 1228 3318 Dei.
1261 3263 1374 3317 Non
1415 3254 1545 3334 ergo
1569 3266 1915 3318 immoremur
1947 3267 1997 3318 in
2036 3267 2119 3319 his

583 3370 701 3422 quae
728 3363 782 3409 et
810 3355 1101 3408 scientibus
1128 3364 1252 3408 nota
1281 3361 1425 3419 sunt,
1461 3363 1514 3405 et
1543 3354 1915 3422 ignorantibus
1939 3364 2119 3423 patere

583 3459 686 3497 non
720 3455 963 3513 possunt.
995 3444 1146 3509 Quod
1173 3452 1351 3496 autem
1391 3453 1580 3496 contra
1623 3443 1879 3497 orientem
1910 3459 2119 3511 resper-

582 3536 679 3604 git,
709 3551 812 3590 non
838 3535 1010 3588 otiose
1043 3532 1295 3601 accipias.
1345 3533 1424 3585 Ab
1454 3528 1663 3585 oriente
1688 3532 1781 3586 tibi
1811 3533 2118 3600 prupitiatio

581 3623 747 3676 venit.
782 3623 905 3676 lude
930 3631 1012 3676 est
1037 3622 1178 3676 enim
1210 3621 1313 3683 vir,
1340 3621 1426 3673 cui
1457 3620 1647 3675 Oriens
1672 3636 1863 3673 nomen
1892 3629 1995 3684 est,
2025 3622 2115 3690 qui

583 3713 843 3766 mediator
872 3713 960 3765 Dei
987 3721 1041 3765 et
1082 3711 1354 3765 hominum
1383 3708 1556 3764 factus
1584 3718 1686 3764 est.
1716 3708 1965 3763 lnvitaris
1986 3726 2115 3779 ergo

580 3817 674 3871 per
705 3806 824 3866 hoc,
853 3812 909 3854 ut
939 3803 1003 3856 ad
1028 3803 1288 3855 orientem
1312 3817 1523 3869 semper
1559 3801 1819 3868 aSpicias,
1846 3801 1986 3853 unde
2016 3801 2110 3853 tibi

581 3895 750 3948 oritur
782 3892 1115 3959 soljustitite,
1142 3891 1281 3944 unde
1332 3906 1542 3956 semper
1589 3889 1682 3943 tibi
1716 3889 1892 3942 lumen
1941 3889 2114 3942 nasci-

583 3995 701 4036 tur:
734 3992 788 4036 ttt
822 3996 1090 4046 nunquam
1128 3980 1178 4032 in
1218 3980 1456 4033 tenebris
1487 3980 1747 4043 ambules,
1799 3993 1971 4046 neque
2001 3981 2114 4033 dies

580 4072 668 4125 ille
703 4070 1023 4124 novissimus
1078 4068 1214 4119 tein
1268 4069 1504 4122 tenebris
1560 4067 2012 4136 comprehendat:
2047 4081 2113 4120 ne

582 4161 674 4213 tibi
710 4158 1018 4226 ignorantia:
1048 4170 1150 4208 nox
1179 4165 1231 4209 et
1264 4157 1432 4224 caligo
1462 4159 1731 4225 subrepat,
1763 4156 1855 4210 sed
1889 4165 1945 4206 ut
1974 4171 2112 4208 sem-

581 4261 675 4313 per
707 4247 759 4297 in
793 4245 1028 4297 scientia:
1056 4243 1172 4298 luce
1196 4245 1449 4311 verseris,
1507 4260 1718 4312 semper
1746 4245 1947 4298 habeas
1969 4245 2110 4298 diem

2224 3080 2467 3133 mortalis
2495 3081 2597 3134 dici
2630 3093 2829 3149 potest
2861 3103 2877 3152 ;
2918 3086 3015 3139 sed
3069 3088 3113 3139 si
3160 3085 3434 3155 contigerit
3466 3085 3629 3143 vitam,
3659 3095 3702 3131 ei

2222 3172 2502 3237 participio
2536 3173 2656 3226 vita:
2693 3177 2803 3229 erit
2849 3178 3219 3244 immortalis;
3251 3179 3302 3231 iu
3334 3180 3480 3230 vitatu
3504 3175 3709 3228 enimnon

2221 3261 2408 3314 incidit
2434 3276 2582 3316 mors
2619 3281 2634 3329 ;
2704 3268 2751 3319 si
2807 3282 2941 3322 vero
2983 3279 3241 3324 avertens
3278 3284 3332 3323 se
3357 3284 3383 3320 a
3418 3268 3512 3321 vita
3554 3262 3712 3332 partici-

2220 3352 2363 3417 pium
2391 3356 2613 3407 traxerit
2649 3361 2877 3422 tuortis,
2915 3361 3034 3429 ipsa
3071 3377 3130 3415 se
3159 3360 3287 3414 facit
3333 3374 3441 3414 esse
3482 3356 3711 3410 mortalem.

2220 3442 2284 3494 Et
2308 3442 2426 3495 ideo
2449 3444 2721 3512 propheta
2748 3448 2886 3504 dicit
2915 3451 2962 3482 ⁸⁸
2991 3469 3004 3504 :
3043 3470 3062 3502 ι
3098 3452 3290 3505 Anima
3310 3465 3422 3519 quae
3444 3444 3709 3517 peccat,ipsa

2219 3534 2520 3597 morietur;
2564 3552 2581 3584 ι
2625 3542 2884 3604 quamvis
2927 3553 3161 3595 mortem
3213 3544 3325 3606 ejus
3362 3558 3457 3594 non
3494 3538 3551 3591 ad
3592 3537 3712 3587 inter-

2220 3620 2346 3672 ilum
2399 3625 2727 3680 substantia:
2775 3633 3109 3698 sentiamus,
3168 3636 3259 3689 sed
3306 3634 3402 3686 hoc
3439 3632 3582 3698 ipsum
3615 3622 3713 3691 quod

2217 3709 2385 3763 aliena
2420 3719 2471 3763 et.
2499 3717 2747 3770 extorris
2774 3721 2900 3773 sita
2933 3723 3068 3789 Deo,
3096 3726 3185 3792 qui
3218 3741 3337 3777 vera
3370 3725 3466 3775 vita
3506 3729 3590 3783 est,
3613 3727 3716 3765 mors

2214 3799 2263 3851 ei
2317 3815 2438 3853 esse
2483 3804 2767 3858 credenda
2814 3819 2923 3864 est.
2978 3812 3137 3866 Nulla
3185 3829 3309 3883 ergo
3361 3808 3644 3880 partitipatiu
3680 3804 3719 3853 lil

2209 3886 2431 3955 justitia:
2452 3904 2576 3943 cum
2606 3893 2935 3965 iniquitate,
2965 3904 3117 3956 nulla
3154 3906 3379 3958 societas
3407 3902 3524 3955 lucis
3546 3899 3596 3950 ad
3616 3906 3719 3947 tene-

2213 3979 2361 4040 bras,
2396 3979 2539 4033 nulla
2590 3993 2978 4044 consonantia
3020 3992 3243 4048 Christo
3277 4009 3392 4048 cum
3439 3986 3650 4044 Belial".
3679 3981 3718 4033 Si

2213 4067 2466 4135 elegimus
2498 4070 2710 4139 vitam,
2749 4091 2977 4148 semper
3012 4084 3289 4145 vivemus,
3325 4098 3461 4136 mors
3499 4078 3624 4133 nobis
3647 4088 3721 4125 non

2214 4158 2608 4225 ἀθηιίηθὺίιιινν
2659 4176 2719 4218 et
2761 4171 3136 4238 complebitur
3184 4174 3238 4227 in
3283 4173 3431 4227 nobis
3467 4184 3613 4225 sermo
3651 4166 3723 4216 υθ·

2214 4247 2367 4309 "lilii.
2400 4249 2490 4316 qui
2530 4250 2680 4307 dixit
2714 4257 2732 4286 ί
2764 4273 2778 4309 :
2824 4276 2844 4308 ε
2874 4261 2977 4325 Qui
3014 4265 3192 4317 credit
3226 4266 3276 4317 in
3313 4278 3410 4327 me,
3445 4258 3617 4317 etiamsi
3641 4269 3726 4308 mo-

582 4335 728 4397 lidei,
760 4347 969 4400 semper
999 4332 1172 4385 lumen
1212 4332 1491 4387 charitatis
1525 4343 1580 4387 et
1611 4333 1757 4401 pacis
1804 4333 2070 4387 obtineas.
2138 4339 2184 4393 D
2215 4338 2418 4401 riatur,
2482 4339 2655 4397 vivet.
2712 4364 2732 4396 t
2782 4347 3070 4416 Eligamus
3111 4371 3244 4422 ergo
3301 4354 3491 4417 vitam,
3529 4350 3726 4416 eligamus

650 4425 734 4478 ll.
766 4423 922 4476 Addit
953 4432 1069 4487 post
1093 4421 1203 4475 haec
1233 4422 1509 4490 Scriptura
1543 4422 1586 4453 ⁹¹
1615 4440 1628 4474 :
1669 4438 1689 4471 ι
1729 4422 1795 4474 Et
1825 4437 1927 4475 non
1979 4424 2105 4488 erit,

581 4518 773 4586 inquit,
810 4517 963 4569 homo
991 4529 1108 4568 cum
1135 4513 1460 4582 ingredietur
1488 4512 1719 4582 pontifex
1772 4513 1909 4565 intra
1961 4515 2105 4566 vela-

582 4625 698 4662 men
730 4606 950 4660 interius
980 4605 1030 4657 in
1086 4603 1486 4656 tabernaculum
1538 4602 1848 4655 testimonii.
1890 4619 1908 4651 ι
1961 4606 2106 4667 Quo-

580 4697 737 4751 modo
764 4696 865 4749 no’n
899 4696 1001 4748 erit
1043 4693 1242 4747 homo?
1270 4692 1379 4760 Ego
1405 4693 1486 4744 sic
1533 4688 1739 4755 accipio
1764 4729 1779 4752 ,
1835 4694 1976 4759 quod
2015 4695 2104 4761 qui

575 4784 804 4855 potuerit
826 4781 974 4850 sequi
1008 4781 1302 4841 Christum,
1333 4790 1386 4831 et
1414 4784 1692 4845 penetrare
1721 4789 1839 4826 cum
1875 4789 1938 4827 eo
1974 4778 2106 4831 inte-

642 4925 688 4955 "
726 4921 865 4975 Psal.
928 4936 1114 4981 sxxnx,
1173 4919 1227 4969 5.
1302 4917 1347 4948 ⁸ο
1377 4915 1686 4972 Levit.xvr,
1748 4913 1830 4964 l5.

574 4993 619 5024 “
662 4994 812 5045 Deut.
843 5003 974 5051 xxx,
1004 4989 1090 5042 15.
1164 4987 1209 5018 ⁸⁵
1244 4986 1437 5038 Cenes.
1493 4997 1573 5041 Ill,
1625 4983 1703 5033 l9.

573 5075 649 5123 Vl,
680 5060 767 5125 14,
802 5059 890 5112 15.
970 5055 1163 5107 'Juan.
1191 5069 1265 5116 XI,
1289 5052 1377 5105 25.

637 5168 747 5236 (Ἲῖ)
786 5167 936 5236 Libb.
973 5163 1099 5219 editi
1121 5172 1238 5230 post
1278 5159 1763 5236 t_pr_0pilial0l‘illtlt
1812 5177 1830 5207 ι
1877 5161 2094 5226 addunt,

576 5254 594 5284 ι
623 5231 809 5289 contra
839 5235 1101 5288 orientem
1139 5250 1157 5282 ι
1192 5232 1329 5297 quod
1359 5231 1511 5282 abest
1540 5238 1647 5277 tum
1681 5242 1707 5275 a
1743 5238 1894 5289 titSs.,
1918 5237 2025 5281 tum
2062 5249 2091 5283 ει

569 5313 819 5355 contextu
845 5302 1027 5355 Graeco
1059 5298 1403 5363 Septuaginta
1444 5297 1812 5360 interpretum.

639 5371 748 5439 (78)
787 5370 937 5422 Nortt
967 5369 1054 5431 qui
1094 5365 1590 5439 ntysteriis‘imbulns
1614 5371 1712 5439 est,
1754 5371 1855 5439 etc.
1882 5362 2093 5416 Eucha-

570 5430 1059 5505 ris‘tiae'mysteriutu
1092 5430 1193 5505 non
1215 5436 1461 5505 omnibus
1488 5430 1879 5505 [iﬁlOililLﬂdllCO
1927 5445 2088 5505 parce

572 5505 634 5570 de
660 5517 720 5570 eo
744 5498 989 5570 loquitur.
1026 5502 1148 5570 Scio
1171 5504 1413 5568 equidem
1458 5516 1484 5570 a
1530 5498 1795 5570 nonnullis
1838 5500 2091 5570 vapulare

575 5567 824 5620 littllnuut
860 5573 1010 5637 quasi
1061 5567 1407 5637 plttrimorum
1460 5569 1692 5621 locorum
1745 5567 2087 5634 interpolator

1926 4915 1968 4945 ⁹¹
2005 4916 2193 4976 Matth.
2234 4937 2378 4985 xxvr,
2419 4923 2509 4977 28.

1778 4982 1824 5012 ⁹⁶
1850 4979 2004 5037 Joan.
2030 5002 2136 5053 xw,
2182 4992 2234 5042 6.

2214 4424 2410 4487 lucem,
2455 4433 2515 4477 ιιι
2560 4429 2615 4481 in
2676 4432 2769 4485 die
2819 4437 3057 4493 honeste
3102 4443 3454 4509 ambulemus,
3500 4448 3547 4493 ut
3583 4446 3625 4488 tl
3658 4445 3726 4486 nos

2213 4524 2495 4580 sequentes
2536 4516 2733 4573 Jesuut
2778 4525 2925 4578 intra
2977 4531 3229 4586 velamen
3278 4530 3576 4587 tabernaculi
3618 4526 3721 4577 inle-

2214 4604 2398 4665 τῖονίεο
2433 4604 2547 4670 iam
2601 4624 2714 4664 non
2768 4616 2953 4672 simus
2996 4631 3053 4671 ιιι
3093 4624 3344 4678 homines
3388 4620 3629 4679 mortales,
3661 4611 3727 4666 εθιι

2213 4702 2270 4744 ut
2302 4693 2475 4761 angeli
2514 4697 2914 4771 immortales,
2959 4724 3085 4763 cum
3129 4713 3476 4766 novissimum
3514 4705 3726 4762 inimicum

2210 4784 2814 4847 destruxeritntortem
2862 4798 2982 4864 ipse
3036 4801 3301 4856 Dominus
3350 4802 3494 4856 Jesus
3526 4795 3729 4851 Chrisws,

2625 4930 2675 4960 θ’
2722 4929 2904 5003 Levii.
2957 4953 3075 5003 xvi,
3115 4941 3204 4994 Π.
3277 4942 3324 4972 ⁸³
3353 4937 3483 4992 Psal.
3511 4925 3730 5003 cuncti.

2309 4992 2391 5043 ⁹⁷Ι
2420 4993 2548 5046 Cor.
2587 5012 2685 5062 xv,
2715 5002 2812 5058 26.
2892 5005 2941 5036 "
2969 4992 3368 5071 Etet-hamati,
3394 5010 3447 5060 4.
3512 5006 3550 5035 ⁹⁰
3580 5001 3614 5052 ll
3640 5000 3730 5050 Cor.

2206 5165 2368 5253 fuerit
2395 5169 2482 5253 ubi
2510 5184 2925 5253 mysteriorum
2962 5198 3072 5236 non
3114 5186 3545 5253 publicandorum
3576 5168 3729 5253 ῃιῇιιβίίξ

2201 5236 2300 5317 lit_;
2345 5238 2438 5289 sed
2463 5236 2894 5317 itti‘q'uaistha'c
2928 5236 3491 5307 criminratio’vahundc
3531 5239 3734 5317 refellitur

2197 5305 2282 5390 ξζξεί
2342 5320 2409 5390 ἐκ
2465 5308 2853 5390 C§18b£i_huc
2915 5305 3181 5390 Ot'igenisr
3226 5305 3399 5376 effatu
3439 5319 3531 5373 sub
3572 5312 3734 5390 initiunt

2202 5371 2301 5455 liti.
2342 5388 2359 5425 ι
2399 5383 2587 5455 contra
2618 5378 2866 5451 Celsum,
2895 5371 3428 5455 nugacitasuzaas,
3451 5371 3511 5440 ut
3546 5393 3591 5455 et
3632 5373 3734 5454 ne“!

2194 5442 2664 5527 Pi'j'f’sfll’msuel
2727 5442 2969 5527 Rejltiic‘s
3027 5442 3435 5527 quandamesse
3472 5454 3646 5527 κρύφια
3684 5442 3739 5512 μὴ

2192 5510 2272 5569 εις
2305 5512 2431 5573 τοὺς
2467 5512 2711 5581 πολλοὺς
2729 5510 3058 5589 ’φθάνονταξ
3089 5510 3144 5581 cf
3159 5510 3483 5599 ecateida.
