3948 6206
302 408 379 476 qui
400 410 488 458 est
511 401 614 465 via,
638 412 696 458 et
719 406 941 470 veritas,
967 410 1020 456 et
1049 404 1176 460 vita

300 500 438 554 rium
461 496 516 550 in
544 495 739 550 δωρυὶει
773 499 1114 554 saeculorum.
1151 503 1376 563 Amen.

886 605 1167 662 llOMlLlA
1212 613 1295 668 Χ,

291 698 363 752 De
384 697 612 769 jejunio
643 702 854 783 quodin
876 705 953 754 die
979 704 1394 784 propitiationis
1432 711 1510 784 ﬁt,
1563 714 1695 764 etde
1740 714 1882 764 hirco

658 778 742 835 qui
777 778 830 823 in
859 786 1079 824 eremum
1118 778 1431 831 dimittitur
1461 782 1500 832 ¹.

350 862 420 914 1.
481 862 595 916 Nos
631 863 862 930 quidem,
913 862 999 930 qui
1025 861 1092 914 de
1147 863 1405 921 Ecclesia
1445 885 1648 932 sumus,
1696 869 1882 920 merito

280 951 539 1021 lluysen
594 953 911 1019 recipimus,
954 960 1009 1006 et
1052 954 1263 1022 scripta
1311 958 1430 1024 ejus
1466 960 1709 1028 legimus,
1761 975 1883 1012 sen-

278 1044 517 1100 tientes
546 1044 622 1096 de
651 1059 737 1104 eo,
761 1044 897 1109 quod
928 1044 1186 1111 propheta
1219 1056 1271 1099 et
1326 1049 1435 1102 Deo
1467 1050 1565 1101 sibi
1595 1051 1877 1117 revelaute,

274 1133 323 1184 iu
356 1133 688 1203 symbolis,
723 1143 773 1186 et
804 1133 1008 1202 ﬁguris,
1058 1149 1122 1187 ac
1175 1135 1372 1191 formis
1419 1140 1719 1208 allegoricis
1754 1157 1881 1194 con-

272 1223 610 1288 scripserit
658 1223 836 1277 futura
888 1225 1170 1293 mysteria,
1224 1241 1346 1292 quae
1399 1228 1452 1281 in
1503 1240 1742 1298 tempore
1781 1247 1880 1284 suo

273 1309 578 1365 docemus
621 1312 863 1379 impleta.
915 1313 1017 1379 Qui
1070 1329 1202 1368 vero
1257 1315 1516 1380 ejusmodi
1556 1320 1608 1372 iu
1654 1334 1718 1372 eo
1775 1337 1876 1374 non

271 1400 505 1466 recipit
562 1414 813 1462 sensum,
869 1403 984 1456 sire
1028 1402 1337 1457 Judaeorum
1378 1406 1517 1472 quis,
1559 1408 1672 1459 sive
1717 1410 1876 1461 etiam

270 1501 633 1543 nostrorum
666 1500 773 1556 est,
820 1492 866 1546 is
896 1508 959 1546 ne
988 1495 1303 1563 prophetam
1336 1497 1543 1563 quidem
1569 1512 1687 1551 eum
1717 1500 1878 1554 fuisse

268 1582 499 1636 docere
523 1592 717 1651 potest
741 1601 754 1636 :
781 1584 1049 1650 quomodo
1077 1587 1223 1640 enim
1252 1589 1568 1656 prophetam
1604 1591 1871 1656 probabit,

266 1672 449 1740 cuius
471 1673 702 1728 litteras
727 1687 936 1728 asserat
964 1690 1088 1729 esse
1106 1691 1448 1743 communes,
1480 1679 1647 1732 futuri
1678 1681 1873 1734 nullius

1491 304 1560 357 IN
1598 302 1964 358 LEVlTlCUM
2003 300 2278 357 llOMlLIA
2320 302 2384 356 Χ.

1216 433 1229 466 :
1271 418 1369 471 cui
1412 422 1585 492 gloria
1621 433 1674 477 ct
1712 424 1873 490 impc-
1914 434 1958 487 Α
1988 421 2314 487 dispensatio
2336 417 2663 487 procuravit,
2708 425 2766 470 ut
2811 427 2863 473 et
2907 420 3094 473 civitas
3135 421 3272 488 ipsa,
3301 427 3353 470 et
3384 429 3519 473 tem-

3421 307 3521 361 59.6

1990 509 2150 575 plum,
2176 517 2228 562 et
2258 508 2431 561 omnia
2476 506 2561 559 illa
2602 508 2799 574 pariter
2830 508 3302 562 subverterentur:
3332 524 3397 562 ne
3425 511 3516 576 qui

1990 598 2128 651 forte
2159 599 2331 650 adhuc
2360 595 2613 664 parvulus
2662 603 2716 647 et
2752 595 2955 649 lactens
3003 597 3053 648 in
3097 596 3198 649 ﬁde
3237 598 3280 649 si
3316 598 3520 650 videret

1989 687 2076 738 illa
2131 695 2398 748 constare,
2430 686 2553 737 dum
2582 683 2966 751 sacriﬁciorum
2995 684 3175 743 ritum.
3211 685 3333 736 dum
3365 686 3524 737 mini-

1988 776 2269 830 Steriorum
2318 776 2559 828 ordinem
2602 774 2861 828 att0nitus
2898 781 3150 840 stuperet,
3202 773 3314 840 ipso
3343 774 3518 826 diver-

1988 880 2167 919 sarum
2207 865 2495 918 formarmn
2523 873 2797 929 raperetur
2841 862 3056 915 intuitu.
3092 862 3197 914 Sed
3237 862 3518 928 providens

1988 955 2124 1007 Deus
2159 954 2452 1007 inﬁrmitati
2491 964 2708 1013 nostra.
2739 962 2790 1006 et
2830 953 3012 1015 volens
3046 951 3384 1019 multiplicari
3422 952 3519 1005 Ec-

1986 1042 2196 1094 clesiam
2230 1058 2377 1094 suam
2401 1081 2417 1105 ,
2445 1044 2620 1095 utunia
2668 1043 2755 1095 illa
2800 1042 3036 1094 subverti
3066 1041 3192 1095 fecit
3219 1051 3272 1093 et
3306 1043 3521 1108 penitus

1985 1130 2278 1192 auferri,nt
2299 1132 2414 1182 sine
2444 1131 2546 1182 ulla
2580 1131 2915 1184 cttnctatioue
2941 1130 3043 1182 illis
3058 1131 3518 1183 cessantihnshaee

1985 1235 2107 1272 vera
2156 1235 2273 1272 esse
2300 1260 2315 1282 ,
2367 1235 2462 1289 pro
2499 1219 2689 1287 quibus
2729 1222 2780 1272 in
2815 1220 2919 1273 illis
2951 1231 3101 1290 typus
3153 1230 3516 1287 przecesserat,

1984 1309 2340 1364 crederemus.

2049 1395 2104 1451 2.
2139 1395 2289 1449 Unde
2320 1409 2373 1450 et
2398 1414 2540 1452 nunc
2564 1398 2783 1452 dicenda
2819 1398 2970 1453 nobis
3003 1408 3125 1452 sunt
3154 1400 3329 1468 aliqua
3358 1403 3514 1455 etiam

1983 1485 2048 1536 ad
2078 1499 2190 1544 eos,
2216 1486 2310 1551 'qui
2346 1495 2533 1552 putant
2565 1502 2662 1554 pro
2694 1490 2942 1539 mandato
2983 1486 3114 1555 legis
3163 1487 3263 1539 sibi
3303 1503 3516 1556 quoque

1979 1570 2277 1626 Judteorum
2300 1575 2556 1642 jejunium
2585 1575 2954 1643 jejnnandum,
2985 1585 3037 1629 et
3072 1575 3242 1642 primo
3279 1577 3512 1629 omnium

1982 1662 2319 1716 sermonibus
2352 1673 2472 1716 utar
2519 1663 2667 1716 Pauli
2701 1665 2930 1717 dicentis
2963 1683 2976 1717 :
3007 1666 3127 1732 quia
3163 1666 3205 1717 si
3254 1666 3371 1732 quis
3399 1664 3510 1718 vult

264 1763 582 1828 conscias,
621 1780 726 1818 nec
746 1766 948 1818 “cum
982 1767 1186 1834 aliquid
1215 1769 1454 1835 mysterii
1497 1770 1829 1823 continentes
1856 1772 1878 1823 ρ
1909 1750 1949 1801 Β
1980 1763 2138 1801 ιιιιιιιιι
2173 1751 2370 1818 aliquid
2400 1751 2670 1805 custodire
2721 1753 2785 1805 de
2833 1753 3292 1807 observationibus
3353 1754 3506 1823 legis,

275 1850 464 1907 Hunc
514 1854 719 1920 itaque
759 1855 851 1922 qui
890 1855 963 1909 ita
1006 1856 1191 1919 sentit,
1237 1856 1494 1924 legentem
1546 1858 1660 1912 hare
1701 1859 1878 1925 arguit

268 1954 486 1996 sermo
538 1942 792 2005 divinus,
842 1952 901 1997 et
946 1943 1131 1997 dicit’
1182 1960 1199 1997 :
1258 1962 1277 1996 ι
1336 1944 1562 1998 Putasne
1613 1947 1865 2015 intelligis

280 2045 416 2097 quae
460 2031 608 2099 legis
633 2032 658 2084 ?
688 2051 708 2083 ι
744 2032 841 2093 Est
885 2048 1017 2100 ergo
1068 2033 1177 2098 lex,
1225 2044 1276 2087 et
1319 2035 1495 2087 omnia
1519 2050 1636 2104 quae
1677 2038 1730 2091 in
1765 2038 1878 2106 lege

292 2132 446 2182 sunt,
493 2125 813 2175 secundum
864 2116 1126 2188 Apostoli‘
1157 2125 1470 2176 sententiam
1525 2125 1547 2156 ‘
1590 2140 1757 2194 usque
1809 2128 1875 2181 ad

298 2218 514 2277 wmpus
571 2211 940 2264 correctionis
983 2213 1250 2278 imposita,
1300 2221 1355 2266 et
1394 2213 1532 2267 sicut
1579 2215 1631 2267 hi
1681 2216 1875 2282 quibus

297 2299 599 2351 artiﬁcium
614 2308 704 2352 est
725 2300 882 2366 signa
903 2315 972 2352 ex
990 2314 1096 2352 aere
1117 2299 1312 2362 lacere,
1332 2309 1384 2355 et
1401 2310 1605 2355 statuas
1635 2303 1872 2367 fundere,

298 2399 603 2457 antequam
667 2403 870 2442 verum
900 2404 1036 2456 opus
1058 2390 1179 2443 aeris
1198 2391 1501 2458 producant,
1528 2403 1619 2444 aut
1646 2396 1873 2460 argenti,

302 2479 386 2530 vel
437 2479 587 2539 auri,
638 2477 966 2546 ﬁgmentum
1023 2480 1170 2543 prius
1218 2479 1313 2532 luti
1353 2480 1418 2531 ad
1477 2481 1874 2537 similitudinem

296 2565 497 2621 futura:
548 2566 813 2633 imaginis
860 2550 1095 2619 formant
1138 2565 1250 2636 (79)
1299 2581 1314 2620 :
1359 2571 1499 2634 quod
1563 2569 1872 2638 ﬁgmentum

295 2655 677 2708 necessarium
711 2655 937 2722 quidem
983 2663 1085 2717 est,
1122 2654 1213 2706 sed
1265 2669 1539 2722 usquequo
1578 2671 1708 2724 opus
1729 2659 1873 2725 quod

294 2743 601 2810 principale
623 2751 732 2803 est,
758 2742 1046 2808 expleatur
1066 2760 1078 2794 :
1098 2757 1218 2795 cum
1241 2753 1417 2798 autem
1441 2744 1602 2798 fuerit
1622 2744 1868 2800 effectum

290 2849 432 2901 Opus
457 2836 591 2889 illud
627 2844 861 2903 propter
893 2836 1032 2901 quod
1089 2834 1393 2902 ﬁgmentum
1423 2835 1517 2889 luti
1556 2836 1729 2890 fuerat
1761 2838 1873 2890 for-

294 2933 531 2987 matum,
565 2937 704 2976 usus
725 2921 846 2988 ejus
869 2922 1008 2972 ultra
1044 2937 1148 2975 non
1185 2924 1438 2987 quaeritur
1473 2940 1486 2974 :
1529 2923 1632 2975 tale
1669 2923 1871 2992 aliquid

292 3015 538 3083 intellige
564 3012 744 3066 etiam
780 3013 834 3064 in
871 3011 974 3075 his,
1003 3025 1122 3077 qua:
1164 3012 1217 3065 in
1256 3021 1377 3080 typo
1412 3021 1465 3064 et
1501 3012 1669 3080 ﬁgura
1723 3012 1872 3065 futu-
1896 3045 1936 3100 ο

292 3118 482 3157 ισοτιιιη
523 3105 580 3155 in
614 3102 746 3170 lege
790 3110 846 3154 et
884 3100 1182 3167 prophetis,
1228 3101 1312 3154 vel
1347 3104 1566 3169 scripta,
1608 3102 1687 3155 vel
1722 3113 1865 3169 gesta

287 3204 436 3251 sunt.
464 3192 643 3249 Venit
678 3191 832 3245 enim
869 3190 982 3257 ipse
1005 3191 1200 3244 artifex
1237 3201 1292 3244 et
1317 3200 1502 3244 auctor
1527 3193 1784 3253 omnium,
1812 3199 1867 3244 et

290 3284 460 3349 legem
490 3297 623 3350 quae
652 3281 912 3334 umbram
949 3280 1508 3335 habebatfuturorum
1537 3279 1793 3332 bonorum
1820 3280 1864 3341 ',

289 3371 580 3423 transtulit
617 3371 692 3423 ad
726 3371 901 3436 ipsam
939 3369 1224 3439 imaginem
1261 3382 1459 3422 rerum.
1487 3369 1592 3421 Sed
1628 3383 1693 3420 ne
1728 3367 1866 3423 forte

285 3457 504 3512 difﬁcile
538 3459 644 3512 tibi
680 3458 906 3526 probari
943 3471 1101 3525 posse
1142 3471 1259 3524 quae
1298 3456 1529 3509 dicimus
1564 3455 1861 3518 videantur,

288 3559 635 3614 recognosce
668 3559 774 3612 per
793 3544 1031 3610 singula.
1056 3544 1186 3596 Erat
1215 3543 1362 3609 prius
1400 3542 1696 3596 Jerusalem
1740 3546 1865 3596 urbs

284 3633 377 3685 illa
431 3648 639 3702 magna
706 3632 927 3699 regalis,
1002 3632 1091 3685 ubi
1141 3632 1393 3698 templum
1446 3630 1861 3685 famosissimum

279 3722 446 3793 245
475 3725 593 3777 Deo
628 3721 814 3775 fuerat
852 3730 1205 3776 exstructum.
1240 3719 1598 3789 Posteaquam
1618 3735 1745 3774 vero
1771 3735 1861 3774 ve-

281 3814 363 3865 nit
395 3813 507 3877 ille,
539 3812 641 3879 qui
691 3818 816 3864 erat
862 3824 1045 3863 verum
1089 3808 1339 3876 templum
1389 3808 1507 3875 Dei,
1558 3817 1612 3861 et
1657 3810 1864 3863 dicebat

282 3901 349 3952 de
378 3901 593 3968 templo
620 3898 879 3966 corporis
899 3898 985 3951 sui
1020 3913 1035 3950 :
1068 3914 1087 3948 ι
1121 3897 1322 3951 Solvite
1345 3896 1597 3964 templum
1622 3898 1720 3951 hoc
1741 3898 1762 3927 °
1790 3936 1806 3961 ,
1838 3916 1856 3948 ι

276 3998 339 4042 et
378 3994 510 4058 quia
548 3988 804 4043 ctelestis
846 3985 1144 4040 Jerusalem
1197 3988 1361 4055 ccepit
1400 3988 1611 4056 aperire
1651 3998 1860 4057 mystev-

284 4079 361 4131 ria
390 4098 405 4133 :
442 4080 640 4132 deleta
678 4088 765 4130 est
797 4076 888 4128 illa
924 4086 1161 4138 terrena,
1195 4076 1285 4127 ubi
1317 4076 1555 4129 caelestis
1574 4078 1815 4144 apparuit
1843 4094 1857 4129 :

284 4162 339 4215 in
363 4163 574 4231 templo
625 4161 725 4213 illo
774 4175 883 4212 non
921 4159 1178 4211 remansit
1227 4159 1361 4226 lapis
1405 4175 1567 4227 super
1612 4162 1858 4229 lapidem,

284 4273 348 4310 ex
372 4274 484 4326 quo
513 4269 719 4310 verum
758 4253 1015 4320 templum
1047 4254 1139 4306 Dei
1185 4252 1328 4307 facta
1375 4262 1455 4307 est
1482 4266 1612 4306 caro
1638 4253 1855 4307 Christi.

1983 1854 2002 1886 ι
2031 1839 2294 1893 obnoxius
2339 1850 2422 1893 est
2473 1841 2738 1894 universae
2792 1843 2921 1909 legis
2970 1841 3227 1895 faciendae
3267 1843 3309 1896 ".
3347 1862 3367 1895 ι
3409 1843 3512 1910 Qui

1977 1941 2103 1995 ergo
2131 1928 2378 1982 observat
2411 1929 2513 1982 ista
2538 1928 2770 1995 jejnuia,
2819 1930 3071 1983 ascendat
3097 1940 3149 1982 et
3179 1940 3258 1985 ter
3285 1933 3336 1985 in
3373 1948 3513 1987 anno

1976 2017 2031 2068 in
2071 2016 2405 2083 Jerusalem,
2454 2030 2513 2071 ut
2555 2026 2805 2086 appareat
2835 2030 2957 2072 ante
2988 2021 3235 2088 templum
3280 2023 3510 2088 Domini,

1976 2114 2035 2159 ut
2070 2106 2259 2160 oﬁ‘erat
2288 2123 2345 2160 se
2365 2109 2659 2171 sacerdoti;
2688 2110 2923 2176 requirat
2953 2110 3120 2163 altare
3146 2112 3286 2178 quod
3315 2113 3365 2166 in
3396 2114 3513 2182 pnl-

1974 2207 2152 2246 verem
2200 2208 2406 2247 versum
2460 2204 2582 2259 est,
2636 2195 2826 2247 oll‘erat
2875 2195 3073 2248 hostias
3120 2198 3264 2249 nullo
3300 2210 3510 2253 astante

1974 2284 2243 2350 pontiﬁce.
2288 2280 2557 2351 Scriptum
2588 2291 2667 2337 est
2703 2284 2843 2336 enim
2870 2284 2920 2348 ⁸,
2964 2292 3020 2337 ιιι
3046 2286 3179 2338 duos
3208 2288 3385 2342 hircos
3427 2290 3510 2355 je-

1968 2368 2167 2434 junans
2191 2370 2416 2437 populus
2447 2371 2636 2424 oll‘erat
2672 2371 3015 2434 sacriﬁcium,
3051 2388 3211 2440 super
3235 2390 3367 2441 quos
3387 2392 3507 2430 sor-

1976 2466 2052 2512 tes
2076 2459 2212 2511 mitti
2247 2460 2494 2523 debeant,
2528 2468 2584 2512 ut
2610 2476 2745 2514 unus
2780 2476 2842 2515 ex
2874 2462 2957 2513 his
2997 2462 3086 2515 ﬁat
3129 2464 3335 2519 Domini
3368 2482 3506 2534 sors,

1972 2556 2024 2600 et
2048 2546 2222 2600 hostia
2255 2547 2475 2603 Domino
2503 2547 2787 2614 oll’cratur;
2832 2551 3054 2604 alterius
3084 2568 3207 2606 vero
3249 2571 3365 2611 sors
3394 2558 3506 2622 ﬁat,

1974 2644 2032 2689 ut
2066 2637 2361 2689 dimittatur
2403 2639 2456 2690 in
2504 2653 2738 2692 eremum
2789 2639 2940 2693 vivus
2967 2682 2980 2705 ,
3018 2642 3106 2707 qui
3139 2652 3190 2695 et
3223 2643 3418 2699 habeat
3451 2647 3507 2700 in

1972 2741 2030 2779 se
2075 2736 2292 2794 peccata
2343 2727 2543 2796 populi.
2601 2728 2722 2781 llaec
2766 2730 2859 2782 tibi
2904 2734 3081 2784 omnia
3117 2746 3507 2802 cuiiseqnenter

1971 2816 2229 2881 explenda
2258 2826 2400 2880 sunt,
2435 2816 2522 2883 qui
2568 2817 2648 2869 vis
2676 2819 2966 2872 secundum
3011 2833 3330 2887 prmceptum
3376 2824 3506 2891 legis

1970 2905 2253 2957 observare
2295 2905 2553 2972 jejunium
2603 2923 2617 2959 :
2662 2908 2726 2960 de
2758 2908 2951 2976 quibus
2997 2928 3025 2963 a
3062 2913 3211 2965 nobis
3249 2915 3460 2981 quidem
3488 2956 3503 2977 ,

1969 2992 2461 3061 prout'potuimus,
2514 2996 2774 3063 superiori
2824 2997 3183 3066 disputatione
3217 3003 3500 3057 dissertum

1969 3092 2068 3135 est.
2102 3082 2299 3136 Tamen
2339 3086 2588 3151 quoniam
2631 3087 2778 3141 dives
2809 3096 2888 3140 est
2941 3104 3119 3143 sermo
3163 3093 3279 3153 Dei,
3315 3101 3368 3145 et
3419 3109 3504 3147 se.

1967 3172 2195 3224 cundum
2246 3174 2564 3225 sententiam
2621 3173 2925 3227 Salomonis
2962 3177 2984 3208 ⁸
3021 3193 3123 3231 non
3170 3179 3501 3247 simpliciter,

1967 3262 2059 3314 sed
2083 3269 2135 3314 et
2166 3262 2442 3329 dupliciter
2462 3272 2512 3316 et
2546 3262 2826 3330 tripliciter
2849 3267 3228 3322 describendus
3257 3270 3307 3322 in
3341 3272 3502 3325 corde

1965 3362 2066 3415 est,
2103 3361 2369 3406 tentemus
2397 3353 2554 3405 etiam
2585 3370 2726 3407 nunc
2754 3355 2949 3407 addere
2980 3357 3155 3424 aliqua
3182 3360 3247 3411 ad
3272 3375 3354 3423 ea,
3382 3375 3500 3427 quae

1965 3441 2159 3493 dudum
2193 3456 2287 3508 pro
2316 3442 2519 3495 viribus
2554 3443 2693 3498 dicta
2725 3453 2867 3512 sunt,
2907 3454 2963 3499 ut
3006 3450 3348 3504 ostendamus
3375 3465 3502 3518 quo-

1968 3532 2120 3582 modo
2148 3531 2196 3582 in
2229 3541 2351 3600 typo
2383 3531 2683 3584 l‘lturorum
2709 3536 2867 3586 etiam
2893 3534 2979 3588 hic
3008 3553 3141 3589 unus
3170 3537 3351 3593 hircus
3391 3540 3497 3594 Do-

1965 3619 2108 3669 mino
2133 3617 2341 3671 oblatus
2368 3628 2448 3671 est
2497 3621 2687 3681 hostia,
2740 3631 2794 3673 et
2845 3623 2981 3676 alius
3021 3623 3174 3677 vivus
3220 3626 3496 3681 dimissus.

1963 3706 2097 3758 Audi
2130 3706 2178 3759 in
2220 3707 2524 3775 Evangeliis
2555 3708 2777 3761 Pilatum
2809 3711 3069 3764 dicentem
3099 3714 3163 3766 ad
3193 3718 3499 3769 sacerdotes

1962 3806 2015 3848 et
2043 3795 2291 3864 populum
2319 3796 2624 3850 Judtcorum
2662 3798 2703 3828 ¹⁰
2729 3814 2742 3849 :
2780 3816 2797 3848 σ
2832 3798 2994 3863 Quem
3021 3801 3178 3855 vultis
3206 3803 3269 3861 de
3296 3803 3500 3858 duobus

1962 3886 2223 3937 dimittam
2275 3887 2466 3950 vobis,
2525 3886 2704 3940 Jesum
2762 3889 2849 3955 qui
2903 3888 3097 3942 dicitur
3124 3890 3392 3957 Christus,
3430 3908 3498 3947 an

1960 3973 2298 4027 Barabbam?
2326 3994 2344 4026 ι
2380 3975 2530 4029 Tunc
2562 3976 2816 4029 clamavit
2840 3978 3013 4030 omnis
3041 3980 3285 4047 populus,
3316 3989 3373 4033 ut
3398 3980 3500 4032 Ba-

1960 4065 2177 4117 rabbam
2235 4065 2566 4127 dimitteret,
2614 4065 2794 4120 .lesum
2851 4082 2977 4120 vero
3025 4069 3182 4121 morti
3239 4071 3495 4126 traderet.

1960 4154 2095 4208 Ecce
2128 4154 2292 4207 habes
2330 4154 2536 4208 hircum
2578 4156 2668 4224 qui
2720 4157 2969 4211 dimissus
2997 4166 3079 4210 est
3109 4159 3260 4214 vivus
3290 4160 3342 4213 in
3375 4176 3497 4215 ere-

1961 4260 2138 4305 mum,
2169 4251 2386 4310 peccata
2427 4258 2603 4295 secum
2644 4243 2819 4312 populi
2870 4244 3082 4310 ferens,
3132 4246 3415 4301 clamantis
3441 4257 3496 4303 et

283 4345 410 4401 Εηι
453 4349 623 4415 prius
665 4344 910 4412 pontifex
968 4344 1232 4411 sanguine
1280 4351 1552 4395 [aurorum
1590 4351 1644 4396 ει
1685 4336 1934 4396 hij-(30.1)
1962 4332 2186 4382 dicentis
2221 4332 2258 4360 ¹¹
2290 4348 2304 4381 ε
2341 4348 2359 4379 ι
2391 4329 2687 4397 Cruciﬁge,
2722 4332 2998 4401 cruciﬁge.
3031 4352 3049 4384 ι
3101 4334 3202 4388 Iste
3252 4346 3335 4389 εει
3367 4351 3494 4406 ergo

283 4453 391 4490 rum
448 4435 774 4502 puriﬁcans
813 4432 1068 4500 populutn
1107 4449 1121 4483 :
1151 4432 1245 4485 sed
1273 4445 1338 4484 ex
1373 4445 1480 4498 quo
1516 4430 1659 4484 venit
1702 4444 1858 4484 verus

284 4525 551 4591 pontifex,
591 4522 691 4590 qui
738 4521 1003 4587 sanguine
1030 4533 1128 4571 suo
1156 4520 1518 4572 sanctiﬁcaret
1554 4519 1852 4582 credentes,

281 4628 552 4684 nusquam
597 4620 687 4664 est
720 4608 811 4661 ille
844 4609 1089 4676 pontifex
1136 4608 1306 4675 prior,
1348 4623 1444 4661 nec
1480 4607 1617 4661 nllus
1644 4609 1692 4661 ei
1725 4607 1853 4661 reli-

278 4712 387 4759 ctos
418 4713 514 4759 est
548 4704 733 4755 locus.
766 4701 952 4752 Altare
993 4697 1098 4749 fuit
1136 4697 1307 4763 prius.
1339 4706 1390 4750 et
1420 4697 1679 4750 sacriﬁcia
1718 4697 1856 4750 cele-

278 4791 584 4847 brabantur
617 4806 634 4841 :
666 4788 761 4840 sed
796 4795 857 4838 ut
902 4784 1059 4837 venit
1095 4797 1254 4836 verus
1280 4785 1462 4851 Agnus
1494 4785 1584 4851 qui
1620 4785 1852 4850 seipsum

275 4881 513 4937 hostiam
553 4876 764 4931 obtulit
794 4875 935 4937 Deo,
973 4881 1178 4926 cuncta
1212 4872 1295 4923 illa
1324 4873 1464 4925 velut
1494 4890 1589 4940 pro
1618 4882 1853 4939 tempore

272 4974 443 5034 posita
468 4972 869 5024 cessaverunt.
905 4962 1027 5015 Non
1066 4963 1165 5014 tibi
1200 4977 1322 5030 ergo
1349 4963 1555 5015 videtur
1580 4964 1719 5030 quod
1769 4977 1854 5016 se-

268 5066 508 5118 cundum
543 5061 781 5126 figuram
819 5067 990 5121 quam
1025 5066 1194 5117 supra
1224 5052 1511 5118 posuimus,
1558 5053 1720 5104 veluti
1744 5051 1854 5105 for-

264 5161 349 5203 mze
387 5149 618 5203 fuerint
644 5143 901 5210 quaedam
934 5153 966 5191 e
994 5137 1121 5188 luto
1149 5137 1302 5197 ﬁctae,
1343 5154 1436 5205 per
1458 5153 1590 5206 quas
1610 5138 1852 5191 veritatis

262 5241 724 5306 exprimerentur
753 5222 1083 5292 imagines?
1123 5220 1398 5288 Pr0pterea
1426 5225 1648 5291 denique
1677 5224 1852 5277 divina

314 5328 331 5359 '
366 5327 565 5381 Leuit.
598 5335 715 5372 xw.
795 5317 818 5346 ⁸
844 5317 977 5367 Act.
1007 5326 1140 5370 wn,
1173 5313 1258 5364 30.
1328 5317 1349 5343 ⁸
1379 5314 1505 5368 llel).
1532 5331 1603 5368 Ix.
1675 5314 1695 5345 ⁸
1728 5315 1854 5368 Ilel).

248 5380 468 5452 ιρτδν,
506 5408 599 5444 m.
684 5386 730 5415 ιο
762 5382 965 5434 Matth.
1002 5394 1185 5441 xxvn,
1221 5380 1302 5431 Π.
1374 5383 1412 5411 ²¹
1442 5383 1563 5436 Luc.
1598 5398 1723 5440 xm.
1747 5385 1836 5436 ιιι.

296 5489 430 5561 (πθ)
471 5480 646 5561 Libb-
671 5476 904 5561 stiti--1
938 5470 1243 5561 [Ἦξξὲρξί
1259 5476 1527 5561 manu!
1548 5477 1849 5561 είετηςειιηξιι

230 5540 639 5614 necessarium
670 5545 768 5606 sit,
802 5540 904 5592 sed
938 5550 1266 5603 usqucqno,
1296 5559 1313 5590 ι
1340 5540 1438 5596 etc.
1470 5542 1564 5596 Sed
1589 5540 1747 5596 'tuss.
1793 5554 1853 5596 ut

1886 5315 2019 5380 1,1.

1960 4418 2144 4472 hircus
2174 4420 2323 4471 vivus
2355 4419 2604 4472 dimissus
2634 4421 2684 4472 in
2716 4435 2955 4474 eremum
3002 4439 3016 4476 :
3058 4433 3109 4477 et
3140 4425 3227 4477 ille
3260 4435 3340 4479 est
3388 4428 3492 4480 bir-

1958 4523 2075 4572 cus,
2100 4508 2188 4575 qui
2223 4507 2444 4560 Domino
2467 4509 2677 4562 oblatus
2700 4518 2783 4563 est
2810 4511 2980 4565 hostia
3004 4513 3068 4565 ad
3095 4514 3488 4582 repropitianda

1959 4606 2199 4665 peccata,
2232 4606 2285 4649 et
2316 4611 2495 4649 veram
2524 4597 2950 4664 prOpitiationem
2987 4600 3036 4652 in
3065 4615 3122 4654 se
3152 4603 3491 4657 credentibus

1955 4686 2162 4754 populis
2195 4687 2341 4740 fecit.
2374 4685 2521 4752 Quod
2551 4687 2593 4739 si
2625 4687 2808 4740 ethoc
2839 4689 3099 4757 requiras,
3136 4692 3255 4760 quis
3296 4693 3366 4746 sit.
3399 4691 3489 4761 qui

1958 4776 2095 4830 hunc
2128 4776 2332 4829 hircum
2376 4776 2623 4843 perduxit
2653 4776 2760 4846 (80)
2794 4777 2844 4829 in
2871 4791 3129 4842 eremum,
3153 4787 3210 4830 ut
3238 4779 3490 4845 probetur

1957 4864 2009 4917 in
2044 4879 2107 4917 eo
2146 4865 2304 4918 etiam
2345 4868 2483 4931 quod
2538 4864 2674 4917 lotus
2718 4865 2788 4917 sit
2847 4873 2904 4918 et
2951 4867 3177 4918 mundus
3228 4867 3443 4919 ell‘ectns
3470 4903 3486 4928 ,

1952 4964 2128 5027 potest
2182 4954 2388 5007 Pilatus
2440 4953 2553 5019 ipse
2604 4955 2772 5021 accipi
2817 4952 2975 5006 homo
3032 4966 3266 5022 paratus.
3313 4953 3486 5007 Judex

1952 5052 2144 5117 quippe
2174 5047 2346 5115 gentis
2380 5047 2542 5113 ipsius
2582 5054 2726 5106 erat,
2772 5045 2860 5111 qui
2897 5057 3016 5095 eum
3047 5058 3141 5111 per
3166 5042 3482 5096 sententiam

1953 5152 2101 5190 suam
2133 5135 2311 5187 emisit
2342 5134 2394 5185 in
2428 5146 2688 5185 eremum.
2733 5131 2866 5183 Audi
2901 5139 3074 5182 autem
3111 5130 3374 5196 quomodo
3404 5124 3484 5177 lo-

1953 5232 2037 5277 tus
2066 5223 2131 5275 sit
2171 5231 2223 5273 et
2253 5220 2478 5272 mundus
2518 5218 2760 5271 effectus.
2804 5218 2934 5269 Cum
2967 5217 3031 5268 ad
3063 5214 3306 5282 populum
3333 5213 3479 5265 dice-

2095 5315 2114 5345 ⁶
2138 5312 2290 5366 Joan.
2327 5327 2387 5375 ιι,
2424 5311 2507 5363 l9.
2603 5309 2623 5341 τ
2653 5308 2769 5362 Gal.
2795 5322 2844 5369 v,
2873 5308 2926 5361 5.
3025 5306 3047 5336 ⁸
3072 5304 3245 5356 Levit.
3282 5316 3392 5362 xvi,
3423 5298 3476 5350 5.

1958 5493 2007 5529 ω
2027 5482 2655 5613 (Soli)!ruasﬁftyperdnxit.
2685 5521 2708 5582 ἱ
2737 5527 2892 5583 Libb.
2927 5527 3082 5591 editi,
3116 5543 3132 5575 ι
3159 5520 3427 5591 produxit.
3455 5536 3472 5568 ι
