3948 6280
353 303 457 358 ιιι

1717 292 1723 302 ’
1761 297 2075 354 ORIGENIS

3639 273 3807 328 '228

348 428 435 472 ret
459 417 538 468 “z
582 433 600 464 ι
634 414 808 470 Vultis
839 413 1107 466 dimittam
1138 415 1288 468 vobis
1332 415 1534 479 Jesum,
1564 418 1653 485 qui
1693 419 1886 472 dicitur
1914 422 1960 478 Α
1989 418 2137 471 adire
2168 416 2473 486 pontiﬁcem
2507 423 2677 468 tuum
2725 410 3072 470 Christum,
3113 401 3244 473 qui
3280 399 3534 466 utique
3578 413 3703 448 non
3743 397 3805 452 in

356 507 644 564 Christus?
669 525 688 559 ι
715 517 772 560 et
793 507 1140 560 acclamasset
1165 506 1337 559 omnis
1361 507 1599 573 populus,
1618 507 1803 562 dicens
1823 509 1885 563 ¹³;

263 601 268 605 ’
357 619 377 654 ι
415 601 470 655 Si
499 601 640 655 hunc
669 598 913 662 dimittis,
946 611 1050 650 non
1091 611 1151 650 es
1175 598 1378 650 amicus
1403 596 1672 660 Caesaris;
1709 616 1727 649 ι
1766 606 1890 652 tunc

349 691 630 761 poposcit,
672 689 860 756 inquit,
906 687 1123 748 Pilatus,
1173 702 1386 755 aquam,
1420 695 1474 740 et
1518 688 1648 742 lavit
1703 702 1890 742 manus

288 779 291 784 λ
351 799 476 838 suas
501 796 681 836 coram
715 781 926 848 populo.
951 776 1195 832 dicens“
1232 795 1245 830 ε
1283 796 1300 828 ι
1336 777 1560 832 Mundus
1587 793 1688 848 ego
1715 793 1830 832 sum
1860 794 1887 831 a

294 913 298 916 .
351 871 612 940 sanguine
639 870 754 938 ejus
778 909 794 930 ,
839 883 933 922 vos
975 868 1239 922 videritis.
1280 887 1297 917 ι
1331 868 1422 921 Sic
1461 879 1590 935 ergo
1628 865 1890 920 videbitur

354 961 477 1014 lotis
519 958 767 1012 manibus
810 958 921 1012 suis
956 959 1181 1010 mundus
1217 954 1454 1010 eﬂectus.
1484 955 1673 1009 Nostra
1708 955 1887 1024 igitur,

352 1052 403 1105 id
439 1057 522 1103 est
572 1048 659 1116 qui
693 1063 796 1101 non
826 1048 1027 1100 umbrae
1075 1055 1128 1098 et
1171 1045 1459 1112 exemplari
1491 1045 1773 1110 servimus,
1799 1045 1888 1097 sed

351 1139 587 1200 veritati,
621 1139 733 1192 haec
764 1149 849 1191 est
899 1135 1292 1204 propitiationis
1345 1135 1481 1196 dies,
1529 1133 1581 1186 in
1631 1148 1735 1201 qua
1766 1134 1887 1186 data

351 1238 434 1282 est
485 1227 640 1279 nobis
688 1225 937 1278 remissio
984 1232 1356 1290 peccatorum,
1397 1236 1516 1273 cum
1561 1221 1755 1288 pascha
1791 1235 1888 1273 no-

351 1330 523 1372 strum
553 1315 855 1370 immolatus
876 1322 959 1368 est
986 1315 1229 1367 Christus
1255 1314 1318 1366 ¹⁵.
1351 1311 1625 1377 Quomodo
1655 1325 1779 1379 ergo
1803 1325 1893 1362 co-

351 1404 494 1471 gnita
546 1402 776 1455 veritate
815 1401 1178 1454 convertimur
1229 1401 1418 1452 iterum
1468 1398 1534 1451 ad
1585 1399 1792 1451 inﬁrma
1839 1407 1892 1450 et

350 1507 516 1561 egena
545 1491 805 1546 elementa
845 1489 1001 1558 hujus
1051 1488 1256 1551 mundi,
1303 1487 1495 1555 quibus
1525 1500 1709 1538 rursus
1737 1503 1764 1537 ει
1797 1499 1856 1538 ca
1876 1514 1889 1520 -

350 1585 459 1650 pite
486 1582 688 1636 servire
720 1580 902 1644 vultis,
938 1579 1052 1632 dies
1079 1579 1446 1639 observantes,
1485 1585 1539 1629 et
1573 1589 1802 1637 menses,
1837 1585 1889 1626 et

352 1683 612 1740 tempora,
661 1681 714 1723 et
744 1668 954 1723 annos?
978 1668 1114 1721 Audi
1140 1667 1406 1736 quomodo
1436 1667 1592 1718 etiam
1632 1667 1887 1733 propheta

351 1762 653 1829 hujusmodi
681 1760 941 1829 jejunium
975 1759 1217 1826 respuit,
1249 1765 1304 1810 et
1337 1755 1466 1809 dicit
1488 1755 1532 1785 ¹⁶
1557 1771 1570 1806 :
1600 1772 1618 1804 ¢
1648 1753 1758 1807 Non
1790 1755 1890 1808 hoc

343 1851 606 1921 jejunium
639 1849 797 1918 elegi,
831 1846 961 1901 dicit
999 1847 1253 1899 Dominus
1276 1885 1291 1908 ,
1338 1857 1512 1911 neque
1542 1842 1679 1896 diem
1711 1851 1768 1895 ut
1798 1843 1890 1894 hu-

349 1941 522 1996 miliet
560 1940 721 1994 homo
765 1937 995 1991 animam
1032 1949 1204 1989 suam.
1231 1952 1248 1984 ι
1309 1931 1387 1985 Tu
1441 1932 1485 1987 si
1527 1932 1608 1984 vis
1646 1930 1888 1998 jejunare

349 2030 640 2088 secundum
684 2028 952 2084 Christum
993 2033 1046 2078 et
1091 2022 1372 2076 humiliare
1423 2023 1653 2074 animam
1704 2031 1843 2073 tuam
1870 2061 1885 2086 ,

348 2135 509 2174 omne
537 2117 629 2172 tibi
668 2125 874 2182 tempus
902 2119 1078 2181 aptum
1114 2119 1195 2165 est
1221 2108 1330 2179 (81)
1364 2109 1528 2162 totius
1587 2108 1745 2172 anui;
1781 2109 1889 2161 imo

349 2209 519 2263 totius
555 2206 676 2259 vitae
719 2215 819 2258 tuae
852 2204 966 2257 dies
1011 2202 1204 2256 habeto
1245 2201 1308 2252 ad
1346 2198 1725 2252 humiliaudam
1763 2199 1888 2251 aui-

348 2314 490 2352 mam
523 2306 687 2369 tuam,
723 2295 766 2349 si
801 2305 976 2348 tamen
1011 2292 1242 2346 didicisti
1286 2305 1313 2342 a
1349 2291 1572 2343 Domino
1606 2288 1890 2342 Salvatore

349 2398 554 2454 nostro,
595 2385 717 2456 quia
750 2385 894 2439 mitis
922 2393 1005 2438 est
1033 2392 1086 2437 et
1111 2381 1326 2437 humilis
1356 2381 1520 2435 corde
1563 2381 1627 2432 ".
1665 2379 1888 2445 Quando

348 2492 478 2547 ergo
503 2491 611 2533 non
640 2483 723 2530 est
759 2475 856 2530 tibi
885 2471 1275 2528 humiliationis
1312 2471 1450 2533 dies,
1495 2469 1585 2538 qui
1613 2467 1887 2523 Christum

349 2568 615 2636 sequeris,
651 2567 741 2634 qui
767 2575 849 2619 est
881 2564 1096 2618 humilis
1119 2562 1317 2628 corde,
1347 2569 1400 2614 ct
1433 2559 1748 2614 humilitatis
1778 2572 1892 2610 ma-

352 2656 559 2725 gister?
589 2655 666 2707 'l‘u
702 2655 882 2723 itaque
905 2654 947 2708 si
976 2653 1056 2706 vis
1089 2651 1353 2720 jejunare,
1379 2651 1562 2720 jejuna
1595 2649 1888 2703 secundum

351 2753 669 2814 praeceptum
713 2743 1009 2812 Evangelii,
1041 2749 1094 2796 et
1121 2743 1344 2796 observa
1381 2741 1430 2792 in
1460 2739 1676 2806 jejnniis
1720 2754 1890 2792 evan-

348 2834 548 2904 gelicas
575 2834 736 2903 leges,
765 2833 817 2886 in
845 2835 1040 2902 quibus
1085 2833 1186 2886 hoc
1227 2831 1382 2884 modo
1424 2829 1674 2884 Salvator
1715 2831 1781 2884 de
1810 2829 1888 2898 jev

353 2923 512 2986 juniis
539 2923 754 2978 mandat
781 2922 824 2954 ¹⁸
857 2938 870 2974 :
901 2940 922 2972 ι
960 2921 1037 2975 Tu
1067 2930 1242 2976 autem
1286 2921 1329 2975 si
1357 2920 1588 2987 jejunas,
1625 2933 1765 2988 unge
1795 2933 1886 2973 ca-

1993 508 2152 560 terris
2187 506 2550 574 requirendus
2593 514 2708 563 est.
2757 501 2858 556 sed
2894 502 2955 552 in
2993 495 3198 550 caelis
3225 531 3248 555 ,
3315 499 3392 541 et
3430 501 3561 556 per
3602 486 3804 554 ipsum

1989 597 2150 651 debes
2181 595 2377 650 oﬂ'erre
2401 596 2644 650 hostiam
2677 595 2820 646 Deo.
2851 589 2959 641 Vis
2991 585 3112 639 tibi
3157 581 3415 635 adhuc
3465 577 3805 631 ostendam

1989 685 2148 753 quale
2195 693 2247 737 te
2310 693 2526 752 oportet
2599 681 2873 750 jejunare
2933 671 3292 742 jejunium
3330 667 3365 719 Ἰ
3431 664 3675 731 Jejuna
3731 665 3808 717 ab

1989 776 2132 830 omni
2168 783 2411 841 peccato,
2460 774 2678 828 nullum
2710 771 2908 824 cibum
2945 778 3191 821 sumas
3234 757 3572 821 malitiae,
3607 753 3812 808 nullas

1989 865 2173 933 capias
2229 865 2414 930 epulas
2459 863 2794 932 voluptatis,
2850 857 3024 912 nullo
3065 855 3252 908 vino
3304 848 3620 903 luxuria:
3666 862 3813 900 eon-

1990 956 2247 1008 calescas.
2283 954 2473 1024 Jejuna
2519 971 2549 1008 a
2607 953 2774 1007 malis
2831 951 3124 1014 actibus,
3199 943 3508 998 abstine
3559 954 3595 994 a
3638 939 3818 994 malis

1990 1043 2354 1106 sermonibus,
2408 1043 2632 1095 contine
2675 1052 2729 1094 te
2771 1053 2804 1092 a
2861 1033 3443 1107 cogitationibus
3485 1031 3818 1100 pessimis.

1994 1129 2108 1183 Noli
2146 1133 2461 1199 contingere
2502 1145 2676 1200 panes
2725 1127 2987 1182 furtivos
3033 1137 3430 1196 perversae
3474 1121 3819 1176 doctrinae.

1949 1199 1964 1208 ’
1992 1219 2107 1274 Νοη
2145 1199 2509 1288 concupiscas
2555 1219 2791 1272 fallaces
2837 1215 3322 1286 philosophiae
3399 1214 3608 1268 cibos
3636 1253 3656 1276 ,
3718 1217 3819 1280 qui

1995 1320 2098 1362 tea
2134 1311 2364 1363 veritate
2395 1310 2687 1364 seducant.
2741 1309 2888 1362 Tale
2944 1307 3330 1377 jejunium
3391 1307 3544 1359 Deo
3590 1304 3816 1372 placet.

1991 1398 2278 1452 Abstinere
2307 1413 2436 1452 vero
2461 1413 2490 1452 a
2516 1399 2686 1462 cibis,
2725 1414 2876 1466 quos
2929 1399 3113 1452 Deus
3163 1397 3476 1451 creavit
3509 1436 3529 1459 ,
3569 1397 3652 1449 ad
3686 1412 3824 1463 per-

1990 1486 2304 1555 cipiendum
2345 1501 2472 1540 cum
2517 1487 2835 1556 gratiarum
2865 1487 3137 1540 actione
3185 1485 3574 1550 fidelibus,
3610 1495 3673 1539 et
3711 1486 3826 1538 hoc

1991 1576 2173 1630 facere
2207 1591 2331 1628 cum
2371 1577 2456 1631 his
2503 1579 2598 1644 qui
2632 1576 2944 1631 Christum
2986 1578 3584 1644 cruciﬁxerunt,
3639 1595 3825 1634 acce-

1991 1673 2139 1731 ptum
2175 1679 2295 1717 esse
2323 1679 2428 1717 non
2457 1674 2638 1733 potest
2667 1667 2814 1722 Deo.
2846 1667 3202 1738 lndiguati
3252 1679 3436 1723 sunt
3477 1669 3826 1737 aliquando

1988 1762 2041 1806 et
2065 1753 2320 1808 Pharisaai
2368 1756 2623 1819 Domino,
2675 1772 2786 1810 cur
2841 1772 2969 1812 non
3026 1757 3482 1827 jejunarent
3518 1759 3828 1828 discipuli

1987 1844 2125 1911 ejus.
2155 1844 2364 1910 Quibus
2412 1847 2500 1900 ille
2535 1849 2872 1917 respondit,
2926 1851 3091 1918 quia
3170 1865 3340 1904 non
3395 1865 3688 1921 possunt
3722 1854 3830 1906 lilii

1988 1938 2166 2001 sponsi
2198 1934 2452 2002 jejunare
2493 1940 2746 2006 quandiu
2796 1953 2936 1993 cum
2979 1941 3168 2009 ipsis
3231 1955 3361 1997 est
3428 1960 3727 2013 sponsus
3751 1946 3821 1997 η.

1990 2025 2067 2097 llli
2119 2040 2249 2092 ergo
2289 2026 2538 2094 jejunent
2573 2031 2672 2095 qui
2727 2030 3172 2097 perdiderunt
3240 2046 3600 2102 sponsum
3633 2076 3651 2101 ,
3715 2051 3833 2089 nos

1989 2115 2246 2170 habentes
2267 2116 2550 2171 nobiscum
2575 2131 2855 2200 sponsum
2880 2117 3116 2186 jejuna
3129 2137 3229 2176 re
3265 2137 3418 2179 non
3450 2139 3828 2194 possumus.

1988 2204 2098 2258 Nec
2123 2205 2226 2260 hoc
2260 2213 2442 2260 tamen
2476 2207 2604 2261 ideo
2632 2207 2915 2274 dicimus,
2961 2219 3042 2263 ut
3114 2213 3615 2270 abstinentiae
3647 2218 3834 2272 Chri-

1964 2293 2183 2348 stianae
2217 2293 2371 2350 frena
2404 2295 2681 2350 laxemus.
2742 2297 3077 2362 Habemus
3125 2303 3352 2356 enim
3397 2307 3838 2379 quadragesi-

1989 2401 2090 2440 mae
2132 2387 2248 2441 dies
2291 2384 2519 2455 jejuniis
2578 2397 3000 2442 consecratos.
3057 2387 3473 2450 Habemus
3535 2411 3835 2468 quartam

1988 2485 2042 2530 et
2062 2484 2268 2530 sextam
2297 2477 2619 2542 septimanae
2667 2478 2818 2541 dies,
2877 2477 3152 2548 quibus
3195 2484 3644 2546 solemuiter
3677 2491 3840 2562 jeju-

1991 2578 2182 2616 namus
2206 2562 2339 2653 (εδ).
2373 2563 2647 2653 Estieerte
2677 2566 2937 2626 libertas
2969 2572 3441 2637 Christiano
3483 2599 3616 2653 per
3650 2601 3840 2641 omne

1990 2657 2199 2743 tempus
2227 2651 2537 2719 jejunandi,
2593 2669 2710 2710 non
2749 2658 3236 2722 observantiae
3306 2651 3840 2743 superstitione,

1988 2738 2081 2792 sed
2106 2739 2326 2835 ‘virtute
2364 2743 2758 2799 continentiae.
2802 2747 2959 2803 Nam
3025 2738 3442 2822 quomodo
3507 2769 3690 2835 apud

1987 2828 2206 2882 castitas
2254 2829 2568 2900 incorrupta
2594 2847 2893 2902 servatur,
2933 2841 3070 2896 nisi
3119 2828 3602 2912 arctioribu's
3635 2860 3848 2914 conti-

1991 2917 2189 3019 nentiae
2220 2917 2721 3019 ‘l'ultaAsu‘bsidiis?
2763 2926 3119 3019 Quomodo
3199 2937 3634 3013 Scriplnris
3698 2965 3849 3019 ope»

353 3021 446 3081 put
473 3020 716 3102 tuum,et
737 3010 927 3064 faciem
972 3018 1120 3064 tuam
1160 3011 1296 3063 lava.
1326 3028 1344 3060 ι
1388 3009 1541 3102 Quod
1573 3009 1616 3063 si
1661 3009 1889 3078 requiris
1915 3017 1958 3073 ο
1991 3020 2105 3102 ram
2151 3006 2398 3102 dabunt?
2435 3008 2729 3076 Quomodo
2773 3017 3076 3076 scientiae
3137 3037 3230 3082 et
3272 3006 3672 3102 sapientia:
3717 3006 3852 3095 sutu-

354 3101 616 3169 quomodo
644 3101 790 3156 laves
830 3102 1018 3155 [aciem
1051 3108 1196 3153 tuam
1221 3139 1236 3162 ,
1271 3098 1467 3152 Paulus
1499 3098 1771 3166 apostolus
1799 3099 1890 3152 do-

360 3201 448 3245 cet
479 3192 520 3222 "
547 3192 988 3258 quemadmodum
1035 3208 1052 3241 ι
1087 3189 1317 3243 revelata
1364 3189 1498 3242 facie
1527 3189 1747 3256 gloriam
1780 3187 1890 3242 Do-

355 3279 485 3335 mini
521 3280 916 3349 contempleris,
945 3280 1008 3332 ad
1039 3280 1277 3332 eamdem
1320 3278 1601 3347 imaginem
1632 3277 1891 3331 formatus

355 3384 386 3422 a
413 3367 581 3438 gloria
623 3369 676 3423 in
707 3370 952 3439 gloriam,
995 3379 1245 3437 tanquam
1287 3384 1314 3421 a
1353 3367 1564 3422 Domini
1604 3368 1826 3434 spiritu.
1866 3388 1884 3419 ι

358 3457 505 3527 Unge
531 3459 687 3537 etiam
717 3468 875 3527 caput
909 3470 1076 3520 tuum.
1124 3458 1214 3513 sed
1245 3459 1466 3545 observa
1509 3473 1573 3511 ne
1602 3458 1720 3511 oleo
1766 3474 1891 3527 pec-

356 3549 460 3602 cati
493 3566 507 3602 :
539 3548 697 3620 246
720 3567 739 3598 ι
767 3547 949 3602 Oleum
977 3549 1118 3600 enim
1148 3545 1442 3615 peccatoris
1468 3562 1572 3602 non
1602 3548 1891 3616 impinguet

357 3649 511 3706 caput
543 3649 686 3692 tuum
708 3639 752 3670 ὀ
782 3637 912 3709 (8‘2).
951 3657 970 3688 ι
1017 3639 1118 3693 Sed
1154 3653 1293 3707 unge
1329 3647 1491 3708 caput
1514 3638 1629 3692 oleo
1657 3637 1891 3692 exsulta~

357 3728 536 3792 tionis,
581 3728 698 3782 oleo
727 3727 943 3790 laetitia,
980 3727 1099 3783 oleo
1131 3727 1508 3781 misericordia:
1533 3767 1547 3791 ,
1597 3727 1668 3780 ita
1706 3736 1763 3778 ut
1807 3741 1890 3779 se-

355 3812 916 3871 cundum‘mandatum
944 3816 1216 3886 sapientia:
1243 3855 1259 3880 ,
1292 3816 1653 3870 misericordia
1680 3825 1732 3870 et
1759 3816 1888 3870 ﬁdes

358 3922 460 3961 non
491 3908 736 3959 deserant
765 3915 834 3959 te.
865 3906 1150 3974 Propterea
1179 3904 1322 3958 enim
1368 3915 1421 3958 et
1447 3903 1732 3972 Apostolus
1752 3943 1768 3968 ,
1798 3918 1892 3956 vo-

355 3998 471 4052 lens
516 3997 828 4050 abstrahere
865 4012 960 4050 nos
1000 3999 1065 4050 ab
1097 3998 1178 4051 his
1207 3995 1504 4050 visibilibus
1531 4003 1583 4047 et
1622 3995 1888 4058 terrenis,

355 4099 412 4143 et
440 4087 644 4153 erigere
673 4084 882 4137 animos
927 4100 1219 4154 sensusque
1257 4095 1466 4139 nostros
1496 4085 1563 4136 ad
1606 4085 1844 4139 caelestia
1873 4125 1889 4150 ,

354 4180 551 4232 clamat
579 4185 634 4227 et
663 4172 792 4226 dicit
818 4174 861 4204 “
889 4189 902 4224 :
929 4191 946 4224 ι
987 4173 1043 4228 Si
1083 4175 1453 4230 resurrexistis
1481 4190 1600 4227 cum
1649 4175 1887 4241 Christo,

357 4281 476 4335 quae
502 4278 710 4318 sursum
741 4271 865 4316 sunt
892 4265 1134 4331 qumrite,
1168 4282 1272 4320 non
1298 4281 1416 4334 quae
1442 4281 1603 4334 super
1631 4275 1884 4321 terram.»

359 4356 546 4411 Nonne
575 4359 758 4419 aperte
792 4353 884 4404 tibi
918 4354 1086 4412 dicit:
1115 4355 1233 4410 Noli
1265 4371 1504 4426 qua'rere
1533 4358 1585 4411 in
1611 4357 1770 4413 terris
1797 4358 1890 4414 Je-

362 4445 604 4505 rusalem,
637 4456 732 4494 nec
756 4441 1116 4497 observantias
1163 4447 1316 4512 legis,
1363 4461 1460 4501 nec
1499 4447 1758 4517 jejunium
1795 4448 1889 4503 Ju-

357 4535 612 4596 daeorum,
638 4529 728 4582 sed
753 4526 1009 4596 jejuniqu
1032 4529 1227 4584 Christi
1245 4533 1267 4585 ?
1288 4532 1542 4598 Jejunans
1558 4537 1700 4588 enim
1727 4536 1886 4592 debes

431 4629 472 4659 ι’
510 4625 796 4686 Μαῖα-ιν,
819 4620 871 4674 9.
950 4621 990 4651 ¹⁸
1012 4621 1164 4673 Joan.
1189 4637 1303 4685 xix,
1334 4624 1420 4675 l2.

357 4766 464 4821 Cor
524 4778 575 4826 V,
608 4761 691 4814 17.

431 4855 750 4928 (8i)_Codex
779 4853 1079 4918 Saugerm.,
1116 4857 1539 4928 {apertumesL
1572 4868 1591 4902 ι

429 4919 733 4994 (82)b|ss.,c
752 4932 910 4990 caput
927 4931 1091 4974 tuum.
1106 4921 1282 4974 tltibb.
1295 4919 1421 4972 editi
1437 4957 1449 4979 ,
1465 4929 1650 4994 «caput
1664 4935 1887 4994 meum.»

428 4989 542 5064 (85)
598 4989 857 5064 Habemus
883 4999 1123 5064 quartam
1152 4999 1199 5042 et
1231 4989 1750 5064 sextumaeptimame
1781 4993 1891 5045 dies

356 5057 543 5134 quibus
592 5057 902 5134 soletuniter;
945 5057 1268 5134 jejunamus.
1322 5057 1765 5134 Antiquissimutu
1806 5071 1888 5112 est

361 5126 636 5197 utriusque
669 5128 797 5197 diei
826 5126 1082 5197 jejunium
1111 5165 1125 5186 ,
1165 5127 1359 5194 quippe
1389 5127 1526 5192 quod
1555 5127 1796 5197 perindeA
1815 5143 1886 5197 _ac

400 5193 841 5263 uadra'gesimale'
867 5193 1424 5263 prazcipitur’cauone
1460 5193 1708 5263 __aposto|.
1767 5193 1827 5246 6|
1863 5233 1878 5257 ,

361 5255 641 5321 Constitit.
672 5255 890 5326 apostol'.
927 5255 1098 5326 lib.'v,
1130 5277 1246 5330 cap.
1279 5261 1346 5313 15
1369 5269 1424 5313 et
1452 5255 1542 5330 2T,
1578 5270 1630 5330 et
1663 5275 1692 5330 ει
1726 5255 1884 5330 ρεςυς

363 5334 660 5402 do-lgnatio
681 5332 902 5402 epistol.
942 5331 1006 5402 ad
1050 5328 1420 5402 Philipp._cap.
1451 5329 1545 5402 l5;
1579 5329 1650 5380 De
1671 5329 1774 5402 hoc
1797 5328 1878 5394 je-

362 5395 508 5466 junio
535 5395 850 5454 mentio—nem
881 5398 1003 5450 facit
1030 5413 1133 5449 nou
1152 5395 1257 5449 uno
1278 5396 1336 5466 in
1363 5395 1481 5466 loco
1505 5396 1883 5466 'l‘crtullianus,

366 5464 416 5516 et
449 5469 703 5520 stationes
737 5467 840 5519 illis
869 5467 996 5533 ipsis
1024 5466 1210 5533 diebus
1238 5464 1375 5517 obiri
1423 5464 1763 5533 consuevisse
1814 5467 1886 5517 si-

366 5533 581 5600 gniﬁcat
614 5551 627 5586 :
661 5546 717 5584 ut
747 5535 796 5585 in
831 5529 922 5586 lib.
967 5531 1043 5584 De
1078 5532 1294 5600 jejum't's
1330 5541 1512 5600 contra
1565 5529 1882 5600 Psychicos:

376 5597 508 5650 «Cur
519 5601 834 5654 stationibus
854 5596 1097 5667 quartam
1111 5596 1377 5654 etsextam
1401 5596 1609 5654 sabbati
1625 5596 1883 5663 dicamus,

1499 4626 1542 4657 “
1566 4627 1750 4681 Matth.
1783 4646 1951 4693 xxv",
1972 4632 2062 4684 26.

357 4697 444 4750 29.
523 4694 564 4725 ¹⁸
588 4691 775 4762 Matth.
819 4689 1005 4752 νι,17.
1080 4689 1122 4719 ¹⁹
1153 4690 1192 4742 ll
1220 4691 1342 4744 Cor.
1388 4706 1470 4755 ιιι,
1511 4693 1595 4747 £8.
1670 4697 1716 4727 ’°
1749 4697 1885 4753 Psal.

1995 4716 2061 4759 Li.
2086 4699 2139 4751 5.
2237 4699 2280 4729 ²¹
2313 4696 2521 4750 Coloss.
2583 4714 2668 4762 ιιι,
2701 4701 2753 4753 1.

1989 3097 2233 3200 debunt?
2257 3095 2448 3152 Nonne
2479 3115 2580 3167 per
2622 3106 3100 3166 continentiam
3164 3095 3486 3181 ventris
3519 3139 3594 3183 et
3634 3143 3854 3200 guttu-

1990 3187 2102 3289 ris“!
2124 3185 2403 3289 Quomodo
2431 3190 2557 3258 quis
2585 3193 2841 3260 seipsum
2875 3210 3167 3258 castrat
3216 3224 3548 3283 propter
3577 3185 3854 3289 reugnum

1989 3276 2270 3340 ccelorum,
2310 3277 2414 3330 nisi
2467 3278 2732 3335 ciborum
2789 3276 3247 3354 amuentiani
3319 3276 3621 3366 resecet
3659 3276 3697 3377 ζ
3733 3315 3856 3370 nisi

1989 3367 2318 3464 abstinentia
2371 3377 2560 3464 utatur
2594 3373 2870 3430 ministra
2899 3377 3130 3440 ?H:Bc
3194 3405 3395 3464 ergo
3449 3367 3860 3459 ρδτίεὶίέῇξέ

1985 3457 2260 3527 jejunandi
2285 3458 2463 3512 oratio
2495 3470 2603 3516 est.
2634 3461 2747 3518 Sed
2778 3477 2876 3522 est
2913 3481 2981 3524 et
3010 3475 3166 3532 alia

1988 3547 2140 3615 cujus
2172 3546 2291 3652 laus
2319 3549 2693 3651 quorumdam
2731 3558 3218 3624 apostolorum
3297 3546 3864 3652 litteris'pwraedi:

1992 3637 2647 3741 catur.lnveiiintusenim
2668 3643 2727 3697 in
2749 3649 3028 3712 quodam
3055 3655 3343 3720 libello
3371 3668 3571 3741 (83°)

1993 3727 2145 3835 stolis
2173 3728 2372 3782 dictum
2401 3745 2416 3782 :
2448 3747 2466 3780 ι
2503 3729 2718 3835 Βεθιιιε.
2742 3745 2846 3835 θει-
2870 3741 2984 3806 qui
3026 3747 3280 3807 etiam
3307 3727 3866 3835 Ῑέλυηξίῐηῖξο

1995 3817 2572 3930 pauperem.»
2600 3821 2794 3930 ‘Hujus
2823 3825 3189 3930 jejunium
3237 3817 3476 3909 valde
3507 3817 3867 3930 acceptum

1990 3915 2075 4008 est
2105 3909 2246 4008 apud
2292 3907 2502 4008 Deum.
2561 3921 2620 4008 et
2670 3927 2884 3972 revera
2955 3921 3197 3994 digne
3271 3907 3871 4008 satisjim‘i‘taviu-r

1995 3997 2131 4097 enim
2167 3997 2335 4100 illum,
2361 3997 2454 4065 qui
2487 3999 2734 4100 animam
2772 4019 2954 4062 suam
3008 4025 3295 4082 posuit
3335 3997 3505 4098 pro-

1993 4085 2125 4186 suis.
2165 4084 2316 4186 Quid
2353 4099 2486 4186 ergo
2534 4090 2832 4147 veteribus
2875 4105 3140 4160 pannis
3195 4084 3417 4173 nova

1993 4175 2317 4228 miscemus?
2357 4173 2496 4240 Quid
2533 4177 2590 4230 in
2642 4189 2806 4235 utres

1995 4264 2230 4363 "summ?
2267 4264 2520 4368 ﬂavae”
2557 4270 2957 4368 ιημῐῖεἰῗΐωδλ
2998 4296 3197 4344 ecce
3242 4264 3882 4368 facJ;;nl.-o:ri:

1995 4353 2084 4406 nia
2116 4367 2251 4406 nova
2281 4351 2361 4417 ”,
2397 4371 2417 4404 ι
2479 4368 2576 4422 per
2624 4356 2932 4416 Christum
2992 4351 3364 4440 ,Donlinu

1995 4445 2080 4498 cui
2109 4451 2191 4498 est
2240 4443 2412 4512 gloria
2463 4454 2520 4498 et
2558 4445 2870 4515 imperium
2921 4456 2990 4510 in
3047 4475 3361 4531 saecula

1989 4539 2180 4591 Amen.

2147 4632 2189 4661 “'
2217 4628 2233 4681 l
2260 4629 2389 4682 Cor.
2419 4642 2468 4686 v,
2510 4627 2563 4680 7.

3202 3486 3304 3538 ad
3317 3485 3420 3542 hu
3437 3506 3475 3545 c
3513 3494 3860 3564 religiosa,

3375 4404 3455 4445 In
3531 4411 3880 4470 nostrum,

3416 4491 3880 4553 saeculorum.

2682 4633 2730 4662 η
2983 4659 2994 4670 .
3211 4658 3228 4671 .

2701 4701 2722 4734 ι
2768 4634 3117 4734 ¹δ³ἑιιξιιηῖ
3143 4655 3266 4734 ,δ’
3395 4669 3460 4699 ¹⁷
3488 4671 3753 4733 nMilli].
3793 4696 3858 4734 xv

3738 4719 3753 4730 ο
3794 4719 3885 4743 ⁸,.

2863 4709 2915 4737 ⁸⁸
2951 4709 3265 4778 Matth.—
3303 4747 3424 4801 ιχ,
3476 4709 3895 4807 i's':""3="ti

1999 4863 2803 4955 fitE£“B:.'f.i‘fffff°"ff3}3_.1
2827 4865 3100 4955 esca».-
3154 4885 3279 4943 ες
3340 4915 3371 4946 ε
3426 4901 3512 4955 δι

1995 4927 2536 5027 Ξξῖεεῖέξεξεετῐξιεξει
2563 4919 3186 5027 ηιξξμεξξῑι.-ξιιῖυα¹ἐ,ι,η
3202 4919 3484 5024 pose:
3495 4919 3900 5027 12:35::

1995 5004 2308 5080 ςξῑιρξξιίηιν
2356 5005 2413 5049 ει
2456 4990 2529 5078 is"
2555 5013 2881 5080 .°°“"““,“°_
2916 4990 3312 5080 (ii-initis:
3322 4990 3898 5080 “2:22:9952113

1986 5040 2316 5144 jejuniorum
3121 5040 3896 5161 υέξιῗωεξδθμηάοῗυω

1991 5131 2206 5183 uutdem
2232 5131 2349 5183 dies
2382 5134 2640 5183 habeant-
2668 5152 2896 5183 nnartm
2935 5127 3134 5183 τη..ςηῖ
3185 5176 3262 5183 Α-
3405 5117 3490 5160 ει
3529 5129 3722 5183 ιβεω
3737 5135 3898 5176 Suus

3111 5176 3614 5254 missus.

1991 5415 2155 5469 quam
2185 5402 2436 5462 Latinos.

2059 5468 2578 5550 ςὲἒέλᾼβρςτιριιοο

2058 5537 2739 5628 [ξιξλ-ςξόιξθὶξθηεςιιιιε,
2779 5573 2805 5628 ι
2840 5555 3120 5623 Domini.
3173 5592 3206 5628 ι

1993 5583 3120 5694 .aniavsazgsg’Jéﬂxstap‘iiii';1':°
3173 5592 3206 5628 '
3263 5583 3377 5643 E‘
3421 5601 3674 5662 ν³¹³¹⁰
3713 5621 3908 5675 ¹³⁰⁵⁸ν
