3948 6212
312 267 402 328 ἰεθ
1523 290 1592 343 IN
1624 288 1886 344 LEVITIC

2025 286 2302 342 HOMILIA
2337 285 2422 338 XI.

873 384 1157 444 [IOMILIA
1209 396 1312 454 χι,

312 495 371 547 De
408 490 939 582 eo‘quodjfriptum
964 501 1166 582 citi}
1219 500 1428 582 Sancti
1467 521 1652 576 estote,
1693 513 1816 582 quia
1849 519 1900 568 et

468 576 558 631 ego
593 571 798 615 sanctus
833 580 947 618 sum
980 561 1254 624 Dominus
1301 561 1451 632 Dctts
1471 561 1665 635 “iéiiér'.
1695 561 1733 633 τί

370 678 436 732 1.
487 675 663 744 Nuper
691 675 742 728 in
773 676 990 732 auribus
1020 674 1300 739 Ecclesiae
1329 691 1592 746 recitatos
1616 702 1697 747 est
1723 707 1896 748 sermo

298 769 402 824 Dei
465 767 608 840 (8i),
649 766 832 822 dicens
860 770 908 802 ”
949 787 962 822 :
1009 786 1028 820 ‹
1063 768 1266 827 Estote
1318 781 1504 834 sancti
1545 783 1667 848 quia
1703 791 1757 836 et
1799 798 1896 851 ego

296 868 560 913 sanctus
604 873 718 913 sum
768 857 1022 913 Dominus
1052 857 1203 916 Deus
1232 875 1445 921 vester.
1485 887 1504 920 ι
1536 870 1733 925 Nomen
1793 873 1897 928 hoc

296 966 312 999 ι
360 958 650 1016 sanctus,
686 969 705 1001 ι
756 949 884 1018 quid
923 948 1025 1004 sibi
1063 949 1223 1018 velit,
1272 956 1475 1022 quidve
1527 958 1792 1025 significet
1841 963 1894 1016 in

292 1035 648 1107 Scripturis
676 1041 894 1099 divinis.
919 1039 1234 1108 diligentius
1287 1046 1668 1113 requirendum
1708 1060 1810 1112 est,
1841 1061 1898 1105 ut

290 1142 436 1198 cuni
485 1131 612 1184 vim
640 1130 788 1184 verbi
819 1130 1188 1199 didicerimus,
1234 1134 1399 1189 etiam
1426 1149 1558 1203 opus
1583 1137 1698 1203 ejus
1725 1142 1894 1208 possi-

289 1231 430 1272 mus
470 1219 739 1288 implere.
769 1219 1166 1288 Congregemus
1196 1237 1329 1292 ergo
1379 1223 1444 1278 de
1486 1224 1779 1294 Scripturis
1817 1229 1896 1283 di-

289 1305 494 1369 vinis,
529 1322 709 1374 super
739 1309 930 1375 quibus
955 1319 1202 1364 sanctum
1232 1311 1337 1366 diei
1365 1313 1687 1380 invenimus,
1712 1327 1765 1370 et
1798 1322 1892 1372 de-

284 1396 745 1460 prehendemus
781 1398 892 1466 (85)
943 1413 1046 1452 non
1084 1401 1256 1455 solum
1288 1402 1554 1467 homines,
1604 1407 1695 1459 sed
1734 1408 1894 1461 etiam

285 1494 466 1537 muta
507 1486 784 1540 animalia
822 1497 1008 1542 saneta
1039 1490 1328 1558 appellata,
1362 1492 1664 1549 invenimus
1686 1503 1742 1550 et
1767 1511 1892 1550 vasa

287 1571 628 1625 ministerii
651 1583 842 1628 sancta
870 1574 1126 1638 vocitata,
1146 1585 1200 1628 et
1223 1577 1533 1632 vestimenta
1561 1589 1742 1635 sancta
1768 1583 1894 1647 dici,

285 1666 346 1710 et
381 1659 528 1714 loca
565 1661 952 1730 nihilominus,
981 1679 1102 1731 quae
1132 1665 1186 1718 in
1218 1666 1440 1720 urbibus
1464 1668 1548 1722 vel
1573 1669 1894 1726 suburbibus

286 1750 498 1816 posita
562 1760 702 1806 sunt
727 1791 742 1816 ,
798 1761 854 1807 et
902 1756 1279 1810 sacerdotibus
1309 1758 1558 1826 deputata
1596 1778 1608 1812 :
1641 1773 1705 1815 ex
1738 1761 1898 1815 mutis

285 1838 546 1904 quidem
583 1841 917 1895 animalibus
947 1843 1305 1912 primogenita
1330 1849 1508 1910 boum,
1540 1849 1621 1902 Vel
1649 1865 1896 1918 pecorum

287 1927 670 1980 sanctificari
705 1943 808 1996 per
835 1928 1008 1998 legem
1041 1931 1265 1986 Domino
1287 1933 1558 2003 jubentur,
1584 1947 1638 1990 et
1669 1939 1896 1992 dicitur:

293 2011 394 2068 Se
418 2014 610 2070 l‘acias
659 2019 714 2070 in
765 2019 848 2073 eis
877 2034 1012 2087 opus
1041 2020 1202 2073 ullum
1233 2025 1352 2090 quia
1389 2023 1615 2080 Domino
1653 2028 1896 2082 sanctifi-

316 2113 440 2154 cata
504 2113 666 2157 sunt.
727 2105 908 2174 Super
941 2109 1086 2162 vasis
1117 2122 1275 2174 vero,
1307 2125 1426 2164 cum
1461 2113 1514 2166 in
1550 2115 1896 2170 tabernaculo

323 2191 634 2244 teSIlmouii
673 2207 808 2245 vasa
841 2194 1150 2259 ministerii,
1181 2195 1480 2261 thuribula,
1535 2201 1615 2254 vel
1664 2201 1882 2269 phialae,

320 2280 405 2334 vel
444 2291 652 2335 caetera
708 2281 1024 2351 huiusmodi
1074 2297 1236 2348 vasa,
1290 2295 1474 2339 sancta
1537 2289 1886 2356 appellantur.

321 2368 498 2437 Super
533 2372 909 2436 vestimentis,
940 2373 1107 2426 etiam
1140 2373 1272 2426 stola
1311 2376 1582 2442 pontificis
1613 2380 1792 2432 Aaron
1843 2390 1898 2435 et

320 2462 511 2512 tunica
554 2461 703 2515 linea
736 2499 754 2525 ,
821 2471 878 2514 et
933 2471 1129 2516 caetera
1177 2462 1482 2530 huiusmodi
1542 2469 1894 2533 vestimenta,

319 2558 512 2604 sancta
537 2551 826 2604 dicuntur.
861 2550 920 2604 Si
949 2565 1077 2620 ergo
1113 2552 1413 2607 intueamur
1444 2570 1550 2622 quo
1578 2571 1738 2612 sensu
1783 2561 1896 2613 haec

318 2640 511 2692 omnia
542 2649 743 2694 sancta
780 2652 975 2694 vocata
1028 2649 1191 2706 sunt,
1248 2646 1591 2700 advertemus
1627 2651 1894 2714 quomodo

315 2731 488 2782 etiam
521 2745 624 2783 nos
663 2731 802 2804 dare
830 2744 1052 2798 operam
1079 2732 1362 2788 debeamus
1393 2772 1409 2793 .
1451 2745 1508 2787 ut
1559 2738 1728 2791 sancti
1777 2753 1896 2795 esse

320 2820 618 2887 possimus.
674 2819 854 2874 Natus
899 2831 985 2876 est
1018 2823 1146 2877 mihi
1177 2824 1562 2893 primogenitus
1615 2827 1713 2882 bos
1737 2868 1752 2892 ,
1788 2844 1891 2884 non

322 2908 453 2962 mihi
513 2908 652 2963 licet
726 2923 1001 2978 occupare
1068 2925 1188 2966 eum
1246 2913 1313 2966 ad
1362 2928 1495 2981 opus
1564 2929 1890 2974 commune:

255 3063 258 3066 ,
317 3007 399 3050 est
449 2999 602 3051 enim
683 2997 919 3051 Domino
973 3009 1367 3066 consecratus,
1419 3013 1474 3056 et
1529 3003 1648 3057 ideo
1699 3006 1960 3081 diciturc

315 3097 569 3143 sanctus.
631 3086 1000 3154 lntetligimus
1049 3103 1177 3156 ergo
1225 3105 1290 3142 ex
1342 3092 1443 3145 hoc
1493 3103 1639 3145 muto
1687 3094 1889 3148 anima-

313 3171 373 3236 li,
410 3174 705 3242 quomodo
749 3173 834 3227 lex
886 3177 1026 3240 quod
1089 3187 1333 3229 sanctum
1391 3178 1506 3232 vult
1559 3194 1718 3243 esse,
1764 3183 1891 3235 nulli

313 3263 402 3316 alii
459 3264 515 3318 id
577 3264 873 3326 deservire
921 3263 1113 3332 jubet,
1176 3266 1280 3319 nisi
1339 3266 1565 3324 Domino
1606 3271 1725 3325 soli.
1785 3274 1888 3326 lteo

314 3367 434 3406 rum
491 3360 731 3422 pateras
777 3352 866 3404 vel
926 3352 1136 3420 phialas
1179 3368 1313 3422 quas
1349 3355 1480 3409 dicit
1521 3367 1756 3422 sanctas,
1789 3360 1892 3414 illis

312 3453 436 3496 sunt
458 3457 587 3511 quae
606 3456 896 3511 nunquam
929 3441 1180 3509 iubentur
1203 3443 1352 3498 exire
1388 3445 1454 3499 de
1486 3446 1698 3514 templo,
1730 3447 1889 3518 247

313 3533 404 3585 sed
431 3547 558 3586 esse
590 3545 820 3595 semper
847 3531 900 3583 in
933 3531 1154 3596 sanctis,
1179 3545 1276 3586 nec
1308 3532 1428 3586 ullis
1449 3535 1665 3601 penitus
1697 3537 1890 3590 ltunta-

313 3621 396 3675 nis
421 3621 627 3676 usibus
673 3621 1009 3674 ministrare.
1052 3619 1312 3674 Similiter
1345 3631 1400 3675 et
1426 3623 1740 3678 vestimenta
1769 3641 1890 3694 qua:

312 3721 500 3764 sancta
533 3710 926 3774 nominantur,
951 3722 1052 3761 non
1081 3705 1334 3774 iubentur
1358 3710 1496 3764 intra
1525 3712 1738 3766 domum
1771 3715 1885 3768 usui

311 3797 598 3853 deservire
629 3795 930 3866 pontificis,
959 3795 1052 3849 sed
1082 3795 1134 3847 in
1167 3795 1361 3864 templo
1389 3810 1526 3860 esse.
1551 3808 1604 3852 et
1631 3801 1751 3854 inde
1773 3815 1889 3854 om-

312 3884 438 3939 nino
456 3900 752 3954 nunquam
779 3883 979 3946 efferri,
1007 3882 1101 3938 sed
1128 3884 1195 3937 ad
1220 3886 1320 3937 hoc
1346 3891 1547 3938 tantum
1581 3900 1886 3942 consecrata

311 3991 427 4032 esse
458 4017 475 4041 ,
514 3987 580 4030 ut
613 3974 701 4028 eis
744 3974 858 4026 Deo
907 3973 1220 4028 ministrans
1267 3974 1504 4041 pontifex
1537 3975 1804 4041 induatur,
1833 3989 1887 4033 et

315 4067 414 4120 sint
447 4079 686 4130 semper
715 4063 772 4117 in
805 4064 1024 4132 templo,
1061 4062 1127 4116 ad
1155 4068 1380 4116 caeteros
1415 4078 1542 4117 vero
1571 4080 1700 4119 usus
1735 4082 1883 4120 com-

316 4172 530 4220 munes,
560 4165 761 4208 utatur
790 4155 1163 4212 communibus
1189 4156 1532 4211 indumentis.
1559 4154 1813 4208 Similiter
1834 4163 1888 4209 et

313 4248 536 4314 pateris,
565 4261 638 4299 ac
691 4244 892 4312 pbialis
934 4245 1019 4298 bis
1055 4261 1173 4314 quae
1200 4254 1400 4299 sanctae
1426 4244 1785 4312 appellantur,
1818 4245 1884 4299 ad

3435 291 3541 346 550

1935 413 1977 465 Α
2007 414 2060 458 et
2098 405 2378 457 mundanis
2426 402 2653 473 negotiis
2707 402 2989 472 obligatis,
3045 423 3146 462 non
3179 422 3424 478 quaerens
3474 424 3540 463 ea

2002 508 2116 559 qua:
2142 507 2300 560 super
2335 502 2554 554 terram.
2580 495 2672 548 sed
2703 508 2820 562 qua:
2851 495 2901 546 in
2927 496 3079 550 caelis
3105 507 3229 551 sunt
3255 514 3270 562 ;
3299 498 3398 550 iste
3419 511 3532 550 me-

2002 581 2106 634 rito
2139 591 2354 636 sanctus
2390 582 2702 651 appellatur.
2743 584 2919 638 Donec
2951 586 3090 636 enim
3135 586 3420 652 permistus
3449 594 3534 640 est

2004 671 2210 732 turbis,
2246 681 2299 726 et
2351 673 2403 724 in
2455 671 2788 726 multitudine
2833 671 3201 726 fluctuantium
3238 673 3529 737 volutatur,
3593 699 3596 702 λ

2000 776 2102 816 nec
2136 772 2290 815 vacat
2320 761 2415 815 soli
2443 761 2581 825 Deo,
2630 775 2801 829 neque.
2836 771 3142 830 segregatus
3179 776 3209 814 a
3239 763 3396 828 vulgo
3424 769 3530 826 est,

2003 867 2109 907 non
2143 861 2315 920 potest
2347 867 2464 906 esse
2487 862 2720 906 sanctus.
2749 853 2880 906 Nam
2917 854 2981 906 de
3007 852 3086 905 eis
3113 851 3242 918 quid
3274 851 3530 914 dicemus,

2003 943 2092 1010 qui
2123 957 2243 997 cum
2275 942 2548 1011 gentilium
2591 943 2760 996 turbis
2793 944 2857 996 ad
2901 941 3202 1010 spectacula
3242 947 3530 1003 maturant,

2002 1043 2056 1088 et
2083 1041 2402 1101 conspectus
2431 1047 2554 1087 suos
2582 1042 2741 1100 atque
2777 1031 2991 1085 auditus
3018 1030 3298 1098 impudicis
3326 1038 3380 1082 et
3410 1044 3532 1082 ver-

2003 1123 2086 1178 bis
2107 1132 2161 1176 et
2180 1123 2386 1178 actibus
2409 1122 2650 1176 fmdant?
2678 1121 2789 1175 Non
2820 1129 2904 1176 est
2928 1129 3164 1175 nostrum
3189 1118 3533 1187 pronuntiare

2001 1213 2068 1265 de
2105 1212 2317 1267 talibus.
2367 1211 2469 1279 Ipsi
2517 1212 2656 1265 enim
2704 1210 2938 1273 sentire,
2993 1218 3047 1264 et
3088 1209 3271 1262 videre
3313 1215 3533 1276 possunt

1999 1314 2158 1367 quam
2179 1300 2278 1353 sibi
2301 1299 2598 1368 delegerint
2621 1313 2682 1366 pa
2693 1307 2844 1352 rtem.
2869 1296 2948 1351 Tu
2972 1310 3100 1366 ergo
3114 1297 3204 1366 qui
3229 1297 3339 1350 hate
3358 1295 3532 1360 audis,

2000 1387 2087 1440 cui
2129 1387 2209 1440 lex
2243 1389 2417 1440 divina
2447 1391 2707 1444 recitatur
2729 1387 2860 1457 (86),
2880 1400 3036 1455 quem
3063 1385 3227 1452 ipsius
3252 1383 3412 1437 etiam
3440 1383 3531 1437 Dei

1999 1490 2174 1529 sermo
2205 1479 2456 1533 convenit
2488 1481 2670 1533 dicens
2713 1497 2726 1532 :
2777 1496 2796 1530 t
2836 1479 3020 1534 Sancti
3067 1485 3267 1539 estote,
3307 1474 3431 1544 quia
3475 1483 3532 1528 et

1998 1580 2098 1634 ego
2126 1575 2342 1621 sanctus
2367 1582 2484 1620 sum
2509 1569 2759 1622 Dominus
2789 1568 2928 1622 Deus
2951 1577 3165 1634 vester;
3206 1585 3225 1618 ι
3255 1564 3528 1632 sapienter

2004 1654 2234 1723 intellige
2256 1669 2374 1724 quae
2400 1655 2668 1721 dicuntur,
2688 1667 2745 1711 ut
2762 1659 2836 1712 sis
2863 1658 3050 1712 beatus
3074 1671 3194 1710 cum
3227 1652 3422 1708 feceris
3444 1666 3526 1706 ea.

1927 1725 1969 1784 Β
1998 1742 2110 1797 Hoc
2134 1753 2215 1798 est
2241 1745 2380 1798 enim
2418 1745 2556 1812 quod
2591 1745 2782 1800 dicitur
2811 1748 2903 1802 tibi
2939 1761 2954 1800 :
2981 1747 3182 1815 Separa
3213 1755 3264 1801 te
3287 1746 3354 1800 ab
3382 1745 3528 1799 omni

1997 1848 2099 1887 non
2135 1834 2304 1888 solum
2337 1835 2586 1900 homine,
2621 1837 2713 1890 sed
2753 1844 2808 1892 et
2853 1836 3016 1890 fratre
3063 1837 3296 1903 inquiete
3338 1835 3527 1888 ambu-

1997 1923 2169 1984 lante,
2219 1933 2273 1978 et
2315 1939 2418 1978 non
2466 1927 2758 1979 secundum
2813 1927 3130 1980 traditiones
3185 1923 3536 1992 apostolicae.

2001 2031 2020 2064 ι
2060 2014 2390 2080 Separamini
2422 2015 2618 2068 etenim
2652 2015 2744 2083 qui
2786 2016 3015 2084 portatis
3039 2053 3055 2078 ,
3089 2014 3261 2081 inquit
3282 2013 3327 2044 "
3354 2053 3370 2078 ,
3401 2025 3526 2065 vasa

1997 2101 2226 2166 Domini,
2259 2113 2313 2157 et
2345 2101 2488 2157 exite
2513 2103 2576 2155 de
2601 2104 2775 2156 medio
2803 2117 3008 2165 eorum,
3041 2121 3060 2153 ι
3087 2103 3217 2155 dicit
3246 2101 3521 2154 Dominus.

1997 2193 2196 2263 Separa
2227 2203 2278 2250 te
2305 2213 2333 2250 a
2365 2193 2589 2250 terrenis
2621 2196 2822 2248 actibus
2843 2234 2860 2260 ,
2905 2209 3092 2263 separa
3133 2203 3183 2246 te
3213 2207 3242 2244 a
3272 2191 3528 2258 concupi-

1995 2288 2194 2338 scentia
2230 2287 2409 2340 mundi
2445 2305 2458 2339 :
2499 2304 2517 2336 t
2555 2286 2724 2341 Omne
2751 2285 2891 2338 enim
2941 2283 3081 2351 quod
3117 2283 3168 2334 in
3205 2282 3398 2333 mundo
3420 2288 3523 2343 est,

1995 2375 2283 2428 secundum
2316 2375 2608 2446 apostolum
2637 2374 2703 2439 “,
2743 2373 3172 2441 concupiscentia
3203 2371 3382 2425 carnis
3423 2375 3523 2430 est,

1994 2475 2047 2514 et
2071 2462 2502 2532 concupiscentia
2534 2465 2843 2527 oculorum,
2879 2477 2998 2531 qua:
3025 2476 3129 2514 non
3163 2469 3243 2513 est
3278 2474 3306 2514 a
3339 2459 3462 2512 Deo.
3497 2474 3518 2508 ο

1994 2549 2125 2604 Cum
2160 2566 2287 2619 ergo
2323 2553 2657 2620 separaveris
2702 2561 2753 2605 te
2777 2553 2844 2605 ab
2877 2551 2962 2605 bis
3008 2548 3292 2615 omnibus,
3323 2548 3525 2600 devove

1995 2648 2047 2694 te
2070 2641 2176 2693 Deo
2205 2650 2451 2708 tanquam
2480 2640 2890 2709 primogenitum
2923 2638 3171 2702 vitulum,
3197 2651 3302 2689 non
3333 2650 3525 2702 opere-

1995 2736 2082 2779 tur
2110 2741 2203 2794 per
2233 2736 2284 2780 te
2307 2738 2605 2796 peccatum,
2643 2742 2739 2782 nec
2756 2730 2936 2796 jugum
2975 2726 3068 2779 tibi
3102 2725 3341 2791 imponat
3371 2721 3524 2776 mali-

1995 2817 2106 2879 tia;
2133 2817 2225 2872 sed
2257 2828 2372 2874 esto
2401 2827 2665 2882 semotus,
2695 2827 2749 2872 et
2792 2826 3138 2885 segregatus,
3177 2813 3358 2868 usibus
3403 2823 3522 2866 tan-

1995 2917 2102 2960 tttm
2134 2908 2550 2964 sacerdotalibus
2569 2950 2584 2974 ,
2619 2918 2864 2975 tanquam
2892 2905 3296 2975 primogenitum
3325 2901 3522 2958 anima.

1995 2997 2342 3067 mancipatus.
2383 2997 2613 3066 Segrega
2657 3006 2707 3050 te
2736 3005 2788 3050 et
2834 3009 3057 3050 secerne
3100 2993 3232 3063 (87),
3265 3003 3518 3060 tanquam

1992 3085 2184 3154 phiala:
2208 3095 2437 3150 sanctze,
2480 3097 2532 3140 et
2559 3093 2740 3141 sancta
2771 3085 3034 3138 tlturibula
3061 3123 3076 3147 ,
3123 3084 3288 3138 solius
3337 3082 3519 3150 templi

1991 3174 2173 3228 usibus
2203 3183 2255 3228 et
2283 3176 2371 3228 Dei
2400 3175 2695 3228 ministerio
2719 3188 2930 3228 vacans.
2976 3174 3176 3239 Separa
3220 3181 3270 3225 te
3290 3210 3305 3234 ,
3348 3182 3402 3225 et
3434 3186 3519 3225 se-

1991 3276 2144 3314 move
2174 3262 2242 3316 ab
2273 3263 2416 3320 omni
2453 3261 2740 3329 pollutione
2763 3259 2967 3328 peccati
2993 3298 3008 3321 ,
3053 3268 3109 3312 et
3139 3266 3254 3311 esto
3284 3269 3518 3312 semotus

1989 3361 2044 3404 et
2080 3359 2385 3419 segregatus
2419 3351 2558 3404 intra
2591 3349 2842 3418 templum
2873 3348 3004 3414 Dei,
3038 3359 3288 3419 tanquam
3330 3359 3517 3406 sancta

1989 3441 2294 3494 indumenta
2323 3440 2612 3508 pontificis.
2637 3439 2692 3492 In
2722 3439 2915 3508 templo
2947 3455 3178 3508 namque
3203 3442 3294 3496 Dei
3324 3452 3407 3497 est
3433 3455 3518 3496 se-

1987 3537 2236 3597 gregatus
2264 3537 2316 3582 et
2346 3535 2621 3595 separatus
2653 3529 2739 3582 ille
2764 3529 2852 3598 qui
2887 3531 2940 3582 in
2972 3530 3086 3598 lege
3110 3529 3204 3583 Dei
3234 3531 3522 3584 meditatur

1989 3618 2072 3669 die
2097 3632 2158 3670 ac
2185 3626 2338 3671 nocte
2362 3655 2376 3680 ,
2404 3625 2456 3670 et
2483 3616 2576 3684 qui
2610 3616 2662 3669 in
2701 3617 2964 3671 mandatis
3005 3619 3120 3685 ejus
3150 3619 3296 3684 cupit
3333 3617 3513 3670 nimis.

1993 3723 2012 3757 ι
2045 3705 2229 3759 Sancti
2258 3721 2384 3775 ergo
2423 3715 2631 3770 estote,
2673 3707 2802 3758 dicit
2846 3707 3134 3773 Dominus,
3180 3707 3304 3774 quia
3337 3717 3390 3758 et
3416 3721 3517 3774 ego

1986 3805 2200 3850 sanctus
2239 3811 2377 3850 sum.
2425 3814 2444 3846 ι
2496 3795 2631 3861 Quid
2681 3805 2802 3862 est,
2848 3815 2866 3848 ι
2919 3797 3043 3864 quia
3084 3805 3141 3850 et
3171 3809 3268 3865 ego
3296 3805 3513 3849 sanctus

1987 3885 2145 3936 smn?
2172 3903 2190 3935 ι
2221 3883 2372 3938 Sicut
2397 3899 2515 3953 ego,
2549 3885 3070 3954 inquit,'segregatus
3099 3900 3235 3948 sum,
3259 3895 3332 3953 ,ει
3360 3885 3515 3952 longe

1986 3985 2262 4040 separatus
2293 3973 2357 4028 ab
2378 3973 2620 4028 omnibus
2659 3988 2776 4040 qua:
2805 3975 3110 4038 adorantur,
3137 3974 3218 4028 vel
3242 3972 3512 4035 coluntur,

1985 4064 2095 4115 sive
2123 4063 2174 4113 in
2208 4071 2343 4115 terra
2377 4063 2488 4116 sive
2517 4063 2568 4115 in
2595 4062 2727 4117 caelo
2753 4079 2768 4115 :
2792 4063 3043 4130 sicutego
3065 4061 3266 4117 excedo
3294 4075 3506 4115 omnem

1985 4162 2305 4218 creaturam,
2332 4160 2492 4220 atque
2513 4153 2580 4204 ab
2605 4153 2870 4207 universis
2891 4169 3006 4221 qua:
3035 4169 3061 4204 a
3092 4167 3174 4205 me
3201 4155 3340 4205 facta
3366 4161 3513 4218 sunt.

1985 4253 2272 4306 segregor;
2320 4241 2391 4294 ita
2439 4249 2492 4295 et
2517 4255 2610 4296 vos
2648 4244 2906 4312 segregati
2939 4252 3112 4296 estote
3148 4243 3213 4295 ab
3241 4243 3510 4305 omnibus,

314 4335 589 4389 humanos
625 4342 684 4388 et
715 4346 1033 4387 communes
1059 4348 1186 4387 usus
1220 4335 1296 4386 uti
1328 4348 1435 4386 non
1469 4335 1613 4398 licet,
1646 4336 1738 4389 sed
1768 4343 1880 4388 tan-
1915 4321 1957 4373 Ῑ)
1984 4329 2073 4397 qui
2101 4344 2202 4382 non
2235 4338 2362 4384 sum
2383 4332 2583 4394 SanCli.
2621 4347 2716 4386 nec
2747 4333 2854 4386 Deo
2883 4333 3066 4388 dicati.
3095 4332 3385 4401 .Seal‘esal‘i
3417 4347 3513 4385 all-

314 4433 414 4477 tmn
443 4424 519 4477 ad
548 4423 743 4476 divina
785 4421 1115 4476 ministeria.
1148 4422 1296 4487 Quod
1335 4424 1379 4477 si
1414 4424 1714 4480 intellexisti
1745 4441 1880 4493 quo-

313 4514 463 4565 modo
494 4510 590 4564 vel
621 4509 848 4572 animal,
866 4509 952 4562 vel
979 4525 1097 4573 vas,
1131 4511 1214 4577 vel
1239 4515 1612 4568 vestimentum
1639 4525 1879 4568 sanctum

309 4602 654 4669 appellatur,
686 4608 1088 4666 consequenter
1127 4600 1367 4670 intellige
1395 4605 1536 4671 quod
1581 4605 1662 4657 liis
1695 4605 1880 4658 obser-

309 4690 634 4746 vationibus
665 4697 724 4741 et
751 4687 961 4755 legibus
1000 4689 1169 4741 etiam
1214 4691 1368 4744 homo
1407 4702 1622 4747 sanctus
1646 4693 1880 4762 appelle-

304 4789 396 4835 tur.
442 4781 510 4836 Si
550 4778 686 4848 quis
718 4778 863 4833 enim
906 4779 1153 4845 seipsum
1205 4779 1475 4836 devoverit
1501 4785 1610 4836 Deo
1637 4803 1651 4836 :
1680 4784 1722 4836 si
1758 4785 1878 4851 quis

302 4874 454 4927 nullis
497 4886 563 4926 se
618 4871 854 4938 negotiis
915 4869 1278 4923 saecularibus
1323 4871 1684 4939 implicaverit,
1721 4883 1778 4926 ut
1823 4874 1871 4927 ei

299 4961 518 5026 placeat
550 4959 647 5013 cui
682 4973 742 5012 se
768 4957 1053 5025 probavit,
1087 4958 1132 5009 si
1165 4959 1280 5024 quis
1307 4971 1578 5028 separatus
1604 4972 1682 5014 est
1711 4971 1763 5014 et
1788 4976 1874 5014 se-

295 5061 557 5124 gregatus
591 5063 626 5102 a
659 5048 888 5115 reliquis
916 5046 1240 5101 hominibus
1259 5051 1535 5104 carnaliter
1558 5053 1873 5115 viventibus,

335 5241 387 5273 ⁸⁸
430 5235 626 5291 chit.
665 5247 760 5293 xx,
799 5229 896 5281 9.6.

327 5416 470 5488 (85)
505 5411 653 5488 _.\_lss.
679 5449 696 5470 ,
730 5424 749 5454 σ
783 5398 1308 5469 deprehendcmus.
1332 5423 1350 5453 ι
1375 5403 1519 5459 Libb.
1544 5405 1686 5471 editi,
1725 5423 1743 5456 ι
1778 5407 1870 5460 de-

253 5481 702 5544 Néliendimtts.
732 5490 756 5523 ι

318 5538 455 5626 (36)
503 5545 707 5600 Codex
764 5540 1081 5602 Sangetm.
1110 5571 1127 5596 ,
1185 5555 1204 5586 ‹
1238 5538 1318 5592 cui
1360 5539 1437 5594 lex
1473 5541 1635 5596 divina
1677 5542 1874 5596 reeita-

975 5227 1026 5258 "’
1055 5225 1171 5280 lsa.
1203 5241 1290 5294 ut,
1318 5231 1397 5282 ll.
1465 5229 1548 5282 "l
1577 5229 1727 5282 Joan.
1760 5247 1817 5295 ll,
1847 5232 1931 5285 16.

1990 4427 2092 4470 tem
2119 4419 2344 4473 dicimus
2371 4434 2472 4472 non
2517 4420 2648 4474 locis
2673 4423 2765 4475 sed
2801 4422 3022 4487 actibus,
3053 4436 3149 4475 nec
3185 4422 3512 4489 regionibus,

1983 4509 2076 4560 sed
2125 4509 2638 4563 couversationibus.
2685 4510 2921 4578 Denique
2965 4521 3018 4564 et
3076 4513 3188 4578 ipse
3235 4526 3410 4564 sermo
3457 4512 3512 4564 in

1983 4597 2164 4650 Graeca
2197 4599 2395 4666 lingua,
2427 4600 2568 4666 quod
2601 4599 2797 4653 dicitur
2830 4600 3012 4667 ἅγιος,
3038 4601 3188 4668 quasi
3219 4609 3372 4655 extra
3399 4609 3510 4653 ter-

1984 4702 2094 4738 ram
2127 4702 2245 4741 esse
2268 4688 2548 4755 significat.
2581 4689 2890 4758 Quicunque
2913 4691 3053 4743 enim
3076 4704 3135 4744 se
3157 4703 3509 4744 consecrave-

1981 4779 2051 4830 rit
2081 4777 2187 4830 Deo
2206 4817 2221 4839 ,
2250 4780 2437 4832 merito
2463 4787 2614 4832 extra
2652 4789 2880 4842 terram,
2907 4787 3057 4832 extra
3086 4779 3338 4832 mundum
3364 4777 3512 4830 vide-

1980 4869 2167 4922 bitur:
2198 4850 2370 4936 potest
2414 4871 2554 4923 enim
2595 4880 2649 4924 et
2692 4871 2806 4939 ipse
2843 4871 3024 4924 dicere
3061 4869 3274 4936 :Super
3316 4877 3511 4922 terram

1981 4959 2314 5016 ambulantes
2336 5001 2351 5026 ,
2381 4961 2836 5014 conversationem
2869 4959 2919 5011 in
2969 4957 3121 5013 cwlis
3163 4958 3418 5011 habemus
3441 4953 3510 5005 ⁸⁷.

1985 5052 2233 5106 Salomon
2288 5065 2499 5120 quoque
2556 5051 2608 5103 in
2664 5049 2965 5102 Proverbiis
3021 5047 3148 5101 dicit
3185 5047 3285 5098 ἐξ
3343 5063 3362 5094 ι
3407 5041 3509 5093 La-

2008 5233 2050 5264 "
2086 5233 2274 5301 Philip.
2309 5248 2390 5294 tu,
2413 5232 2500 5284 20.
2575 5231 2619 5262 ”
2653 5229 2806 5282 Prov.
2844 5243 2936 5290 xx,
2968 5226 3044 5278 25

1983 5419 2088 5460 tttr.
2123 5425 2144 5457 ι
2185 5405 2316 5458 Tres
2362 5404 2449 5456 alii
2501 5417 2627 5455 mss.
2656 5440 2669 5462 ,
2720 5417 2738 5448 ι
2770 5400 2854 5468 cui
2899 5387 3506 5468 lneedivinafe‘citanf

1982 5488 2084 5528 tur.
2140 5492 2158 5524 ι
2203 5473 2355 5526 Libb.
2410 5471 2575 5530 editi,
2613 5465 2879 5519 tc'unilex
2931 5463 3109 5513 divina
3161 5463 3502 5511 recitatum-0

2047 5543 2154 5612 (87)
2183 5541 2286 5595 Mss
2317 5579 2330 5606 ,
2361 5557 2378 5590 t
2411 5551 2687 5604 segregare
2711 5541 2761 5586 et
2791 5541 3089 5584 secernere.
3119 5543 3144 5580 θ
