3948 6218
316 233 416 292 535

1549 253 1613 306 ΙΝ
1649 251 2011 306 LEVITICUM
2048 248 2321 305 HOMILIA
2364 249 2451 302 XI.

3439 251 3540 305 834

324 355 419 409 hoc
443 346 580 417 (ιιιοά
607 350 903 406 secundum
928 348 1131 419 1⁸8⁸111,
1168 362 1354 416 verbi
1387 381 1557 422 eausa
1586 370 1792 422 adulter
1824 369 1902 423 vel
1932 374 1974 427 Α
2007 368 2179 421 dicem
2202 367 2402 435 justum
2434 379 2599 433 preme
2623 366 2932 431 moderatio,
2961 383 3064 423 non
3094 367 3264 422 solum
3292 380 3388 435 pro
3408 380 3539 436 qua-

322 437 559 494 adttllet‘a
599 440 851 506 prazsenti
888 445 1057 492 morte
1104 448 1482 508 puniebatur
1508 495 1524 519 ,
1562 466 1777 525 propter
1811 459 1910 511 hoc

321 534 504 602 ipsum
535 531 673 600 quod
701 532 912 598 peccati
951 526 1033 582 sui
1088 539 1344 598 pertulit
1390 558 1609 611 poenam
1629 584 1645 609 ,
1680 554 1735 598 et
1765 560 1911 599 com—

315 625 493 680 missi
533 623 743 678 sceleris
794 622 1015 677 exsolvit
1053 620 1235 690 digna
1290 634 1584 700 supplicia.
1632 633 1768 699 Quid
1805 635 1910 687 erit

307 725 459 785 post
488 715 617 777 haec,
645 714 784 783 quod
808 712 1084 768 animabus
1107 727 1319 774 eorum
1354 723 1575 777 ultionis
1614 724 1907 784 immineat,

303 807 357 859 si
420 806 572 860 nihil
614 804 1124 874 aliuddeliquerunt
1164 806 1191 860 ἳ
1236 811 1285 864 si
1321 812 1469 866 aliud
1497 825 1764 880 peccatum
1805 828 1906 864 non

300 905 400 948 est
444 895 606 964 quod
632 895 947 950 condemnet
968 906 1092 957 eos,
1125 896 1227 949 sed
1266 898 1377 952 hoc
1414 898 1586 953 solum
1625 899 1910 952 commise-

300 995 494 1047 runt,
522 993 586 1038 et
621 996 740 1038 tunc
766 993 970 1037 tantum
995 998 1118 1038 cum
1149 989 1332 1054 puniti
1376 1000 1535 1053 sunt,
1565 997 1622 1043 et
1661 989 1790 1057 legis
1817 982 1911 1057 pro

297 1075 432 1128 hoc
479 1076 809 1143 supplicium
838 1074 1223 1143 pertulerunt?
1252 1077 1371 1131 Non
1397 1078 1693 1133 vindicabit
1724 1079 1906 1132 Domi-

294 1179 427 1217 nus
482 1166 579 1221 bis
645 1167 699 1220 in
758 1166 1030 1233 idipsum,
1078 1176 1405 1232 receperunt
1454 1169 1594 1221 enim
1636 1177 1908 1235 peccatum

295 1267 529 1320 suum,
556 1263 618 1307 et
651 1264 963 1320 consumpta
992 1262 1078 1307 est
1105 1255 1356 1309 criminis
1386 1268 1560 1323 ptena.
1594 1256 1658 1307 Et
1683 1255 1798 1308 ideo
1833 1256 1909 1308 in-

291 1344 566 1395 venitur
595 1343 703 1396 hoc
744 1357 912 1411 genus
936 1344 1191 1410 praecepti
1225 1358 1329 1397 non
1358 1343 1600 1408 crudele,
1634 1344 1772 1396 sicut
1803 1342 1910 1395 ha:-

292 1429 495 1482 rctici
550 1440 813 1483 asserunt
839 1441 1159 1484 accusantes
1215 1431 1383 1499 legem
1415 1432 1543 1494 Dei,
1576 1440 1629 1483 et
1656 1440 1909 1500 negantes

294 1521 358 1571 in
422 1534 502 1573 ea
539 1520 904 1573 humanitatis
950 1521 1154 1589 aliquid
1204 1523 1506 1576 contineri:
1556 1522 1650 1576 sed
1696 1521 1906 1589 plenqu

294 1608 747 1670 misericordia,
781 1609 986 1663 idcirco
1025 1611 1171 1676 quod
1212 1625 1306 1678 per
1350 1612 1450 1664 hoc
1488 1621 1807 1679 purgaretur
1839 1625 1904 1664 ex

2006 461 2176 521 litate,
2205 472 2386 510 verum
2416 458 2573 512 etiam
2609 471 2703 524 pro
2736 458 3051 523 quantitate.

2074 549 2126 601 3.
2168 546 2313 600 Inter
2336 556 2529 600 caatera
2556 560 2682 613 ergo
2708 557 2923 612 peccata
2958 561 3076 614 quae
3106 558 3277 601 morte
3304 548 3529 615 punitur-

2011 648 2114 700 tur,
2156 639 2320 692 refert
2349 638 2524 690 divina
2565 636 2649 690 lex
2672 634 2714 666 ’⁵⁸
2750 636 2888 703 quod
2929 645 2981 687 et
3016 653 3033 684 ι
3064 635 3151 703 qui
3196 635 3536 688 maledixerit

2008 728 2144 794 patri
2189 737 2281 779 aut
2315 728 2492 791 matri,
2530 735 2704 779 morte
2740 724 3018 777 moriatur.
3045 741 3062 773 ι
3117 721 3321 775 Nomen
3370 724 3535 790 patris

2008 814 2206 880 grande
2253 815 2561 883 mysterium
2612 821 2727 875 est,
2767 819 2821 865 et
2858 824 3047 864 nomen
3093 809 3278 862 matris
3340 824 3532 862 arcana

2010 904 2305 956 reverentia
2340 912 2438 956 est.
2468 903 2624 955 Pater
2654 902 2748 955 tibi
2798 899 3089 955 secundum
3116 899 3364 967 spiritum
3396 900 3536 952 Deus

2006 1002 2087 1045 est
2112 1010 2125 1045 :
2158 1003 2330 1046 mater
2358 992 2649 1046 Jerusalem
2679 989 2908 1045 caelestis
2938 997 3036 1044 est.
3065 988 3392 1056 Proplteticis
3423 989 3533 1041 hrcc

2007 1085 2062 1129 et
2108 1078 2417 1144 apostolicis
2466 1077 2782 1132 testimoniis
2815 1077 2983 1131 disce.
3032 1075 3129 1130 llic
3175 1076 3286 1144 ipse
3330 1075 3535 1144 Moyses

2008 1165 2195 1217 scribit
2235 1165 2285 1217 in
2324 1167 2535 1220 cantico
2557 1167 2641 1218 δίε
2681 1182 2700 1214 ι
2724 1164 2911 1217 Nonne
2955 1165 3042 1217 hic
3074 1165 3188 1231 ipse
3231 1174 3380 1232 pater
3411 1173 3535 1217 tuus

2007 1252 2289 1320 acquisivit
2334 1254 2422 1306 te?
2445 1271 2463 1303 ι
2495 1254 2775 1320 Apostolus
2812 1266 2936 1306 vero
2969 1252 3097 1305 dicit
3135 1252 3201 1306 de
3242 1250 3534 1306 Jerusalem

2008 1340 2205 1394 caelesti
2230 1341 2296 1406 ",
2325 1342 2447 1408 quia
2480 1360 2499 1391 ι
2534 1342 2700 1395 libera
2730 1350 2831 1406 est,
2860 1354 2977 1408 quae
3002 1352 3104 1403 est,
3143 1340 3339 1407 inquit,
3367 1349 3534 1393 mater

2007 1431 2245 1484 omnium
2273 1439 2569 1484 nostrum.»
2604 1429 2784 1483 Primo
2808 1443 2936 1497 ergo
2963 1429 3055 1482 tibi
3089 1437 3237 1495 pater
3268 1428 3404 1481 Deus
3429 1441 3531 1491 est,

2007 1521 2096 1586 qui
2127 1521 2306 1587 genuit
2346 1521 2585 1586 spiritum
2618 1529 2785 1580 tuum,
2822 1518 2912 1584 qui
2959 1525 3013 1570 et
3044 1516 3281 1572 dicit“:
3321 1535 3340 1568 ι
3370 1516 3552 1592 Filios

2008 1610 2165 1678 genui
2190 1617 2243 1661 et
2267 1609 2548 1662 exaltavi.»
2583 1608 2687 1661 Sed
2715 1616 2767 1659 et
2795 1607 2992 1661 Paulus
3018 1606 3290 1673 apostolus
3304 1605 3434 1659 dicit
3452 1605 3529 1660 “:

294 1699 586 1766 peccatis
613 1697 849 1765 populus
871 1699 1062 1766 magis,
1089 1713 1248 1766 quam
1265 1700 1732 1753 condemnaretur.
1753 1698 1904 1752 Nunc
1935 1679 1976 1732 Β
2013 1713 2030 1745 ι
2057 1694 2492 1761 Obtemperemus
2522 1695 2657 1763 patri
2686 1694 2988 1762 spirituum,
3014 1703 3068 1749 et
3101 1695 3358 1749 vivemus.
3381 1713 3401 1748 ι
3437 1694 3532 1748 Se-

294 1800 459 1838 vero
498 1802 616 1839 non
648 1787 883 1840 infertur
918 1801 1078 1855 paena
1105 1789 1350 1855 corpori,
1375 1803 1472 1841 nec
1502 1789 1749 1855 purgatio
1780 1803 1903 1855 pec-

295 1876 428 1926 cati
477 1890 588 1942 per
611 1876 904 1942 corporale
935 1875 1258 1943 supplicium
1286 1886 1514 1938 constat,
1540 1879 1632 1930 sed
1666 1893 1760 1944 per
1791 1882 1902 1947 pte-

295 1964 631 2015 n'tteutiam
655 1982 671 2028 ;
700 1979 863 2031 quam
892 1973 1073 2016 utrum
1095 1964 1214 2031 quis
1236 1965 1391 2031 digne
1418 1976 1588 2033 gerat,
1613 1967 1686 2019 ita
1707 1977 1764 2019 ut
1790 1982 1901 2020 me-

319 2053 435 2103 reri
467 2066 578 2117 pro
609 2066 677 2104 ea
708 2053 920 2104 veniam
943 2053 1130 2119 possit,
1156 2052 1354 2105 videto.
1385 2051 1534 2105 Multi
1567 2061 1692 2106 sunt
1734 2055 1898 2119 enim,

328 2139 419 2203 qui
456 2152 568 2191 nec
616 2140 687 2190 ad
733 2137 837 2190 ltoc
874 2138 1236 2203 inclinantur,
1272 2154 1367 2191 nec
1397 2142 1722 2206 poenitentia:
1756 2143 1900 2196 refu-

325 2229 475 2294 gium
505 2234 774 2293 quzerunt
802 2242 817 2290 ;
862 2227 957 2280 sed
989 2242 1109 2279 cum
1144 2228 1472 2292 ceciderint,
1513 2244 1731 2296 surgere
1760 2232 1899 2285 ultra

330 2315 562 2377 nolunt,
598 2314 958 2368 delectantur
1004 2316 1056 2366 in
1085 2329 1150 2367 eo
1179 2314 1290 2367 luto
1328 2331 1431 2383 quo
1473 2318 1726 2371 laeserint
1754 2320 1903 2371 voln-

331 2404 458 2455 tari.
497 2402 613 2454 Nos
649 2411 835 2455 tamen
872 2417 978 2454 non
1027 2403 1393 2458 obliviscimur
1436 2407 1685 2474 praecepti
1736 2407 1895 2471 illius,

328 2507 440 2556 quo
474 2492 691 2545 dicitur
715 2492 763 2523 ³⁸
794 2510 809 2545 :
851 2510 871 2542 ι
901 2492 1014 2557 Qua
1051 2508 1293 2547 mensura
1330 2496 1500 2549 mensi
1544 2496 1784 2558 fueritis,
1816 2512 1902 2549 ea-

327 2582 452 2632 dem
483 2583 814 2635 remetietur
843 2583 1017 2636 vobis.
1049 2601 1068 2634 ι
1107 2582 1343 2637 Dicimus
1364 2585 1505 2637 enim
1535 2595 1590 2637 et
1613 2588 1679 2637 ad
1710 2583 1897 2647 Deum,

326 2673 589 2737 quoniam
617 2671 827 2724 dedisti
867 2689 885 2721 ι
926 2674 1081 2726 nobis
1112 2687 1297 2740 panem
1330 2674 1708 2741 laerymarum,
1732 2683 1784 2727 et
1808 2690 1901 2740 po-

330 2761 459 2812 tasti
518 2774 623 2813 nos
677 2761 733 2812 in
787 2760 1049 2830 lacrymis
1095 2764 1147 2815 in
1187 2760 1571 2827 ,mensura'ht
1600 2761 1736 2815 Sunt
1771 2778 1898 2832 ergo

330 2849 431 2901 ista
471 2860 749 2916 peccata,
791 2864 916 2917 qua:
951 2850 1204 2903 dicuntur
1239 2851 1305 2903 ad
1342 2857 1569 2903 mortem
1614 2866 1629 2902 :
1672 2850 1810 2904 unde
1845 2861 1900 2904 et

328 2953 683 3005 consequens
726 2947 849 3004 est,
887 2947 947 2991 ut
994 2940 1201 3006 quoties
1247 2939 1578 2994 commiserit
1626 2941 1747 3006 quis
1788 2942 1894 2995 tale

325 3041 623 3095 peccatum
646 3065 663 3090 ,
711 3028 877 3080 toties
916 3028 1197 3081 moriatur.
1230 3026 1426 3080 Multas
1454 3028 1597 3080 enim
1631 3043 1747 3082 esse
1773 3044 1897 3096 pec-

327 3121 436 3171 rati
480 3131 703 3170 mortes
742 3117 1015 3184 significat
1053 3118 1216 3170 etiam
1245 3117 1516 3184 apostolus
1541 3117 1757 3182 Paulus,
1780 3133 1898 3171 cum

323 3209 455 3260 dicit
478 3208 527 3239 “’
563 3224 580 3259 :
629 3224 651 3257 ι
693 3208 800 3270 Qui
836 3207 901 3259 de
950 3207 1112 3260 tantis
1145 3208 1405 3261 mortibus
1440 3206 1640 3274 eripuit
1675 3222 1806 3270 nos,
1847 3218 1902 3261 et

320 3298 522 3363 eripit,
563 3297 619 3348 in
667 3310 780 3362 quo
819 3308 1098 3361 speramus
1136 3296 1261 3363 quia
1309 3305 1364 3349 et
1401 3296 1576 3348 adhuc
1622 3296 1829 3364 eripiet.
1876 3316 1893 3348 ι

322 3387 474 3453 Quas
527 3402 668 3455 ergo
724 3386 814 3438 hic
858 3394 1055 3439 mortes
1101 3385 1282 3452 plures
1320 3393 1738 3451 commemorat,
1794 3387 1895 3439 nisi

325 3490 697 3545 peccatorum
735 3476 760 3527 ?
796 3475 852 3528 Si
890 3476 1033 3528 enim
1072 3476 1181 3527 haec
1221 3490 1324 3527 non
1363 3476 1568 3529 diceret
1605 3477 1670 3529 de
1722 3468 1902 3528 morti-

324 3570 430 3620 bus
470 3574 857 3633 peccatorum,
901 3564 1181 3616 videbatur
1219 3563 1413 3617 Paulus
1452 3565 1742 3618 secundum
1780 3576 1900 3615 sen-

326 3659 566 3709 tentiam
625 3669 785 3708 suam
834 3652 1158 3706 immortalis
1207 3667 1326 3706 esse
1365 3668 1651 3706 mansurus
1691 3654 1757 3718 ab
1801 3654 1902 3706 hac

324 3745 614 3799 communi
645 3753 851 3805 morte,
869 3745 958 3810 qui
985 3743 1141 3807 dicit,
1167 3742 1290 3811 quia
1321 3759 1340 3793 ι
1367 3743 1430 3796 de
1454 3743 1617 3795 tantis
1639 3742 1899 3795 mortibus

323 3834 535 3902 eripuit
587 3845 693 3885 nos
724 3868 740 3893 ,
781 3839 837 3883 et
885 3830 1084 3896 eripit,
1128 3830 1179 3899 in
1223 3844 1328 3897 quo
1361 3843 1638 3897 speramus
1679 3830 1801 3897 quia
1846 3838 1900 3882 et

326 3926 512 3976 adhuc
554 3921 781 3988 eripiet.
824 3937 844 3970 ι
885 3919 941 3972 Si
979 3919 1120 3972 enim
1160 3920 1383 3985 eripuit,
1423 3928 1476 3970 et
1513 3918 1721 3986 eripiet,
1763 3934 1898 3969 nun-

325 4026 490 4078 quam
562 4011 678 4061 erit
747 4008 963 4076 quando
1049 4010 1309 4061 moriatur
1395 4021 1554 4076 quem
1645 4008 1900 4060 Dominus

323 4099 494 4169 249
537 4111 767 4162 semper
812 4097 1024 4161 eripiet.
1074 4096 1137 4147 Et
1186 4097 1303 4148 ideo
1346 4095 1639 4148 secundum
1687 4110 1747 4148 ea
1781 4110 1897 4163 quae

325 4188 727 4247 tliscussimus,
757 4185 1045 4237 videndum
1079 4193 1160 4237 est
1191 4198 1257 4237 ne
1287 4182 1425 4237 forte
1460 4182 1753 4250 aliquando
1787 4184 1897 4252 (89)

2006 1783 2180 1836 eundo
2209 1783 2299 1836 tibi
2347 1793 2499 1852 pater
2529 1793 2613 1837 est
2644 1784 2820 1837 carnis
2863 1791 3013 1850 pater
3043 1784 3194 1851 cujus
3232 1783 3531 1836 ministerio

2007 1871 2059 1923 in
2090 1887 2250 1927 carne
2282 1882 2436 1926 natus
2468 1887 2546 1935 es,
2584 1884 2741 1940 atque
2771 1873 2821 1925 in
2852 1873 2993 1927 hunc
3026 1872 3273 1928 mundum
3320 1873 3529 1935 venisti,

2005 1963 2094 2030 qui
2126 1972 2177 2015 te
2218 1964 2445 2029 portavit
2476 1964 2527 2016 in
2568 1962 2796 2015 lumbis:
2827 1965 2963 2017 sicut
2997 1963 3256 2017 dicitur“
3279 1964 3343 2018 de
3378 1961 3532 2027 Levi,

2007 2054 2128 2121 quia
2166 2054 2216 2106 in
2262 2053 2453 2107 lumbis
2498 2062 2614 2106 erat
2661 2054 2834 2106 adhuc
2892 2053 3150 2115 Abrahae,
3188 2053 3399 2120 quando
3436 2067 3531 2106 oc-

2002 2142 2170 2194 currit
2196 2142 2243 2194 ei
2288 2142 2701 2205 Melchisedech,
2746 2159 2765 2191 ι
2795 2154 3039 2206 regresso
3073 2155 3101 2192 a
3138 2141 3281 2195 caede
3324 2157 3530 2211 regum,

2004 2237 2058 2279 et
2094 2229 2362 2280 benedixit
2396 2227 2650 2291 eum",a
2696 2236 2750 2282 et
2797 2228 3033 2279 decimas
3084 2228 3290 2294 accepit
3335 2230 3400 2281 ab
3446 2244 3528 2281 eo.

2005 2313 2135 2379 Quia
2162 2316 2322 2383 igitur
2356 2324 2459 2368 tant
2484 2323 2753 2369 sacratum
2792 2329 2983 2367 nomen
3012 2322 3093 2367 est.
3126 2314 3312 2379 patris,
3340 2322 3393 2366 et
3425 2322 3531 2365 tam

2007 2404 2330 2469 venerabile,
2356 2404 2554 2458 idcirco
2585 2405 2672 2472 qui
2706 2405 3042 2460 maledixerit
3072 2404 3210 2474 patri
3236 2410 3327 2457 aut
3353 2404 3529 2464 matri,
3578 2424 3583 2427 -

2007 2504 2179 2549 morte
2226 2496 2503 2549 morietur.
2555 2494 2759 2548 Similia
2806 2497 2973 2550 etiam
3007 2497 3071 2550 de
3120 2505 3293 2548 matre
3343 2493 3530 2547 existi-

2007 2585 2193 2638 manda
2236 2595 2379 2649 sunt,
2406 2584 2556 2650 cujus
2586 2585 2785 2645 labore.
2816 2585 2968 2651 cujus
3007 2599 3157 2648 cura,
3188 2585 3338 2653 cujus
3379 2583 3534 2635 mini-

2003 2668 2191 2731 sterio,
2232 2676 2285 2721 et
2320 2677 2495 2730 natus,
2535 2677 2589 2722 et
2618 2672 2853 2724 nutritus
2889 2685 2967 2724 es.
2997 2671 3061 2723 Et
3097 2671 3213 2724 ideo
3243 2676 3450 2738 oportet
3482 2677 3534 2722 te

2002 2759 2291 2812 secundum
2321 2759 2632 2826 Apostolum
2682 2775 2864 2828 parem
2919 2762 3141 2830 gratiam
3202 2759 3402 2814 referre
3441 2775 3535 2829 pa-

2003 2848 2259 2901 rentibus.
2289 2847 2345 2901 Si
2383 2848 2526 2901 enim
2555 2849 2965 2902 dehouoraveris
3007 2859 3209 2918 patrem
3240 2849 3533 2917 carnalem,

2005 2938 2157 3003 hujus
2192 2937 2509 2991 contumelia
2542 2938 2608 2991 ad
2647 2946 2846 3005 patrem
2889 2939 3169 3006 spirituum
3203 2937 3310 3010 (90)
3354 2939 3530 3003 redit;

1999 3035 2054 3080 et
2076 3026 2120 3079 si
2158 3026 2402 3093 injuriam
2445 3026 2637 3080 feceris
2670 3028 2826 3080 matri
2865 3028 3092 3092 carnali,
3127 3029 3193 3081 ad
3232 3027 3374 3080 illam
3409 3042 3521 3079 ma-

2002 3122 2134 3167 trem
2180 3111 2476 3170 Jerusalem
2508 3115 2777 3169 caelestem
2812 3115 3069 3169 redundat
3112 3115 3327 3183 injuria.
3359 3113 3448 3167 Sic
3478 3125 3533 3167 et

1999 3215 2185 3255 servus
2215 3204 2258 3257 si
2286 3203 2500 3257 domino
2536 3206 2839 3259 irreverens
2871 3206 2963 3269 sit,
3012 3220 3108 3274 per
3156 3205 3296 3259 hunc
3340 3219 3530 3272 corpo-

2002 3290 2495 3355 ralem'dominum,
2537 3292 2588 3344 in
2620 3293 2899 3346 Dominum
2931 3292 3222 3361 majestatis
3249 3301 3528 3346 contume-

2000 3376 2124 3429 liam
2152 3377 2337 3445 jactat.
2383 3377 2478 3431 Ille
2525 3379 2663 3431 enim
2708 3379 2833 3432 huic
2881 3379 3081 3431 carnali
3130 3379 3343 3431 domino
3378 3392 3530 3431 suum

1999 3481 2191 3519 nomen
2239 3468 2509 3535 imposuit.
2559 3468 2624 3521 Et
2666 3469 2781 3521 ideo
2826 3469 2971 3520 nullo
3008 3482 3203 3537 genere
3248 3469 3529 3521 adversum

2000 3566 2208 3621 patrem
2254 3567 2345 3609 aut
2374 3567 2620 3622 matrem,
2651 3573 2714 3611 ne
2746 3557 2908 3610 verbo
2954 3558 3186 3624 quidem,
3233 3555 3530 3609 habendum

2001 3652 2271 3696 certamen
2303 3653 2404 3710 est,
2436 3653 2526 3697 aut
2558 3646 2815 3698 movenda
2846 3643 3221 3697 contradictio.
3248 3642 3405 3695 Pater
3428 3650 3530 3703 est,

2003 3740 2172 3784 mater
2197 3741 2302 3797 est,
2328 3740 2384 3783 ut
2415 3733 2543 3800 ipsis
2575 3732 2806 3797 videtur,
2839 3740 3024 3801 agant,
3056 3731 3276 3796 faciant,
3304 3732 3528 3788 dicant:

2001 3818 2099 3886 ipsi
2148 3820 2413 3871 noverint.
2460 3818 2941 3888 Quantumcunque
2988 3819 3335 3873 detulerimus
3379 3821 3533 3875 obse-

2001 3908 2142 3974 quii,
2196 3910 2427 3961 nondum
2477 3910 2745 3962 reddimus
2781 3912 2946 3963 vicem
2981 3910 3185 3977 gratim,
3215 3925 3318 3978 qua
3365 3913 3529 3978 geniti

2001 4012 2205 4061 sumus,
2233 4014 2333 4067 qua
2365 3998 2582 4066 portati,
2614 4013 2715 4065 qua
2752 3998 3028 4052 hausimus
3070 3999 3264 4066 lucem,
3296 4015 3399 4067 qua
3431 4016 3528 4053 ιιιι-

2004 4089 2112 4140 triti
2162 4102 2377 4148 sumus,
2428 4086 2677 4140 fortassis
2725 4097 2780 4140 et
2810 4087 3035 4151 eruditi,
3075 4097 3128 4141 et
3160 4088 3396 4142 honestis
3444 4104 3532 4141 ar-

2003 4176 2143 4228 tibus
2178 4175 2428 4227 instituti.
2472 4174 2535 4226 Et
2578 4174 2704 4242 ipsis
2737 4175 2964 4229 fortasse
3015 4176 3318 4230 auctoribus
3365 4192 3530 4244 agno-

324 4279 499 4328 ctiam
543 4273 776 4343 gravius
805 4274 876 4325 sit
912 4272 1089 4334 nobis,
1118 4274 1206 4340 qui
1243 4288 1339 4339 pro
1378 4281 1601 4339 peccato
1628 4271 1894 4325 communi
1929 4283 1971 4335 ι)
2002 4266 2178 4318 vimus
2204 4268 2386 4326 Deum.
2419 4274 2473 4316 ει
2499 4264 2565 4315 ad
2593 4263 2886 4317 Εοειεεὶειῐη
2920 4265 3010 4318 Dei
3040 4266 3302 4326 venimus.
3331 4274 3385 4319 et
3414 4280 3532 4319 ser-

323 4365 429 4418 hac
481 4372 672 4417 morte
706 4362 929 4415 minime
959 4362 1234 4429 punimur,
1261 4378 1419 4427 quam
1463 4361 1564 4414 illis
1590 4376 1722 4427 quos
1768 4361 1898 4429 legis

320 4453 609 4507 sententia
658 4451 1020 4517 corporaliter
1078 4449 1469 4503 condemnabat
1512 4467 1527 4503 :
1574 4450 1698 4517 quia
1746 4450 1898 4503 nobis

323 4545 462 4596 ultio
501 4540 793 4607 reponitur
824 4540 874 4590 in
920 4539 1161 4591 futurum
1181 4578 1196 4601 ,
1227 4539 1342 4591 illos
1377 4539 1723 4592 absolvebant
1751 4553 1898 4592 com-

322 4631 480 4683 missi
539 4630 630 4681 sui
692 4629 966 4694 persoluta
1020 4625 1305 4692 supplicia.
1349 4627 1498 4692 Quod
1533 4638 1586 4680 et
1624 4628 1667 4679 si
1703 4627 1897 4694 aliquis

325 4730 406 4773 cst
446 4719 548 4787 qui
597 4718 742 4771 forte
794 4724 1106 4783 praeventus
1145 4726 1228 4767 est
1267 4716 1318 4768 in
1368 4715 1729 4782 hujuscemodi
1769 4731 1895 4784 pec-

319 4814 489 4871 catis,
522 4807 844 4861 adtnouitns
872 4819 1018 4856 nunc
1046 4804 1212 4855 verbo
1244 4804 1353 4866 Dei,
1382 4809 1444 4857 ad
1478 4807 1735 4859 auxilium
1769 4822 1896 4860 con-

316 4898 501 4966 fugiat
547 4891 888 4960 ptenitentia:
926 4905 942 4940 :
975 4901 1036 4941 ut
1079 4892 1124 4940 si
1175 4890 1333 4942 semel
1374 4892 1621 4953 admisit,
1669 4896 1899 4947 secundo

313 4995 428 5033 non
468 4979 666 5036 niciat,
709 4984 806 5027 aut
836 4975 882 5026 si
911 4982 969 5025 et
1005 4974 1261 5035 secundo,
1286 4987 1372 5027 aut
1394 4977 1550 5028 etiam
1586 4980 1742 5031 tertio
1770 4995 1901 5046 pra:-

312 5084 525 5124 t-cntus
572 5077 688 5127 est,
742 5066 888 5116 ultra
944 5079 1058 5114 non
1114 5063 1289 5116 addat.
1347 5068 1436 5120 Est
1465 5069 1603 5122 enim
1641 5070 1775 5136 apud
1818 5071 1904 5136 ju-

378 5209 431 5239 ³⁸
458 5204 665 5258 Matth.
703 5215 801 5253 vn.
822 5199 877 5250 2.

296 5277 393 5331 26,
523 5273 575 5302 ⁸⁵
615 5272 721 5321 lsa.
755 5283 817 5329 ιι,
848 5268 908 5317 ‘2.
1004 5262 1054 5292 "
1096 5263 1250 5316 llehr.
1289 5283 1390 5333 xu,
1424 5273 1474 5323 9.

370 5429 503 5493 (39)
550 5424 744 5493 Codex
781 5420 1123 5493 Sgngerm"
1162 5437 1181 5468 σ
1211 5421 1487 5487 aliquanto.
1512 5443 1530 5475 ι

960 5195 1185 5265 δέρξῃῇ
1215 5214 1389 5262 Lxxtx,
1426 5203 1475 5257 (i.
1544 5205 1587 5234 ⁸ο
1617 5203 1656 5254 ll
1684 5205 1802 5257 Cor.
1834 5223 1867 5265 t,
1902 5207 1985 5259 10.

2001 4365 2206 4403 nionem
2241 4353 2434 4404 divinae
2466 4352 2595 4417 legis
2641 4351 2958 4405 audivimus.
3001 4350 3225 4419 Propter
3255 4354 3364 4406 lucc
3403 4367 3530 4420 ergo

1997 4440 2207 4503 omnia,
2258 4441 2558 4509 quicunque
2607 4438 2941 4493 maledixerit
2987 4444 3158 4509 patri,
3200 4448 3292 4494 aut
3335 4443 3527 4504 matri,

2000 4540 2170 4581 morte
2209 4529 2486 4581 morietur.
2512 4528 2661 4593 Quod
2706 4530 2751 4582 si
2793 4529 2903 4582 haec
2943 4529 3007 4581 de
3039 4529 3407 4595 corporalibus
3439 4543 3529 4595 pa-

1998 4618 2233 4670 rentibus
2267 4617 2645 4679 decernuntur,
2684 4617 2810 4683 quid
2842 4616 2917 4667 illi
2966 4615 3183 4675 facient,
3231 4618 3318 4680 qui
3361 4618 3523 4668 Deum

2000 4706 2209 4760 Patrem
2241 4706 2518 4759 maledicis
2545 4706 2765 4758 vocibus
2806 4705 3110 4779 lacessunt?
3152 4708 3241 4772 qui
3286 4718 3406 4757 eum
3440 4721 3536 4757 ne.

2002 4805 2128 4862 gant
2182 4795 2507 4847 conditorem
2552 4808 2668 4847 esse
2702 4795 2880 4846 mundi
2925 4811 2938 4848 :
2988 4802 3079 4847 aut
3126 4795 3217 4862 qui
3259 4799 3529 4847 caelestem

2001 4885 2291 4939 Jerusalem
2326 4898 2443 4951 qua:
2472 4893 2552 4937 est
2592 4893 2763 4935 mater
2788 4885 3030 4935 omnium
3076 4892 3346 4943 nostrum,
3394 4881 3533 4932 iudi-

2004 4977 2121 5044 guis
2173 4976 2417 5029 sensibus
2482 4974 2835 5042 intelligentes
2885 4973 3026 5025 dicta
3080 4971 3423 5038 prophetica,
3465 4968 3529 5019 ad

2005 5070 2361 5121 conditionem
2411 5076 2635 5119 terrenae
2669 5066 2889 5133 alicujus
2919 5065 3064 5118 urbis
3095 5058 3397 5113 adducunt?
3435 5054 3535 5107 Bo-

2072 5208 2111 5238 ⁸¹
2155 5207 2322 5259 [.cvit.
2349 5220 2440 5261 xx.
2477 5205 2529 5259 9.
2613 5204 2658 5235 δ’
2697 5204 2847 5257 Deut.
2890 5215 3060 5262 xxxu,
3101 5199 3152 5250 6.
3227 5196 3271 5229 ”
3307 5192 3423 5250 Gal.
3455 5207 3535 5256 ιν,

1562 5270 1604 5301 ⁸⁸
1640 5272 1771 5325 Gen.
1808 5289 1910 5326 xiv.
1982 5277 2025 5307 ⁸⁷
2067 5276 2224 5327 “chr.
2250 5290 2319 5326 \‘Il
2344 5317 2356 5338 ,
2402 5276 2449 5325 ι.

370 5482 499 5562 ειμι)
547 5492 740 5546 Codex
812 5482 1165 5550 Sangerm”
1213 5504 1233 5541 ι
1269 5482 1555 5557 spirituum.
1582 5511 1598 5542 ι
1651 5493 1788 5549 Tres
1839 5498 1928 5552 alii
1964 5513 2115 5564 mss.,
2153 5515 2170 5547 ι
2203 5494 2552 5566 spiritualem.
2581 5512 2599 5545 ι
2639 5490 2787 5545 Libb.
2820 5486 2972 5550 cdlti,
3007 5500 3027 5534 ι
3051 5482 3332 5551 spiritus
