3948 6230
464 251 566 299 555

1885 237 2196 294 ORIGEMS

3621 235 3714 290 536

461 369 586 408 num
633 368 758 420 ergo
802 361 883 408 est
932 354 1239 418 observare,
1279 355 1556 424 nequando
1599 362 1690 408 aut
1723 352 1988 407 carnalem
2019 356 2060 410 A
2091 363 2311 404 uxorem
2347 351 2612 420 virginem
2659 351 2728 404 de
2761 362 2978 419 genere
3023 360 3141 402 suo
3189 343 3464 414 accipiet.
3499 344 3712 401 Viduam

459 451 697 509 patrem,
738 451 828 494 aut
870 442 1140 497 cmlestem
1183 445 1358 498 minus
1390 447 1548 514 digna
1583 443 1986 498 honoriﬁcentia

455 544 779 582 veneremur
811 531 1058 584 similiter
1096 541 1151 585 et
1193 542 1447 599 matrem;
1497 536 1788 588 observare
1827 534 1986 588 etiam

452 631 615 672 omne
655 621 984 683 mandatum,
1012 621 1150 689 quod
1183 621 1336 676 nobis
1389 624 1720 690 pudicitiam,
1764 624 1986 677 castita-

456 715 672 773 temque
699 709 1057 769 commendat,
1090 719 1146 761 ut
1179 725 1352 776 neque
1392 711 1444 762 in
1478 711 1721 778 praesenti
1762 712 1867 764 vita
1903 726 1987 764 se-

457 797 683 847 cundum
726 795 888 862 legem
923 796 1137 849 obnoxii
1180 799 1349 852 simus
1379 800 1563 862 morti,
1596 813 1764 866 neque
1804 814 1986 854 secun-

455 883 575 934 dum
611 883 895 948 spiritalem
942 885 1107 951 legem
1150 885 1256 954 (9|)
1307 885 1483 939 futura
1528 902 1624 941 nos
1669 901 1824 955 paena
1868 903 1984 940 ma-

455 977 574 1020 neat
611 969 744 1036 ignis
775 972 990 1033 aeterni;
1026 986 1093 1025 ex
1125 986 1231 1038 quo
1263 971 1498 1040 eﬂugere
1535 981 1588 1026 et
1626 972 1846 1027 evadere
1874 987 1985 1026 om-

453 1055 606 1107 nibus
642 1057 793 1108 nobis
825 1057 1082 1110 concedat
1124 1041 1375 1112 Dominus
1425 1067 1605 1112 noster
1640 1057 1797 1112 Jesus
1827 1057 1980 1112 Chri-

448 1153 583 1206 stus,
619 1145 704 1196 cui
737 1154 820 1198 est
853 1146 1018 1215 gloria
1048 1155 1102 1200 et
1131 1148 1412 1215 imperium
1452 1148 1506 1200 in
1538 1149 1726 1201 saecula
1761 1148 1979 1202 saeculo-

451 1247 590 1284 rum.
620 1234 809 1287 Amen.

1003 1321 1276 1376 HOMILIA
1317 1321 1427 1378 XII.

914 1409 985 1462 De
1014 1426 1198 1478 magno
1230 1413 1516 1465 sacerdote.

527 1501 576 1551 1.
602 1497 787 1552 Omnis
810 1499 898 1566 qui
922 1500 1057 1553 inter
1081 1501 1321 1555 homines
1344 1505 1592 1557 sacerdos
1620 1514 1718 1567 est,
1739 1505 1801 1556 ad
1830 1504 1975 1557 illum

449 1584 777 1637 sacerdotem
829 1584 983 1653 (92),
1023 1585 1087 1638 de
1125 1601 1230 1654 quo
1271 1588 1405 1641 dixit
1451 1590 1588 1644 Deus
1609 1591 1653 1622 ⁸⁸
1691 1607 1706 1643 :
1746 1609 1763 1641 ι
1795 1589 1871 1643 Tn
1915 1605 1973 1644 es

448 1672 698 1726 sacerdos
730 1673 782 1725 in
827 1681 1082 1727 mternum
1132 1677 1422 1729 secundum
1472 1679 1712 1733 ordinem
1763 1679 1979 1734 Melchi-
2009 1660 2048 1713 Β

449 1761 694 1824 εθᾱθοιῳ
727 1777 921 1830 parvus
951 1771 1025 1816 est
1060 1774 1112 1816 et
1153 1765 1396 1832 exiguus.
1421 1767 1512 1820 Ille
1540 1777 1623 1824 est
1653 1778 1831 1823 autem
1873 1786 1978 1823 ma-

449 1865 584 1916 gnus
613 1853 882 1918 sacerdos,
911 1853 1000 1920 qui
1036 1861 1205 1921 potest
1234 1864 1513 1924 penetrare
1559 1857 1743 1922 cmlos,
1774 1868 1826 1911 et
1855 1860 1974 1912 uni-

447 1955 654 1995 versam
676 1943 981 2010 snpergredi
1005 1952 1322 2007 creaturam,
1349 1953 1402 1997 et
1429 1947 1713 2000 ascendere
1737 1947 1802 1999 ad
1833 1963 1973 2013 eum,

447 2033 538 2096 qui
593 2031 806 2085 tlucem
865 2033 1068 2087 habitat
1116 2033 1532 2088 inaccessibilem
1573 2035 1678 2100 ",t
1730 2037 1890 2091 Deum
1925 2044 1978 2090 et

446 2121 659 2173 Patrem
683 2122 1069 2176 universitatis.
1094 2121 1317 2189 Propter
1347 2125 1486 2192 quod
1511 2133 1566 2178 et
1589 2124 1699 2192 ille,
1721 2127 1813 2194 qui
1838 2127 1974 2195 apud

443 2206 653 2263 Iudaeos
687 2223 912 2278 magnus
962 2210 1233 2263 dicebatur
1274 2211 1544 2275 sacerdos,
1573 2213 1826 2267 introibat
1853 2215 1977 2283 quin

446 2300 568 2352 dem
604 2298 656 2351 in
693 2308 899 2362 sancta,
939 2301 1033 2354 sed
1077 2315 1234 2354 manu
1265 2300 1426 2366 facta,
1454 2303 1548 2356 sed
1578 2302 1840 2372 lapidibus
1881 2320 1976 2360 cx-

445 2395 646 2440 structa
673 2405 686 2440 :
722 2401 824 2440 non
855 2389 1178 2442 ascendebat
1209 2389 1262 2442 in
1295 2389 1513 2455 caelum,
1546 2406 1644 2445 nec
1677 2400 1852 2448 astare
1882 2407 1974 2462 po-

445 2483 585 2527 terat
624 2477 760 2541 apud
794 2475 1008 2530 Patrem
1041 2477 1322 2531 luminum.
1349 2478 1452 2532 Sed
1482 2480 1604 2547 qttia
1635 2481 1823 2535 horum
1855 2497 1974 2536 um-

443 2564 595 2616 bram
626 2564 877 2632 implebat
906 2572 959 2616 et
994 2565 1281 2632 imaginem
1307 2605 1322 2630 ,
1371 2567 1570 2622 idcirco
1598 2570 1757 2622 etiam
1799 2570 1970 2636 magni

444 2652 736 2706 sacerdotis
789 2666 978 2706 nomen
1012 2665 1104 2719 per
1136 2655 1378 2706 umbram
1423 2657 1638 2722 gerebat
1681 2667 1735 2710 et
1785 2656 1974 2726 imagi-

444 2756 585 2795 nem.
621 2741 767 2794 Unde
807 2750 862 2793 et
890 2741 1051 2794 Judaei
1099 2754 1195 2808 per
1228 2742 1328 2796 hoc
1356 2744 1494 2811 quod
1534 2746 1599 2796 ad
1646 2745 1800 2798 (idem
1848 2760 1972 2812 pro-

442 2828 568 2880 ximi
613 2843 732 2881 esse
760 2829 1080 2894 debuissent,
1117 2834 1239 2898 quia
1277 2835 1414 2900 apud
1453 2834 1595 2902 ipsos
1632 2833 1968 2889 adumbratio

443 2920 682 2983 quaedam
719 2927 772 2971 et
819 2919 994 2986 imago
1038 2920 1356 2986 praeluxerat
1396 2923 1506 2990 (95)
1555 2923 1814 2987 veritatis,
1844 2925 1967 2978 dum

445 3018 600 3076 typos
635 3007 912 3060 veritatem
939 3016 1147 3075 putant,
1189 3008 1468 3062 veritatem
1515 3011 1680 3078 ipsam
1721 3020 1970 3079 tanquam

444 3095 777 3148 mendacium
828 3105 1170 3164 respuerunt.
1201 3095 1308 3150 Nos
1345 3107 1520 3150 autem
1551 3101 1639 3166 qui
1687 3101 1971 3168 recipimus

446 3197 693 3248 magnum
753 3184 1118 3247 sacerdotem,
1175 3185 1474 3255 intelligere
1528 3188 1783 3244 debemus
1831 3205 1970 3258 quo-

443 3272 597 3323 modo
621 3285 742 3323 vere
777 3271 889 3337 ipse
923 3271 994 3326 sit
1027 3287 1249 3340 magnus
1283 3276 1547 3329 sacerdos.
1581 3275 1715 3330 Vere
1747 3293 1971 3347 magnus

440 3359 685 3413 sacerdos
725 3368 810 3414 est
851 3361 939 3428 qui
987 3371 1202 3431 peccata
1255 3363 1505 3428 dimittit,
1552 3381 1652 3417 non
1699 3381 1792 3434 per
1839 3383 1968 3420 san-

440 3449 649 3516 guinem
703 3457 971 3504 taurorum
1017 3461 1072 3505 et
1121 3453 1420 3514 hircorum,
1470 3455 1560 3506 sed
1611 3470 1705 3523 per
1750 3457 1969 3526 sangui-

442 3551 560 3590 nem
605 3537 762 3606 250
801 3554 974 3594 suum.
1025 3541 1156 3605 Quia
1207 3557 1334 3611 ergo
1378 3543 1719 3610 cognovimus
1764 3545 1852 3612 qui
1899 3545 1971 3598 sit

439 3641 661 3692 magnus
697 3630 969 3695 sacerdos,
1011 3641 1064 3684 et
1113 3634 1432 3685 conlitemur
1477 3647 1541 3686 ea
1580 3648 1697 3700 qua:
1746 3635 1799 3688 in
1854 3636 1970 3704 lege

441 3714 638 3781 scripta
682 3728 826 3779 sunt,
858 3720 921 3772 de
961 3735 1153 3789 magno
1187 3721 1466 3774 sacerdote
1507 3723 1703 3791 scripta
1751 3738 1888 3788 esse,
1917 3726 1970 3778 id

439 3810 518 3854 est
575 3807 639 3856 de
681 3802 990 3866 Salvatorc,
1039 3822 1197 3874 quem
1243 3821 1370 3862 vere
1420 3821 1666 3874 magnum
1719 3809 1971 3862 sacerdo-

441 3899 542 3940 tem
580 3903 697 3942 csse
739 3891 980 3957 superior
1032 3903 1292 3947 tractatus
1360 3895 1591 3948 ostendit
1632 3910 1644 3946 :
1696 3895 1971 3949 videamus

441 3991 582 4030 nunc
604 3993 722 4045 qua:
755 3981 879 4047 sint,
917 3996 1034 4048 qua:
1080 3983 1146 4036 de
1185 3997 1248 4036 eo
1293 3981 1378 4036 lex
1431 3984 1740 4050 prophetico
1781 3985 1969 4051 spiritu

442 4065 649 4119 scribit.

509 4156 563 4207 2.
604 4173 624 4206 ι
653 4156 715 4207 Ει
747 4157 1016 4218 sacerdos,
1062 4156 1231 4225 inquit
1257 4159 1326 4223 '°,
1356 4175 1575 4228 magnus
1612 4175 1676 4213 ex
1717 4160 1969 4217 fratribus

2087 452 2264 495 autem
2291 448 2346 493 et
2371 440 2625 508 ejectam,
2651 449 2709 493 et
2743 439 3053 508 pollutam,
3095 444 3160 490 et
3198 435 3582 496 meretricem,
3624 437 3714 490 has

2087 547 2191 584 non
2225 532 2482 599 accipiet;
2513 530 2610 584 sed
2642 530 2920 598 virginem
2971 542 3050 582 ex
3099 538 3324 595 genere
3361 537 3464 578 suo
3502 526 3714 594 accipiet

2087 635 2330 685 uxorem,
2359 631 2414 675 et
2458 637 2568 677 non
2619 619 2928 674 maculabit
2971 630 3189 671 semen
3225 629 3403 668 suum
3446 615 3499 666 in
3536 615 3714 681 populo

2084 725 2216 773 suo;
2249 724 2348 778 ego
2384 710 2646 764 Dominus
2670 711 2765 776 qui
2799 705 3116 762 sanctiﬁco
3151 716 3354 756 eum.»
3391 701 3584 756 Fuerit
3607 704 3714 769 qui-

2083 798 2202 851 dem
2233 800 2397 852 etiam
2426 799 2570 866 apud
2617 797 2838 851 Judteos
2873 797 3075 865 imago
3112 793 3302 861 hujus
3335 793 3712 856 observantiae,

2083 897 2138 942 et
2186 888 2450 942 custodita
2481 887 2596 941 sint
2631 902 2754 954 quae
2786 887 2876 940 lex
2913 885 3134 940 statuit
3163 899 3199 937 a
3242 883 3606 951 pontiﬁcibus
3634 881 3717 937 Ju-

2083 981 2316 1030 darorum
2342 993 2356 1030 :
2385 978 2478 1031 sed
2509 986 2565 1028 et
2595 975 2639 1029 si
2669 974 2967 1042 diligenter
2997 980 3226 1027 cuncta
3259 978 3491 1026 servata
3523 970 3646 1033 sint,
3671 983 3720 1024 et

2082 1064 2125 1117 si
2171 1064 2348 1116 omnia
2381 1077 2501 1130 quae
2546 1061 2632 1114 lex
2672 1060 2974 1127 praecepit,
3013 1057 3268 1123 impleta
3307 1055 3462 1117 sint,
3510 1069 3607 1106 nec
3645 1055 3716 1107 sic

2079 1156 2296 1224 quidem
2341 1154 2522 1208 omnis
2555 1153 2674 1206 haec
2708 1149 3049 1205 observatio
3090 1161 3383 1215 magnum
3423 1146 3601 1213 potuit
3644 1145 3712 1196 fa-

2079 1259 2204 1299 cere
2264 1245 2626 1298 sacerdotem.
2681 1240 2982 1307 Quomodo
3040 1237 3277 1291 etenim
3340 1248 3576 1301 magnus
3622 1234 3715 1286 dici

2078 1341 2257 1400 potest
2287 1332 2564 1396 sacerdos,
2613 1332 2711 1399 qui
2758 1341 3007 1399 peccare
3064 1323 3310 1395 potest?
3355 1323 3518 1388 Quod
3553 1332 3715 1377 autem

2077 1421 2176 1476 sub
2207 1429 2430 1488 peccato
2454 1418 2660 1472 fuerint
2690 1431 2891 1472 omnes
2915 1415 3108 1470 etiam
3145 1412 3350 1480 magni
3395 1411 3714 1472 sacerdotes,

2077 1519 2132 1562 et
2167 1523 2234 1562 ex
2264 1510 2368 1562 hoc
2397 1509 2514 1576 ipso
2546 1507 2706 1561 facile
2751 1505 3156 1567 advertimus,
3205 1499 3369 1569 quod
3405 1499 3499 1554 lex
3530 1500 3706 1567 praeci-

2078 1601 2183 1668 pit,
2222 1609 2279 1653 ut
2307 1600 2455 1667 prius
2489 1614 2586 1665 pro
2633 1598 2774 1660 suis,
2811 1605 2943 1666 post
2984 1597 3178 1648 etiam
3219 1607 3331 1661 pro
3378 1593 3564 1661 pepuli
3607 1606 3718 1659 pec-

2082 1689 2216 1742 catis
2251 1687 2442 1741 oil‘erat
2472 1688 2708 1741 hostiam
2745 1685 3060 1740 sacerdos.
3109 1683 3429 1748 Quomodo
3462 1695 3590 1749 ergo
3618 1695 3718 1733 ma-

2081 1791 2218 1844 gnus
2238 1787 2321 1829 est
2343 1775 2442 1830 sub
2473 1784 2705 1843 peccato
2733 1773 3006 1842 positus?
3045 1771 3221 1825 Meus
3249 1779 3446 1823 autem
3476 1770 3717 1822 sacerdos

2081 1879 2304 1934 magnus
2327 1863 2484 1919 Jesus
2512 1864 2724 1918 idcirco
2757 1877 3013 1930 magnus
3053 1870 3176 1925 est,
3218 1877 3240 1910 ι
3271 1860 3410 1927 quia
3440 1865 3712 1927 peccatum

2081 1969 2188 2008 non
2232 1954 2386 2017 fecit,
2431 1968 2532 2006 nec
2575 1954 2842 2006 inventus
2881 1961 2979 2006 est
3021 1951 3210 2005 dolus
3254 1951 3315 2003 in
3369 1964 3472 2003 ore
3515 1948 3625 2015 ejus
3643 1947 3713 2010 “3

2080 2055 2134 2100 et
2161 2045 2284 2111 quia
2313 2043 2458 2096 venit
2479 2043 2546 2095 ad
2575 2055 2700 2094 eum
2730 2040 3022 2110 princeps
3062 2039 3248 2106 hujus
3283 2038 3507 2104 mundi,
3535 2047 3589 2090 et
3615 2052 3709 2090 non

2081 2133 2284 2186 invenit
2328 2132 2383 2184 in
2421 2146 2486 2185 eo
2517 2130 2820 2198 quidquam
2844 2130 2921 2184 ⁸³.
2955 2147 2978 2181 ι
3043 2129 3196 2184 Ideo
3239 2143 3383 2197 ergo
3423 2137 3483 2182 et
3511 2124 3711 2182 Gabriel

2078 2219 2431 2288 archangelus
2455 2218 2802 2272 nativitatem
2837 2217 2970 2286 ejus
3017 2218 3377 2281 annuntiat,
3403 2226 3462 2271 et
3490 2217 3612 2270 dicit
3632 2215 3708 2272 "t

2083 2327 2104 2359 ε
2131 2308 2228 2362 Hic
2271 2308 2375 2361 erit
2409 2321 2662 2375 magnus,
2704 2315 2764 2360 et
2800 2306 2961 2360 ﬁlius
3001 2306 3319 2361 Altissimi
3363 2307 3660 2362 vocabitur.
3685 2322 3706 2358 ι

2076 2397 2362 2452 Peccatum
2385 2393 2660 2448 hominem
2688 2408 2930 2462 parvum
2960 2393 3121 2449 facit
3145 2404 3212 2449 et
3235 2396 3533 2464 exiguum,
3557 2395 3712 2450 virtus

2075 2489 2396 2542 eminentem
2439 2493 2661 2555 praestat
2688 2494 2746 2539 et
2775 2500 3106 2553 magnum.
3142 2486 3320 2542 Sicut
3369 2488 3518 2542 enim
3562 2487 3705 2555 aegri-

2079 2578 2204 2632 tudo
2243 2577 2490 2646 corporis
2529 2575 2680 2630 exile
2711 2585 2770 2630 et
2823 2575 3129 2645 exiguum
3184 2576 3331 2630 facit
3379 2591 3576 2644 corpus
3617 2577 3706 2629 ho-

2076 2665 2256 2729 minis,
2295 2665 2498 2719 sanitas
2529 2678 2661 2719 vero
2710 2664 2906 2718 laetum
2952 2667 3170 2720 reddit
3204 2676 3270 2721 et
3308 2667 3554 2721 validum
3587 2684 3600 2720 :
3640 2665 3704 2718 ita

2073 2757 2308 2825 iutellige
2333 2757 2457 2825 quia
2498 2765 2553 2810 et
2581 2757 2826 2810 animam
2861 2759 3181 2826 aegritudo
3231 2760 3470 2827 quidem
3511 2756 3699 2826 peccati

2073 2846 2330 2900 humilem
2374 2845 2508 2899 facit
2540 2855 2597 2899 et
2630 2858 2904 2912 parvam,
2951 2848 3205 2902 sanitas
3257 2861 3401 2902 vero
3451 2846 3706 2901 interioris

2073 2935 2305 2989 hominis
2327 2943 2380 2989 et
2423 2933 2643 2988 virtutis
2683 2947 2883 3002 Opera,
2918 2951 3222 3006 magnam
3256 2937 3479 2992 faciunt
3521 2950 3632 2990 eam
3658 2943 3706 2987 et

2070 3024 2422 3089 eminentem,
2454 3032 2510 3078 et
2537 3032 2803 3092 quantum
2838 3026 2898 3079 in
2933 3028 3285 3086 virtutibus
3318 3029 3546 3093 crescit,
3573 3035 3704 3080 tanta

2071 3113 2416 3181 prolixiorem
2463 3111 2644 3166 reddit
2674 3114 3159 3183 magnitudinem
3213 3120 3334 3173 sui.
3380 3118 3478 3173 Sic
3504 3131 3602 3186 ego
3633 3118 3706 3169 in-

2072 3202 2247 3269 telligo
2283 3200 2410 3254 illud
2460 3199 2602 3268 quod
2659 3200 2729 3254 de
2777 3201 2919 3256 Jesu
2981 3207 3298 3276 scriptum
3355 3217 3446 3263 est
3468 3206 3547 3274 ⁵⁵,
3590 3201 3704 3277 quia

2075 3311 2094 3342 ‹
2126 3290 2440 3360 proﬁciebat
2485 3290 2788 3358 sapientia,
2840 3302 2900 3346 et
2955 3305 3182 3366 aetate,
3232 3306 3294 3353 et
3351 3299 3529 3366 gratia
3576 3295 3703 3363 apud

2070 3383 2236 3436 Deum
2281 3390 2337 3435 et
2370 3381 2637 3434 homines.
2665 3398 2684 3430 ι
2740 3381 2878 3433 Nam
2937 3386 3087 3451 quis
3135 3397 3238 3442 est
3281 3389 3570 3442 hominum
3616 3384 3696 3454 qui

2070 3481 2175 3520 non
2207 3465 2453 3534 proficiat
2479 3475 2640 3519 aetate
2673 3466 2728 3518 in
2771 3469 3061 3534 pueritia,
3097 3484 3176 3526 ut
3219 3475 3334 3529 hoc
3373 3476 3527 3529 velut
3564 3486 3704 3540 egre-

2069 3553 2210 3622 gium
2237 3553 2488 3620 quiddam
2517 3555 2584 3607 de
2608 3551 2738 3607 Jesu
2767 3554 3198 3614 scriberetur?
3227 3563 3320 3617 Ad
3355 3571 3411 3616 te
3436 3563 3552 3615 haec
3575 3558 3704 3620 dico,

2068 3640 2158 3710 qui
2188 3638 2542 3710 corporaliter
2586 3641 2746 3695 audis
2777 3643 2933 3710 quod
2967 3643 3163 3702 Jesns
3204 3659 3382 3705 astate
3411 3649 3703 3720 proliceret.

2068 3728 2306 3798 lntellige
2325 3742 2453 3796 ergo
2472 3729 2596 3792 quia
2621 3737 2785 3784 actate
2803 3731 3021 3787 anima:
3047 3738 3438 3803 proﬁciebat,
3457 3747 3513 3792 et
3530 3750 3705 3804 magna

2070 3818 2229 3872 tiebat
2255 3817 2432 3869 anima
2461 3816 2575 3881 ejus
2605 3826 2834 3898 propter
2882 3835 3112 3891 magna
3145 3837 3214 3882 et
3258 3827 3514 3898 ingentia
3557 3838 3706 3893 opera

2069 3921 2187 3975 qua:
2214 3905 2460 3959 faciebat.
2488 3905 2731 3975 Denique
2749 3907 2943 3964 sciens
2967 3921 3034 3966 et
3065 3917 3403 3983 Apostolus
3433 3919 3574 3972 hanc
3598 3924 3709 3968 aua-

2070 4005 2174 4050 tem
2201 3995 2268 4049 de
2302 3994 2541 4048 interiori
2586 3994 2814 4051 homine
2841 4001 3271 4072 senticndam,
3304 4009 3384 4062 ita
3416 4006 3704 4063 scribit“:

2074 4104 2092 4139 ι
2121 4085 2296 4140 Donec
2325 4098 2511 4137 omnes
2537 4098 2906 4142 occurramus
2940 4090 2998 4142 in
3045 4095 3258 4151 virum
3293 4101 3628 4167 perfectum.
3660 4097 3705 4148 in

2069 4188 2376 4230 mensuram
2426 4175 2605 4228 aetatis
2639 4174 3020 4244 plenitudinis
3072 4184 3342 4244 Christi.
3371 4209 3393 4242 ι
3446 4189 3582 4244 Nam
3631 4201 3709 4240 se-

441 4245 572 4305 suis,
600 4245 683 4296 cui
711 4245 941 4298 infusum
985 4256 1063 4298 est
1095 4261 1254 4314 super
1294 4260 1452 4316 caput
1481 4252 1592 4318 ejus
1618 4251 1795 4304 oleum
1821 4253 1968 4306 chri-
1997 4269 2042 4325 1)
2068 4259 2297 4313 cundum
2324 4272 2521 4326 corpus
2569 4275 2827 4317 crescere
2853 4274 2909 4318 et
2962 4283 3272 4340 magnum
3311 4278 3470 4342 ﬁeri,
3505 4293 3606 4330 non
3634 4280 3708 4328 est

441 4334 647 4395 sinatis,
683 4341 736 4384 et
783 4334 1041 4400 periectas
1089 4338 1247 4391 habet
1284 4355 1469 4394 manus
1508 4355 1651 4406 suas,
1687 4350 1744 4394 ut
1785 4342 1968 4396 induat

439 4431 622 4474 sancta
653 4424 963 4474 vestimenta
996 4425 1062 4476 de
1099 4427 1270 4492 capite
1309 4429 1528 4483 cidarim
1569 4445 1676 4483 non
1716 4431 1963 4499 deponet,

438 4510 750 4563 veStimenta
793 4524 884 4562 sua
931 4526 1034 4563 non
1079 4513 1394 4582 disrumpet,
1421 4525 1476 4570 et
1503 4518 1569 4570 ad
1601 4531 1812 4572 omnem
1843 4521 1964 4573 ani-

438 4613 576 4652 mam
640 4605 901 4652 mortuam
963 4614 1065 4651 non
1112 4601 1332 4656 intrabit
1371 4621 1384 4656 :
1432 4605 1487 4657 in
1525 4615 1676 4672 patre
1721 4622 1842 4671 suo,
1881 4610 1964 4663 vel

436 4697 607 4740 matre
649 4703 741 4740 sua
776 4703 879 4740 non
919 4690 1406 4744 c0ntaminabitur:
1438 4702 1494 4747 et
1532 4693 1595 4746 de
1625 4697 1825 4749 sanctis
1858 4713 1960 4752 non

434 4779 634 4842 exibit,
676 4789 729 4830 et
763 4793 866 4830 non
902 4779 1271 4848 coinquinabit
1306 4795 1495 4834 nomen
1537 4785 1672 4847 quod
1716 4793 1798 4837 est
1841 4800 1963 4839 san-

433 4867 722 4920 ctiiicatum
769 4866 860 4921 Dei
909 4867 988 4918 sui
1025 4883 1184 4936 super
1227 4883 1306 4932 se,
1347 4871 1469 4936 quia
1510 4880 1752 4923 sanctum
1786 4873 1961 4930 oleum

432 4957 736 5010 chrismatis
780 4958 869 5012 Dei
909 4958 988 5012 sui
1035 4958 1086 5010 in
1134 4959 1246 5026 ipso
1274 4967 1391 5011 est:
1419 4973 1515 5028 ego
1545 4960 1819 5017 Dominus.
1865 4965 1963 5022 llic

537 5112 580 5143 ‘9
617 5111 755 5165 Psal.
793 5129 879 5176 cx,
928 5116 980 5166 4.
1078 5116 1121 5146 ⁴⁹
1161 5115 1175 5166 Ι
1210 5114 1345 5166 Tim.
1376 5131 1460 5171 vt.
1502 5116 1581 5170 16.

502 5334 610 5407 (illi
649 5333 852 5403 Legem.
883 5339 1118 5407 Dceslﬁin
1155 5339 1280 5391 lihb.
1305 5339 1483 5400 editis,
1511 5341 1602 5394 sed
1630 5340 1898 5407 suppletur
1924 5358 1955 5396 e

439 5400 619 5472 codice
650 5400 1013 5472 manuscripto
1040 5406 1503 5472 Sangermanensi.

503 5465 610 5531 (9‘2)
649 5467 802 5524 Libb.
827 5465 981 5529 antea
1007 5465 1208 5531 editift
1239 5475 1485 5529 sacerdos
1511 5482 1612 5538 est,
1638 5474 1679 5529 si
1707 5476 1951 5532 attendas

1503 5117 1581 5196 l6:
1668 5117 1712 5152 ⁵ο
1751 5119 1920 5196 Le_v_it.
1958 5140 2085 5196 xxi,
2119 5126 2184 5178 10
2215 5135 2265 5178 et
2317 5143 2470 5196 seqq.

435 5177 479 5210 ⁸⁸
516 5179 648 5233 Luc.
696 5197 732 5244 ι,
771 5184 858 5237 52.
932 5183 978 5214 ⁸⁵
1005 5182 1132 5236 Luc.
1164 5199 1220 5242 ll,
1252 5184 1337 5236 52.
1411 5184 1456 5216 ⁸⁸
1485 5185 1673 5253 Ephes.
1709 5203 1780 5249 tv,
1812 5190 1892 5243 15.

2076 5177 2082 5182 ,
2165 5177 2171 5178 γ
2258 5177 2466 5196 γρηη.

2076 5192 2192 5247 [.uc.
2222 5210 2370 5260 xvn,
2411 5198 2466 5251 2.

2071 4350 2124 4402 in
2160 4348 2334 4402 nobis.
2375 4348 2584 4416 Corpus
2621 4349 2768 4403 enim
2809 4366 2879 4405 ex
2927 4358 3191 4424 genitali
3230 4367 3463 4436 origine
3503 4363 3710 4436 quanti-

2071 4437 2194 4492 tatis
2229 4437 2505 4489 materiam
2537 4439 2726 4505 sumit,
2755 4449 2815 4492 ut
2854 4445 2944 4497 vel
2983 4463 3286 4519 magnum
3331 4458 3426 4510 vel
3461 4460 3704 4526 exiguum

2068 4527 2182 4581 ﬁat.
2207 4525 2395 4579 Anima
2433 4541 2562 4580 vero
2592 4528 2644 4580 in
2681 4529 2843 4584 nobis
2875 4532 3062 4591 habet
3097 4558 3363 4608 causas,
3404 4557 3465 4600 et
3506 4525 3705 4601 arbitrii

2065 4614 2397 4676 libertatem,
2445 4622 2504 4666 ut
2550 4615 2636 4667 vel
2670 4631 2879 4687 magna
2931 4626 3025 4678 vel
3092 4646 3290 4698 parva
3339 4640 3445 4691 sit.
3493 4637 3551 4691 Si
3588 4650 3708 4705 ergo

2065 4702 2259 4770 pusilla
2287 4713 2340 4755 et
2375 4717 2540 4772 parva
2575 4705 2647 4758 sit
2681 4708 2896 4777 anima,
2947 4717 3138 4773 etiam
3189 4729 3584 4781 scandalizari
3621 4702 3708 4796 νζ).

2075 4803 2199 4846 test.
2247 4793 2336 4847 Sic
2383 4796 2525 4848 enim
2569 4798 2841 4866 scriptum
2878 4815 2973 4860 est
3022 4809 3082 4864 in
3125 4813 3462 4888 Evangelia
3487 4821 3557 4886 “,
3589 4793 3705 4886 quia

2070 4900 2090 4932 ι
2123 4883 2339 4980 exp-edit
2382 4885 2714 4952 prtccipilat'i
2749 4889 2807 4944 in
2863 4896 3230 4958 profundum
3300 4883 3505 4977 maris,
3543 4883 3703 4980 quam

2066 4973 2434 5027 scandalizare
2465 4991 2633 5030 unum
2677 4980 2749 5034 de
2803 4988 3040 5053 pusillis
3080 4992 3238 5051 istis.
3271 5018 3292 5050 ο
3342 5003 3452 5068 Qui
3484 4973 3707 5070 magnus

2595 5133 2642 5164 ⁵¹
2687 5136 2795 5193 lsa.
2843 5158 2969 5211 LIII,
2997 5148 3058 5205 9.
3155 5153 3205 5185 "
3247 5153 3428 5211 Joan.
3466 5174 3586 5222 xtv,
3615 5157 3698 5211 30.

2064 5348 2512 5440 adulllutn._r‘se_d
2555 5359 2613 5413 in
2651 5367 2926 5428 omnibus
2966 5392 3108 5435 mss.
3157 5385 3351 5440 deest.
3393 5401 3419 5438 ι
3452 5386 3503 5440 si
3531 5395 3699 5439 atten-

2063 5415 2238 5500 dil‘SA-I‘
2259 5425 2402 5500 lj‘l‘loq
2437 5426 2634 5500 ahESSe
2967 5415 3108 5435 nugo.
3157 5415 3351 5448 "cui,"

2132 5483 2242 5552 (93)
2284 5488 2467 5548 Codex
2502 5483 2892 5575 San’géiiiilf}
2930 5517 3281 5584 prwluserat.
3309 5538 3336 5574 ι
