3948 6214
253 274 353 329 5ὖῖ

254 395 337 440 est
386 395 480 438 non
516 363 890 464 κθιὶῧδὶξιθωτν
1105 373 1236 464 {lui
1296 383 1545 450 pusillus
1591 392 1693 439 est.
1732 382 1829 447 Qui

256 487 474 544 magnus
489 477 582 532 est,
603 460 931 544 quodcum“?
945 452 1209 531 νῖῧθτῖι,
1229 473 1613 541 quodcunque
1636 484 1827 540 passus

257 542 444 628 fuerit,
468 573 563 614 non
593 552 815 610 declinat
858 561 887 601 a
911 542 1046 601 fide.
1077 548 1209 617 Qui
1246 571 1444 616 autem
1491 561 1715 632 pusillus
1745 567 1829 612 est

253 650 441 703 animo
468 657 520 702 et
547 657 762 715 parvus.
784 638 1096 697 occasiones
1124 651 1352 714 quaerit
1379 651 1647 721 quomodo
1675 663 1830 702 scan-

256 738 542 799 dalizatur,
568 730 836 801 quomodo
874 728 932 783 in
975 726 1089 786 fide
1124 733 1402 792 videatur
1449 736 1664 793 offendi.
1697 735 1831 789 Pro-

251 836 438 895 pterea
467 826 701 893 denique
742 827 953 891 oportet
990 834 1100 878 nos
1142 827 1393 880 maxime
1419 826 1503 881 his
1530 824 1825 886 consulere,

252 917 343 985 qui
389 917 536 987 parvi
570 923 701 969 sunt
749 914 806 966 in
841 912 944 966 fide
982 929 999 966 :
1041 927 1151 969 nec
1209 924 1418 970 tantam
1462 930 1648 971 curam
1681 915 1829 969 circa

249 1017 478 1073 magnos
514 1015 573 1056 et
604 1001 809 1066 fortes,
851 1009 1112 1070 quantam
1142 1015 1281 1073 erga
1314 1004 1566 1072 parvulos
1596 1010 1650 1058 et
1696 1001 1830 1056 insi-

249 1091 463 1159 pientes
501 1090 774 1145 debemus
830 1089 1170 1157 impendere.
1220 1091 1404 1147 Fortis
1453 1093 1596 1146 enim
1649 1089 1828 1145 omnia

251 1179 442 1233 tolerat
462 1217 482 1246 ,
512 1178 710 1235 omnia
741 1178 962 1239 suffert,
997 1190 1055 1235 et
1104 1194 1381 1249 nunquam
1409 1181 1570 1235 cadit.
1616 1177 1828 1232 Parvuli

249 1281 401 1331 vero,
428 1278 484 1322 et
520 1267 740 1323 infirmi
783 1269 837 1321 in
883 1267 989 1321 fide
1017 1267 1416 1322 observandum
1447 1278 1529 1324 est
1562 1283 1629 1321 ne
1672 1281 1829 1322 occa—

250 1355 404 1410 sione
454 1358 644 1411 nostri
701 1355 1071 1422 ofl‘endantur,
1113 1366 1170 1425 et
1218 1359 1471 1413 recedant
1515 1372 1544 1412 a
1591 1358 1720 1422 fide,
1761 1371 1824 1411 ac

250 1446 498 1500 decidant
524 1461 561 1499 a
591 1446 795 1501 salute.
826 1449 935 1502 Aut
964 1449 1188 1503 ostende
1234 1448 1364 1502 mihi
1399 1448 1466 1502 de
1505 1447 1816 1516 Scripturis,

254 1538 340 1592 ubi
374 1538 579 1607 aliquis
615 1548 901 1606 peccator,
930 1547 1025 1593 aut
1064 1539 1215 1608 parvi
1249 1540 1445 1605 meriti,
1488 1555 1710 1609 magnus
1736 1556 1830 1610 ap-

250 1626 482 1694 peltatas
530 1629 635 1681 sit.
686 1625 995 1694 Nusquam,
1039 1635 1099 1680 ut
1139 1627 1355 1694 opinor,
1398 1628 1658 1686 invenies.
1690 1630 1826 1684 Audi

249 1730 380 1771 vero
406 1716 504 1786 qui
535 1724 694 1779 sunt,
729 1716 823 1784 qui
856 1715 1034 1783 magni
1069 1715 1427 1784 appellantur.
1455 1715 1532 1770 De
1572 1716 1717 1770 lsaac
1746 1716 1828 1770 di-

249 1805 407 1870 citur,
445 1806 588 1876 quia
636 1806 959 1874 proficiebat
989 1804 1164 1869 valde,
1209 1820 1486 1873 usquequo
1530 1805 1701 1861 factus
1744 1814 1830 1861 est

253 1909 475 1962 magnus
512 1894 684 1948 valde
702 1894 773 1947 ".
796 1893 1008 1964 Moyses
1039 1882 1263 1963 magnus
1278 1896 1451 1969 dictus
1478 1905 1580 1959 est,
1605 1895 1830 1950 etJoan-

252 1997 349 2037 nes
387 1983 637 2053 Baptista
674 1998 909 2052 magnus
942 1984 1117 2037 dictus
1141 1994 1241 2046 est,
1273 1999 1415 2038 nunc
1455 1995 1631 2038 autem
1671 1985 1827 2041 Jesus

255 2078 479 2142 magnus
514 2073 705 2127 dictus
733 2082 845 2135 est,
881 2078 937 2124 et
968 2081 1091 2139 post
1124 2070 1262 2127 hunc
1299 2071 1410 2139 jam
1439 2072 1616 2127 nullus
1648 2075 1830 2144 appel-

254 2159 392 2215 latus
425 2172 514 2217 est
566 2174 833 2227 magnus.
883 2160 1048 2215 Prius
1090 2161 1236 2215 enim
1286 2176 1446 2230 quam
1494 2163 1705 2217 adesset
1736 2162 1826 2230 qui

253 2262 382 2302 vere
410 2263 655 2320 magnus
706 2258 830 2311 est,
884 2247 951 2302 ad
1000 2248 1456 2316 comparationem
1504 2247 1826 2317 reliquorum

254 2336 530 2390 hominum
564 2336 755 2404 magni
796 2333 1053 2403 appellati
1091 2324 1214 2387 sunt
1245 2334 1438 2398 sancti,
1478 2349 1703 2403 quorum
1736 2350 1828 2388 su-

254 2422 430 2488 perius
482 2422 727 2476 fecimus
774 2422 1126 2477 mentionem.
1157 2419 1257 2475 Ubi
1286 2436 1412 2476 vero
1440 2422 1656 2475 advenit
1695 2422 1824 2491 ipse,

253 2510 347 2577 qui
386 2526 485 2565 non
512 2527 583 2566 ex
612 2511 1033 2579 comparatione
1069 2519 1402 2577 caeterorum,
1445 2511 1540 2564 sed
1584 2510 1665 2565 sui
1711 2526 1824 2563 ina-

254 2600 536 2667 gnitudiue
579 2615 718 2655 vere
772 2617 1008 2671 magnus
1050 2609 1203 2665 erat,
1244 2602 1309 2655 de
1341 2615 1447 2669 quo
1479 2600 1640 2654 etiam
1688 2601 1824 2668 scri-

254 2696 400 2754 ptum
425 2703 511 2745 est
527 2691 604 2755 ⁸⁸,
626 2689 761 2757 quia
791 2705 811 2740 ι
841 2690 1135 2742 exsultavit
1159 2697 1217 2742 ut
1242 2688 1389 2757 gigas
1411 2687 1476 2740 ad
1508 2688 1824 2742 currendam

253 2774 420 2842 viam,
448 2795 470 2828 ι
510 2776 665 2829 ultra
711 2776 831 2844 jam
887 2776 1065 2828 nullus
1114 2788 1334 2843 magnus
1379 2772 1670 2841 appellatus
1718 2782 1821 2828 est.

256 2861 353 2917 llic
378 2876 455 2919 est
484 2881 630 2936 ergo
671 2866 745 2919 de
773 2880 889 2933 quo
930 2863 1229 2919 scribitur:
1265 2881 1283 2914 ι
1311 2862 1532 2932 Magnus
1573 2864 1825 2918 sacerdos

253 2966 317 3005 ex
365 2953 637 3010 fratribus
693 2955 835 3009 suis.
863 2972 883 3005 ι
936 2953 1142 3017 Quibus
1183 2950 1476 3006 fratribus?
1518 2952 1593 3006 De
1634 2952 1826 3021 quibus

252 3038 382 3095 dixit
433 3058 566 3099 cum
619 3041 1026 3098 resurrexisset
1068 3055 1099 3093 a
1137 3040 1364 3093 mortuis
1383 3040 1430 3072 ⁸⁸
1466 3057 1480 3093 :
1523 3057 1543 3091 ι
1572 3039 1717 3094 Vade
1755 3041 1820 3094 ad

245 3128 444 3190 fratres
504 3148 703 3197 meos,
756 3142 813 3185 et
868 3132 955 3185 dic
1014 3131 1093 3184 eis
1132 3146 1147 3184 :
1191 3130 1437 3184 Ascendo
1488 3131 1555 3184 ad
1609 3131 1821 3186 Patrem

242 3233 447 3290 meum,
489 3233 550 3276 et
581 3223 655 3275 ad
688 3222 912 3276 Patrem
946 3229 1205 3282 vestrum,
1246 3219 1316 3271 ad
1346 3218 1514 3273 Deum
1547 3234 1745 3283 meum,
1769 3229 1824 3273 et

241 3307 408 3365 Deum
457 3322 736 3366 vestrum.
759 3328 780 3362 ν
830 3309 888 3361 Si
927 3319 1106 3361 autem
1134 3308 1215 3360 vis
1252 3322 1320 3361 ex
1350 3307 1588 3375 antiquis
1619 3308 1825 3362 litteris

237 3394 454 3456 discere
497 3401 708 3454 fratres
739 3398 891 3462 Jesu,
925 3398 1040 3465 lege
1073 3397 1385 3450 vicesimum
1416 3383 1643 3465 primum
1680 3398 1825 3465 psal—

235 3499 409 3554 mum,
436 3490 532 3543 ubi
563 3503 638 3543 ex
677 3501 914 3555 persona
952 3484 1154 3539 Christi
1184 3484 1388 3539 dicitur
1409 3486 1455 3531 ⁶ρ⁰
1480 3498 1498 3537 :
1533 3504 1551 3536 ι
1580 3485 1825 3541 Narrabo

232 3589 435 3633 nomen
492 3588 657 3632 tuum
711 3575 978 3630 fratribus
1030 3574 1200 3639 meis,
1249 3572 1302 3628 in
1354 3573 1525 3628 medio
1572 3574 1823 3631 Ecclesia:

228 3660 472 3723 laudabo
518 3678 645 3722 ιε.»
686 3666 773 3719 Ex
824 3662 1087 3718 fratribus
1130 3678 1261 3727 ergo
1313 3664 1425 3717 suis
1476 3679 1699 3732 magnus
1741 3675 1823 3718 est

224 3749 418 3823 .lesus,
444 3773 515 3812 ex
547 3757 641 3810 bis
671 3754 769 3823 qui
809 3753 963 3820 prius
1004 3754 1183 3822 magni
1218 3752 1431 3807 fuerant
1473 3753 1742 3823 appellati,
1769 3763 1824 3807 et

223 3840 373 3897 sicut.
408 3857 696 3916 pastorum
732 3852 922 3912 pastor
949 3852 1067 3909 est,
1110 3851 1166 3896 et
1206 3843 1517 3911 pontiﬁcum
1559 3844 1821 3912 pontifex,

226 3941 278 3983 ct
324 3934 758 3989 dominantium
809 3935 1103 3996 Dominus,
1146 3942 1202 3984 et
1250 3947 1432 4000 regum
1482 3948 1607 3995 rex;
1657 3934 1730 3987 ita
1765 3945 1821 3989 et

231 4038 566 4090 magnorum
599 4038 843 4091 magnus
867 4032 982 4085 est;
1016 4030 1074 4077 et
1108 4021 1229 4075 ideo
1258 4021 1425 4086 addit,
1460 4038 1479 4072 ι
1510 4036 1733 4089 magnus
1757 4037 1821 4077 ex

240 4113 506 4168 fratribus
535 4115 678 4168 suis.
701 4131 721 4164 ›

315 4204 481 4272 251
527 4205 597 4276 3.,
624 4204 759 4257 Post
788 4202 906 4255 haec
936 4215 1089 4264 vero,
1119 4218 1138 4251 ι
1161 4200 1266 4263 cui,
1303 4200 1476 4266 inquit
1495 4201 1561 4264 σί,
1588 4200 1821 4256 infusum

265 4302 341 4346 est
364 4294 539 4347 oleum
569 4291 888 4347 chrismatis
910 4305 1079 4357 super
1099 4297 1263 4356 caput
1286 4289 1419 4356 eius.
1445 4309 1466 4342 ι
1487 4290 1626 4344 Istud
1647 4289 1819 4344 oleum

276 4383 375 4433 noli
401 4384 667 4451 requirere
699 4382 752 4434 in
792 4380 982 4444 terris,
1010 4379 1159 4447 quod
1193 4392 1355 4446 super
1392 4388 1552 4448 caput
1586 4379 1825 4433 infundi—

294 4479 370 4521 tur
389 4471 546 4539 magni
572 4470 897 4535 sacerdotis,
937 4477 1002 4522 ut
1031 4468 1130 4521 fiat
1168 4466 1403 4521 christus
1429 4486 1445 4522 :
1470 4471 1565 4523 sed
1597 4470 1642 4524 si
1676 4471 1824 4525 vide—

292 4565 389 4621 tur,
413 4559 547 4613 disce
575 4575 603 4612 a
631 4559 897 4627 propheta
935 4557 1113 4611 David
1139 4558 1286 4610 istud
1316 4558 1493 4612 oleum
1516 4561 1674 4627 quale
1706 4561 1809 4614 sit:

294 4643 561 4711 «Dilexisti,
592 4647 860 4716 inquit",
892 4645 1200 4713 justitiam,
1241 4655 1295 4698 et
1349 4647 1509 4700 odisti
1568 4647 1823 4717 iniquita-

273 4737 383 4791 ιεηιι
416 4748 689 4809 propterea
720 4736 889 4791 unxit
927 4744 981 4788 te
1015 4735 1189 4800 Deus,
1224 4735 1362 4789 Deus
1392 4745 1510 4791 tuus
1540 4737 1657 4792 oleo
1687 4740 1815 4794 laeti-

264 4817 342 4900 με·
388 4843 494 4900 pm
538 4826 920 4898 participibus
955 4823 1081 4891 (94)
1124 4824 1298 4878 tuis.)
1357 4825 1501 4880 istud
1552 4835 1637 4881 est
1693 4843 1824 4899 ergo

220 4896 410 4986 ιζίθξιῃί,
437 4896 662 4980 milia,
692 4915 847 4982 quod
887 4912 1072 4979 capiti
1103 4910 1227 4977 ejus
1267 4912 1494 4968 infusum
1538 4914 1662 4969 fecit
1702 4896 1823 4972 eu'm

196 4974 316 5040 ε’ἀνᾶ
342 5020 507 5064 διηιη,
523 4974 823 5062 δεάεάάίι
846 4974 1054 5052 adhuc
1079 4974 1150 5050 ad
1175 4999 1357 5054 laudes
1373 5001 1482 5068 ejus
1504 5019 1517 5055 :
1541 5003 1667 5069 «Qui
1699 5022 1829 5060 cou-

126 5079 339 5186 ,.L;\
372 5127 511 5183 Gen.
543 5136 687 5177 ιςν,
774 5113 1046 5186 εξ-Ιξεειιτ
1072 5128 1192 5175 xix,
1217 5115 1283 5186 6.,
1343 5120 1384 5151 ”
1419 5117 1562 5171 Joan.
1592 5136 1686 5186 xx,
1714 5125 1798 5178 i7.

123 5181 432 5263 ἡξκενῖι-
469 5208 590 5263 In!"
622 5187 724 5263 ‘9.-
749 5252 785 5263 ..
813 5182 875 5263 ῗῖ
902 5181 1110 5263 Εἷὲτίθ·
1140 5185 1349 5263 31"..”-

333 5246 441 5328 αἱ,
473 5246 587 5314 1οί
656 5253 710 5284 ⁸⁸
748 5249 902 5303 ibid.
943 5246 1044 5298 H-
1152 5248 1197 5278 ⁷⁰
1228 5250 1414 5308 Ezech.
1440 5269 1583 5319 xvm,
1612 5258 1665 5313 4.

205 5368 353 5502 l">3?
380 5402 552 5489 Mss"
580 5412 604 5443 ε
634 5379 1095 5459 participibus.
1123 5399 1143 5431 ι
1167 5381 1320 5439 Lihb.
1346 5390 1482 5455 editi,
1514 5408 1531 5439 ι
1552 5398 1819 5449 consorti-

386 5484 569 5596 Mss.,
606 5544 630 5576 ι
660 5522 835 5577 sicut
901 5512 1184 5567 amictus.
1215 5534 1234 5567 ι
1264 5518 1408 5576 Libb.
1448 5526 1586 5588 editi,
1620 5547 1639 5578 ι
1667 5529 1814 5584 sicut

1463 270 1531 325 1N
1564 265 1928 324 LEVITICUM
1966 263 2245 319 llOMlLlA
2272 263 2365 318 XII

1451 5187 1493 5217 ⁸⁸
1519 5187 1651 5241 Psal.
1704 5207 1808 5252 CIV.
1844 5198 1878 5248 2
1899 5208 1950 5250 ει
1973 5198 2025 5254 6.

3356 262 3464 316 538

1859 383 1906 439 Α
1932 387 2242 442 snmmatas,
2278 378 2528 446 inquit”,
2566 378 2725 431 habet
2761 390 2969 434 manus.
2990 394 3010 428 ι
3037 375 3281 440 Cuinam,
3308 391 3460 445 quae-

1925 482 2004 533 so,
2033 469 2308 522 hominum
2340 468 2441 520 hoc
2471 465 2722 519 convenit
2760 464 2901 518 dici?
2934 466 2988 518 In
3021 480 3127 533 quo
3152 465 3459 519 mortalium

1929 557 2197 627 perfectas
2221 556 2461 610 invenire
2491 569 2774 622 possumus
2804 555 3022 607 manus?
3041 555 3257 609 Etiamsi
3277 555 3458 609 Aaron

1926 649 2027 703 iste
2076 648 2146 701 sit
2191 648 2342 716 cujus
2377 645 2572 698 mentio
2605 643 2719 695 ﬁeri
2765 643 2994 705 videtur,
3020 645 3285 710 quomodo
3325 657 3460 698 con-

1929 747 2222 793 summatas
2256 736 2530 804 potabitur
2574 732 2821 786 habuisse
2852 745 3056 795 manus,
3087 733 3277 800 quibus
3318 734 3458 786 vitu-

1925 827 2033 881 lum
2077 826 2381 889 fabricavit,
2433 823 2625 892 quibus
2678 822 2877 877 idolum
2926 823 3182 889 sculpsit?
3235 822 3455 875 Etiamsi

1927 917 2102 986 ipsum
2148 915 2365 985 Moysen
2418 913 2700 983 proferas,
2743 914 3006 981 quomodo
3059 919 3456 964 consummatas

1929 1006 2184 1061 habuisse
2213 1006 2423 1058 videtur
2446 1018 2652 1066 manus,
2679 1002 2768 1071 qui
2795 1016 2897 1055 non
2921 999 3234 1070 glorificavit
3271 999 3454 1051 Domi-

1928 1108 2056 1149 num
2095 1094 2159 1147 ad
2202 1106 2391 1160 aquam
2433 1089 2908 1145 contradictionis?
2947 1088 3049 1142 Pro
3104 1103 3210 1157 quo
3260 1086 3457 1141 delicto

1928 1181 2091 1235 etiam
2117 1180 2222 1232 vita
2245 1178 2463 1246 iubetur
2475 1176 2751 1231 excedere.
2780 1175 2930 1240 Quod
2947 1175 2989 1228 si
3014 1173 3241 1226 etalium
3272 1186 3457 1241 quem-

1927 1284 2086 1338 quam
2119 1276 2427 1321 sanctorum
2460 1281 2754 1320 memorare
2774 1266 2925 1327 velis,
2956 1263 3187 1316 occurrit
3216 1262 3307 1315 tibi
3339 1277 3455 1314 ser-

1926 1372 2015 1411 mo
2066 1357 2375 1424 Scriptura,
2420 1355 2510 1423 qui
2572 1354 2790 1420 dicit“,
2820 1354 2947 1425 quia
2993 1372 3011 1403 ι
3039 1368 3140 1406 non
3173 1362 3255 1406 est
3298 1353 3457 1405 homo

1927 1461 2088 1514 super
2117 1455 2312 1498 terram
2356 1444 2448 1512 qui
2490 1443 2653 1496 faciat
2707 1445 2923 1507 bonum,
2951 1451 3003 1496 et
3035 1457 3140 1496 non
3198 1448 3396 1510 peccet.
3431 1457 3451 1490 ι

1927 1536 2114 1590 Merito
2156 1549 2283 1602 ergo
2334 1532 2478 1586 solus
2528 1531 2685 1586 Jesus
2718 1541 3114 1585 consummatas
3145 1531 3304 1584 habet
3340 1544 3457 1582 ma-

1931 1640 2054 1690 nus,
2097 1626 2187 1693 qui
2218 1624 2363 1678 solus
2400 1630 2672 1690 peccatum
2725 1636 2828 1674 non
2878 1620 3028 1684 fecit,
3080 1620 3182 1674 hoc
3229 1631 3330 1684 εει,
3366 1618 3456 1685 qui

1926 1712 2157 1781 perfecta
2192 1722 2246 1768 et
2299 1713 2501 1780 integra
2531 1725 2693 1778 opera
2726 1724 2974 1762 manuum
3009 1708 3190 1762 habet.
3217 1708 3282 1760 Et
3332 1707 3454 1761 ideo

1927 1802 1992 1854 de
2031 1801 2145 1867 ipso
2190 1809 2335 1854 recte
2376 1801 2612 1854 dicitur:
2652 1815 2670 1848 ι
2701 1795 2799 1863 Qui
2857 1805 3251 1851 consummatas
3297 1795 3456 1849 habet

1928 1904 2146 1954 manus,
2167 1895 2225 1941 ut
2254 1889 2504 1941 induatur
2531 1897 2734 1940 sancta.
2769 1905 2787 1937 ι
2813 1884 2909 1939 Hic
2931 1886 3076 1939 enini
3094 1895 3192 1947 est,
3224 1885 3309 1951 qui
3334 1897 3457 1936 vere

1928 1980 2142 2033 indutus
2174 1987 2256 2032 est
2280 1987 2483 2039 sancta,
2520 1992 2623 2031 non
2659 1977 2743 2029 illa
2778 1991 2895 2044 qum
2928 1977 2980 2029 in
3019 1985 3140 2045 typo
3168 1983 3338 2036 erant,
3365 1977 3455 2027 sed

1926 2068 2038 2135 ipsa
2073 2083 2187 2135 quae
2236 2083 2360 2121 vere
2398 2075 2578 2120 sancta
2630 2075 2770 2118 sunt.
2799 2065 2945 2130 Quod
2989 2066 3032 2117 si
3076 2065 3155 2117 vis
3181 2064 3365 2117 audire
3394 2064 3460 2117 de

1926 2157 2307 2210 excelsioribus
2350 2157 2675 2209 indumentis
2724 2156 2861 2221 ejus,
2902 2155 3087 2222 accipe
3131 2153 3294 2207 verba
3326 2168 3452 2221 pro-

1926 2246 2132 2312 phetica
2163 2261 2179 2297 :
2215 2263 2234 2295 (
2258 2245 2496 2296 Amictns
2517 2284 2531 2307 ,
2581 2243 2825 2310 inquit",
2859 2242 3058 2296 lumine
3102 2243 3241 2296 sicut
3296 2242 3459 2295 vesti-

1926 2343 2133 2394 mento,
2175 2336 2398 2403 abyssus
2443 2334 2583 2386 sicut
2640 2333 2866 2385 amictus
2916 2330 3026 2401 (95)
3078 2331 3453 2384 vestimentum

1925 2423 2059 2490 ejus.
2084 2441 2103 2472 ι
2138 2421 2239 2475 Hic
2276 2432 2356 2476 est
2408 2421 2508 2475 mei
2546 2421 2722 2489 magni
2772 2420 3036 2488 pontificis
3081 2421 3317 2487 habitus,
3349 2437 3454 2488 quo

1927 2512 2193 2565 indicatur
2219 2509 2477 2579 profunda
2505 2508 2749 2574 scicntia,
2773 2516 2826 2562 et
2851 2507 3121 2577 sapientiae
3149 2507 3268 2561 luce
3297 2508 3457 2560 vesti-

1927 2610 2033 2664 tus,
2080 2616 2200 2668 qua:
2238 2612 2364 2653 vere
2394 2610 2580 2653 sancta
2622 2607 2746 2653 sunt
2789 2598 3118 2652 indumenta.
3152 2615 3171 2646 ι
3202 2596 3340 2662 Νοη,
3371 2598 3457 2650 iu-

1922 2690 2124 2758 quit“,
2177 2688 2384 2742 auferet
2434 2688 2499 2741 de
2565 2688 2739 2754 capite
2789 2701 2885 2740 suo
2936 2685 3224 2739 cidarim.»
3255 2684 3370 2738 .Iam
3401 2693 3458 2739 et

1924 2781 2072 2848 prius
2099 2779 2331 2832 diximus
2357 2777 2582 2830 cidarim
2608 2790 2773 2843 genus
2801 2789 2918 2829 esse
2942 2775 3282 2842 operimenti,
3312 2774 3455 2843 quod

1924 2867 2083 2936 capiti
2108 2865 2502 2934 superpositum
2538 2862 2773 2930 pontifici
2816 2872 3038 2931 praestat
3064 2873 3332 2917 ornatum.
3362 2863 3460 2918 ilic

1850 2990 1894 3048 ο
1925 2971 2051 3024 ergo
2085 2969 2308 3024 magnus
2336 2953 2567 3022 pontifex
2589 2966 2737 3006 meus
2773 2966 3041 3019 nunquam
3075 2951 3293 3019 deponit
3319 2952 3458 3006 sacri

1924 3044 2113 3112 capitis
2139 3052 2404 3095 ornatum.
2439 3041 2588 3107 Quod
2628 3043 2699 3094 sit
2740 3049 2918 3093 autem
2955 3047 3113 3109 caput
3135 3040 3355 3106 Christi,
3390 3040 3459 3095 ab

1919 3132 2177 3199 Apostolo
2205 3132 2351 3185 disce
2381 3132 2471 3199 qui
2509 3129 2645 3185 dicit
2667 3130 2713 3169 ⁸⁷
2742 3148 2756 3183 :
2787 3148 2805 3180 ι
2837 3128 3011 3197 Caput
3055 3139 3232 3183 autem
3259 3128 3457 3184 Christi

1925 3221 2121 3274 Deus.»
2157 3218 2347 3273 Merito
2370 3221 2538 3287 igitur
2586 3220 2747 3273 istum
2789 3219 2982 3287 capitis
3034 3218 3142 3283 sui,
3171 3218 3262 3286 qui
3317 3219 3457 3273 Deus

1918 3320 2028 3373 est,
2060 3324 2330 3377 nunquam
2367 3309 2581 3378 deponit
2628 3318 2902 3373 ornatum,
2952 3309 3076 3376 quia
3118 3323 3333 3377 semper
3373 3318 3458 3362 est

1920 3400 2078 3454 Pater
2107 3402 2159 3453 in
2196 3399 2350 3465 Filio,
2391 3401 2533 3452 sicut
2572 3397 2740 3452 Filius
2779 3412 2992 3466 semper
3042 3399 3093 3450 iu
3138 3398 3315 3452 Patre.
3348 3416 3367 3448 ι
3391 3396 3457 3449 Ει

1921 3490 2243 3542 vestimenta
2297 3504 2391 3541 sua
2452 3501 2560 3540 non
2599 3486 2900 3555 disrumpet
2922 3486 3018 3539 ⁸⁸.»
3054 3485 3191 3540 Vere
3237 3487 3324 3540 liic
3374 3496 3457 3541 est

1920 3579 2011 3647 qui
2054 3580 2365 3631 vestimenta
2414 3592 2508 3631 sua
2540 3591 2643 3630 non
2676 3576 2982 3644 disrumpit,
3003 3575 3094 3629 sed
3141 3590 3352 3643 semper
3391 3592 3456 3629 ea

1921 3669 2137 3729 munda,
2166 3681 2376 3734 semper
2412 3668 2638 3734 integra,
2666 3679 2876 3731 semper
2896 3673 3042 3717 casta
3069 3665 3319 3717 servavit.
3344 3681 3363 3714 ι
3394 3665 3459 3718 Et

1920 3760 1985 3811 ad
2025 3772 2232 3811 omnem
2285 3757 2517 3809 animam
2584 3753 2886 3808 defunctam
2942 3767 3047 3806 non
3100 3754 3452 3807 intrabit“.s

1923 3849 2049 3913 Qum
2079 3857 2159 3900 est
2179 3847 2358 3900 anima
2391 3844 2676 3900 defuncta?
2704 3845 2875 3907 Quam
2904 3850 3166 3896 mortuam
3198 3844 3458 3911 propheta

1929 3938 2161 3994 dicit":
2195 3954 2212 3986 ι
2235 3936 2423 3988 Anima
2453 3949 2573 4003 qua:
2608 3944 2813 4003 peccat,
2838 3934 2954 4003 ipsa
2988 3934 3270 3988 morietur.
3305 3950 3323 3983 ι
3354 3930 3457 3984 Su-

1925 4044 2016 4097 per
2036 4027 2169 4079 llam:
2201 4041 2327 4094 ergo
2354 4026 2586 4079 animam
2630 4036 2894 4081 mortuam
2925 4025 3170 4080 Christus
3218 4037 3324 4078 non
3365 4037 3459 4077 su~

1921 4119 2182 4188 pervenit,
2205 4118 2329 4189 quia
2366 4116 2630 4184 sapientia
2657 4123 2761 4179 est,
2785 4124 2840 4169 et
2865 4114 3121 4182 sapientia
3155 4127 3256 4167 non
3290 4113 3457 4167 intrat

1924 4209 1975 4260 in
2006 4206 2239 4260 animam
2270 4202 2603 4257 malevolam.
2628 4202 2744 4270 ipsa
2782 4211 2864 4256 est
2892 4202 3034 4254 enim
3076 4211 3303 4265 mortua,
3331 4201 3458 4268 quia

1853 4292 1897 4346 D
1925 4296 2009 4350 cui
2056 4295 2193 4348 inest
2224 4293 2446 4357 malitia,
2504 4293 2646 4346 inest
2691 4300 2745 4345 et
2807 4300 3100 4359 peccatum.
3130 4308 3149 4340 ι
3175 4291 3458 4345 Peccatum

1922 4393 2098 4437 autem
2143 4396 2262 4436 cum
2304 4392 2755 4442 consummatum,
2797 4380 3047 4446 inquit",
3086 4379 3267 4441 fuerit,
3303 4392 3460 4446 gene-

1925 4483 2007 4527 rat
2028 4480 2270 4526 mortem.
2299 4488 2318 4521 ι
2364 4469 2426 4522 Et
2456 4479 2674 4536 propter
2728 4470 2826 4521 hoc
2873 4467 3032 4521 Jesus
3064 4484 3167 4520 non
3200 4467 3363 4520 intrat
3386 4470 3455 4521 ad

1923 4566 2153 4620 animam
2202 4570 2485 4614 mortuam.
2521 4557 2576 4613 Si
2604 4568 2777 4611 autem
2809 4559 2950 4610 vivat
2996 4558 3188 4617 anima,
3223 4557 3321 4610 hoc
3371 4564 3457 4611 est

1920 4656 1965 4710 si
2000 4670 2103 4707 non
2143 4652 2303 4708 habet
2332 4652 2382 4702 in
2423 4665 2482 4704 se
2526 4651 2748 4702 mortale
2780 4656 3080 4716 peceatum,
3126 4657 3252 4700 tunc
3303 4644 3460 4699 Chri-

1922 4754 2056 4805 stus,
2084 4741 2173 4809 qui
2201 4750 2285 4794 est
2315 4741 2444 4803 vita,
2476 4740 2700 4793 venitad
2733 4738 2966 4790 animant
3003 4738 3294 4790 viventem.
3321 4734 3457 4800 Quia

1930 4835 2068 4887 sicut
2102 4832 2186 4884 lux
2218 4846 2319 4885 non
2352 4836 2526 4896 potest
2571 4843 2690 4883 esse
2738 4844 2857 4883 cum
2913 4828 3168 4893 tenebris,
3203 4840 3299 4879 nec
3334 4839 3455 4878 cum

1927 4923 2207 4991 iniquitate
2255 4920 2486 4989 justitia,
2543 4920 2615 4973 ita
2670 4933 2767 4974 nec
2818 4921 2928 4971 vita
2968 4924 3144 4986 potest
3188 4930 3309 4971 esse
3336 4928 3457 4971 cum

1931 5020 2119 5067 morte.
2160 5009 2225 5062 Et
2266 5008 2384 5063 ideo
2429 5010 2472 5062 si
2509 5008 2631 5075 quis
2667 5007 2766 5061 sibi
2807 5007 3058 5060 conscius
3081 5012 3164 5058 est
3187 5001 3327 5072 quod
3359 5000 3458 5053 ha.

1875 5130 1919 5160 “
1937 5129 2073 5183 Psal.
2097 5144 2214 5191 xxt,
2240 5128 2329 5181 ‘23.
2405 5126 2636 5183 “Levii.
2669 5142 2778 5184 xxI.
2814 5126 2899 5178 10.
3000 5125 3043 5156 ⁸⁸
3060 5121 3199 5191 Psal.
3230 5133 3367 5191 xciv,
3397 5118 3454 5170 8.

2134 5199 2179 5231 “
2200 5185 2378 5252 Levit.
2409 5212 2522 5263 xxi,
2550 5197 2635 5250 l0.
2742 5196 2783 5226 "
2808 5194 2828 5248 ι
2853 5194 2977 5248 Cor.
3004 5207 3077 5254 xi,
3106 5190 3163 5242 5.
3272 5186 3319 5217 “
3352 5185 3455 5237 Le-

1855 1695 1900 1750 Β

1770 5262 1813 5291 ⁷¹
1843 5262 1953 5319 Jac.
1998 5283 2036 5330 ι,
2070 5267 2152 5324 15.

1924 5405 2134 5470 pallium
2168 5407 2443 5460 amictum.
2472 5422 2489 5454 ι
2517 5403 2680 5457 Paulo
2713 5406 2832 5472 post
2873 5410 3026 5472 _r_nss.,
3060 5411 3080 5441 σ
3107 5407 3211 5459 quo
3255 5384 3454 5441 iudica-

1924 5465 2027 5529 tur.
2050 5493 2069 5526 ι
2104 5473 2255 5528 Libb.
2284 5471 2438 5538 editi,
2468 5490 2485 5521 ι
2511 5464 2774 5542 quomodo
2798 5464 3081 5516 indicatur.
3107 5477 3125 5510 ι
