3948 6260
405 311 489 331 *Α
1802 270 2109 331 OBlGENlS

383 311 489 371 εῖδει

386 429 507 483 heat
530 426 668 477 intra
711 436 768 473 se
803 414 1026 470 mortale
1058 410 1167 483 (06)
1208 416 1504 477 peccatum,
1528 415 1696 470 neque
1722 399 1771 452 id
1801 413 1828 450 a
1855 411 1911 449 se
1940 402 1982 455 Α
2010 392 2147 452 lunt,

382 530 483 583 per
514 508 880 579 paenitentiam
913 501 1232 571 plenissima:
1277 490 1656 547 satisfactionis
1706 485 1916 553 ahjecit,

391 574 494 653 non
525 605 700 664 speret
749 593 888 661 quod
924 592 1085 642 intret
1121 583 1367 638 Christus
1397 581 1463 633 ad
1501 579 1732 630 animam
1781 574 1917 642 ejus,

389 687 478 755 qui
518 685 581 736 ad
610 697 819 735 omnem
849 679 1077 730 animam
1107 673 1409 727 defunctam
1446 684 1552 722 non
1583 668 1766 728 intrat,
1798 663 1921 730 quia

393 789 614 842 magnus
652 769 906 823 sacerdos
936 774 1039 818 est.

462 864 512 915 4.
562 882 577 910 ι
602 861 656 912 lu
689 867 836 924 patre
863 870 960 909 suo
1003 862 1057 905 et
1110 861 1280 904 matre
1327 863 1419 900 sua
1457 860 1558 898 non
1593 852 1926 897 contamina—

390 952 615 1006 bitur".
647 968 665 1000 ι
700 947 794 999 llic
827 945 1116 1010 Scriptura:
1169 940 1317 991 locus
1373 934 1709 988 difﬁcillimus
1741 938 1818 982 est
1864 927 1927 979 ad

392 1039 804 1108 erplauaudnm,
836 1035 925 1086 sed
968 1032 1010 1083 si
1037 1027 1372 1082 orationibus
1401 1023 1595 1075 vestris
1630 1021 1792 1073 Deum
1825 1016 1927 1067 Pa-

396 1140 531 1181 trem
563 1125 724 1178 Verbi
774 1118 1154 1189 deprecemini,
1182 1127 1239 1168 ut
1271 1131 1365 1168 nos
1397 1113 1697 1167 illuminare
1743 1108 1929 1173 digne-

399 1230 505 1277 tur,
542 1214 657 1279 ipso
695 1212 923 1263 donante
951 1208 1147 1277 poterit
1189 1202 1485 1272 explanari.
1527 1198 1712 1252 Omnis
1741 1195 1828 1263 qui
1853 1194 1932 1245 iu-

397 1305 635 1371 greditur
694 1302 835 1353 hunc
869 1297 1142 1356 mundum,
1175 1294 1226 1345 in
1275 1292 1499 1359 quadam
1536 1280 1935 1339 contaminatio-

400 1370 466 1446 ne
493 1392 625 1446 effici
657 1393 873 1444 dicitur.
898 1389 1122 1452 Propter
1139 1383 1277 1451 quod
1310 1390 1364 1433 et
1391 1378 1667 1444 Scriptura
1696 1374 1826 1425 dicit
1845 1370 1929 1420 7':

348 1500 357 1509 λ
406 1481 609 1533 (Nemo
644 1479 867 1531 mundus
901 1492 928 1527 a
964 1474 1138 1532 sorde,
1176 1485 1271 1523 nec
1327 1470 1368 1522 si
1422 1466 1576 1519 unius
1621 1462 1722 1514 diei
1772 1458 1937 1512 fuerit

402 1570 512 1622 vita
538 1567 670 1633 ejus.
705 1586 722 1617 ι
753 1566 862 1618 Hoc
892 1565 1006 1631 ipso
1040 1576 1165 1627 ergo
1204 1558 1341 1625 quod
1374 1555 1425 1606 in
1454 1554 1608 1606 Vulva
1637 1550 1822 1601 matris
1854 1555 1938 1600 est

399 1662 629 1728 positus,
655 1665 708 1709 et
741 1655 878 1720 quod
920 1650 1195 1703 materiam
1229 1644 1470 1713 corporis
1511 1643 1577 1694 ab
1611 1640 1815 1706 origine
1844 1652 1939 1703 pa-

405 1749 545 1803 terni
587 1745 804 1799 seminis
836 1741 1017 1805 sumit,
1051 1740 1101 1791 in
1131 1747 1281 1805 patre
1302 1734 1431 1788 etin
1474 1741 1646 1785 matre
1678 1727 1940 1783 contami-

410 1835 685 1891 natusdici
717 1841 907 1900 potest.
932 1830 1034 1881 Aut
1063 1826 1260 1885 nescis,
1294 1823 1416 1890 quia
1450 1835 1568 1873 cum
1591 1815 1939 1886 quadraginta

410 1927 614 1978 dierum
660 1921 834 1974 factus
870 1917 1031 1971 fuerit
1086 1928 1212 1982 puer
1268 1909 1554 1971 masculus,
1608 1904 1828 1957 olfertur
1878 1903 1943 1951 ad

409 2017 599 2075 altare,
635 2024 691 2064 ιιι
724 2012 794 2063 ibi
823 2007 1152 2076 puriﬁcetur,
1181 2012 1428 2069 tanquam
1456 1999 1544 2066 qtti
1569 1995 1797 2065 pollutus
1828 1994 1943 2044 fue-

410 2106 484 2157 rit
513 2104 564 2155 in
598 2103 709 2169 ipsa
738 2096 1109 2162 conceptione,
1176 2092 1259 2144 vel
1300 2089 1508 2157 paterni
1563 2083 1810 2142 seminis,
1861 2080 1941 2130 vcl

411 2192 547 2243 uteri
582 2187 839 2241 materni?
869 2184 1052 2239 Omnis
1079 2195 1205 2246 ergo
1227 2181 1384 2232 homo
1408 2178 1458 2228 in
1488 2184 1638 2243 patre
1661 2181 1712 2224 et
1741 2172 1791 2222 in
1835 2186 1947 2221 ma-

416 2290 495 2332 tre
530 2278 759 2346 pollutus
795 2285 894 2340 est,
928 2274 1073 2325 solus
1098 2286 1222 2323 vero
1248 2269 1399 2322 Jesus
1434 2265 1684 2318 Dominus
1721 2275 1868 2312 meus
1897 2260 1947 2309 in

356 2414 361 2421 .
412 2372 554 2424 hanc
604 2364 997 2435 generationem
1031 2361 1135 2429 (97)
1166 2359 1390 2410 mundus
1441 2357 1711 2422 ingressus
1762 2356 1862 2413 est,
1897 2350 1948 2400 in

418 2465 590 2509 matre
621 2470 722 2505 non
760 2460 842 2504 est
884 2450 1132 2518 pollutus.
1167 2446 1443 2511 Ingressus
1475 2450 1556 2495 est
1582 2440 1724 2492 enim
1758 2454 1952 2506 corpus

418 2543 918 2599 iucoutaminatum.
954 2539 1069 2605 Ipse
1102 2539 1241 2590 enim
1278 2542 1414 2597 erat,
1447 2532 1611 2599 quiet
1637 2530 1832 2582 dudum
1863 2543 1954 2595 per

418 2635 759 2686 Salomoncm
799 2628 1071 2681 dixerat”
1102 2645 1115 2674 ε
1151 2645 1168 2676 t
1200 2624 1363 2691 Magis
1409 2630 1586 2673 autem
1619 2635 1739 2671 cum
1782 2632 1954 2671 essent

419 2725 608 2782 bonus,
652 2719 768 2770 veni
818 2722 885 2768 ad
937 2730 1131 2781 corpus
1173 2710 1689 2777 ἰιιευίηψιὶιιίιιιιιιι.»
1726 2706 1837 2758 Non
1875 2715 1956 2759 est

421 2826 549 2874 ergo
592 2807 984 2857 totitaminalus
1028 2806 1078 2855 in
1117 2811 1304 2860 matre,
1338 2799 1429 2850 sed
1473 2812 1538 2849 ne
1570 2798 1619 2849 in
1656 2806 1805 2864 patre
1843 2797 1961 2863 qui-

423 2901 566 2952 dem.
602 2898 735 2949 Nihil
806 2896 945 2948 enim
976 2892 1165 2959 Ioseph
1205 2891 1254 2941 in
1301 2888 1641 2957 generatione
1684 2889 1798 2951 ejus
1827 2902 1963 2953 prae-

3678 217 3803 274 540

2182 386 2225 440 si
2258 387 2373 439 luce
2398 383 2467 436 ad
2510 376 2858 449 pontiﬁcem
2912 368 3209 419 nostrum
3247 358 3319 405 et
3365 341 3799 400 Salvatorem

2023 494 2126 534 non
2167 474 2494 534 referantur,
2526 463 2834 536 quomodo
2878 447 3236 510 secundum
3272 441 3594 493 litteram
3651 446 3803 498 pro-

2025 562 2424 630 babitur,quod
2456 561 2523 612 de
2548 555 2773 610 sanctis
2810 564 2934 602 non
2995 544 3191 597 exeat
3229 540 3539 598 magnus
3597 536 3807 630 sacer—

2027 662 2143 720 dos,
2179 656 2268 722 qtti
2296 654 2485 719 utique
2513 657 2569 700 et
2592 655 2841 698 uxorem
2868 628 3259 699 accipiebat,
3297 622 3494 676 sicut
3525 614 3804 670 inferius

2026 705 2243 804 dicitur,
2273 705 2551 803 virginem
2578 733 2649 783 de
2682 738 2907 796 genere
2946 717 3111 771 suo?
3149 713 3217 767 Si
3256 713 3349 765 de
3391 705 3659 762 sanctis
3686 715 3807 754 non

2027 832 2159 892 exit,
2191 792 2242 881 si,
2267 792 2539 892 nusquam
2582 792 2879 886 procedit,
2919 803 3253 879 quomodo
3328 806 3463 852 aut
3528 792 3615 847 ad
3657 806 3815 859 quos

2031 936 2160 975 usus
2191 918 2437 985 accipere
2460 912 2695 981 jubetur
2725 915 2984 957 uxorem
3007 898 3037 951 ἲ
3073 896 3308 962 Neque
3343 888 3538 944 enim
3583 894 3813 952 putan-

2031 1011 2160 1062 dum
2192 1013 2276 1058 est
2309 983 2468 1069 quod
2502 1010 2629 1049 eum
2657 1002 2847 1043 uxore
2884 986 3057 1038 intra
3104 985 3348 1033 sancta
3396 984 3684 1027 manere
3712 983 3817 1037 po-

2033 1058 2218 1147 tuerit.
2252 1058 2357 1143 Sed
2384 1088 2504 1140 haec
2531 1087 2734 1152 putent
2782 1074 2895 1139 illi,
2931 1070 3171 1139 quibus
3200 1066 3494 1134 placent
3535 1058 3821 1114 Iudaica

2035 1180 2249 1233 I‘abnlze.
2282 1175 2390 1229 Nos
2420 1183 2607 1225 autem
2665 1166 2967 1220 habemus
3031 1155 3479 1213 sacerdotem
3528 1161 3821 1214 magnum

2033 1267 2325 1321 secundum
2379 1261 2633 1315 ordinem
2667 1246 3137 1306 Melchisedech
3172 1242 3552 1299 Christum
3585 1237 3821 1298 Iesum,

2035 1370 2310 1424 nunquam
2366 1354 2432 1405 de
2482 1348 2702 1403 sanctis
2756 1348 3161 1400 exeuntem;
3214 1347 3519 1401 semper
3557 1330 3730 1383 enim
3766 1329 3822 1381 in

2037 1444 2246 1501 Sanctis
2275 1452 2380 1505 est,
2410 1448 2467 1495 et
2498 1448 2691 1491 manet
2718 1447 2966 1501 semper
2993 1435 3274 1482 sanctus
3318 1424 3394 1476 in
3430 1420 3659 1475 verbis
3676 1419 3826 1482 suis,

2038 1543 2257 1586 sanctus
2287 1518 2339 1582 iu
2376 1528 2595 1581 actibus
2625 1525 2773 1589 suis,
2808 1528 3081 1577 sanctus
3115 1515 3183 1569 in
3224 1511 3571 1567 omnibus
3612 1509 3827 1561 volun-

2041 1621 2242 1673 tatibus
2288 1619 2420 1681 suis,
2451 1627 2506 1670 et
2536 1614 2690 1668 solus
2726 1621 2818 1665 est
2872 1608 2988 1678 qui
3056 1618 3420 1672 nunquam
3466 1601 3831 1654 inveniatur

1971 1701 2012 1754 Β
2041 1723 2194 1764 extra
2225 1715 2438 1760 sancta.
2475 1703 2578 1769 Qui
2637 1702 2791 1755 enim
2825 1704 3081 1768 peccat,
3121 1694 3272 1748 exit
3307 1691 3405 1745 de
3447 1690 3737 1754 sanctis;
3773 1696 3835 1742 et

2043 1800 2473 1869 quotiescunque
2522 1794 2648 1861 quis
2703 1797 2948 1859 peccat,
3011 1786 3222 1840 toties
3288 1781 3596 1837 eﬂicitur
3659 1790 3829 1834 extra

2044 1885 2525 1943 sancta.Christus
2553 1892 2741 1935 autern
2783 1879 2890 1946 qui
2922 1889 3275 1944 nunquam
3315 1873 3651 1941 peccavit,
3686 1885 3838 1921 nun-

2045 1996 2205 2048 quam
2241 1980 2370 2033 exiit
2403 1980 2468 2030 de
2495 1975 2723 2029 sanctis.
2757 1972 2879 2024 Sed
2942 1979 3010 2021 et
3050 1980 3117 2021 tu
3158 1967 3278 2033 qui
3318 1965 3631 2034 sequeris
3664 1964 3833 2017 Chri-

2047 2080 2212 2131 stum,
2253 2077 2307 2120 et
2350 2068 2594 2120 imitator
2636 2063 2761 2131 ejus
2787 2074 2877 2123 cs,
2930 2059 2983 2112 si
3029 2070 3461 2125 permaneas
3526 2055 3592 2107 in
3646 2053 3832 2106 verbo

2052 2161 2165 2221 Dei,
2195 2163 2236 2212 si
2289 2161 2340 2211 in
2387 2159 2506 2225 lege
2557 2155 2675 2222 ejus
2716 2149 3056 2205 mediteris
3114 2148 3233 2201 die
3297 2162 3385 2201 ac
3428 2157 3651 2212 nocte,
3688 2148 3738 2202 si
3773 2148 3831 2202 iu

2051 2248 2321 2301 mandatis
2357 2247 2476 2313 ejus
2515 2245 2875 2307 exercearis,
2948 2258 3230 2313 semper
3302 2243 3374 2297 in
3450 2240 3696 2296 sanctis
3746 2253 3835 2304 es,

2053 2354 2152 2391 nec
2183 2352 2422 2404 unquam
2454 2335 2577 2387 inde
2610 2335 2894 2387 discedis.
2930 2333 3174 2402 Neque
3211 2335 3405 2388 enim
3444 2334 3513 2386 in
3544 2332 3680 2386 loco
3709 2345 3837 2387 san-

2053 2439 2135 2482 cta
2170 2426 2455 2496 qmerenda
2487 2432 2638 2487 sunt,
2680 2426 2781 2477 sed
2828 2425 2889 2478 in
2922 2426 3228 2489 actibus,
3275 2434 3351 2478 et
3391 2427 3559 2487 vita,
3601 2437 3673 2476 ac
3706 2436 3834 2474 mo-

2058 2521 2222 2572 ribus.
2258 2516 2387 2582 Qua:
2420 2515 2463 2567 si
2506 2513 2822 2566 secundum
2867 2514 3077 2567 Deum
3148 2514 3330 2579 sint,
3373 2523 3447 2567 et
3504 2512 3831 2568 secundum

2054 2618 2377 2678 praeceptum
2413 2605 2508 2658 Dei
2560 2605 2937 2672 habeantur,
3001 2606 3297 2661 etiamsi
3369 2606 3437 2661 in
3496 2607 3686 2661 domo
3731 2604 3834 2665 sis,

2057 2700 2266 2753 etiamsi
2313 2699 2364 2750 in
2416 2695 2569 2761 foro;
2614 2706 2674 2749 et
2727 2697 2866 2764 quid
2922 2697 3077 2751 dico
3136 2699 3215 2751 in
3287 2699 3473 2763 foro,
3507 2696 3751 2754 etiamsi
3781 2696 3834 2750 iu

2063 2790 2270 2841 theatro
2316 2786 2622 2839 inveniaris
2649 2787 2831 2839 verbo
2862 2785 2973 2838 Dei
3019 2787 3480 2853 deserviens,
3518 2795 3582 2842 in
3622 2790 3838 2842 sanctis

2064 2888 2113 2931 te
2159 2892 2280 2930 esse
2327 2893 2430 2928 non
2480 2877 2729 2932 dubites.
2777 2879 2894 2931 Aut
2940 2894 3077 2931 non
3132 2881 3268 2933 tibi
3327 2881 3599 2935 videtur
3630 2878 3841 2933 Paulus

428 3000 512 3043 ter
555 2986 920 3040 ministerium
957 2982 1202 3050 pra-stitit
1233 2988 1284 3031 et
1315 2978 1577 3031 allectum.
1610 2976 1760 3029 Unde
1789 2986 1843 3028 et
1870 2992 1962 3043 pro
1990 3009 2031 3063 ο
2064 2985 2182 3021 cum
2214 2969 2490 3035 ingressus
2515 2975 2604 3018 est
2644 2968 2978 3031 theatrum,
3030 2968 3140 3021 vel
3187 2986 3360 3023 cum
3409 2972 3734 3039 ingressus
3757 2979 3843 3023 est

429 3081 566 3132 lideli
595 3077 912 3137 ministerio,
933 3073 1100 3142 patris
1121 3072 1166 3124 ei
1198 3069 1516 3123 vocabulum
1544 3066 1817 3133 Scriptura
1843 3082 1964 3117 cou-

428 3187 521 3223 ces
556 3172 613 3222 it.
659 3170 748 3222 Sic
777 3167 915 3220 enim
950 3164 1116 3216 Maria
1154 3162 1263 3228 ipsa
1298 3159 1428 3211 dicit
1467 3157 1517 3209 iu
1566 3155 1850 3223 Evangelia
1875 3156 1958 3205 ἠε

436 3279 477 3337 θ’
507 3262 639 3312 Ecre
663 3274 763 3326 ego
796 3266 848 3309 et
867 3266 1011 3323 pater
1040 3263 1156 3305 tuus
1186 3251 1420 3302 dolentes
1438 3245 1804 3315 qttzcrebatuns
1836 3255 1904 3296 te.
1942 3262 1960 3293 ι

435 3335 525 3401 Sic
584 3364 708 3416 ergo
735 3347 878 3399 solus
908 3354 988 3397 est
1022 3343 1104 3394 hic
1135 3341 1384 3393 sacerdos
1412 3350 1649 3404 magtms,
1681 3335 1768 3400 qui
1795 3348 1966 3401 neque

437 3438 488 3488 iu
533 3446 680 3501 patre
730 3434 961 3501 pollutus
1003 3432 1094 3490 sit,
1128 3441 1296 3495 neque
1351 3427 1402 3477 iu
1461 3435 1647 3475 matre.
1683 3424 1968 3475 Videamus

436 3536 612 3576 autem
644 3523 687 3575 si
717 3523 894 3575 adhuc
926 3534 1201 3589 possumus
1234 3515 1430 3581 aliquid
1466 3513 1761 3573 sublimius,
1794 3522 1845 3562 et
1874 3525 1968 3576 pro

442 3620 699 3686 dignitate
745 3617 875 3669 lauti
923 3612 1188 3683 pontiﬁcis
1237 3609 1495 3661 invenire.
1545 3607 1698 3658 Pater
1727 3605 1966 3656 omnium

438 3709 809 3762 Verusdiritur
832 3707 987 3759 Deus.
1017 3703 1238 3755 Matrem
1276 3707 1475 3763 autem,
1508 3696 1789 3764 Aposmlus
1818 3693 1971 3747 Jeru-

438 3800 604 3852 salem
633 3798 762 3851 dicit
789 3811 903 3850 esse
934 3796 1206 3848 caelestem
1229 3793 1295 3842 ⁷⁸.
1327 3790 1523 3843 Omnes
1554 3803 1681 3855 ergo
1727 3788 1812 3853 qui
1849 3800 1973 3851 pec~

441 3888 1043 3952 cant,eoutaminantur
1088 3885 1139 3936 iu
1189 3894 1340 3949 patre
1386 3897 1414 3934 a
1455 3894 1558 3947 quo
1605 3877 1768 3930 creati
1827 3887 1969 3929 sunt.

444 3978 571 4031 Sive
615 3978 755 4030 enim
805 3977 1006 4042 egimus
1050 3973 1246 4041 aliquid
1296 3972 1538 4038 impittm,
1565 3965 1857 4018 sirelocmi
1889 3980 1972 4015 Stt-

447 4082 582 4127 tuus,
620 4067 734 4119 sive
755 4065 1104 4131 cogitavimus
1143 4070 1327 4113 contra
1365 4058 1548 4117 Deum,
1577 4069 1697 4107 cum
1729 4067 1829 4103 non
1864 4065 1976 4102 crc-

447 4155 677 4207 didiruus
718 4153 823 4204 Deo
874 4140 1220 4202 contaminati
1257 4159 1443 4199 smnus
1493 4143 1545 4193 iu
1596 4148 1768 4208 patre.
1801 4138 1977 4206 Atque

448 4246 649 4295 utinam
682 4255 804 4294 tunc
848 4242 1015 4293 solum
1057 4254 1150 4305 per
1186 4234 1602 4290 incredulitatem
1640 4229 1839 4281 factum
1885 4230 1974 4293 sit,

2063 3060 2424 3123 Areopagum,
2451 3061 2504 3106 et
2539 3055 2875 3122 praedicavit
2902 3056 3476 3113 Atheniensibus
3502 3059 3839 3127 Christum,

2064 3147 2115 3199 in
2151 3144 2355 3198 sanctis
2386 3142 2602 3197 fuisse?
2637 3144 2749 3197 Sed
2791 3153 2850 3197 et
2884 3161 3035 3198 cum
3103 3151 3671 3214 perambulaSset
3718 3163 3845 3202 aras

2064 3244 2117 3288 et
2143 3234 2283 3285 idola
2305 3232 2749 3296 Atheniensium,
2778 3235 2872 3286 ubi
2898 3235 3178 3292 invenit
3222 3242 3567 3310 scriptum
3602 3262 3626 3295 ι
3652 3244 3845 3313 Ignoto

2066 3324 2174 3376 Deo
2192 3323 2299 3386 ⁷⁷,»
2337 3330 2391 3374 et
2421 3335 2488 3373 ex
2541 3324 2647 3376 hoc
2702 3324 2885 3377 verbo
2920 3330 3244 3393 sumpsit
3278 3331 3539 3387 Christi
3577 3337 3845 3403 praedica-

2069 3410 2230 3511 tionis
2258 3410 2571 3471 exerdium,
2605 3412 2777 3465 etiam
2819 3414 2899 3467 ibi
2939 3431 3101 3472 aras
3152 3425 3536 3490 geminum
3596 3427 3844 3480 ιηεηηηε

2069 3501 2121 3551 in
2153 3501 2354 3553 sanctis
2396 3503 2613 3569 positus
2648 3513 2799 3570 erat,
2834 3507 2979 3575 quia
3027 3524 3304 3568 sancta
3348 3519 3708 3588 cogitabat.
3741 3520 3848 3572 Sed

2069 3600 2121 3692 et
2149 3592 2474 3692 quicunque
2506 3598 2757 3692 custodit
2811 3613 2876 3653 se
2933 3612 3093 3669 post
3169 3622 3549 3680 acceptam
3606 3615 3847 3682 gratiam

2074 3679 2162 3732 Dei
2214 3695 2278 3732 ne
2328 3681 2533 3734 incidat
2584 3683 2637 3736 iu
2694 3686 3142 3761 homicidium,
3216 3699 3292 3752 in
3358 3679 3769 3761 adulterium.
3799 3704 3851 3753 ill

2072 3771 2294 3831 furium,
2324 3769 2377 3822 in
2415 3769 3094 3847 falsum‘testimonium,
3120 3743 3216 3839 ’et
3266 3743 3854 3847 κληῖδι-ἔξ.ᾆῆὶέζέἒῶ

2073 3868 2347 3929 permanet
2376 3861 2613 3914 mundus
2643 3863 2715 3916 ab
2744 3866 2904 3918 omni
2945 3876 3397 3945 contagione

2072 3950 2237 4003 exivit
2267 3950 2372 4002 iste
2416 3950 2485 4003 de
2537 3953 2772 4016 sanctis,
2813 3966 2873 4009 ct
2906 3974 3033 4013 non
3073 3973 3606 4027 contaminavit
3642 3973 3859 4030 sancti-

2076 4039 2532 4132 licationem‘Dci
2579 4041 2663 4094 sui
2722 4042 2781 4095 itt
2851 4053 3278 4128 semetipso,
3348 4066 3514 4132 quia
3592 4078 3856 4121 sanctum

2076 4128 2248 4220 oleum
2297 4128 2623 4220 chrismatis
2659 4129 2757 4185 Dei
2812 4136 2900 4188 sui
2954 4154 3181 4209 super
3252 4128 3495 4220 ips—um
3557 4167 3679 4212 est.
3726 4156 3859 4210 mm!

2076 4217 2272 4277 olemn,
2295 4217 2363 4270 de
2389 4232 2496 4284 quo
2546 4219 2598 4271 in
2635 4220 2832 4276 Exodo
2886 4228 3147 4298 scriptu
3164 4254 3243 4292 ιη

449 4340 714 4384 cessatum
745 4330 814 4380 sit
842 4343 970 4381 vero
994 4336 1265 4394 postquam
1316 4318 1676 4374 credidimus!
1729 4316 1818 4369 Sic
1851 4332 1977 4382 ergo
2011 4307 2052 4361 D
2082 4315 2258 4376 potest
2290 4309 2592 4360 secundum
2627 4310 2877 4365 litteram
2930 4325 3232 4388 proprie
3279 4307 3527 4389 meum
3586 4307 3688 4392 hei
3718 4339 3828 4391 dici

450 4420 609 4469 etiam
637 4416 792 4482 252
825 4415 1250 4467 contaminamur
1292 4411 1342 4462 in
1391 4416 1582 4472 matre,
1612 4407 1656 4459 si
1699 4407 1979 4458 credentes

454 4508 583 4565 Deo,
615 4505 694 4555 vel
730 4505 1013 4554 licclcsiam
1051 4504 1310 4564 laedimus,
1343 4501 1422 4552 vel
1461 4499 1755 4550 libertatem
1794 4499 1981 4548 matris

454 4594 688 4647 t'mlestis
744 4592 953 4657 indigna
997 4592 1194 4657 peccati
1224 4589 1477 4641 servitute
1511 4587 1792 4638 fmdamus.
1827 4585 1982 4639 Solus

454 4697 582 4734 vero
615 4680 863 4750 Dominus
893 4689 1071 4729 uoster
1095 4676 1248 4728 Jesus
1277 4676 1540 4735 Christus,
1582 4675 1671 4738 qui
1705 4684 1978 4739 peccatum

458 4770 651 4828 nescit,
684 4782 853 4834 neque
880 4766 929 4816 in
959 4773 1127 4829 patre,
1158 4776 1330 4825 neque
1363 4761 1413 4810 itt
1445 4768 1615 4810 matre
1652 4762 1983 4812 contamina-

459 4866 545 4907 tus
575 4862 676 4914 est,
712 4861 764 4903 et
798 4851 862 4901 de
896 4848 1092 4901 sanctis
1140 4861 1241 4898 non
1273 4844 1459 4897 exivit.
1499 4843 1733 4895 Fuerant
1766 4847 1981 4911 quidem

459 4936 711 4990 nonnulla
739 4943 792 4987 et
821 4935 869 4985 in
902 4931 1265 5000 superioribus
1296 4930 1637 4996 proponenda
1679 4928 1894 4997 Judaeis,
1922 4938 1985 4986 ad

458 5044 575 5096 qua:
609 5025 927 5092 respondere
976 5038 1079 5074 non
1136 5028 1369 5087 possent,
1403 5018 1493 5070 sed
1518 5019 1733 5071 omissis
1761 5002 1886 5085 illis,
1919 5024 1985 5076 de.

462 5121 559 5173 hoc
584 5115 789 5169 interim
807 5126 1051 5166 sermone
1079 5111 1201 5176 quid
1235 5108 1384 5160 nobis
1408 5107 1605 5169 dicant,
1633 5107 1717 5160 vel
1750 5110 1870 5176 ipsi,
1907 5113 1988 5163 vel

458 5205 545 5266 qui
572 5201 858 5251 secundum
887 5199 1118 5263 ipsorum
1149 5209 1365 5246 sensum
1403 5192 1621 5259 intelligi
1674 5194 1840 5262 legem
1895 5212 1989 5247 vo-

604 5293 722 5376 Lev.
755 5305 863 5348 χχι.
902 5291 998 5376 “:0
1015 5289 1099 5376 ηπ
1121 5287 1224 5376 :lol)
1272 5301 1379 5376 xer
1408 5286 1458 5349 4,
1493 5286 1544 5336 5.
1620 5285 1666 5316 ⁷³
1693 5288 1943 5355 Sap.vtn,

2204 5294 2344 5354 Luc.
2378 5318 2455 5372 ιι,
2480 5285 2590 5376 ἥς,

465 5359 513 5390 τ’
534 5360 697 5411 Exod.
730 5374 880 5410 χχιχ.
956 5357 1152 5409 “Psal.
1183 5370 1321 5418 λων,
1349 5359 1401 5409 8.

471 5525 502 5561 θ
681 5427 917 5501 Μάνιιιιρ.
951 5448 1109 5500 Deest
1143 5448 1192 5500 in
1219 5446 1347 5500 libb.
1382 5445 1561 5509 editis,
1593 5445 1683 5497 sed
1718 5439 1992 5512 suppletur

2182 4399 2225 4450 ul
2254 4409 2371 4451 arte
2403 4401 2715 4468 tnyrepsica
2747 4403 3109 4465 confectum
3144 4430 3279 4474 est
3319 4439 3357 4476 ει
3398 4429 3865 4497 ρίειιιεηιπίυν

2182 4488 2190 4538 |
2237 4488 2279 4539 si
2316 4487 2398 4539 vis
2425 4489 2617 4542 videre
2663 4490 2851 4542 oleum
2887 4495 3014 4542 Dei,
3075 4509 3261 4542 an.“
3314 4529 3524 4542 ων.--
3572 4471 3860 4542 n_-_._-.:

2127 4488 2190 4588 ed
2237 4488 2279 4539 si
2316 4487 2398 4539 vis
2425 4489 2617 4542 videre
2663 4490 2851 4545 oleum
2887 4495 3021 4562 Dei,
3074 4471 3276 4564 audi.
3313 4471 3862 4589 ἇιιιέῐῖιηῖῐῶἱιζιέ

2088 4578 2231 4629 dicat
2271 4586 2502 4631 unctum
2553 4595 2677 4634 esse
2717 4582 2841 4637 oleo
2898 4585 3034 4648 Dei.
3099 4578 3356 4648 illuni—
3385 4609 3539 4648 cim-
3588 4578 3729 4648 ιιι-είς

2182 4611 2231 4627 ι...
2272 4611 2502 4679 aqua...
2553 4611 2677 4634 cant:
2717 4611 2841 4637 Utcu
2898 4611 3034 4653 uel,
3101 4611 3324 4656 Illum
3384 4611 3539 4665 sine
3588 4611 3772 4667 dubio
3803 4612 3871 4666 de

2182 4682 2195 4719 ι
2237 4666 2436 4759 dicit"
2473 4690 2487 4724 :
2524 4691 2544 4723 ι
2574 4673 2878 4744 Propterea
2906 4683 3090 4737 unxit
3133 4696 3221 4746 te
3289 4698 3509 4759 Dens.
3542 4704 3712 4759 Deus
3742 4715 3870 4759 tuus

2085 4756 2203 4808 oleo
2238 4756 2444 4814 laetitiae
2507 4779 2622 4832 pra:
2671 4765 3059 4835 participibus
3122 4744 3874 4851 ttiist‘iiicue‘gd'e;

2428 4812 2440 4814 -
2509 4812 2622 4832 τ-..
2674 4812 3059 4835 ιν---ην-ιιι-ι-η-οφ
3124 4812 3181 4833 ιι
3289 4825 3308 4839 .

2090 4858 2318 4942 magnus
2360 4854 2660 4921 sacerdos,
2684 4854 2775 4923 qui
2814 4857 2972 4912 solus
3003 4861 3159 4919 oleo
3188 4812 3759 4938 ιξρίἰιιιζέτῗιιὲιξςῧ
3788 4812 3875 4936 ei:

3772 4925 3788 4947 9

2090 4947 2141 5024 tu
2177 4946 2283 5024 quo
2324 4949 2562 5009 semper
2595 4956 2848 5001 sanetum
2883 4962 3255 5017 permansit
3302 4966 3525 5024 divini

2182 4973 2552 5080 sleul:":"'}l.cl
2595 4973 2848 5001 mutuum
2883 4973 3255 5017 pcrtttanSll
3302 4973 3525 5024 divini
3570 4973 3868 5028 chrisma-

2123 5111 2222 5213 ἐς..
2253 5110 2364 5169 Sed
2429 5128 2582 5192 quid
2638 5132 2852 5189 additur
2892 5143 3016 5201 post
3081 5135 3287 5197 luce?
3375 5168 3397 5202 ι
3433 5151 3563 5208 llic
3622 5172 3869 5212 uxorem

2087 5214 2361 5311 virginem
2413 5214 2496 5270 de
2543 5239 2751 5294 genere
2791 5241 2889 5279 suo
2922 5225 3187 5294 accipiet
3241 5250 3264 5286 :
3302 5240 3595 5297 viduam
3649 5256 3875 5311 autem,

2671 5327 2716 5359 η
2742 5321 2916 5379 Galat.
2943 5334 3017 5383 tv,
3047 5319 3155 5376 26.
3258 5328 3322 5361 ⁷⁷
3360 5334 3525 5390 Act.
3555 5353 3716 5409 xvu,
3766 5339 3869 5395 2³.

2127 5449 2431 5547 ,δίο
2474 5489 2634 5543 mss.
2668 5487 2824 5544 Libb.
2859 5492 2989 5536 vero
3030 5478 3199 5547 editi,

2105 5490 2431 5580 “ou-3’s“;
2474 5490 2634 5543 mss,
2668 5490 2824 5544 Lam).
2859 5492 2989 5536 vero
3030 5490 3199 5547 auiti,
3253 5503 3281 5537 ι
3328 5490 3402 5545 in
3450 5494 3581 5552 hac
3619 5513 3870 5568 genera
