3948 6220
265 320 371 380 5H

1435 310 1500 366 IN
1541 308 1914 367 LEVITICUM
1951 300 2227 360 HOMILIA
2264 296 2377 351 ΧΠ.

3393 268 3497 323 512

287 454 348 494 ει
370 439 575 502 eiectam,
604 431 653 476 et
678 409 1024 473 meretricem
1078 431 1219 475 non
1280 432 1552 499 accipiet,
1584 434 1679 487 sed
1709 431 1867 499 virgi'

1986 423 2115 476 .iat‘a
2151 421 2264 486 lege
2298 413 2418 475 viri,
2453 407 2650 475 uLjaiu
2684 419 2785 458 non
2821 404 2887 457 sit
2918 399 3156 455 adultera
3181 396 3225 451 si
3256 389 3497 459 nupserit

286 541 414 583 nem
454 523 511 576 de
550 524 726 583 genere
768 517 886 567 suo,
935 512 996 558 et
1051 523 1187 568 non
1227 525 1649 579 contaminahit
1692 535 1869 576 semen

279 631 449 674 suum
483 613 530 666 in
566 602 745 677 νοβιιὶο
781 610 880 651 δυο
917 612 933 651 ἒ
963 611 1083 668 ego
1130 606 1433 670 Dominus
1463 618 1553 685 qui
1599 615 1874 669 sanctiﬁco

277 720 430 767 eum
448 703 506 755 θ’.
533 718 550 751 ι
580 696 699 761 Quia
725 705 846 760 ergo
875 690 1062 745 ὶοιίὶιε
1097 707 1499 768 expositionis
1524 709 1655 760 ordo
1684 706 1748 757 ad
1778 718 1873 755 ve-

270 810 427 859 συιιι
458 791 756 847 Sacerdmem
785 798 1055 852 ιιιιιιςιιυηι
1098 804 1422 854 revocatus
1458 810 1541 853 est
1580 799 1871 858 Christum,

288 886 573 938 videamus
598 892 727 931 nunc
754 882 808 928 et
834 873 967 941 quid
1005 875 1082 930 de
1124 887 1355 951 nuptiis
1386 889 1500 955 ejus
1539 886 1755 951 intelligi
1787 886 1871 936 de.

317 976 461 1027 heat.
489 970 668 1026 Paulus
707 964 981 1034 apostolus
1036 967 1261 1025 dicit“
1297 992 1312 1028 :
1347 995 1366 1026 ι
1394 976 1526 1030 Volo
1567 985 1742 1028 autem
1784 987 1878 1026 vos

323 1078 499 1117 omnes
522 1061 606 1113 uni
631 1059 744 1112 viro
773 1056 1049 1125 virginem
1071 1072 1302 1117 castam
1334 1066 1590 1118 exhibere
1640 1062 1903 1117 Christo..

325 1153 506 1206 Timeo
550 1159 714 1202 autem
739 1162 806 1201 ne
828 1148 975 1202 sicut
1006 1164 1258 1220 serpens
1296 1154 1506 1207 seduxit
1530 1153 1693 1205 Evam
1733 1160 1877 1204 astu-

329 1242 399 1295 tia
432 1257 544 1306 sua,
576 1240 647 1292 ita
675 1250 1101 1304 corrumpantur
1135 1256 1336 1295 sensus
1363 1240 1525 1294 vestri
1569 1256 1596 1292 a
1627 1240 1878 1306 simplici-

312 1340 455 1393 tale,
484 1344 600 1396 quae
633 1330 684 1381 in
712 1328 926 1381 Christe
942 1329 1245 1383 estaVult
1273 1345 1400 1400 ergo
1444 1329 1641 1382 Paulus
1695 1342 1879 1381 omnes

323 1417 635 1471 Corinthios
657 1416 914 1483 virginem
934 1427 1156 1468 castam
1178 1418 1434 1471 exhibere
1450 1417 1664 1469 Christo
1697 1432 1711 1465 :
1742 1412 1877 1481 quod

319 1509 509 1573 otique
549 1521 820 1573 nunquam
862 1505 1060 1567 vellet,
1097 1507 1206 1560 nisi
1254 1508 1304 1560 id
1356 1505 1608 1573 possibile
1653 1505 1878 1561 videret.

322 1595 478 1648 Unde
500 1602 561 1647 et
591 1596 779 1647 mirum
816 1593 1057 1648 fortasse
1086 1596 1356 1656 videatur,
1387 1592 1649 1661 quomodo
1686 1591 1759 1652 hi,
1789 1591 1880 1657 qui

319 1686 559 1739 diversis
603 1684 839 1751 peccatis
888 1685 1138 1752 corrupti
1187 1685 1252 1736 ad
1288 1684 1445 1736 iidem
1489 1681 1686 1736 Christi
1728 1694 1882 1733 vene-

320 1783 470 1833 runt,
504 1789 696 1826 omnes
714 1773 877 1826 simul
908 1774 1064 1841 virgo
1099 1781 1246 1826 casta
1275 1774 1555 1835 dicantur;
1586 1785 1704 1837 quae
1727 1771 1878 1837 virgo

319 1873 427 1914 tam
466 1871 684 1925 sancta,
715 1870 825 1913 tam
855 1870 1010 1914 casta
1039 1863 1209 1926 sit,ut
1241 1868 1510 1913 mereatur
1534 1860 1694 1911 etiam
1723 1859 1881 1912 Chri—

317 1953 390 2005 sti
435 1952 647 2019 nuptiis
679 1952 946 2017 copulari.
982 1951 1188 2004 Verum
1233 1949 1482 2018 quoniam
1522 1950 1637 2002 haec
1668 1948 1731 1999 ad
1762 1963 1880 2000 car-

320 2042 405 2095 nis
435 2042 815 2107 integritatem
859 2041 1071 2093 referre
1104 2055 1209 2093 non
1238 2054 1539 2107 possumus,
1572 2048 1775 2090 certum
1800 2046 1881 2089 est

316 2134 467 2202 quod
496 2132 566 2183 ad
596 2132 970 2199 integritatem
1003 2131 1197 2182 animae
1217 2136 1478 2196 spectent,
1514 2126 1663 2193 cujus
1694 2140 1880 2179 secun-

317 2227 447 2275 dum
493 2224 667 2288 ipsius
704 2220 860 2273 Pauli
896 2220 1247 2282 sententiam,
1276 2217 1592 2284 simplicitas
1617 2216 1732 2267 ﬁdei
1765 2228 1889 2281 qua}

316 2310 374 2363 in
406 2311 629 2364 Christo
654 2319 761 2373 cst,
796 2309 1086 2376 virginitas
1125 2309 1243 2376 ejus
1286 2306 1543 2373 appellata
1577 2316 1677 2364 est,
1703 2312 1756 2356 et
1789 2317 1882 2370 per

318 2402 426 2454 hoc
462 2401 722 2469 quoniam
780 2399 1150 2460 cessnntibus,
1200 2398 1281 2450 vel
1321 2395 1750 2463 philosOphorum
1795 2407 1882 2444 so-

319 2492 712 2558 phismatibus,
760 2493 847 2542 vel
891 2488 1363 2554 superstitionibus
1410 2485 1644 2538 Judaicis
1680 2484 1730 2535 in
1783 2482 1881 2533 ﬁde

320 2579 554 2646 simplici
587 2579 851 2632 Christus
905 2578 1008 2630 sibi
1053 2575 1340 2642 assumpsit
1373 2574 1688 2631 Ecclesiam,
1723 2568 1882 2636 virgi-

318 2683 448 2721 nem
478 2669 544 2721 de
569 2681 776 2734 genere
811 2681 914 2720 suo
944 2665 1150 2731 accepit
1182 2678 1422 2717 uxorem.
1456 2659 1625 2728 Hujus
1654 2671 1882 2723 namque

316 2758 481 2811 {Hem
514 2773 622 2809 non
651 2754 962 2820 corrumpit
987 2752 1384 2821 philosophicas
1419 2765 1625 2812 sensus,
1651 2762 1749 2800 nec
1776 2746 1880 2800 cir-

323 2846 679 2898 eumcisionis
711 2843 972 2905 ambitio,
1001 2840 1093 2893 sed
1126 2843 1179 2893 in
1210 2839 1550 2907 simplicitate
1594 2837 1885 2891 confessio-

320 2934 406 2984 nis
440 2942 699 2998 tanquam
736 2932 790 2981 in
826 2928 1076 2996 virginali
1105 2927 1420 2994 integritate
1457 2924 1766 2992 permansit.
1797 2925 1884 2976 Sic

1971 476 2387 567 Cill’iSlOinlOd
2417 500 2459 550 si
2491 495 2721 556 eveniat,
2748 501 2801 542 ut
2833 491 2912 542 lex
2945 486 3153 555 quidem
3178 483 3376 540 anima:
3395 476 3493 544 ipsi

1973 597 2253 655 moriatur,
2292 590 2342 641 id
2372 594 2452 640 est
2491 593 2547 634 ut
2583 582 2756 633 anima
2784 577 3024 629 discedat
3061 589 3088 624 a
3118 572 3252 639 lege,
3280 583 3376 621 nec
3410 575 3495 617 ta-

1972 700 2090 740 men
2128 681 2462 745 constringat
2493 687 2550 725 sc
2588 667 2833 723 castioris
2877 661 3123 716 connubii
3172 657 3495 724 disciplinis,

1972 786 2025 830 et
2045 791 2073 828 a
2106 774 2218 839 lege
2248 768 2551 828 discedens,
2589 755 2877 823 evangelici
2903 750 3164 819 dogmatis
3196 764 3297 799 non
3328 745 3495 798 susei-

1972 834 2285 932 piatjugnm
2315 874 2328 910 :
2364 856 2474 908 [nec
2509 851 2707 903 nubere
2742 844 2953 898 Christo
2985 854 3088 891 non
3133 834 3348 903 poterit,
3382 846 3497 898 quae

1975 920 2235 1005 iibertaiis
2264 943 2530 997 lasciviam
2561 933 2850 1004 quzesierit,
2881 943 2982 982 non
3009 925 3125 978 ﬁdei
3148 920 3421 989 virginalis
3446 927 3499 970 et

1975 1034 2228 1105 simplicis
2258 1033 2477 1085 cultum.
2519 1026 2614 1078 llic
2649 1036 2781 1090 ergo
2811 1016 3063 1072 sacerdos
3102 1024 3324 1076 magnus
3364 1022 3499 1059 uxo-

1975 1140 2086 1179 rem
2132 1106 2386 1190 virginem
2421 1115 2646 1182 accipiet
2686 1113 2749 1163 de
2798 1119 2995 1176 genere
3043 1116 3157 1154 suo.
3202 1097 3381 1150 Potest
3439 1104 3494 1146 et

1976 1221 2191 1281 propter
2215 1181 2338 1263 'hoc
2382 1181 2580 1259 dictum
2635 1198 2799 1253 videri
2829 1197 2893 1248 de
2944 1205 3140 1262 genere
3190 1202 3309 1247 suo,
3338 1181 3502 1281 .quod

1974 1270 2151 1354 anima
2180 1294 2372 1351 Christi
2409 1308 2471 1345 cx
2497 1303 2691 1358 genere
2721 1298 2768 1339 et
2794 1300 2855 1338 ex
2888 1279 3185 1334 substantia
3217 1271 3377 1325 fuerit
3404 1270 3502 1322 hu-

1977 1401 2248 1442 manarum
2284 1382 2522 1435 omnium
2552 1378 2869 1429 animarum.
2912 1370 3093 1422 Potest
3118 1374 3172 1417 et
3208 1359 3499 1415 secundum

1976 1479 2098 1539 hoc,
2131 1475 2270 1543 quod
2295 1473 2487 1524 fratres
2527 1474 2682 1519 vocat
2712 1464 2991 1515 credentes
3017 1458 3069 1508 in
3102 1468 3191 1516 se,
3226 1453 3288 1504 de
3313 1463 3504 1517 genere

1978 1582 2075 1620 suo
2102 1565 2205 1617 dici
2241 1561 2414 1613 anima
2452 1570 2568 1625 qua:
2594 1555 2644 1606 in
2690 1552 2791 1604 ﬁde
2823 1559 3071 1613 tanquam
3106 1541 3307 1607 nuptiis
3334 1536 3505 1591 socia-

1983 1667 2087 1708 tur.
2121 1651 2248 1705 Illud
2288 1659 2462 1701 tamen
2505 1643 2623 1696 nolo
2656 1655 2749 1692 vos
2779 1640 2957 1697 lateat,
2987 1632 3126 1700 quod
3172 1628 3373 1681 lielmei
3407 1638 3503 1676 ne-

1914 1731 1953 1784 Β
1983 1752 2107 1811 gant
2134 1755 2190 1794 se
2238 1737 2493 1802 scriptum
2551 1731 2768 1787 habere,
2796 1724 2934 1793 quod
2970 1735 3066 1773 nos
3124 1717 3258 1786 apud
3293 1720 3503 1780 septua-

1983 1803 2131 1901 ginta
2158 1829 2480 1891 lnterpretcs
2504 1819 2825 1878 invenimus,
2847 1816 2909 1867 de
2936 1824 3128 1879 genere
3147 1821 3258 1861 suo.
3281 1803 3343 1857 Et
3365 1809 3507 1853 recte

1984 1889 2056 1975 illi
2092 1934 2195 1971 non
2236 1889 2433 1969 habent
2471 1910 2751 1973 scriptum.
2787 1905 2974 1956 Ablata
3024 1909 3105 1951 est
3134 1895 3278 1949 enim
3308 1893 3373 1944 ab
3403 1889 3507 1942 illis

1982 2001 2345 2070 prepiuquitas
2396 1990 2509 2055 Dei',
2554 1991 2727 2043 ablata
2788 1998 2870 2040 est
2912 1985 3126 2051 adoptio
3161 1981 3410 2039 liliormn,
3455 1983 3509 2027 et

1986 2068 2238 2141 translata
2289 2092 2371 2138 est
2416 2083 2479 2133 ad
2512 2076 2802 2131 Ecrlesiam
2842 2073 3061 2125 Christi.
3119 2068 3196 2120 Illi
3240 2078 3367 2133 ergo
3403 2076 3508 2114 non

1984 2178 2182 2230 habent
2207 2173 2457 2239 scriptum
2481 2167 2602 2235 quia
2630 2166 2694 2217 de
2745 2174 2939 2231 genere
2977 2157 3175 2212 Christi
3211 2155 3336 2214 sint,
3373 2152 3511 2204 sicut

1986 2281 2083 2317 nec
2113 2277 2230 2315 esse
2277 2264 2605 2312 meruerunt.
2653 2251 2757 2303 Nos
2785 2259 2957 2301 autem
2994 2247 3082 2312 qni
3125 2245 3225 2296 hoc
3253 2240 3507 2305 scriptum

1985 2353 2239 2405 habemus
2275 2358 2328 2401 et
2358 2347 2604 2413 legimus,
2630 2341 2955 2409 gaudeamus
2992 2335 3202 2401 quidem
3233 2330 3296 2380 de
3326 2330 3511 2394 digna-

1987 2443 2129 2493 tione
2173 2438 2286 2497 Dei,
2337 2439 2425 2489 sed
2477 2444 2631 2486 caute
2673 2440 2724 2482 et
2761 2426 2989 2480 sollicite
3014 2435 3290 2480 curemus,
3320 2432 3382 2468 ne
3416 2431 3512 2469 nos

1985 2530 2093 2580 vita
2128 2536 2308 2579 nostra
2344 2533 2397 2575 et
2419 2532 2569 2574 actus
2593 2533 2654 2570 ac
2686 2530 2860 2569 mores
2890 2505 3389 2574 faciantaliquando
3417 2504 3512 2554 de»

1984 2631 2222 2685 generes,
2255 2630 2319 2667 ne
2354 2614 2523 2665 ethoc
2552 2612 2720 2677 ipsum
2748 2604 2900 2658 nobis
2938 2602 3001 2653 ad
3027 2596 3514 2653 condemnationem

1986 2678 2242 2759 ducatur,
2285 2696 2422 2763 quod
2463 2709 2584 2746 cum
2626 2705 2792 2760 genus
2828 2690 2996 2741 simus
3020 2682 3216 2738 Christi
3250 2678 3513 2743 indignis,

1986 2791 2038 2834 et
2071 2781 2243 2842 laedis,
2277 2796 2339 2831 ac
2373 2777 2652 2831 diabolicis
2682 2776 2888 2826 actibus
2922 2770 3238 2824 serviamus.
3270 2764 3366 2830 Qui
3411 2763 3516 2815 lia-

1993 2868 2080 2920 bet
2112 2881 2235 2933 ergo
2295 2878 2563 2931 sponsam,
2616 2873 2846 2927 Sponsus
2899 2864 3005 2909 est.
3048 2850 3211 2904 Audis
3253 2846 3517 2916 quomodo

1988 2967 2216 3020 Sponsus
2245 2954 2439 3006 dicitur
2467 2950 2711 3003 Christus
2731 2986 2745 3009 ,
2783 2960 2975 3013 sponsa
3003 2956 3127 2995 vero
3163 2939 3341 2991 anima
3382 2934 3517 2987 dici-

318 3036 464 3074 "nn
489 3032 542 3073 et
570 3020 780 3072 dudum
805 3023 1139 3108 P'9mlsef‘l‘
1164 3014 1588 3108 peimel'elam
1609 3015 1790 3108 d'censf
1806 3014 1881 3065 8’:
1913 3041 1952 3094 C
1989 3014 2090 3103 tur,
2121 3057 2236 3108 qua:
2264 3042 2381 3093 ﬁdei
2415 3038 2753 3105 simplicitate
2773 3046 2826 3086 ct
2853 3042 3064 3085 actuum
3098 3030 3325 3098 puritate
3352 3026 3520 3077 incor-

323 3129 344 3161 ι
367 3110 718 3178 Desponsabo
742 3119 796 3161 te
824 3106 954 3157 mihi
978 3106 1027 3156 in
1050 3103 1171 3156 ﬁde.
1193 3122 1211 3152 ι
1238 3100 1424 3154 Omnis
1446 3115 1572 3167 ergo
1593 3103 1878 3153 secundum

320 3201 676 3264 Apostolum,
705 3196 801 3265 qui
834 3195 888 3247 in
927 3194 1145 3246 Christo
1178 3200 1277 3253 est,
1306 3206 1441 3243 nova
1494 3201 1734 3243 creatura
1782 3198 1881 3242 est.

319 3287 388 3339 Et
411 3289 555 3339 sicut
595 3286 739 3338 idem
775 3283 1071 3349 Apostolus
1097 3280 1281 3333 dicit”
1309 3296 1324 3331 :
1358 3298 1376 3329 ι
1398 3278 1467 3332 Ut
1502 3279 1748 3331 exhibeat
1774 3280 1884 3344 ipsc

319 3377 424 3430 sibi
453 3377 755 3441 gloriosam
791 3372 1090 3425 Ecclesiam
1135 3386 1242 3422 non
1277 3370 1561 3421 habentem
1602 3369 1882 3431 maculam,

321 3476 413 3517 aut
452 3480 671 3532 rugam,
699 3476 797 3515 aut
829 3460 1035 3527 aliquid
1070 3458 1356 3526 ejusmodi,
1384 3458 1472 3509 sed
1513 3467 1570 3508 ut
1612 3458 1677 3509 sit
1704 3466 1885 3509 sancta

319 3566 374 3609 et
421 3554 807 3607 immaculata.
838 3570 856 3600 ι
901 3549 1183 3614 Quomodo
1216 3561 1341 3613 ergo
1375 3561 1490 3598 eam
1535 3560 1652 3611 quae
1693 3559 1887 3612 rugosa

318 3657 421 3708 est,
460 3645 599 3696 facit
644 3656 773 3694 esse
825 3640 944 3692 sine
990 3653 1141 3704 ruga,
1171 3636 1273 3687 nisi
1318 3635 1439 3701 quia
1474 3643 1699 3686 renovat
1733 3634 1888 3685 eam?

320 3734 627 3786 secundum
677 3731 826 3797 quod
872 3728 1133 3793 scriptum
1159 3723 1304 3777 e51“
1334 3740 1348 3775 :
1376 3738 1495 3775 nam
1550 3741 1569 3772 ι
1600 3724 1707 3776 etsi”
1730 3723 1773 3774 is
1798 3724 1885 3789 qni

310 3817 527 3874 ﬂabris
550 3832 634 3873 est
674 3820 841 3871 homo
871 3828 1053 3869 noster
1081 3818 1459 3880 corrumpitur,
1493 3816 1584 3866 sed
1627 3815 1715 3881 qui
1750 3812 1888 3864 intus

317 3919 425 3973 est,
470 3916 778 3961 renovatur
835 3906 901 3957 de
953 3904 1039 3957 dic
1095 3904 1148 3955 in
1202 3903 1364 3955 diem.
1397 3920 1415 3951 ι
1460 3902 1678 3953 Viduam
1737 3916 1888 3961 sane,

321 4009 373 4051 et
414 3997 801 4058 meretricem,
846 4001 902 4046 et
944 3994 1174 4061 ejectam
1221 4006 1325 4043 non
1377 3993 1601 4071 accipiet
1627 3991 1887 4053 Christus,

321 4120 416 4160 nec
445 4108 621 4159 intrat
654 4106 785 4157 talis
825 4104 1004 4157 anima
1036 4102 1333 4155 thalamum
1381 4105 1580 4170 sponsi.
1612 4105 1711 4168 Qui
1751 4104 1888 4156 enim

319 4196 604 4264 ingressus
637 4194 808 4246 fuerit
845 4193 972 4246 illuc
1023 4209 1130 4245 non
1191 4195 1395 4246 habens
1447 4194 1751 4248 indumenta
1795 4211 1893 4247 nu-

316 4283 832 4349 ptialia,pcrferet
892 4281 1023 4332 illud
1091 4283 1236 4348 quod
1317 4282 1569 4348 scriptum
1643 4296 1759 4335 esse
1794 4298 1889 4335 no-

1992 3139 2138 3194 rttpta
2164 3130 2417 3194 probatur
2445 3136 2499 3177 et
2533 3126 2704 3191 virgc.
2738 3120 2874 3172 Dicit
2897 3116 3038 3170 enim
3068 3116 3318 3170 Dominus
3347 3121 3400 3164 et
3423 3124 3518 3177 per

1989 3216 2270 3270 .Iercmiain
2328 3214 2638 3281 prophetam
2666 3211 2711 3241 ⁸⁵
2763 3208 2999 3260 :Nonne
3050 3207 3189 3258 sicut
3240 3203 3515 3255 Dominum

1991 3321 2072 3356 me
2102 3303 2229 3372 (98),
2262 3311 2316 3356 et
2353 3312 2556 3370 patrem
2583 3298 2808 3358 vocasti,
2837 3306 2889 3349 ct
2928 3296 3219 3361 principem
3246 3289 3519 3357 virginita-

1991 3396 2057 3447 tis
2091 3393 2226 3446 luat?
2259 3410 2277 3443 δ

2061 3483 2114 3536 6.
2150 3501 2169 3532 ι
2209 3482 2428 3533 Viduam
2462 3488 2659 3541 autem,
2690 3485 2743 3531 et
2767 3476 3010 3544 ejectam,
3036 3482 3089 3526 et
3112 3469 3520 3525 contaminatam

1993 3587 2095 3625 non
2139 3572 2361 3637 accipiet
2388 3568 2456 3622 ⁸⁸.
2498 3588 2516 3618 ι
2555 3566 2611 3619 Si
2646 3568 2764 3633 quis
2793 3577 3033 3617 nostrum
3075 3557 3396 3626 peccaverit,
3423 3557 3521 3608 ab-

1986 3664 2155 3729 jectus
2193 3670 2298 3723 est,
2321 3659 2531 3712 etiamsi
2565 3674 2668 3709 non
2697 3657 2975 3722 abjiciatur
3007 3657 3073 3705 ab
3101 3652 3350 3717 episcopo
3369 3686 3381 3710 ,
3412 3648 3525 3699 sive

1992 3754 2129 3821 quod
2159 3752 2338 3811 lateat,
2378 3750 2658 3814 sivc'quod
2688 3745 2949 3799 interdum
2978 3746 3042 3793 ad
3069 3738 3289 3808 gratiam
3314 3735 3523 3802 judice-

1996 3852 2100 3900 tur,
2124 3839 2324 3904 eiectus
2348 3847 2430 3889 est
2465 3846 2635 3889 tamen
2670 3836 2779 3901 ipsa
2803 3830 3130 3886 conscientia
3169 3826 3390 3896 peccati.
3417 3822 3527 3877 Nec

1994 3930 2208 3997 prodest
2258 3926 2488 3978 hominis
2521 3925 2723 3992 gratia,
2773 3938 2894 3975 cum
2930 3920 3176 3973 Christus
3224 3912 3523 3980 hujusmodi

1995 4020 2226 4071 animam
2285 4024 2533 4082 tanquam
2567 4012 2826 4079 abjectam
2869 4025 2971 4062 non
3009 4007 3232 4074 recipiat
3265 4005 3313 4054 in
3342 4000 3526 4069 conju-

1996 4110 2158 4176 gium.
2191 4105 2351 4174 Igitur
2377 4119 2545 4169 neque
2562 4104 2791 4164 viduam,
2825 4100 2962 4153 sicut
2983 4112 3138 4164 supra
3166 4094 3415 4152 diximus,
3441 4104 3529 4141 ac-

1994 4197 2173 4263 cipiet,
2196 4208 2367 4261 neque
2387 4192 2608 4259 eiectam
2640 4204 2807 4256 neque
2840 4189 3113 4256 pollutam.
3145 4182 3348 4236 Polluta
3388 4176 3528 4231 uici-

1999 4296 2105 4349 tur,
2128 4300 2244 4353 qua!
2263 4282 2470 4336 etiamsi
2496 4295 2597 4332 non
2623 4295 2685 4331 ex
2701 4280 2907 4344 integro
2931 4272 3211 4340 complevit
3232 4276 3527 4336 peccatum,

312 4374 407 4427 stis
460 4373 522 4425 in
588 4368 921 4436 Evangelia.
975 4367 1253 4433 Virginem
1320 4384 1447 4434 ergo
1515 4368 1757 4435 accipiet,
1814 4370 1885 4420 vi-

2001 4351 2176 4422 tamen
2216 4370 2315 4421 hoc
2349 4369 2462 4433 ipso
2508 4367 2647 4433 quod
2681 4363 2948 4431 cogitavit,
2990 4360 3130 4429 quod
3178 4356 3361 4419 voluit,
3387 4353 3527 4423 quod

314 4462 481 4514 (luam
546 4474 659 4511 non
725 4458 1003 4523 accipiet,
1057 4471 1237 4521 neque
1291 4458 1624 4508 meretricem
1659 4495 1673 4519 ,
1727 4471 1897 4523 neque

306 4546 475 4616 253
508 4544 772 4609 eiectam,
805 4551 902 4594 aut
926 4544 1377 4595 contaminatam.
1414 4542 1744 4595 Meretricem
1785 4544 1900 4607 qni-

303 4637 453 4695 dem,
512 4642 570 4685 et
627 4632 903 4697 abjectam
947 4631 1228 4689 animam,
1279 4639 1333 4681 et
1375 4631 1621 4695 pollutam
1668 4646 1763 4681 cur
1795 4648 1895 4683 non

298 4726 584 4790 sixscipiat
621 4722 889 4774 Christus
947 4720 1004 4771 in
1060 4717 1392 4784 coniugium,
1436 4734 1537 4771 non
1578 4728 1658 4771 est
1703 4720 1899 4773 laboris

293 4825 628 4882 exponere;
664 4811 835 4863 vidua
876 4822 1018 4861 vero
1049 4822 1150 4859 cur
1184 4824 1288 4859 non
1324 4809 1373 4859 in
1406 4822 1618 4860 uxorem
1674 4811 1900 4877 recipia-

288 4909 403 4965 tur,
438 4903 774 4969 diligentius
799 4897 1148 4950 intuendum
1184 4904 1285 4948 est.
1324 4895 1510 4947 Paulus
1535 4898 1804 4963 apostolus
1837 4901 1900 4950 ad

282 4988 580 5044 Romanos
616 4990 924 5046 scribens,
954 4987 1145 5035 virum
1182 4985 1372 5035 animae
1399 4984 1557 5049 legem
1581 4985 1737 5048 dicit,
1763 5001 1907 5038 ean:-

276 5094 394 5150 que
430 5095 560 5132 cum
591 5086 869 5130 mortuus
914 5070 1106 5122 fuerit
1144 5070 1247 5131 vir,
1285 5070 1496 5122 solutam
1525 5085 1638 5124 esse
1666 5088 1909 5139 pronun-

339 5215 593 5271 “Levit.
615 5225 743 5272 xxi,
779 5205 883 5257 14.

257 5283 309 5322 ⁵⁸
336 5289 524 5345 Levit.
564 5295 700 5338 xxi.
741 5275 842 5327 Η.

323 5380 442 5447 (98)
494 5372 723 5447 Νρηίιέε
771 5354 1592 5447 ιίξῖεέ-ηεξῗ¹ίῖέέἷζ¹.ν.είθκλιξηδ
1634 5360 1902 5447 “’5'”-

244 5416 524 5517 tcr‘Jr‘eics
551 5437 814 5510 lcgiéu"
841 5425 966 5503 0.51
1022 5416 1303 5517 ὼῖ.ξ³ῖ,κ¹⁵ν
1334 5439 1391 5513 PE
1423 5416 1682 5487 ἐκάλεσας·
1744 5422 1909 5484 Umlc

625 5505 636 5513 ο
724 5515 747 5517 ,_
787 5508 880 5517 --μ’
897 5506 946 5517 ..ι
986 5501 1095 5517 σὶηέ
1140 5501 1150 5517 Ι
1229 5503 1361 5517 Ληηιι.
1384 5506 1457 5517 ιι...
1477 5505 1581 5517 Αηηιι
1603 5497 1699 5517 1.-.-
1734 5496 1779 5517 Ι-.
1798 5513 1819 5517 ._
1847 5515 1853 5517 _

240 5487 752 5573 ﬁgis-suspicio
782 5487 961 5573 oriri
984 5487 1180 5552 possit
1212 5487 1582 5573 legeti'dnnli‘csse
1602 5497 1701 5546 hoc
1730 5496 1860 5549 loco
1891 5516 1904 5550 :

789 5562 1098 5613 (toruum,
1154 5569 1172 5600 ι
1219 5564 1310 5606 etc.
1345 5556 1392 5607 lit
1443 5558 1644 5613 Hebraeo
1681 5563 1895 5630 legitur

940 5269 993 5299 ⁸⁷
1036 5268 1056 5317 l
1087 5270 1221 5317 Cor.
1245 5268 1397 5328 Vi,i7.

976 5198 1261 5271 §'_II7Cor.
1299 5216 1375 5271 xi,
1394 5201 1442 5251 Ξ.
1512 5202 1553 5232 ³³²
1581 5202 1703 5256 Ose.
1742 5220 1808 5271 lt,
1835 5206 1926 5261 20.

1997 4457 2216 4526 Optavit,
2248 4456 2456 4507 etiamsi
2487 4469 2587 4505 non
2618 4453 2851 4512 admisit,
2878 4450 3073 4519 polluta
3091 4456 3194 4511 est,
3224 4453 3530 4509 etamagno

1997 4546 2245 4615 pontiﬁce
2298 4560 2401 4596 non
2451 4542 2688 4609 eligitur.
2730 4540 2891 4592 Valde
2936 4537 3076 4590 enim
3114 4547 3338 4602 puram,
3378 4527 3532 4581 valde

1999 4637 2248 4688 mundam
2280 4644 2331 4688 et
2361 4635 2625 4687 sinceram
2664 4629 2888 4697 requirit
2931 4627 3183 4690 animam,
3236 4636 3395 4691 quam
3430 4618 3532 4670 sibi

2000 4725 2178 4791 jungat
2211 4740 2223 4774 :
2257 4726 2378 4790 quia
2410 4742 2427 4773 ι
2465 4725 2553 4791 qui
2587 4738 2642 4775 se
2665 4718 2901 4786 iunxerit
2928 4716 3173 4775 Domino,
3210 4725 3348 4764 unus
3378 4706 3534 4775 Spiri-

1950 4883 1957 4889 ο
2007 4823 2093 4864 tus
2120 4812 2286 4865 est".
2314 4831 2332 4862 ι
2368 4811 2516 4865 Unde
2550 4811 2712 4863 etiam
2768 4808 2866 4858 hoc
2901 4802 3218 4863 ostenditur,
3266 4795 3403 4864 Quod
3429 4792 3536 4844 sint

2008 4900 2313 4953 dill'erentia:
2357 4911 2688 4969 peccatorum
2743 4906 2796 4950 et
2855 4896 2943 4963 qui
3000 4888 3297 4961 peccaverit
3350 4896 3539 4951 pecca-

2011 5000 2118 5041 tum
2145 4992 2208 5043 ad
2236 5001 2453 5044 mortem
2486 4991 2720 5057 ahjectus
2748 4990 2814 5040 sit
2845 5003 2858 5037 :
2887 4986 2973 5051 qui
3009 4992 3187 5034 autem
3215 4991 3317 5030 non
3348 4976 3537 5039 peccat

2012 5076 2075 5128 ad
2104 5087 2349 5142 mortem,
2379 5077 2469 5130 sed
2497 5077 2718 5129 inferius
2737 5074 2957 5141 aliquid,
2986 5069 3210 5138 pollutus
3228 5060 3534 5122 sit.Spunsu

1998 5209 2041 5238 ⁸³
2064 5210 2254 5276 Ephes.
2276 5225 2324 5272 v,
2367 5209 2454 5262 27.
2526 5209 2570 5238 ⁸⁵
2601 5208 2639 5260 ιι
2669 5207 2789 5260 Cor.
2826 5220 2900 5268 iv,
2926 5201 3009 5255 16.
3081 5199 3126 5229 ⁸³
3152 5195 3343 5248 Jerem.
3368 5196 3449 5243 tu,
3478 5180 3538 5232 4.

2014 5364 2170 5419 hodie
2214 5372 2380 5424 ΓΠ·ὶῖϊῦ
2406 5344 2533 5417 m‘m
2564 5378 2581 5408 ι
2624 5370 2798 5410 nonne
2826 5351 3034 5404 amodo.
3072 5366 3090 5398 ι
3120 5333 3544 5424 Υριῆςξιιξῖιςηῗξξ·

2015 5409 2532 5495 alariarum-ess
2556 5444 2588 5495 ..ε
2623 5409 2806 5495 mode
2836 5439 2853 5468 ι
2898 5409 3543 5495 sevu'3'ﬁi'llt{9:352:22

2336 5469 2688 5565 οἶκος,
2712 5469 2973 5565 iwdomus;
3008 5500 3025 5532 ι
3068 5469 3204 5533 unde
3232 5469 3541 5526 suillam!“

2006 5557 2203 5621 incuria
2234 5565 2489 5631 prodierit
2524 5579 2540 5608 ι
2581 5557 2846 5611 Dominus.
2887 5570 2904 5599 ι
