3948 6266
381 311 484 368 543

381 518 538 567 esse,
603 505 694 557 sed
757 506 906 573 virgo
961 505 1411 568 incontaminata,
1469 505 1809 573 incorrupta,
1857 515 1911 559 et

383 587 601 646 munda.
639 592 900 647 Memento
941 595 1079 646 enim
1120 592 1382 648 sermonis
1409 595 1719 660 apostolici,
1754 609 1911 661 quem

381 685 535 752 paulo
557 695 681 740 aute
712 688 1101 755 proposuimus,
1137 688 1359 741 dicentis
1379 687 1425 718 ⁸⁸
1457 704 1471 738 :
1504 706 1522 738 ‹
1563 687 1630 741 Ut
1659 688 1913 740 exhibeat

381 773 495 839 Ipse
513 773 608 827 sibi
644 774 928 840 gloriosam
960 775 1276 838 Ecclesiam,
1303 790 1404 828 non
1433 777 1714 841 habentem
1737 790 1913 828 macu-

382 863 488 916 lam
517 877 688 929 neque
718 878 918 931 rugam,
951 874 1041 916 aut
1082 864 1279 932 aliquid
1311 863 1588 932 ejusmodi,
1622 864 1714 918 sed
1759 873 1815 916 ut
1841 865 1913 917 sit

381 962 567 1005 sancta
598 961 650 1005 et
673 952 1032 1006 inmmeulata.
1074 971 1093 1004 ι

449 1040 503 1094 7.
536 1041 637 1094 Sed
671 1052 724 1095 et
751 1041 1088 1095 meretricem
1119 1057 1222 1096 non
1253 1043 1498 1111 accipiet.
1530 1041 1656 1107 Quae
1690 1052 1772 1096 est
1798 1043 1915 1096 ani-

381 1144 464 1182 ma
492 1131 786 1184 meretrix?
810 1145 926 1198 quae
953 1131 1017 1183 ad
1043 1145 1099 1185 se
1127 1133 1328 1200 recepit
1363 1139 1650 1194 amatores,
1695 1133 1758 1185 de
1795 1133 1912 1200 qui-

380 1219 480 1271 bus
505 1220 635 1273 dicit
668 1221 923 1288 prapheta
949 1222 992 1253 ⁸³
1024 1242 1035 1276 :
1073 1239 1091 1273 ‹
1126 1221 1465 1276 Meretricata
1513 1236 1570 1275 es
1608 1231 1730 1288 post
1761 1237 1911 1274 ama-

383 1319 526 1362 tores
555 1317 692 1362 tuos.
723 1327 741 1359 ι
774 1309 874 1374 Qui
921 1321 1044 1364 sunt
1078 1311 1160 1364 isti
1207 1319 1478 1364 amatores
1501 1313 1590 1377 qui
1617 1313 1816 1364 intrant
1847 1312 1911 1363 ad

381 1398 614 1450 animam
645 1399 1008 1463 meretricem,
1060 1401 1158 1453 nisi
1191 1401 1474 1453 contrariae
1500 1410 1806 1468 potestates,
1858 1409 1915 1454 et

382 1487 684 1549 daemones,
719 1489 807 1554 qui
862 1488 1186 1541 desiderium
1238 1489 1456 1555 capiunt
1499 1489 1914 1557 pulchritudinis

379 1575 530 1644 ejus?
558 1578 785 1632 Pulchra
819 1593 1048 1647 namque
1081 1594 1108 1631 a
1154 1578 1263 1632 Deo
1311 1587 1491 1632 creata
1527 1588 1606 1632 est
1634 1579 1832 1640 anima,
1861 1589 1913 1632 et

1795 296 2105 360 ORIGENIS

388 433 564 475 autem
588 420 808 484 Christi,
846 433 1020 490 neque
1042 419 1244 489 abjecta
1267 456 1284 484 ,
1319 433 1492 488 neque
1520 419 1716 490 polluta
1746 424 1917 488 potest
1944 419 1990 472 A
2016 423 2130 462 Tum
2160 409 2368 474 Ρπῑυεο

3573 262 3677 318 διι

3610 337 3622 359 \

2395 398 2500 452 iste
2526 396 2874 459 conceptus,
2918 384 3046 436 ista
3083 383 3234 431 sunt
3259 379 3450 429 sancta
3484 374 3676 469 coniti:
3755 371 3770 380 ‘

2161 458 2294 560 'qure
2339 458 2676 542 conveniunt
2702 458 2762 531 et
2807 481 2954 542 apta
2999 475 3150 566 sunt.
3187 477 3393 566 magno
3425 458 3676 566 pontiﬁci

2013 553 2231 641 Christo
2253 579 2382 633 Iesu
2415 575 2648 628 Domino
2679 575 2920 623 nostro,
2946 556 3048 612 cui
3079 553 3268 623 gloria
3291 560 3348 606 et
3380 553 3675 617 imperium

2015 675 2065 727 in
2089 671 2283 727 secula
2311 664 2663 721 saeculorum.
2689 657 2904 710 Amen.

2564 788 2866 845 IIOMILIA
2913 783 3079 839 XIII.

2014 915 2091 968 De
2117 914 2302 964 diebus
2352 908 2526 973 festis,
2567 914 2616 956 et
2649 904 2909 954 lueernn,
2957 903 3014 944 et
3073 881 3682 973 candelabrolftnolio

2087 956 2604 1041 52"iiiiiteit,'Ez"de
2657 983 2889 1026 mensa,
2950 973 3008 1014 et
3050 956 3302 1027 panibus
3350 956 3689 1020 propositio-

2083 1051 2163 1102 nis
2193 1048 2260 1098 ”".

2085 1163 2138 1214 l.
2163 1157 2265 1223 Qui
2299 1155 2576 1223 perfectus
2599 1160 2682 1205 est
2704 1188 2721 1211 ,
2750 1147 2824 1201 ab
2853 1146 2994 1212 ipso
3033 1140 3164 1192 Deo
3215 1137 3462 1188 docetur
3504 1129 3576 1223 de
3603 1141 3690 1178 so-

2013 1219 2356 1302 lemnitatuin
2390 1242 2624 1304 ratione,
2645 1249 2695 1290 et
2715 1235 2965 1290 homine
2999 1229 3081 1282 ad
3119 1226 3251 1280 haec
3275 1219 3555 1274 discenda
3582 1232 3695 1268 ma-

2013 1338 2180 1405 gistro
2223 1349 2330 1387 non
2368 1331 2563 1393 utitur,
2597 1328 2695 1381 sed
2738 1341 2768 1378 a
2827 1324 2956 1376 Deo
2990 1317 3216 1378 discit,
3263 1312 3307 1365 si
3345 1311 3487 1410 quis
3519 1315 3694 1410 potest

2013 1399 2208 1492 capere
2233 1423 2329 1476 Dei
2360 1435 2573 1474 vocem.
2603 1417 2707 1481 Qui
2740 1425 2946 1467 autem
2979 1423 3110 1462 non
3151 1413 3247 1458 est
3287 1401 3448 1492 talis,
3481 1399 3582 1452 sed
3616 1399 3694 1450 in-

2012 1491 2202 1576 ferior,
2233 1513 2395 1565 discit
2434 1510 2505 1564 ab
2539 1523 2605 1560 eo
2643 1506 2735 1572 qui
2777 1499 3076 1556 didicerit
3120 1512 3156 1548 a
3205 1493 3342 1546 Deo.
3402 1491 3541 1542 llaec
3568 1502 3696 1556 ergo

2013 1612 2094 1656 est
2116 1604 2180 1654 de
2199 1597 2639 1655 solemnitatibus
2658 1591 2870 1660 duplex
2890 1588 3193 1656 quaedam
3223 1583 3369 1636 ratio
3399 1580 3694 1632 doctrinae.

381 1664 511 1764 53:35
551 1667 765 1718 ἀθοοτθο
812 1666 946 1718 Am“
999 1664 1263 1732 (Ιυοῐηοάο
1311 1666 1420 1732 ipse
1473 1665 1610 1719 Deus
1635 1665 1855 1764 fﬁcugo
1894 1682 1908 1717 ³
1945 1711 1988 1764 Β
2019 1690 2155 1754 Una,
2185 1704 2288 1756 qua
2315 1685 2616 1738 illuminata
2650 1695 2752 1749 per
2783 1675 3083 1745 spiritum
3141 1667 3497 1738 pr0phetica
3543 1675 3696 1762 utens

387 1785 406 1802 .
429 1752 709 1808 Faciamus
733 1755 998 1808 hominem
1029 1755 1092 1807 ad
1126 1755 1408 1822 imaginem
1431 1764 1485 1808 et
1510 1755 1911 1808 similitudinem

383 1851 645 1896 nostram.
679 1862 697 1893 ι
738 1845 867 1898 Vide
897 1845 1045 1910 cujus
1067 1844 1296 1903 decoris,
1326 1845 1479 1911 cujus
1507 1843 1914 1911 pulchritudinis

381 1941 466 1984 est
515 1933 689 1984 anima
746 1948 864 1998 qua:
912 1932 1194 1998 imaginem
1229 1933 1386 1985 habet
1418 1943 1471 1986 et
1513 1933 1912 1985 similitudinem

383 2017 497 2079 Dei.
523 2017 667 2071 Hanc
695 2019 1139 2085 pulchritudinem
1163 2019 1445 2071 contrariae
1481 2028 1765 2086 potestates
1794 2033 1912 2070 cum

383 2105 668 2170 aspiciunt,
696 2107 746 2158 id
776 2115 857 2159 est
901 2106 1144 2159 diabolus
1176 2114 1229 2158 et
1269 2105 1443 2174 angeli
1482 2106 1622 2174 ejus,
1662 2107 1916 2173 concupi-

382 2203 538 2245 scunt
568 2193 798 2259 speciem
845 2194 1036 2260 ipsius;
1071 2195 1161 2261 qui
1201 2195 1328 2261 quia
1358 2209 1460 2246 non
1490 2204 1711 2260 possunt
1735 2196 1914 2260 sponsi

381 2280 497 2348 ejus
523 2280 658 2344 fieri,
696 2283 1022 2336 meretrieari
1053 2283 1273 2351 cupiunt
1305 2299 1422 2336 cum
1448 2298 1531 2336 ea.
1549 2283 1606 2337 Si
1643 2299 1772 2352 ergo
1798 2300 1917 2338 sus-

383 2371 612 2435 ceperis.
661 2386 692 2422 o
743 2371 925 2434 homo,
963 2372 1014 2423 in
1045 2372 1203 2424 cubili
1252 2373 1441 2424 animm
1476 2382 1575 2426 tute
1617 2373 1914 2426 adultermn

385 2457 671 2521 diaboutm,
719 2460 1053 2512 meretricata
1084 2467 1165 2512 est
1194 2461 1368 2512 anima
1403 2468 1489 2513 tua
1531 2477 1651 2515 cum
1682 2462 1913 2518 diabolo.

385 2544 442 2596 Si
483 2547 749 2613 receperis
784 2547 998 2616 angelos
1031 2547 1165 2613 ejus,
1203 2550 1246 2602 si
1278 2550 1499 2617 spiritus
1531 2551 1794 2615 diversos,
1826 2553 1916 2618 qui

385 2647 606 2698 peccare
639 2643 686 2687 te
712 2636 953 2700 suadent,
979 2638 1320 2690 meretricata
1363 2647 1445 2692 est
1469 2653 1586 2692 cum
1630 2642 1708 2694 eis
1737 2642 1915 2694 anima

386 2728 474 2771 tua
505 2737 520 2784 ;
547 2722 589 2774 si
618 2723 837 2788 spintus
869 2725 990 2789 iraa,
1025 2727 1067 2779 si
1093 2727 1326 2791 invidiae,
1360 2727 1403 2779 si
1437 2729 1718 2796 superbiae,
1751 2731 1792 2784 si
1820 2732 1920 2784 im-

387 2807 657 2873 pudicitiae
693 2811 967 2880 ingressus
1001 2814 1164 2867 fuerit
1189 2815 1256 2867 ad
1294 2815 1530 2868 animam
1559 2825 1722 2880 tuam,
1751 2827 1806 2870 et
1836 2833 1920 2871 re-

385 2896 592 2960 ceperis
631 2912 750 2950 eum
774 2939 789 2963 ,
830 2909 881 2953 et
915 2902 1250 2956 consenseris
1279 2903 1325 2956 ei
1359 2903 1595 2970 loquenti
1653 2905 1707 2971 in
1758 2905 1917 2960 corde

2013 1752 2256 1842 docetur,
2287 1790 2430 1843 quae,
2466 1784 2525 1826 ut
2576 1773 2648 1824 ita
2696 1770 2923 1828 dicam,
2980 1761 3192 1830 magis
3235 1758 3445 1812 intuitu
3496 1752 3696 1807 mentis

2015 1869 2240 1922 discitur
2271 1879 2434 1933 quam
2476 1877 2614 1914 sono
2654 1858 2839 1919 vocis,
2883 1871 3004 1924 per
3049 1868 3244 1922 quam
3277 1851 3497 1904 veritas
3543 1846 3695 1913 ipsa,

2014 1971 2118 2008 non
2153 1954 2341 2006 umbra
2385 1959 2440 2003 et
2472 1952 2655 2017 imago
2686 1945 2970 2000 veritatis
3026 1939 3414 2008 agnoscitur.
3467 1935 3536 1989 [Ii
3569 1946 3697 1986 vero

2015 2043 2105 2109 qui
2133 2043 2303 2108 ipsam
2332 2037 2428 2090 Dei
2455 2036 2774 2091 claritatem
2809 2044 3048 2099 capere
3097 2044 3226 2081 non
3273 2033 3558 2094 possunt,
3597 2035 3696 2074 nec

2018 2138 2185 2184 totum
2218 2125 2488 2193 fulgorem
2522 2122 2782 2177 veritatis
2826 2120 3082 2174 intenta
3145 2117 3361 2170 mentis
3411 2115 3539 2167 acie
3567 2127 3696 2166 con-

2020 2214 2484 2286 spicari,audiunt
2523 2213 2591 2264 de
2619 2208 3126 2265 solemnitatibus
3161 2204 3424 2261 secundo
3471 2203 3596 2255 loco
3631 2200 3696 2252 ab

2018 2305 2125 2367 his,
2158 2303 2248 2371 qui
2286 2301 2466 2371 primo
2498 2300 2857 2363 didicerunt;
2913 2305 2982 2351 et
3040 2313 3191 2350 cum
3253 2296 3362 2350 illis
3400 2293 3692 2348 veritatem

2021 2407 2199 2445 rerum
2225 2391 2344 2457 ipsa
2376 2387 2744 2456 iuspectionis
2775 2385 3148 2454 proprietas
3186 2385 3438 2445 dederit,
3463 2384 3534 2435 ad
3566 2383 3695 2434 istos

2016 2479 2260 2532 veritatis
2289 2479 2541 2530 umbram
2574 2475 2801 2542 profert
2834 2476 3016 2530 solus
3060 2475 3332 2528 auditus.
3363 2471 3548 2538 Hujus
3583 2483 3695 2542 my-

2018 2567 2163 2621 sterii
2203 2565 2490 2634 Apostolus
2525 2565 2796 2619 conscius
2837 2565 3102 2618 dicebat
3158 2565 3237 2618 de
3271 2563 3528 2625 Iudaeis,
3569 2560 3694 2628 quia

2025 2673 2044 2706 ι
2073 2655 2274 2708 umbra:
2316 2663 2371 2708 et
2410 2652 2720 2721 exemplari
2783 2654 3166 2707 deserviunt
3216 2651 3541 2708 antestium
3574 2650 3642 2702 ³³.
3672 2667 3689 2698 ι

2019 2745 2132 2812 Ipsa
2164 2744 2305 2798 enim
2336 2742 2582 2796 coelestia
2613 2741 2839 2809 Moyses
2861 2743 3107 2796 vidisse
3135 2742 3513 2804 describitur,
3547 2750 3698 2807 typos

2019 2841 2200 2886 autem
2230 2840 2285 2886 et
2318 2831 2588 2899 imagines
2620 2845 2826 2885 eorum
2863 2845 3011 2898 quae
3058 2834 3300 2886 viderat
3331 2832 3556 2900 populo
3593 2840 3698 2882 tra-

2021 2919 2241 2973 didisse.
2282 2918 2376 2972 Sic
2407 2919 2558 2973 enim
2591 2919 2658 2972 ad
2687 2934 2824 2975 eum
2863 2922 3156 2977 divinum
3186 2923 3328 2978 dicit
3360 2920 3700 2988 eloquium:

385 2989 496 3045 tuo,
531 2984 822 3040 delectatus
855 2987 1021 3043 fueris
1047 2988 1132 3042 bis
1163 3004 1280 3057 qua:
1309 2991 1402 3044 tibi
1443 2994 1731 3045 secundum
1763 3010 1915 3047 suam

2086 3008 2234 3070 Vide,
2287 3008 2465 3076 inquit
2491 3007 2563 3071 ",
2608 3011 2806 3064 omnia
2840 3010 3042 3066 facito
3081 3013 3416 3068 secundum
3462 2984 3699 3064 formam

384 3081 618 3126 mentem
662 3078 918 3145 suggerit,
960 3079 1333 3134 meretricatus
1361 3095 1419 3133 es
1449 3094 1569 3134 cum
1617 3095 1701 3136 eo.
1745 3082 1920 3138 Mere-

383 3162 574 3214 tricem
605 3179 732 3232 ergo
756 3180 861 3218 non
899 3167 1127 3230 accipiet
1173 3170 1422 3223 sacerdos
1449 3186 1692 3240 magnus,
1729 3181 1782 3226 et
1814 3187 1920 3226 non

384 3255 774 3306 contamiuabit
805 3270 989 3309 semen
1022 3272 1174 3309 suum
1202 3258 1252 3310 in
1283 3259 1476 3327 populo
1505 3275 1624 3313 suo.
1663 3261 1814 3325 Quod
1839 3271 1922 3316 est

389 3339 535 3392 istud
570 3356 749 3394 semen
777 3347 915 3410 quod
961 3347 1315 3400 contaminari
1345 3363 1447 3401 non
1476 3348 1626 3402 vult?
1655 3348 1712 3402 In
1747 3349 1922 3404 Evan-

386 3430 539 3497 geliis
561 3433 820 3500 scriptum
853 3444 936 3488 est
965 3437 1006 3466 ⁹¹
1036 3452 1048 3487 :
1085 3454 1103 3486 ι
1139 3435 1239 3500 Qui
1273 3438 1535 3505 seminat,
1588 3439 1805 3492 verbum
1836 3455 1922 3494 se-

387 3521 572 3578 minat.
604 3541 623 3574 ι
659 3523 774 3577 Non
802 3526 912 3578 vult
940 3541 1066 3594 ergo
1095 3529 1452 3581 contaminari
1479 3529 1698 3582 verbum
1733 3531 1825 3584 Dei
1854 3533 1920 3586 ab

387 3609 472 3661 Itis
493 3612 581 3677 qui
617 3613 905 3666 seminant.
937 3614 1035 3679 Qui
1069 3625 1196 3670 sunt
1223 3631 1354 3684 ergo
1384 3618 1477 3685 qui
1501 3619 1804 3672 seminant?
1830 3619 1920 3687 qui

384 3700 605 3754 verbum
655 3705 746 3757 Dei
802 3707 853 3757 in
900 3707 1135 3760 Ecclesia
1169 3708 1468 3776 proferunt.
1509 3710 1741 3763 Audiant
1795 3725 1921 3780 ergo

385 3791 664 3859 doctores,
717 3809 784 3847 ne
832 3795 969 3850 forte
1008 3799 1200 3855 animat
1254 3799 1661 3864 contaminatae,
1719 3802 1918 3855 anima:

389 3885 784 3948 meretricauti,
815 3887 1005 3940 anima:
1040 3887 1415 3942 inlideliverba
1447 3889 1537 3942 Dei
1565 3891 1819 3956 credant,
1854 3905 1922 3945 ne

385 3968 525 4024 forte
552 3974 762 4026 mittant
791 3989 1034 4028 sanctum
1062 3979 1285 4032 canibus
1337 3988 1390 4032 et
1440 3981 1756 4046 margaritas
1793 3989 1920 4034 ante

386 4075 616 4126 porcos:
649 4063 740 4113 sed
773 4064 979 4116 animas
1009 4067 1251 4128 mundas,
1305 4067 1544 4135 virgines
1579 4068 1630 4120 in
1666 4068 1921 4136 simplici-

389 4157 499 4202 tate
536 4149 656 4202 ﬁdei
682 4165 799 4216 quae
824 4151 876 4203 in
913 4152 1121 4208 Christo
1158 4165 1240 4210 est
1262 4157 1482 4224 eligant,
1521 4158 1646 4225 ipsis
1677 4160 1922 4212 commit-

387 4243 506 4290 tant
531 4246 732 4290 secreta
764 4241 1037 4306 mysteria,
1093 4244 1222 4311 ipsis
1253 4244 1473 4298 verbum
1502 4245 1612 4308 Dei,
1644 4255 1697 4298 et
1723 4260 1918 4301 arcana

2017 3112 2138 3166 quae
2163 3106 2381 3152 ostensa
2415 3106 2500 3151 est
2532 3097 2632 3151 tibi
2668 3097 2728 3152 in
2755 3108 2996 3156 monte.
3039 3119 3064 3154 ι
3107 3102 3260 3157 Tale
3279 3116 3421 3171 ergo
3453 3099 3703 3168 estquod

2019 3187 2150 3240 etin
2179 3187 2282 3240 hoc
2308 3185 2428 3239 loco
2459 3186 2765 3240 recitatum
2803 3198 2937 3254 est.
2969 3193 3124 3260 quia
3161 3193 3452 3250 Dominus
3486 3193 3706 3246 locutus

2019 3277 2183 3330 fuerit
2215 3277 2282 3330 de
2309 3275 2774 3330 solemnitatibus
2810 3279 2889 3332 ad
2931 3279 3223 3352 Moysen.
3256 3284 3322 3337 Et
3351 3291 3497 3352 post
3536 3282 3659 3335 hac
3687 3295 3706 3331 ι

2025 3383 2044 3416 ι
2066 3365 2129 3418 Et
2159 3365 2367 3418 locutus
2388 3373 2471 3417 est
2502 3363 2750 3434 Moyses,
2775 3367 2984 3435 inquit
3001 3372 3088 3436 ’⁷,
3119 3374 3255 3428 dies
3271 3373 3575 3428 solemnes
3593 3370 3709 3442 (99)

2020 3453 2228 3508 Domini
2252 3453 2344 3506 Dei
2371 3453 2502 3508 (iliis
2536 3455 2730 3511 Israel.
2757 3476 2777 3509 ι
2807 3457 3159 3518 Transacto
3187 3479 3323 3519 vero
3362 3464 3443 3517 de
3473 3462 3567 3516 his
3592 3476 3714 3515 ser-

2020 3556 2178 3595 mone
2215 3541 2494 3596 videamus
2546 3544 2681 3610 quid
2732 3555 2872 3612 post
2938 3547 3082 3604 haec
3125 3553 3417 3606 edocetur
3465 3551 3712 3620 Moyses.

2021 3627 2201 3682 Primo
2233 3629 2297 3680 de
2321 3627 2544 3681 lucerna
2571 3637 2628 3682 et
2651 3631 3062 3698 candelabro,
3088 3647 3155 3691 et
3174 3637 3302 3690 oleo
3329 3635 3505 3704 quod
3545 3635 3600 3689 ei
3634 3633 3718 3687 iu-

2019 3715 2290 3780 l‘unditur;
2317 3716 2556 3769 secundo
2586 3717 2712 3772 loco
2746 3720 2820 3774 de
2858 3737 3081 3778 mensa
3111 3765 3131 3789 ,
3168 3736 3234 3781 et
3273 3727 3544 3796 panibus
3585 3738 3721 3793 pro-

2021 3803 2319 3872 positionis,
2353 3819 2417 3857 ac
2443 3819 2674 3860 numero
2696 3822 2929 3871 eorum.
2964 3822 3030 3866 ct
3058 3816 3171 3883 qui
3207 3819 3289 3872 eis
3307 3816 3400 3870 uti
3435 3816 3722 3870 debeant.

2019 3892 2364 3948 lntendamus
2388 3908 2522 3963 ergo
2552 3897 2808 3951 animum
2845 3900 3234 3971 diligentius
3262 3909 3354 3962 his
3391 3923 3540 3976 qua:
3579 3907 3729 3962 scri-

2020 3992 2107 4051 pta
2130 3991 2272 4045 sunt,
2305 3991 2358 4036 et
2379 3983 2444 4037 ad
2475 3984 2595 4038 ham
2628 3985 3048 4054 dignosceuda
3089 3996 3334 4051 concedi
3375 3998 3570 4059 nobis,
3593 4011 3728 4064 gra-

2023 4069 2148 4122 tiam
2201 4069 2412 4122 Domini
2454 4066 2854 4138 deprecemur.
2911 4089 2980 4130 ut
3038 4083 3098 4135 in
3157 4087 3252 4139 his
3291 4100 3435 4154 qua:
3473 4084 3732 4155 legimus

2020 4157 2363 4225 litteris,quze
2395 4159 2468 4212 sit
2498 4160 2762 4216 voluntas
2823 4172 3028 4222 sancti
3092 4172 3356 4243 Spiritus
3429 4188 3732 4243 agnosca-

2023 4259 2161 4298 mus.
2201 4261 2221 4294 ι
2257 4247 2514 4313 Ρτωαὶρθ,
2545 4249 2728 4317 inquit
2751 4251 2831 4316 °',
2867 4257 3020 4314 (iliis
3063 4259 3280 4327 Israel,
3313 4275 3384 4317 ut
3445 4263 3736 4318 deferant

387 4323 510 4377 ﬁdei
545 4325 706 4421 254,
724 4327 1124 4396 proloquantur,
1159 4343 1214 4386 ut
1237 4334 1288 4387 in
1317 4335 1442 4403 ipsis
1464 4333 1704 4389 Christus
1722 4336 1918 4392 forme-
1949 4304 1999 4362 D
2025 4335 2119 4389 tibi
2143 4337 2322 4390 oleum
2351 4336 2416 4390 de
2447 4304 2927 4398 olivis-mundum
2959 4304 3322 4421 expressum
3352 4304 3728 4413 adulamur,

387 4421 473 4462 tur
498 4425 590 4479 per
617 4411 791 4466 tidem.
820 4415 898 4467 An
929 4420 1144 4473 nescitis
1169 4424 1292 4488 quia
1331 4437 1393 4475 ex
1417 4423 1518 4477 isto
1541 4426 1741 4479 semine
1768 4427 1913 4480 verbi

389 4500 477 4552 Dei
511 4500 649 4566 quod
682 4501 994 4569 seminatur,
1023 4508 1268 4563 Christus
1305 4511 1541 4564 nascitur
1566 4511 1618 4564 in
1645 4512 1806 4565 corde
1821 4526 1916 4565 au-

386 4588 656 4641 ditorum?
685 4587 796 4642 IIoc
819 4591 957 4643 enim
979 4594 1262 4660 Apostolus
1289 4600 1417 4652 dicit
1436 4600 1481 4630 ⁹¹
1511 4615 1526 4652 :
1565 4617 1583 4649 ι
1607 4599 1782 4653 Donec
1805 4600 1916 4653 for-

388 4686 562 4731 metur
598 4677 843 4732 Christus
877 4681 927 4732 in
962 4684 1131 4739 vobis.
1167 4705 1186 4738 ι
1221 4687 1463 4755 Concipit
1491 4703 1619 4755 ergo
1643 4689 1818 4740 anima
1849 4705 1915 4743 ex

388 4769 487 4821 hoc
528 4768 674 4820 verbi
711 4770 931 4836 semine,
962 4781 1015 4826 et
1056 4787 1366 4844 conceptmn
1399 4779 1593 4829 format
1629 4779 1678 4829 in
1710 4792 1767 4830 se
1797 4793 1915 4832 ver-

389 4856 538 4919 bum,
563 4855 732 4910 donec
763 4859 939 4925 pariat
985 4863 1230 4930 spiritum
1263 4863 1468 4917 timoris
1509 4862 1622 4915 Dei.
1653 4863 1741 4916 Sic
1771 4869 1913 4917 enim

387 4959 485 5012 per
544 4947 853 5013 prophetam
912 4951 1097 5006 dicunt
1131 4953 1321 5006 animae
1359 4961 1665 5006 sanctorum
1695 4951 1738 4982 ”
1771 4969 1786 5004 :
1826 4972 1845 5003 ‹
1875 4955 1919 5008 Α

391 5037 583 5088 timore
611 5045 717 5105 tuo,
746 5038 986 5105 Domine,
1019 5043 1355 5109 concepimus
1383 5041 1434 5094 in
1459 5049 1629 5104 utero,
1662 5050 1920 5108 etpartu-

389 5125 635 5188 rivimus,
663 5139 716 5180 et
749 5131 1047 5196 peperimus
1067 5131 1310 5196 spiritum
1328 5128 1511 5182 salutis
1541 5136 1640 5180 tute
1670 5142 1823 5194 quem
1841 5131 1919 5186 fe-

391 5217 562 5268 cimus
599 5232 756 5286 super
792 5229 1009 5273 terram.
1046 5238 1065 5269 ι
1098 5219 1199 5272 Iste
1239 5229 1318 5272 est
1349 5227 1657 5272 sanctarqu
1707 5219 1914 5273 anima-

477 5345 520 5375 ⁸⁸
554 5347 747 5412 Ephes.
774 5363 820 5405 ν.
857 5349 944 5402 Ἦ.
1043 5347 1086 5378 ³⁸
1112 5347 1303 5397 Ezech.
1339 5361 1444 5397 xvr.

393 5411 473 5466 18.
547 5411 751 5468 “Lev.
787 5425 994 5471 xxntet
1014 5429 1160 5468 xxiv.
1251 5414 1295 5445 ³⁵
1327 5415 1485 5466 llebr.
1520 5429 1633 5477 vnt,
1672 5415 1724 5466 5.

1538 5345 1584 5375 9°
1607 5344 1742 5425 Ge_n.
1779 5347 1975 5425 1:26.;
2011 5353 2256 5425 “piare.
2301 5374 2378 5425 tv,
2430 5367 2522 5422 H.

1798 5417 1844 5448 νε
1870 5419 1997 5471 ibid.
2074 5423 2116 5452 οι
2151 5422 2326 5480 Levit.
2365 5417 2539 5502 inii.
2567 5444 2659 5498 l-l.

2025 4433 2082 4477 ut
2116 4426 2300 4505 ardeat
2329 4426 2546 4478 lucerna
2596 4442 2826 4501 semper
2862 4447 3049 4494 extra
3087 4446 3288 4501 velum
3329 4447 3400 4500 in
3445 4446 3737 4499 taberna-

2025 4516 2148 4570 culo
2181 4516 2496 4581 testimonii,
2541 4528 2599 4572 et
2632 4527 2964 4583 accendent
3005 4531 3183 4590 illam
3234 4539 3436 4591 Aaron
3493 4547 3560 4592 et
3616 4536 3720 4590 ﬁlii

2021 4605 2136 4674 ejus
2163 4622 2190 4657 a
2224 4621 2447 4673 vespere
2475 4623 2649 4676 usque
2687 4611 2744 4665 in
2780 4629 2962 4674 mane
2995 4637 3227 4683 contra
3260 4630 3600 4683 nominum
3643 4628 3731 4679 ίιι-

2022 4691 2355 4789 desinenter,
2372 4694 2680 4764 legitimum
2700 4708 2990 4766 mternale
3013 4711 3079 4766 in
3108 4717 3441 4789 progenies
3459 4729 3728 4772 vestras.

2022 4781 2079 4834 ln
2131 4783 2457 4839 candelabro
2493 4789 2701 4842 mundo
2747 4781 3128 4859 accendetis—
3161 4781 3447 4862 lucernas
3503 4817 3720 4863 contra

2019 4868 2302 4922 Dominum
2330 4885 2500 4940 usque
2531 4889 2714 4932 mane.
2745 4897 2766 4930 ι
2796 4882 3252 4950 Candelabrum
3283 4897 3585 4951 mundum
3621 4913 3727 4950 no-

2022 4959 2210 5023 minat,
2240 4959 2494 5058 lucernas
2545 4970 2781 5026 accendi
2838 4991 2944 5045 per
3001 4989 3342 5050 pontiﬁcem
3401 4989 3608 5058 jubet,
3659 4999 3717 5044 et

2019 5057 2204 5146 earum
2239 5048 2419 5104 lumen
2469 5055 2782 5116 ministrari
2831 5081 2904 5120 ex
2946 5048 3085 5127 oleo
3120 5079 3283 5145 quod
3310 5048 3500 5130 dat'ur
3536 5094 3568 5130 a
3593 5048 3708 5146 ipo-

2022 5135 2149 5234 pulo
2185 5141 2467 5234 praecepit.
2521 5144 2720 5217 Itaque
2753 5155 2864 5208 nisi
2908 5135 3162 5219 dederit
3188 5171 3374 5223 oleum
3415 5135 3702 5234 ρορυιῖιει

2024 5225 2142 5278 sine
2169 5227 2334 5280 dubio
2367 5236 2770 5307 exstinguetur
2798 5245 3036 5305 lucerna
3062 5294 3080 5318 ,
3110 5264 3176 5310 et.
3215 5273 3321 5318 non
3347 5225 3476 5306 erit
3496 5225 3702 5307 'lumen

2650 5376 2698 5407 ⁹¹
2721 5377 2911 5435 Galat.
2947 5401 3020 5448 tv,
3055 5387 3158 5444 19.
3290 5388 3332 5424 ’³
3357 5383 3476 5437 Isa.
3544 5399 3697 5448 xm,

2739 5451 2787 5480 '53
2819 5451 3001 5512 Levit.
3051 5473 3240 5531 xxrv,
3283 5463 3395 5520 λοι
3421 5465 3597 5520 εῖνηῆ-

463 5519 571 5584 (99)
610 5524 762 5578 Libb.
809 5527 954 5590 editi,
997 5545 1015 5577 ι
1057 5525 1122 5577 de
1152 5524 1338 5576 diebus
1379 5522 1732 5590 solemnibus,
1770 5543 1789 5576 ι
1827 5528 1919 5582 sed
1952 5543 2079 5586 mss.
2120 5542 2179 5587 ut
2209 5535 2260 5592 in
2292 5555 2494 5605 nostro
2517 5563 2696 5613 textu.
