3948 6230
306 323 412 381 845

1465 329 1536 384 IN
1577 331 1942 388 LEVITICUM
1979 333 2251 388 HOMILIA
2287 335 2418 388 Xlll.

3415 341 3523 400 σιθ

311 449 368 497 in
395 444 606 498 sanctis.
625 412 891 529 semitm“:
906 410 1209 529 “fleram
1241 455 1403 513 ergo
1435 447 1549 504 haec
1569 461 1684 504 erat
1706 466 1893 505 conse—
1923 461 1961 513 Α
1992 453 2096 504 alio
2131 453 2242 505 loco
2292 453 2496 504 semita:
2525 459 2738 505 aeterna:
2797 457 3154 512 nominantur.
3202 461 3335 527 Quia
3386 475 3520 529 ergo

309 536 572 601 quentia,
599 541 648 585 ut
670 514 900 580 conferret
937 519 1229 582 populus
1283 535 1483 590 oleum
1525 541 1779 594 mundum
1827 543 1893 596 de

311 625 476 678 olivis
507 625 812 692 expressum.
840 607 898 654 ιιι
951 615 1026 657 εἰ
1086 623 1170 665 eo
1237 625 1666 682 ministraretur
1717 630 1892 684 lumen

313 712 596 778 lucernas;
626 719 676 765 et
697 707 848 760 Aaron
891 701 1274 787 af-CElldebat
1310 714 1566 772 lucernas
1599 734 1626 770 a
1673 734 1890 787 vespera

316 816 496 867 usque
533 815 707 860 mane,
740 786 964 850 lnmenlls
1005 788 1130 846 οὶθὶ
1170 805 1342 866 quod
1379 807 1680 860 contulerat
1726 786 1890 876 popuo

315 889 428 952 lus,
462 890 653 942 lumini
676 884 898 956 pabulum
925 883 1220 948 praebens.

391 978 450 1030 2.
487 976 682 1030 Verum
718 973 951 1042 quoniam
990 969 1086 1026 lex
1121 979 1410 1046 spiritalis
1441 994 1556 1046 est,
1587 995 1827 1052 petamus
1858 1000 1888 1037 a

320 1067 572 1121 Domino
619 1066 683 1135 (si
714 1075 886 1118 tamen
920 1067 1180 1120 conversi
1233 1083 1428 1126 sumus
1478 1073 1542 1125 ad
1593 1072 1888 1142 Dominum)

313 1155 537 1208 auferri
598 1156 751 1209 nobis
774 1153 1016 1208 velamen
1054 1153 1128 1209 de
1175 1156 1416 1213 lectione
1451 1159 1661 1214 Veteris
1703 1159 1888 1214 Testa-

313 1247 522 1308 menti,
564 1253 626 1296 ut
656 1244 920 1312 possimus
945 1242 1236 1300 advertere
1261 1261 1381 1315 quae
1420 1248 1555 1301 ratio
1581 1249 1650 1301 sit
1693 1251 1888 1303 cande-

313 1332 492 1398 labri,
526 1332 615 1384 vel
645 1333 978 1385 lucernarum
1006 1329 1126 1398 ejus
1155 1335 1455 1388 secundum
1491 1335 1887 1404 intelligentiam

309 1422 656 1488 spiritalem.
685 1421 823 1475 Ante
843 1421 1130 1474 adventum
1147 1419 1366 1476 Domini
1393 1421 1634 1476 meiJesu
1662 1424 1888 1488 Christi,

310 1510 400 1562 sol
424 1523 538 1562 non
570 1511 850 1564 oriebatur
880 1507 1074 1578 populo
1116 1509 1308 1573 Israel,
1327 1512 1417 1562 sed
1441 1511 1670 1564 lucernae
1695 1512 1888 1566 lumine

307 1603 601 1654 utebatur.
635 1601 883 1653 Lucerna
911 1601 1054 1654 enim
1076 1608 1195 1654 erat
1226 1601 1366 1668 apud
1398 1614 1489 1654 eos
1523 1617 1698 1655 sermo
1732 1603 1885 1670 legis,

306 1698 368 1740 et
403 1701 600 1742 sermo
630 1687 1009 1755 prapbeticus,
1040 1687 1182 1741 intra
1222 1697 1478 1757 angustos
1523 1691 1768 1744 conclusa
1793 1706 1888 1758 pa-

1991 543 2277 596 secundum
2301 543 2586 610 quamdam
2613 544 2891 610 mysticam
2934 550 3190 602 rationem
3234 553 3517 608 inferiores

1990 639 2169 699 partes
2217 639 2481 685 creaturae
2514 631 2742 683 mundus
2785 633 2868 685 hic
2907 633 3237 703 intelligitur,
3277 640 3396 693 ideo
3437 641 3517 693 lu-

1989 733 2150 773 cerna
2185 719 2314 789 legis
2344 721 2452 784 his,
2477 721 2566 787 qui
2621 721 2670 773 in
2717 719 2816 773 hoc
2851 722 3046 774 mundo
3076 733 3322 792 tanquam
3356 730 3516 783 totius

1990 815 2246 860 creatura:
2285 808 2441 874 pedes
2463 816 2604 869 sunt,
2631 821 2855 860 accensa
2883 822 3226 864 memoratur.
3264 813 3375 867 Lux
3415 832 3513 869 au-

1991 901 2095 948 tem
2139 905 2336 948 aeterna
2377 895 2483 948 erit
2523 894 2627 946 illis
2663 897 2888 956 semitis,
2928 911 3021 963 per
3065 913 3198 966 quas
3235 904 3283 954 in
3339 905 3514 958 futuro

1989 984 2179 1038 sazcnlo
2202 984 2564 1050 unusquisque
2601 998 2697 1050 pro
2729 986 2930 1040 meritis
2962 988 3187 1042 incedet.
3210 991 3311 1044 Sed
3341 995 3513 1049 dehis

1991 1074 2040 1124 in
2069 1087 2168 1125 suo
2197 1073 2318 1126 loco
2346 1071 2674 1128 sufﬁcienter
2710 1090 2806 1144 pro
2849 1079 3045 1131 nostris
3075 1080 3276 1134 viribus
3316 1084 3509 1137 dictum

1986 1166 2089 1210 est.
2123 1157 2276 1212 Nunc
2300 1174 2427 1228 ergo
2470 1162 2718 1227 quoniam
2747 1176 2966 1229 vespera
3001 1174 3081 1217 est
3129 1176 3181 1218 et
3208 1183 3310 1222 nox
3345 1186 3510 1238 usque

1987 1246 2052 1298 ad
2078 1249 2585 1300 consummationem
2614 1250 2814 1311 saeculi,
2846 1260 2898 1303 et
2919 1267 3192 1321 nsquequo
3217 1262 3510 1315 novusdies

1988 1334 2145 1388 futuri
2178 1336 2355 1389 saeculi
2383 1346 2436 1390 et
2469 1353 2615 1391 novae
2646 1340 2780 1393 lucis
2807 1341 3075 1411 effulgent,
3106 1347 3255 1399 ardet
3299 1349 3508 1402 unicui-

1949 1416 2088 1488 ‘que
2132 1433 2376 1476 nostrum
2434 1423 2649 1478 lucerna
2700 1429 2833 1490 haec,
2874 1430 3135 1485 intantum
3180 1435 3507 1501 splendorem

1985 1510 2196 1564 luminis
2230 1513 2490 1579 prmbens,
2514 1525 2764 1581 quantum
2803 1519 2905 1571 olei
2940 1521 3088 1587 c0pia
3113 1522 3354 1578 ubertate
3379 1541 3506 1593 ope-

1983 1615 2098 1653 runt
2129 1601 2284 1654 fuerit
2324 1601 2653 1658 ministrata.
2697 1606 2934 1675 Denique
2972 1618 3026 1662 et
3066 1609 3166 1664 Job
3199 1612 3249 1665 in
3279 1617 3504 1682 quodam

1984 1685 2117 1750 loco,
2145 1703 2262 1741 cum
2287 1689 2424 1742 bona
2457 1706 2674 1760 operum
2718 1710 2933 1749 suorum
2966 1711 3272 1766 exponeret,
3307 1705 3509 1758 addidit

307 1778 515 1840 rietes,
557 1791 689 1844 qua:
736 1791 844 1830 non
895 1784 1117 1844 poterat
1159 1776 1215 1829 in
1263 1775 1446 1830 orbem
1495 1785 1651 1832 terrm
1709 1778 1884 1833 lumen
1916 1765 1956 1820 Β
1983 1776 2142 1828 etiam
2171 1776 2314 1830 hoc‘
2343 1793 2356 1828 :
2395 1795 2412 1828 ι
2439 1778 2568 1832 Cum
2605 1781 2928 1849 splenderet,
2956 1765 3147 1852 inquit,
3177 1787 3386 1841 lucerna
3421 1805 3510 1843 su-

303 1863 626 1917 ell'undere.
684 1865 838 1917 Intra
889 1863 1136 1918 Judaiam
1190 1878 1422 1932 namque
1476 1866 1887 1922 concludebator

303 1955 550 2006 scientia
578 1953 704 2017 Dei,
737 1955 879 2008 sicut
903 1963 959 2008 et
998 1954 1264 2022 Propheta
1299 1953 1490 2007 dicit”
1525 1971 1539 2007 :
1568 1975 1585 2006 ι
1618 1955 1785 2010 Notus
1832 1961 1886 2011 in

303 2043 502 2098 Juilaaa
544 2045 714 2098 Deus.
755 2061 778 2095 ι
810 2042 913 2098 Ubi
945 2058 1073 2098 vero
1104 2055 1325 2100 exortus
1347 2057 1428 2102 est
1449 2049 1524 2100 sol
1544 2047 1886 2114 justitiaa‘Do-

302 2135 499 2186 minus
543 2141 603 2187 et
642 2133 904 2187 Salvator
932 2142 1139 2198 noster,
1177 2144 1231 2188 et
1273 2145 1431 2191 natus
1465 2146 1548 2190 est
1573 2138 1656 2191 vir
1685 2140 1750 2192 de
1779 2153 1885 2206 quo

300 2223 581 2290 scriptum
607 2231 699 2276 est
724 2222 744 2252 ‘
779 2241 791 2276 :
829 2239 849 2272 ι
885 2222 1028 2276 Ecce
1052 2221 1156 2289 vir,
1193 2221 1384 2278 Oriens
1415 2240 1605 2278 nomen
1633 2236 1716 2280 est
1738 2228 1822 2291 ei;
1858 2247 1878 2280 ι

297 2326 410 2378 per
451 2312 787 2364 universum
834 2313 1098 2365 mundum
1143 2313 1381 2368 scientiae
1411 2313 1504 2368 Dei
1534 2316 1712 2370 lumen
1752 2317 1884 2370 effu-

298 2415 430 2451 sum
455 2410 564 2454 est.
589 2400 797 2455 Sermo
824 2415 956 2470 ergo
978 2401 1128 2471 legis,
1147 2413 1390 2458 etsermo
1413 2405 1751 2471 propheticus
1769 2415 1884 2460 erat

298 2489 535 2541 lucerna
563 2489 800 2553 ardens,
831 2491 931 2544 sed
967 2491 1198 2544 ardebat
1241 2492 1378 2544 intra
1406 2494 1591 2556 aedem,
1624 2509 1722 2548 nec
1747 2496 1881 2548 ultra

298 2587 525 2645 poterat
574 2581 843 2634 emittere
895 2580 1240 2649 splendorem
1290 2597 1468 2637 suum.
1507 2583 1658 2648 Quod
1703 2595 1877 2638 autem

295 2683 490 2721 sermo
518 2668 666 2736 legis
690 2678 750 2722 et
779 2671 1168 2738 prophetarum
1199 2671 1414 2727 lucerna
1449 2673 1676 2738 dicatur,
1705 2675 1882 2727 Domi-

296 2772 408 2810 nus
456 2758 577 2824 ipse
615 2771 726 2811 nos
754 2759 944 2814 docuit
976 2759 1163 2823 dicens
1207 2762 1273 2814 de
1318 2760 1523 2816 Joanne
1552 2763 1784 2830 Baptista
1812 2766 1876 2816 ἐ

298 2863 320 2896 ι
343 2847 446 2901 ille
469 2855 597 2900 erat
629 2847 858 2901 lucerna
893 2849 1090 2902 ardens
1118 2858 1171 2904 et
1195 2849 1400 2915 lucens,
1436 2861 1488 2904 et
1515 2866 1610 2906 vos
1639 2852 1879 2907 voluistis

293 2937 364 2988 ad
397 2935 596 2990 horam
626 2935 915 2990 exsultare
943 2937 997 2990 in
1026 2936 1224 2992 lumine
1249 2937 1383 3005 ejus.
1410 2957 1428 2990 ι
1451 2939 1516 2992 Et
1537 2940 1660 2994 alibi
1688 2941 1814 2994 dicit
1837 2942 1876 3007 ³,

289 3026 425 3094 quia
462 3043 482 3076 ι
522 3025 615 3078 lex
643 3035 701 3078 et
736 3027 1018 3121 prophetas
1042 3041 1208 3094 usque
1235 3029 1303 3081 ad
1325 3028 1602 3121 Joannem.
1624 3047 1644 3080 ι
1677 3029 1878 3085 Lucer-
1901 3061 1946 3121 ο

293 3130 363 3167 na
423 3115 620 3183 itaque
664 3114 873 3168 ardens
897 3113 1425 3183 estJoannes,inqoo
1452 3115 1874 3172 lexconcluditur

286 3215 345 3256 et
375 3205 698 3272 propheta.
739 3201 921 3256 Donec
942 3217 1069 3270 ergo
1090 3205 1311 3272 populus
1330 3205 1418 3259 ille
1445 3205 1673 3260 habebat
1697 3206 1870 3259 oleum

285 3297 438 3364 quod
467 3293 768 3348 conferret
784 3295 854 3347 ad
882 3293 1089 3358 lumen,
1115 3294 1335 3348 lucerna
1355 3309 1457 3347 non
1479 3301 1562 3348 est
1590 3295 1869 3348 exstincta.

289 3384 400 3439 Ubi
435 3399 575 3437 vero
615 3382 824 3438 defecit
857 3383 908 3435 in
941 3382 1022 3436 eis
1052 3381 1230 3435 oleum
1273 3381 1670 3444 misericordiae,
1697 3382 1868 3435 oleum

283 3488 523 3542 operum
561 3473 868 3533 bonorum,
887 3484 984 3524 nec
1011 3471 1225 3524 inventa
1255 3479 1340 3524 est
1359 3471 1495 3538 apud
1525 3485 1617 3524 eos
1642 3471 1866 3539 puritas,

282 3578 493 3631 purum
519 3575 771 3630 namque
793 3561 974 3615 oleum
998 3561 1334 3628 quaerebatur
1352 3561 1416 3613 ad
1443 3559 1642 3626 lumen,
1667 3569 1720 3612 et
1743 3559 1867 3626 quia

283 3653 493 3708 defecit
528 3653 584 3705 in
615 3653 701 3705 eis
735 3650 918 3704 oleum
960 3649 1373 3713 misericordiae,
1423 3649 1725 3703 necessario
1773 3664 1868 3700 ex-

279 3745 493 3799 stincta
529 3744 764 3798 lucerna
792 3748 895 3794 est.
925 3738 1033 3795 Sed
1062 3740 1186 3808 quid
1211 3741 1445 3795 dicemus
1468 3741 1596 3809 quia
1620 3740 1723 3794 illis
1755 3739 1867 3792 haec

279 3840 625 3894 evenerunt,
658 3844 690 3881 a
729 3829 891 3882 nobis
919 3840 1053 3880 vero
1083 3826 1260 3879 aliena
1291 3836 1414 3879 sunt
1451 3827 1588 3879 ista?
1612 3826 1722 3880 lmo
1749 3844 1860 3879 ma-

273 3925 371 3992 jor
398 3937 535 3976 cura
565 3931 657 3976 est
683 3920 1010 4001 .Christiano
1031 3919 1135 3972 olei
1168 3920 1536 3986 conquirendi.
1567 3919 1696 3974 Vide
1722 3923 1863 3974 enim

284 4012 455 4084 255
483 4011 773 4080 quomodo
804 4009 1134 4061 Dominnsin
1158 4007 1494 4076 Evangeliis‘
1512 4023 1610 4076 per
1641 4012 1864 4076 parabo.

281 4104 396 4155 lant
433 4103 643 4156 stultas
668 4099 913 4167 virgines
938 4099 1333 4165 nominat,q‘ua:
1361 4097 1533 4151 oleum
1565 4113 1668 4152 non
1687 4112 1864 4167 porta-

281 4191 419 4244 bant
450 4193 509 4244 in
536 4187 787 4242 vasculis
808 4186 958 4249 suis;
988 4194 1042 4240 et
1082 4185 1350 4238 intantum
1393 4187 1603 4248 stultas,
1637 4197 1696 4240 ut
1733 4203 1862 4254 quo-

281 4281 433 4333 niam
487 4277 672 4332 defuit
701 4275 788 4330 eis
825 4275 1002 4328 oleum
1036 4275 1101 4326 ad
1133 4275 1539 4329 succendendas
1586 4275 1859 4344 lampades

1982 1878 2075 1930 per
2103 1875 2265 1931 caput
2319 1880 2515 1920 meum.
2556 1886 2574 1918 ι
2621 1867 2878 1936 Splendet
2923 1887 3051 1939 ergo
3082 1876 3364 1943 unicuique
3413 1894 3507 1931 no-

1981 1962 2150 2005 strum
2189 1955 2403 2008 lucerna
2441 1956 2577 2020 lucc,
2606 1959 2917 2026 inquantutn
2945 1963 3062 2015 oleo
3093 1965 3349 2020 bonorum
3383 1984 3508 2037 ope-

1949 2078 1954 2082 .
1981 2057 2096 2095 rum
2127 2043 2284 2097 fuerit
2305 2059 2551 2100 accensa.
2575 2046 2630 2100 Si
2647 2057 2821 2101 autem
2849 2049 2986 2104 male
3009 2065 3248 2119 agamus,
3271 2067 3323 2108 et
3345 2073 3505 2126 opera

1981 2141 2158 2184 nostra
2191 2132 2326 2185 mala
2357 2135 2482 2198 sint,
2511 2150 2614 2187 non
2655 2136 2826 2188 solum
2869 2152 2971 2190 non
3021 2143 3386 2207 accendimus,
3414 2147 3506 2198 sed

1979 2221 2366 2290 exstinguimus
2395 2223 2546 2276 nobis
2572 2225 2729 2277 istam
2762 2226 3029 2279 lucernam
3073 2246 3086 2280 :
3129 2239 3182 2283 et
3209 2233 3506 2298 completur

1980 2309 2031 2361 in
2083 2311 2234 2363 nobis
2281 2311 2427 2374 illud,
2451 2312 2592 2378 quod
2643 2311 2917 2380 Scriptura
2949 2317 3155 2382 dicit",
3185 2321 3308 2388 quia
3359 2339 3380 2371 ι
3414 2325 3504 2390 qui

1980 2400 2116 2454 male
2169 2402 2295 2469 agit,
2355 2402 2408 2454 in
2464 2403 2698 2457 tenebris
2752 2413 2853 2468 est,
2885 2415 2939 2458 et
2983 2409 3072 2473 qui
3121 2409 3234 2462 odit
3282 2410 3503 2466 fratrem

1977 2503 2153 2553 suum,
2180 2490 2230 2542 in
2267 2492 2500 2546 tenebris
2522 2494 2772 2547 ambulat.
2803 2513 2822 2546 ι
2854 2496 3115 2550 Exstinxit
3161 2501 3300 2552 enim
3329 2501 3506 2555 lucer-

1978 2593 2100 2631 nam
2131 2580 2426 2644 charitatis,
2458 2592 2512 2634 et
2548 2583 2668 2636 ideo
2693 2585 2742 2636 in
2765 2587 2996 2640 tenebris
3027 2588 3280 2642 ambulat.
3313 2592 3503 2644 Annon

1977 2667 2071 2721 tibi
2097 2669 2302 2722 videtur
2332 2671 2652 2726 exstinxisse
2681 2672 2971 2737 lucernam,
3001 2678 3089 2742 qui
3119 2677 3293 2732 lumen
3324 2681 3504 2732 chari-

1975 2758 2101 2811 tatis
2126 2759 2415 2813 exstinxit?
2435 2761 2534 2826 Qui
2566 2771 2740 2815 autem
2763 2764 2931 2832 diligit
2964 2765 3204 2830 fratrem,
3239 2767 3290 2821 in
3325 2769 3502 2822 chari—

1979 2846 2106 2899 tatis
2129 2848 2245 2901 luce
2273 2849 2542 2916 perdurat,
2575 2861 2628 2905 et
2653 2868 2770 2906 cum
2799 2852 2990 2906 fiducia
3023 2864 3194 2922 potest
3223 2859 3400 2912 dicere
3428 2861 3451 2891 ⁸
3485 2876 3498 2910 :

1979 2950 2000 2984 ο
2037 2935 2147 3002 Ego
2178 2945 2350 2990 autem
2381 2939 2520 2991 sicut
2545 2939 2680 2993 oliva
2719 2941 2991 2996 fructifera
3031 2943 3084 2997 in
3131 2946 3287 2999 domo
3335 2949 3446 3011 Dei,
3479 2968 3497 2998 .-

1975 3025 2244 3077 et°ttFilii
2274 3025 2384 3090 ejus
2411 3027 2548 3080 sicut
2577 3029 2794 3082 novella:
2824 3030 3078 3085 olivarum
3098 3034 3171 3102 (l)
3202 3035 3253 3087 in
3277 3036 3501 3091 circuitu

1979 3128 2173 3167 mensae
2194 3117 2330 3182 ejus.
2366 3135 2385 3167 ι
2416 3115 2600 3170 Oleum
2629 3132 2756 3186 ergo
2785 3117 2965 3173 offerri
2994 3121 3210 3186 jubetnr
3237 3139 3264 3175 a
3288 3126 3498 3192 populo,

1974 3211 2030 3254 et
2057 3203 2236 3256 oleum
2275 3219 2379 3256 non
2428 3206 2816 3276 qualecunque,
2862 3210 2952 3262 sed
2999 3213 3280 3277 mundum,
3311 3223 3498 3265 etnon

1975 3305 2042 3344 ex
2065 3292 2468 3360 quibuseunqne
2493 3295 2786 3348 seminibus
2815 3299 2890 3364 (ut
2944 3297 3054 3350 ﬁeri
3085 3299 3309 3354 diversis
3337 3301 3388 3353 in
3418 3316 3501 3355 re-

1973 3381 2216 3448 gionibus
2249 3397 2363 3436 mos
2390 3386 2513 3447 est),
2547 3385 2639 3437 sed
2668 3386 2732 3438 de
2753 3387 2905 3440 olivis
2932 3399 3264 3454 expressum,
3297 3392 3346 3442 in
3381 3395 3501 3458 qui-

1973 3471 2070 3524 bus
2093 3471 2340 3524 iudicinm
2371 3473 2520 3540 pacis
2546 3475 2864 3528 ostenditur.
2907 3475 3085 3542 Neque
3113 3479 3254 3530 enim
3283 3489 3497 3546 accepta

1972 3569 2193 3624 possunt
2219 3573 2337 3611 esse
2369 3559 2475 3612 Deo
2508 3575 2668 3627 opera
2704 3571 2811 3624 tua,
2851 3561 2951 3614 nisi
2983 3563 3034 3614 in
3071 3578 3201 3628 pace
3237 3579 3501 3633 peragan-

1975 3658 2059 3700 tur
2092 3664 2106 3699 :
2135 3651 2273 3700 sicut
2297 3658 2350 3700 et
2375 3647 2606 3703 Jacobus
2635 3653 2906 3716 apostolus
2933 3653 3065 3704 dicit
3095 3653 3138 3682 ¹⁰
3169 3674 3180 3706 :
3214 3671 3232 3702 ι
3271 3653 3501 3708 Fructus

1971 3744 2147 3786 autem
2187 3733 2408 3798 justitia:
2459 3735 2511 3788 iu
2571 3753 2702 3804 pace
2749 3739 3062 3791 seminantur.
3101 3756 3120 3788 ι
3167 3741 3232 3792 Et
3279 3742 3498 3804 idcirco,

1969 3821 2151 3896 credo,
2179 3821 2337 3874 etiam
2370 3823 2623 3878 Dominus
2653 3825 2924 3892 discipulis
2940 3829 3050 3881 suis
3078 3829 3317 3882 tradebat
3346 3831 3498 3884 ﬁdele

1968 3913 2266 3980 depositum
2294 3913 2474 3967 dicens
2505 3914 2544 3944 “
2574 3931 2589 3968 :
2624 3933 2642 3965 ι
2674 3915 2862 3970 Pacem
2899 3932 3069 3971 meam
3104 3919 3172 3972 do
3203 3920 3371 3979 vobis,
3402 3934 3499 3987 pa-

1967 4023 2079 4065 cem
2097 4025 2268 4064 meam
2296 4009 2540 4077 relinquo
2565 4009 2732 4062 vobis.
2762 4027 2779 4058 ι
2801 4009 2872 4060 De
2899 4009 3000 4062 hac
3017 4023 3145 4075 ergo
3172 4009 3307 4062 oliva
3325 4008 3493 4062 oleum

1967 4113 2269 4166 premamus
2303 4113 2521 4168 operum
2544 4107 2874 4162 nostrorum,
2909 4111 2972 4150 ex
2996 4112 3101 4165 quo
3134 4097 3352 4152 lucerna
3389 4099 3492 4151 Do-

1966 4189 2109 4242 mino
2148 4189 2314 4258 possit
2341 4189 2579 4253 accendi,
2613 4198 2668 4241 ut
2689 4189 2856 4242 nonin
2891 4188 3118 4242 tenebris
3149 4189 3492 4243 ambulemus.

1965 4277 2086 4331 llaec
2117 4278 2330 4346 quidem
2359 4292 2388 4328 a
2422 4278 2574 4330 nobis
2603 4276 2744 4330 dicta
2777 4285 2924 4340 sunt,
2946 4285 3196 4343 quantum
3223 4277 3287 4329 ad
3319 4276 3493 4329 lucer-

278 4384 438 4432 suas,
473 4366 748 4421 thalamis
771 4363 1007 4417 exclusa:
1035 4364 1145 4417 sint
1175 4364 1502 4431 nuptiarum,
1534 4380 1630 4418 nec
1649 4368 1861 4434 pulsan-
1892 4379 1934 4431 ο
1965 4381 2085 4419 nam
2117 4365 2426 4419 candelabri
2456 4373 2510 4418 et
2540 4364 2715 4419 oleum
2750 4363 2866 4431 ejus
2892 4373 3117 4432 spectat.

281 4461 431 4512 tibus
461 4473 592 4526 qua:
624 4455 735 4510 olei
769 4467 955 4505 curam
981 4452 1350 4520 neglexerant,
1378 4453 1516 4505 ultra
1539 4455 1862 4523 aperirijus-

275 4551 417 4601 serit
453 4559 724 4615 sponsus.
751 4542 963 4596 Memini
1013 4551 1190 4594 tamen
1235 4541 1432 4593 dudum
1457 4556 1553 4595 nos
1587 4557 1704 4596 cum
1733 4560 1861 4598 cen-

277 4639 464 4690 tesimi
520 4634 732 4689 decimi
786 4630 964 4685 octavi
1021 4629 1215 4698 psalmi
1266 4644 1660 4696 exponeremus
1711 4632 1857 4686 illum

275 4724 648 4784 versiculum,
679 4722 734 4773 in
778 4734 887 4788 quo
915 4719 1177 4785 scriptum
1211 4727 1296 4769 est
1321 4717 1342 4746 '
1375 4731 1390 4768 :
1432 4734 1450 4766 ι
1502 4717 1741 4772 Lucerna
1771 4735 1857 4788 pe.

272 4816 440 4868 dibus
498 4813 644 4866 meis
691 4815 776 4863 lex
824 4817 934 4874 tua,
988 4809 1244 4871 Domine,
1299 4815 1355 4859 et
1419 4808 1592 4859 lumen
1649 4812 1859 4864 sentitis

271 4906 441 4968 meis,
472 4922 494 4956 ι
525 4900 911 4956 diversitatem
958 4899 1199 4952 lucerna!
1253 4903 1303 4948 et
1341 4895 1477 4948 lucis
1521 4911 1614 4963 pro
1661 4899 1863 4956 viribus

269 4991 613 5045 ostendisse.
644 4986 968 5041 Dicebamus
997 4985 1149 5038 enim
1183 4984 1336 5049 quod
1357 4982 1622 5036 lucernam
1647 4987 1864 5052 quidem

271 5082 533 5148 pedibus,
587 5076 643 5130 id
685 5083 768 5130 est
801 5071 1160 5127 inferioribus
1195 5070 1442 5135 corporis
1487 5072 1724 5135 partibus
1770 5077 1864 5127 de-

236 5226 244 5232 _
271 5168 506 5233 putarit,
530 5166 714 5218 lucem
751 5176 881 5216 vero
914 5158 1134 5214 semitis
1158 5155 1400 5219 dederit,
1439 5170 1550 5222 quae
1571 5162 1778 5214 semitae
1813 5163 1866 5216 in

945 5320 962 5349 ¹
997 5315 1172 5369 Zacli.
1203 5327 1280 5372 vi,
1310 5311 1414 5379 12._
1453 5313 1686 5379 ’Joan.v,
1726 5318 1823 5371 55.

342 5327 388 5356 ’³
417 5326 562 5380 Psal.
592 5339 776 5384 Lxxvt,
820 5323 876 5373 l.
945 5323 962 5349 ³
997 5323 1172 5369 Zacti.
1203 5327 1280 5372 vi,
1310 5323 1396 5363 12.
1453 5323 1686 5379 'Joan.v,

342 5391 425 5446 Iob
453 5411 608 5448 xxxx.
639 5396 693 5448 5,
773 5393 795 5422 ⁷
831 5389 846 5440 Ι
881 5386 1051 5440 Joan.
1076 5396 1139 5441 ll,
1174 5381 1265 5430 11.
1342 5380 1364 5408 ⁸
1391 5377 1622 5448 Psal.t.n,
1649 5386 1704 5439 8.

273 5395 294 5423 ⁶
324 5391 425 5446 Job
453 5411 608 5455 xxix,
639 5396 693 5448 5.
764 5381 795 5422 ’⁷
831 5389 846 5440 Ι
881 5386 1051 5440 Joan.
1076 5396 1139 5441 ll,
1174 5381 1265 5430 ll.

279 5463 323 5495 ⁸⁸
362 5463 682 5526 Ιιενίιδικιν,
711 5460 747 5513 5
799 5464 855 5511 et
900 5465 1071 5518 seqa-

2036 4456 2088 4508 5.
2121 4446 2270 4507 Nunc
2289 4467 2416 4507 vero
2440 4453 2713 4506 videamus
2728 4453 2854 4520 quid
2885 4453 3045 4505 etiam
3081 4453 3131 4504 in
3161 4465 3491 4518 consequen-

1969 4545 2108 4596 tibus
2141 4544 2205 4596 de
2235 4543 2458 4610 panibus
2498 4541 2879 4609 propositionis
2933 4543 3193 4609 scriptum
3237 4545 3324 4596 sit.
3356 4559 3375 4592 ι
3425 4543 3493 4596 Ει

1965 4632 2206 4695 sumetis,
2250 4630 2418 4699 inquit
2453 4630 2516 4694 ¹¹,
2558 4630 2931 4699 similaginem,
2980 4641 3034 4685 et
3086 4631 3291 4686 facietis
3329 4633 3392 4686 de
3427 4647 3491 4685 ea

1961 4719 2236 4773 duodecim
2261 4732 2444 4786 panes.
2473 4717 2545 4771 De
2559 4720 2760 4774 duabus
2780 4720 3001 4774 decimis
3023 4722 3126 4774 erit
3153 4737 3286 4774 unus
3317 4722 3489 4788 panis,

1961 4820 2012 4864 et
2036 4810 2318 4877 imponetis
2350 4825 2442 4863 eos
2464 4810 2596 4863 duas
2621 4811 2932 4878 positiones,
2965 4825 3056 4865 sex
3079 4827 3241 4880 panes
3268 4827 3368 4864 una
3393 4828 3489 4879 po-

1959 4900 2085 4952 sitio
2114 4913 2272 4966 super
2296 4913 2532 4951 mensam
2573 4900 2822 4953 mundam
2857 4909 3042 4952 contra
3077 4900 3376 4952 Dominum.
3427 4899 3490 4950 lit

1962 4986 2244 5054 imponetis
2282 5002 2442 5056 super
2482 4988 2796 5057 positionem
2849 4989 2970 5042 thus
3022 4989 3298 5050 mundum,
3322 4995 3375 5039 et
3404 5000 3489 5038 sa-

1961 5075 2088 5141 lem,
2117 5087 2171 5130 et
2197 5085 2354 5128 erunt
2386 5091 2552 5145 panes
2590 5077 2640 5130 in
2677 5077 3237 5131 commemorationem
3262 5073 3485 5141 appositi

1963 5164 2186 5218 Domino
2218 5181 2232 5218 :
2279 5165 2364 5219 die
2409 5163 2750 5220 sabbatorum
2779 5171 3142 5232 proponentur
3171 5170 3356 5215 contra
3384 5158 3492 5208 Do-

1904 5322 1924 5352 ³
1953 5322 2080 5378 Luc.
2115 5339 2224 5386 xvi,
2260 5323 2345 5378 16.
2419 5322 2441 5353 ⁵
2474 5323 2658 5376 Matth.
2695 5339 2818 5376 xxv.
2891 5321 2913 5352 ⁸
2943 5317 3080 5386 l’sal=
3109 5329 3304 5377 cxvut,

1787 5389 1810 5419 ⁸
1842 5387 1985 5446 Psal.
2011 5406 2210 5456 cxxvtt,
2245 5392 2298 5446 ὅ.

2380 5392 2422 5423 ¹⁰
2451 5391 2632 5446 Jacob.
2668 5408 2746 5455 nr,
2796 5389 2877 5441 l8.
2985 5385 3022 5414 “
3057 5382 3218 5435 Joan.
3261 5376 3368 5440 xiv,
3393 5376 3485 5427 ‘27.

340 5599 409 5668 (Ι)
439 5599 597 5656 Libb.
633 5595 794 5659 editi,
827 5606 849 5640 ι
885 5585 1040 5640 oliva
1073 5573 1309 5631 novella.
1348 5593 1370 5626 ι
1400 5577 1514 5636 Mss.
1546 5601 1563 5634 ι
1587 5587 1823 5643 novellae
1844 5590 2126 5649 olivarum.
2159 5609 2181 5643 ι
