3948 6238
278 331 393 386 549

286 532 422 584 bum
469 542 520 583 et
572 504 995 610 sapietttiat“_°'l“8_
1030 516 1386 589 Christum
1443 557 1549 593 non
1582 544 1867 610 recipiunt,

289 635 405 672 non
440 621 637 674 faciunt
666 628 720 669 ex
752 599 934 697 ιὶιωὶξιξε
967 601 1245 697 decimis
1290 639 1470 681 unum
1521 645 1727 697 panem.
1765 633 1870 686 Nos

288 717 479 758 autent
528 714 764 760 mensum
793 689 992 763 quidem
1031 694 1277 771 iPalus,
1340 713 1394 766 id
1435 728 1515 769 est
1559 719 1870 772 substantia:

290 809 502 846 nomen
551 795 634 846 vel
670 791 894 844 rationem
939 796 1455 856 comprehendere
1496 814 1588 855 aut
1631 806 1868 859 invenire

290 895 408 931 non
438 893 720 945 possumus
750 874 1107 930 :contitentes
1163 890 1368 938 tamen
1412 888 1644 953 Patrem,
1683 900 1734 943 et
1778 892 1868 944 Fi-

288 967 460 1026 lium,
506 984 673 1019 unum
721 966 929 1017 facimus
962 976 1176 1030 panem
1236 987 1308 1027 ex
1348 977 1551 1031 duabus
1600 980 1865 1034 decimis;

289 1072 410 1109 non
441 1068 502 1109 ut
536 1058 690 1124 panis
710 1071 839 1109 unus
860 1070 926 1110 ex
973 1071 1085 1110 una
1130 1061 1359 1119 decima
1402 1069 1515 1132 ﬁat,
1549 1081 1601 1123 ιτι
1648 1072 1779 1125 alius
1802 1087 1866 1125 ex

285 1144 428 1207 alia,
477 1156 540 1198 ut
594 1148 700 1200 sint
744 1147 870 1213 ipsae
898 1147 1013 1201 dua:
1047 1151 1292 1216 decium
1326 1169 1605 1224 separabo,
1633 1162 1723 1213 sed
1761 1163 1867 1215 sint

282 1235 418 1287 dua:
447 1236 574 1288 ista:
604 1237 820 1289 decium
853 1253 955 1289 una
1003 1253 1216 1305 massa,
1259 1255 1315 1297 et
1343 1262 1477 1299 unus
1506 1249 1675 1314 panis.
1719 1250 1864 1315 Quo-

284 1320 460 1371 modo
502 1321 631 1373 duae
656 1323 873 1377 decimae
902 1339 1006 1377 una
1042 1341 1231 1382 massa
1268 1331 1367 1383 ﬁt?
1396 1336 1515 1400 quia
1550 1351 1650 1388 non
1676 1352 1866 1403 separo

280 1404 499 1459 Filium
554 1422 589 1459 a
621 1409 800 1473 Patre,
831 1427 930 1466 nec
974 1413 1194 1469 Patrem
1230 1433 1262 1471 a
1309 1419 1443 1473 Filio
1476 1441 1489 1476 :
1526 1441 1544 1474 ι
1590 1426 1688 1489 Qui
1724 1428 1862 1479 enim

280 1497 426 1547 vidit
456 1511 571 1560 me,
620 1499 800 1565 inquit
840 1501 904 1565 “',
950 1504 1085 1556 vidit
1112 1515 1167 1557 ct
1217 1508 1447 1563 Patrem.
1484 1531 1502 1562 ι
1540 1513 1698 1567 Fiunt
1736 1530 1864 1584 ergo

281 1598 466 1651 panes
500 1587 711 1654 singuli
753 1605 818 1642 ex
872 1592 1078 1647 duabus
1129 1595 1378 1662 decimis,
1404 1610 1457 1654 et
1498 1615 1864 1669 propOuuntur

281 1674 507 1725 duabus
557 1677 952 1743 positionibus,
987 1682 1037 1734 id
1095 1692 1180 1736 est
1218 1683 1422 1741 duobus
1471 1692 1761 1746 ordinibus.
1804 1696 1859 1748 Si

282 1762 447 1814 enim
480 1779 594 1815 ulta
631 1767 832 1832 positio
863 1768 1038 1835 ﬁeret,
1069 1775 1327 1829 confusus
1361 1787 1413 1831 et
1449 1782 1734 1846 permistus
1777 1799 1863 1837 es-
1892 1750 1933 1801 Β

278 1860 374 1902 set
406 1867 603 1905 sermo
632 1856 702 1907 de
729 1855 892 1912 Patre
919 1874 981 1912 ac
1013 1861 1168 1915 Filio.
1202 1863 1350 1918 Nunc
1370 1877 1542 1921 autem
1582 1885 1720 1925 unus
1747 1875 1864 1941 qui-

276 1938 414 1990 dem
447 1951 536 1992 est
569 1944 757 2008 panis,
788 1961 894 1998 una
940 1950 1087 2002 enim
1122 1952 1370 2008 voluntas
1412 1967 1490 2009 est
1526 1970 1579 2012 et
1609 1975 1709 2013 una
1739 1938 1862 2016 sub-

277 2028 497 2080 stantia
543 2044 559 2079 :
596 2030 697 2082 sed
729 2033 854 2085 dua:
885 2044 1013 2088 sunt
1061 2039 1369 2104 positiones,
1419 2044 1468 2096 id
1493 2055 1573 2098 est
1603 2048 1718 2101 duae
1745 2065 1865 2117 per-

274 2130 552 2170 sonarum
590 2122 990 2187 proprietates.
1017 2124 1166 2178 Illum
1195 2130 1341 2182 enim
1375 2131 1608 2197 Patrem,
1639 2137 1728 2203 qui
1759 2153 1859 2189 non

274 2207 356 2257 sit
396 2206 597 2270 Filius,
623 2219 683 2262 et
710 2211 857 2264 hunc
880 2212 1073 2267 Filium
1100 2215 1329 2272 dicimus
1348 2221 1435 2287 qui
1459 2237 1561 2274 non
1586 2224 1655 2276 sit
1684 2223 1857 2279 Pater.

274 2293 353 2346 Et
374 2296 483 2347 hoc.
515 2301 686 2349 modo
725 2299 865 2353 duas
892 2302 1129 2355 decimas
1164 2304 1214 2357 in
1266 2322 1370 2360 uno
1403 2324 1536 2374 pane
1568 2325 1860 2374 servamus.

273 2393 335 2435 et
362 2384 507 2438 duas
544 2387 865 2453 positiones
896 2402 1023 2445 ante
1058 2393 1334 2445 Dominum
1378 2397 1708 2462 proﬁtemur.
1757 2401 1859 2453 Sed

275 2487 481 2526 revera
514 2479 737 2543 magni,
773 2488 836 2531 ut
871 2480 945 2531 ita
982 2482 1177 2544 dicam,
1225 2483 1496 2549 cujusdam
1549 2491 1764 2555 pistoris
1807 2503 1861 2544 et

274 2561 435 2614 docti
470 2564 718 2617 artiﬁcis
747 2573 855 2627 est,
883 2569 1039 2623 valde
1061 2571 1460 2642 diligenter(lO)
1488 2577 1618 2630 istas
1650 2593 1862 2634 servare

276 2665 603 2714 incusat-as,
656 2664 713 2707 et
747 2656 821 2707 ita
852 2666 1159 2724 temperare
1190 2662 1254 2713 de
1292 2661 1449 2717 Patre
1486 2673 1538 2718 et
1568 2665 1704 2718 Filio
1744 2683 1859 2720 ser-

276 2754 529 2806 monem,
583 2744 928 2812 conjungere
986 2748 1075 2800 ubi
1131 2760 1359 2815 oportet,
1402 2763 1457 2804 et
1513 2769 1723 2808 rursum
1772 2758 1858 2810 ubi

272 2833 554 2919 competit
603 2847 898 2899 St‘parare,
953 2845 1012 2887 ut
1081 2852 1251 2904 neque
1284 2841 1402 2893 dua:
1440 2856 1701 2896 mensura:
1762 2846 1859 2898 ali-

274 2921 508 2986 quando
540 2922 754 2985 desint,
799 2937 978 2990 neque
1011 2939 1244 2992 unquam
1276 2928 1378 2982 nisi
1414 2946 1551 2984 unus
1585 2934 1735 2999 panis
1768 2950 1861 3002 ap-

1433 333 1502 387 lN
1542 336 1906 392 LEVlTlCUM
1943 338 2221 394 HOMILIA
2246 342 2380 397 Xill.

284 445 406 504 tici.
432 405 916 517 etiametaim“)
958 411 1245 488 Patrem
1299 451 1611 517 recipiunt,
1648 463 1700 506 ct
1738 456 1870 507 Ver-
1895 458 1940 513 A

3405 357 3512 410 550

1969 455 2377 523 intelligibiliter
2401 458 2636 529 intellige
2661 476 2778 529 quze
2806 474 3141 531 apponuntur
3168 469 3285 523 tibi.
3317 488 3337 521 ι
3376 469 3506 535 Qua:

1970 553 2051 594 εεσει
2085 558 2211 612 ergo
2246 561 2424 598 mensa
2469 551 2697 614 potentis
2724 591 2737 615 ,
2770 553 2870 605 nisi
2904 568 3052 607 mens
3087 555 3198 624 (ll)
3230 559 3372 611 illius
3409 560 3501 626 qui
3537 542 3546 553 ’

1970 633 2273 687 dicebat":
2312 636 2537 690 «Omnia
2570 655 2784 706 possunt
2816 642 2868 692 in
2898 656 2961 695 eo
2989 646 3079 710 qui
3110 661 3195 697 me
3227 649 3500 700 confortat

1967 722 2201 784 Christo,
2228 744 2245 774 ι
2273 737 2321 777 ει
2351 727 2424 780 "z
2461 744 2480 776 ι
2506 729 2632 780 Cum
2660 730 2917 792 inﬁrmor,
2945 741 3067 785 tunc
3092 743 3280 799 potens
3300 738 3456 789 smn?
3477 757 3495 787 ν

1968 814 2021 865 In
2069 815 2219 867 istius
2266 817 2494 882 potentis
2529 833 2707 870 mensa
2747 820 2937 871 munda
2964 857 2980 884 ,
3011 823 3109 874 hoc
3144 833 3223 874 est
3259 825 3308 875 in
3348 826 3501 879 istius

1966 906 2145 967 corde,
2183 906 2233 957 in
2267 907 2431 973 ipsius
2475 918 2670 969 mente,
2704 908 2928 962 Domino
2962 912 3114 977 panis
3146 911 3386 969 oﬂ‘ertur.
3417 917 3496 967 Ad

1969 991 2125 1059 hujus
2149 996 2380 1058 potentis
2404 997 2638 1061 Apostoli
2669 1012 2903 1049 mensam
2932 1000 2973 1050 si
3000 1000 3151 1052 sedes
3171 1010 3496 1065 ctenaturu..-,

1966 1078 2363 1146 intelligibiliter
2404 1083 2638 1151 intellige
2687 1100 2802 1150 qua:
2838 1096 3179 1152 apponuntur
3231 1089 3324 1140 tibi
3352 1127 3366 1151 ,
3399 1093 3498 1142 hoc

1966 1176 2045 1217 est
2083 1166 2390 1232 spiritaliter
2432 1170 2647 1223 adverte
2691 1186 2807 1237 quae
2845 1173 3095 1225 dicuntur
3126 1178 3192 1227 ab
3222 1190 3284 1228 eo
3310 1214 3324 1237 ,
3357 1187 3412 1228 ut
3443 1187 3498 1229 et

1969 1261 2021 1303 tu
2054 1252 2226 1306 facere
2254 1258 2423 1320 possis
2452 1258 2588 1322 quod
2619 1259 2847 1311 additur.
2869 1259 2957 1312 Ait
2982 1261 3123 1312 enim
3154 1263 3226 1309 ἐξ
3261 1277 3281 1310 ι
3310 1261 3497 1316 Sciens

1965 1340 2087 1406 quia
2119 1341 2239 1392 talia
2275 1350 2325 1394 te
2354 1352 2564 1410 Oportet
2604 1360 2921 1412 praeparare.
2953 1365 2973 1397 ι

2032 1430 2086 1481 5.
2123 1429 2226 1482 Sed
2278 1431 2551 1485 videamus
2595 1436 2863 1502 quomodo
2915 1437 2966 1488 hi
3004 1437 3281 1490 duodecim
3332 1453 3498 1505 panes

1965 1530 2358 1584 proponantur:
2397 1538 2415 1569 ι
2450 1522 2589 1584 Dum,
2622 1523 2813 1589 inquit,
2844 1526 3154 1591 positiones,
3190 1525 3237 1575 in
3266 1541 3367 1576 una
3398 1541 3496 1592 po-

1962 1608 2152 1660 sitione
2180 1623 2273 1661 sex
2301 1624 2484 1676 panes.
2516 1627 2534 1658 ι
2572 1611 2822 1672 Putasne,
2855 1613 3022 1664 otiosa
3045 1624 3124 1664 est
3151 1613 3248 1665 ista
3273 1614 3498 1666 divisio?

1961 1697 2093 1761 Quid
2124 1710 2201 1751 est
2227 1701 2365 1767 quod
2391 1701 2732 1754 duodecimus
2761 1715 3015 1754 tnnuerus
3048 1701 3237 1753 iterum
3266 1703 3496 1768 partitur

1964 1788 2012 1838 in
2043 1788 2173 1839 sex?
2202 1788 2364 1839 llahet
2394 1790 2533 1839 enim
2568 1789 3018 1855 propinquitatem
3053 1791 3336 1854 quamdam
3370 1806 3490 1843 cum

1960 1876 2062 1928 hoc
2093 1876 2288 1928 mundo
2318 1876 2560 1929 senarius
2602 1890 2871 1929 numerus.
2902 1878 2958 1929 ln
2998 1893 3089 1929 sex
3123 1879 3261 1929 enim
3308 1880 3497 1933 dit-bus

1961 1963 2130 2017 factus
2173 1976 2255 2017 est
2284 1965 2385 2018 iste
2415 1965 2637 2019 visibilis
2666 1968 2917 2020 mundus.
2951 1969 3062 2021 Duo
3092 1969 3251 2034 igitur
3279 1969 3496 2023 ordines

1964 2056 2223 2106 habentur
2252 2055 2302 2106 iu
2339 2055 2439 2107 hoc
2468 2055 2682 2118 mundo,
2714 2056 2765 2107 id
2817 2066 2897 2108 est
2935 2056 3040 2109 duo
3080 2056 3272 2124 populi,
3304 2059 3391 2124 qui
3428 2058 3494 2109 ll-

1960 2142 2076 2192 dem
2107 2141 2279 2195 Patris
2309 2157 2372 2195 ac
2397 2143 2513 2194 Filii
2547 2143 2597 2193 in
2636 2158 2737 2194 una
2768 2143 2998 2196 Ecclesia
3036 2154 3280 2211 tanquam
3312 2145 3363 2196 in
3390 2159 3494 2197 una

1961 2244 2137 2281 mensa
2193 2232 2384 2283 munda
2421 2232 2751 2283 custodiunt.
2802 2231 2912 2283 «Et
2964 2233 3377 2298 superponitur,
3415 2234 3494 2284 in-

1960 2317 2070 2382 quit
2099 2316 2164 2377 ¹³,
2202 2332 2360 2383 super
2400 2318 2717 2385 positionem
2758 2318 2885 2371 thus
2921 2322 3198 2374 mundum.
3233 2341 3252 2372 ι
3295 2322 3492 2379 Thuris

1960 2406 2162 2472 species
2194 2406 2416 2458 formam
2453 2415 2595 2459 tenet
2625 2407 2948 2459 orationum.
2984 2406 3203 2474 Oportet
3236 2425 3361 2477 ergo
3394 2428 3491 2478 pa-

1962 2494 2115 2546 nibus
2179 2494 2296 2546 ﬁdei
2356 2496 2656 2547 orationum
2712 2495 3044 2562 vigilantiam
3099 2498 3495 2567 puritatemque

1960 2580 2298 2649 conjungere.
2334 2582 2469 2634 Pura
2496 2595 2669 2635 autem
2693 2583 2867 2635 oratio
2898 2591 2977 2634 cst
2997 2622 3011 2646 ,
3045 2586 3181 2637 sicut
3209 2585 3492 2654 Apostolus

1958 2671 2086 2723 dicit
2123 2671 2203 2720 ’δε
2249 2689 2265 2720 ι
2292 2671 2555 2723 Levautes
2595 2685 2752 2736 puras
2784 2686 2971 2724 manus
3000 2675 3115 2727 sine
3146 2675 3222 2726 ira
3250 2686 3301 2728 et
3327 2678 3494 2729 disce-

1959 2761 2211 2826 ptatione.
2251 2778 2269 2809 ι
2321 2760 2489 2811 Simul
2527 2772 2580 2813 et
2628 2762 2808 2813 odoris
2840 2763 3074 2814 suavitas
3125 2764 3328 2830 impleri
3381 2767 3490 2835 (12)

1956 2848 2086 2901 facit
2117 2850 2242 2901 illud
2272 2850 2411 2915 quod
2444 2849 2701 2916 scriptum
2733 2859 2814 2903 est
2840 2850 2913 2902 ’δε
2964 2868 2983 2900 ι
3007 2852 3279 2919 Dirigatur
3319 2856 3492 2907 oratio

1958 2950 2073 2989 mea
2118 2938 2255 2990 sicut
2308 2938 2582 2989 incensum
2634 2939 2683 2989 in
2737 2949 3022 3005 conspectu
3080 2951 3184 2994 tuo.
3214 2959 3232 2991 ι
3279 2942 3331 2995 Si
3374 2945 3492 3010 quis

274 3018 499 3075 pareat.
553 3010 867 3064 Duodecim
921 3027 1051 3081 ergo
1101 3030 1265 3081 panes
1299 3033 1364 3070 ex
1409 3019 1508 3072 ista
1544 3022 1713 3075 simila
1746 3023 1854 3078 ﬁeri
1882 3039 1928 3096 ε
1959 3041 2084 3093 ergo
2109 3028 2377 3079 orationes
2402 3027 2615 3093 quidem
2646 3026 2833 3079 offerat
2868 3029 3013 3091 Deo,
3044 3045 3145 3081 non
3192 3040 3363 3082 tamen
3396 3033 3491 3084 ha-

278 3099 631 3150 maudantur
670 3102 979 3152 secundum
1014 3117 1293 3157 numerum
1329 3106 1559 3161 tribuum
1585 3124 1703 3176 quae
1735 3120 1858 3166 tunc

274 3203 443 3247 erant
499 3192 755 3245 carnalis
804 3192 999 3248 Israel.
1038 3194 1092 3246 in
1127 3211 1234 3264 quo
1270 3199 1400 3251 mihi
1435 3201 1643 3255 videtur
1687 3203 1854 3257 forma

272 3281 447 3334 tuti-ts
466 3292 754 3334 creatura:
773 3283 1055 3338 rationalis
1083 3287 1364 3343 contineri.
1395 3288 1679 3344 Duodecim
1709 3309 1856 3345 nam-

270 3382 389 3432 que
417 3376 695 3434 putantur
713 3382 838 3421 esse
864 3371 1146 3437 generales
1165 3374 1379 3427 ordines
1410 3377 1684 3432 rationalis
1706 3396 1858 3432 crea-

273 3464 441 3520 turae,
472 3471 721 3524 quormn
747 3458 917 3524 ﬁgura
934 3468 1050 3512 erat
1089 3462 1140 3513 in
1175 3462 1276 3516 illis
1299 3463 1574 3518 duodecim
1594 3467 1854 3524 tribubus.

272 3547 333 3600 lu
364 3550 576 3613 quibus
608 3557 736 3601 erat
767 3564 909 3602 unus
940 3551 1155 3617 quidam
1183 3554 1316 3606 ordo
1349 3556 1559 3623 regalis,
1584 3558 1670 3623 qui
1692 3557 1857 3611 Jtnlas

268 3634 445 3704 357
494 3635 842 3688 nominatur.
880 3636 1032 3690 Alius
1067 3647 1184 3691 erat
1230 3641 1360 3693 ordo
1389 3645 1736 3698 sacerdotalis
1759 3685 1774 3709 ,
1805 3656 1859 3698 et

266 3722 408 3776 Levi
440 3724 783 3793 appellatur.
835 3724 966 3779 Erat
994 3736 1050 3779 et
1082 3727 1218 3780 alius
1258 3730 1391 3782 ordo
1420 3729 1569 3785 Iuda:
1611 3734 1814 3787 vicinus
1837 3774 1851 3795 ,

268 3814 370 3879 qui
431 3812 728 3878 Beniamin
762 3813 964 3866 dicitur
988 3853 1004 3877 ,
1055 3816 1106 3867 in
1140 3832 1247 3884 quo
1277 3820 1463 3872 ordine
1499 3830 1553 3873 et
1605 3822 1851 3890 templum

270 3900 396 3964 Dei,
428 3912 489 3955 et
520 3903 705 3956 altare
742 3903 1065 3957 collocatum
1096 3914 1194 3959 est.
1224 3908 1376 3962 Alius
1411 3911 1540 3963 ordo
1570 3911 1814 3964 Issacbar
1837 3951 1852 3976 ,

268 3999 325 4043 et
355 3992 638 4053 Zabnlou,
669 4001 723 4044 et
757 3992 1013 4060 Ephrem,
1047 3995 1245 4063 aliique
1269 4012 1404 4065 quos
1427 4002 1738 4054 nominatim
1767 4004 1856 4055 de-

268 4084 461 4150 signat
508 4083 807 4149 Scriptura
845 4083 1049 4146 divina,
1082 4100 1305 4151 quorum
1354 4090 1612 4143 rationem
1641 4108 1741 4143 non
1773 4105 1854 4145 est

271 4188 424 4225 nunc
464 4172 744 4239 temporis
774 4172 1066 4237 explicare.
1103 4174 1199 4226 Est
1233 4190 1407 4230 tamen
1438 4181 1854 4249 uniuscujusque

274 4262 475 4325 II’IDIIS,
508 4262 594 4314 vel
623 4261 839 4313 ordinis
872 4263 1023 4328 panis
1050 4273 1172 4316 ante
1206 4266 1508 4320 Dominum.
1543 4269 1605 4321 Et
1632 4273 1757 4324 licet
1783 4274 1850 4324 sit

269 4351 459 4419 aliqua
495 4350 701 4413 tribus,
734 4365 857 4417 qua:
887 4365 992 4403 non
1024 4365 1087 4404 ex
1121 4352 1309 4416 libera,
1342 4357 1434 4408 sed
1466 4372 1531 4408 ex
1560 4362 1851 4413 concubina
1872 4333 1929 4387 Β

270 4442 441 4494 Israel
481 4440 832 4502 descendat,
858 4451 913 4492 et
947 4457 1011 4494 ex
1042 4452 1196 4510 parte
1229 4444 1392 4497 libera
1417 4486 1432 4509 ,
1468 4462 1532 4498 ex
1565 4457 1855 4514 parteser-

268 4532 399 4585 vilis
431 4532 548 4595 sit,
585 4540 774 4583 tatnen
825 4545 922 4596 pro
966 4532 1219 4583 omnibus
1265 4546 1331 4583 ex
1383 4534 1591 4586 duabus
1638 4537 1855 4590 decimis

270 4622 435 4689 panis
482 4619 827 4688 proponitur
867 4631 989 4671 ante
1043 4621 1367 4684 Dominum,
1408 4630 1463 4672 ct
1502 4623 1554 4673 in
1599 4625 1856 4679 universis

267 4710 396 4763 dua:
432 4710 675 4762 decima:
729 4708 1052 4773 similaginis
1091 4718 1364 4761 constant.
1398 4708 1624 4774 Proponi
1674 4723 1847 4766 autem

258 4797 540 4865 iubentur
571 4810 744 4863 supra
780 4811 1018 4849 mensam
1061 4797 1345 4848 mundam.
1393 4796 1522 4860 Quis
1554 4808 1725 4851 autem
1759 4816 1855 4854 no-

267 4898 451 4940 strum
489 4896 599 4948 est,
631 4885 724 4953 qui
760 4886 830 4936 ita
859 4886 1056 4938 habent
1088 4899 1338 4937 mensam
1373 4885 1639 4949 mundam,
1674 4897 1730 4940 ut
1762 4906 1853 4957 pa-

266 4991 373 5029 nes
430 4989 603 5044 super
652 4959 771 5026 eam
818 4973 1049 5026 Domino
1102 4972 1453 5024 olferantur?
1500 4990 1518 5023 ι
1558 4974 1611 5027 Si
1654 4979 1856 5034 sederis

265 5064 475 5132 (inquit
522 5062 786 5116 Salomon
822 5062 909 5129 ι³)
943 5074 1174 5114 cauare
1215 5060 1285 5110 ad
1320 5074 1551 5113 mensam
1583 5069 1815 5129 potentis
1839 5107 1855 5132 ,

342 5200 386 5231 ³⁸
406 5196 573 5252 Joan.
603 5213 712 5258 xrv,
744 5200 797 5254 9.

265 5282 419 5328 ιχιν,
443 5268 500 5319 7.
580 5266 625 5298 ’“
654 5266 675 5319 1
707 5267 848 5320 Tim.
884 5279 948 5324 ιι,
986 5261 1038 5314 8.

266 5382 449 5504 m510)
474 5384 629 5437 Libb.
663 5383 819 5444 editi,
845 5397 866 5429 ι
900 5386 956 5429 ει
986 5375 1151 5426 valde
1182 5371 1484 5439 artiﬁciosi,
1511 5378 1848 5447 diligenter,»

396 5470 523 5504 mss.
555 5465 612 5504 ιιι
648 5453 700 5503 iu
735 5459 936 5502 nostro
974 5450 1156 5494 textu.
1295 5503 1298 5504 ν

396 5450 523 5507 mss.
555 5465 612 5505 ιιι
648 5453 700 5503 in
735 5459 936 5502 nostro
974 5450 1156 5515 textu.
1270 5503 1302 5515 η

371 5522 419 5573 η
483 5522 639 5583 ηδε..
677 5538 696 5568 ε
726 5528 911 5568 mens,
949 5527 969 5559 ι
1014 5522 1175 5583 rrum.
1214 5522 1344 5555 cum
1371 5546 1387 5568 ,
1439 5527 1456 5557 ι
1484 5525 1669 5588 mensa.
1703 5535 1723 5565 ι

371 5522 444 5658 l2;
487 5590 645 5645 Lib“.
697 5583 836 5640 um;
868 5621 884 5644 ,
943 5592 964 5623 ε
999 5570 1258 5626 snnthter
1299 5581 1353 5622 et
1397 5577 1558 5632 odoris
1589 5583 1847 5641 suavitas

880 5197 922 5227 ιο
951 5193 1326 5266 [Ἴσοι-,λ-ιιίι-ιιι2
1368 5192 1418 5244 1.
1489 5195 1756 5266 ὀ-ΡΙιίΙίρ.
1794 5217 1867 5265 ιν,

1960 3117 2077 3167 beat
2120 3116 2367 3168 mundam
2398 3116 2777 3168 conscientiam
2818 3117 2883 3169 ab
2917 3119 3163 3184 operibus
3194 3120 3374 3172 malis:
3405 3122 3491 3173 hic

1906 3205 1918 3215 ’
1959 3204 2078 3257 thus
2103 3206 2311 3270 quidem
2344 3205 2558 3255 videtur
2597 3205 2823 3269 panibus
2855 3219 3231 3273 superponere,
3263 3212 3352 3261 sed
3387 3225 3490 3261 non

1957 3293 2165 3361 penitus
2198 3293 2307 3361 (l3)
2338 3294 2609 3346 unmdtnn.
2646 3292 2778 3345 Nam
2806 3294 2850 3346 si
2889 3310 3046 3347 onme
3081 3298 3202 3348 thus
3234 3299 3487 3351 mundum

1955 3389 2093 3432 esset
2116 3421 2131 3445 ,
2161 3397 2261 3432 non
2292 3381 2474 3446 utique
2506 3381 2797 3433 addidisset
2829 3381 3127 3450 Scriptura,
3165 3386 3284 3438 thus
3333 3402 3491 3438 mnu-

1955 3469 2076 3518 dum
2101 3483 2259 3534 super
2291 3482 2449 3534 panes
2494 3468 2870 3534 propositionis
2899 3473 3199 3536 ponendum
3237 3483 3358 3525 ante
3392 3474 3492 3525 Do-

1958 3558 2179 3607 minmn.
2206 3556 2311 3609 Nec
2339 3557 2479 3608 enim
2509 3565 2663 3622 putes
2691 3560 2828 3622 quod
2858 3560 3196 3623 omnipotens
3224 3563 3360 3614 Deus
3389 3564 3490 3614 hoc

1959 3645 2261 3704 mandabat,
2283 3653 2330 3695 et
2364 3644 2464 3695 hoc
2493 3643 2605 3710 lege
2631 3645 2928 3707 sanciebat,
2958 3657 3015 3698 ut
3044 3646 3164 3699 thus
3187 3649 3237 3700 ei
3269 3664 3333 3700 ex
3357 3650 3491 3701 Ara-

1957 3736 2038 3788 bia
2071 3733 2386 3787 deferretur.
2420 3733 2521 3786 Sed
2566 3735 2665 3786 hoc
2694 3745 2775 3787 est
2806 3735 2929 3787 thus
2958 3740 3094 3802 quod
3133 3737 3265 3790 Deus
3295 3740 3360 3791 ab
3389 3740 3488 3791 ho-

1957 3824 2181 3877 minibus
2231 3825 2328 3876 sibi
2364 3824 2553 3890 quanit
2584 3822 2760 3876 olferri
2786 3860 2800 3884 ,
2836 3838 2900 3875 ex
2933 3840 3038 3890 quo
3075 3827 3215 3892 capit
3269 3829 3485 3879 odorem

1954 3914 2231 3964 suavitatis
2257 3950 2272 3974 ,
2310 3912 2580 3965 orationes
2615 3926 2680 3964 ex
2717 3914 2874 3964 corde
2907 3928 3040 3980 puro
3068 3925 3124 3966 et
3160 3917 3485 3969 conscientia

1954 4003 2086 4056 bona
2115 4040 2128 4063 ,
2165 4002 2214 4053 in
2282 4003 2473 4068 quibus
2513 4016 2634 4054 vere
2685 4003 2822 4055 Deus
2874 4006 3095 4072 suscipit
3134 4004 3484 4071 ﬂagrantiam

1953 4092 2250 4143 suavitatis.
2293 4108 2311 4139 ι
2339 4091 2403 4143 Ει
2434 4101 2610 4151 ει·ιιιιι,
2644 4091 2816 4157 inquit
2851 4093 2916 4157 “,
2963 4108 3127 4161 panes
3161 4096 3212 4146 in
3251 4111 3487 4147 comme-

1955 4182 2296 4235 morationem
2323 4182 2575 4248 propositi
2607 4192 2726 4234 ante
2755 4183 3050 4235 Domimnn.
3086 4184 3138 4236 In
3165 4187 3249 4236 die
3282 4186 3491 4238 Sabba-

1953 4276 2128 4318 torum
2163 4266 2468 4334 proponetis
2496 4281 2577 4318 ea.
2610 4287 2629 4318 ι
2668 4268 2723 4321 Si
2755 4271 2984 4321 nondum
3019 4271 3113 4322 tibi
3144 4274 3485 4327 manifestum

1954 4366 2033 4408 est
2056 4356 2165 4424 (14)
2193 4358 2315 4421 quia
2349 4370 2516 4423 panes
2549 4357 2636 4410 isti
2662 4359 2877 4410 verbum
2905 4359 2992 4410 Dei
3021 4368 3123 4421 e..t,
3157 4373 3219 4412 ex
3248 4362 3328 4413 his
3350 4377 3489 4414 nunc

1954 4445 2289 4498 sermonibus
2320 4448 2654 4498 conﬁrmare.
2695 4445 2831 4510 Quid
2865 4456 2945 4500 est
2983 4449 3123 4501 enim
3170 4451 3307 4515 quod
3338 4448 3489 4501 nobis

1954 4535 2514 4588 commemorationem
2555 4536 2648 4588 Dei
2688 4535 2845 4590 faciat
2874 4537 2896 4588 ?
2932 4537 3067 4602 Quid
3104 4547 3186 4590 est
3222 4540 3361 4605 quod
3395 4555 3490 4590 nos

1958 4624 2022 4675 ad
2056 4623 2362 4675 memoriam
2390 4624 2610 4691 iustitia:
2634 4662 2650 4687 ,
2676 4633 2729 4677 et
2762 4625 2920 4677 totius
2955 4626 3076 4678 boni
3113 4636 3358 4689 revocet,
3386 4627 3486 4679 nisi

1957 4712 2171 4764 verbum
2206 4712 2343 4765 Dei?
2378 4712 2499 4764 Ideo
2550 4726 2673 4780 ergo
2707 4714 2832 4765 dicit
2861 4752 2875 4774 ,
2904 4716 3025 4780 quia
3062 4725 3216 4767 crnnt
3247 4716 3297 4766 in
3340 4729 3488 4767 emn-

1958 4802 2390 4854 memoratiouem
2425 4801 2677 4868 propositi
2719 4812 2842 4854 ante
2893 4804 3190 4854 Dominmn.
3240 4803 3397 4855 Addit
3433 4810 3488 4855 et.

1959 4890 2010 4942 in
2043 4891 2124 4943 die
2149 4889 2522 4948 Sabbalorum,
2553 4890 2604 4941 id
2650 4897 2732 4943 est
2774 4891 2827 4943 in
2860 4893 3042 4957 requie
3071 4892 3387 4943 anitnarnm.
3423 4892 3488 4942 Et

1959 4996 2075 5048 quze
2099 4978 2265 5045 maior
2292 4977 2430 5030 ﬁdeli
2460 4979 2648 5030 animae
2672 4981 2880 5046 requies
2902 4996 3058 5047 quam
3090 4981 3340 5032 tnenmria
3371 4978 3490 5031 Dei?

1963 5086 2117 5139 quam
2153 5069 2203 5122 in
2231 5074 2514 5136 conspectu
2548 5069 2635 5121 Dci
2659 5070 2894 5123 versari?
2919 5085 3074 5134 quam
3100 5070 3152 5119 in
3186 5070 3286 5121 ﬁde
3315 5067 3490 5118 Patris

2083 5202 2126 5234 ²¹
2158 5202 2196 5253 ll
2233 5201 2354 5253 Cor.
2385 5215 2484 5265 xu,
2521 5200 2604 5254 l0.
2678 5201 2893 5253 “Prov.
2926 5214 3074 5258 χχιιι,
3112 5198 3167 5249 2.
3244 5198 3288 5230 ³⁸
3315 5196 3485 5247 Levit.

1900 5205 1983 5257 l5.

1124 5260 1171 5290 ⁸³
1200 5258 1345 5312 Psal.
1381 5272 1515 5326 cxu,
1541 5264 1589 5317 2.
1659 5258 1716 5298 ’θ’
1741 5258 1919 5326 Levit.
1947 5286 2090 5334 xxw,
2127 5272 2180 5333 7,
2210 5270 2265 5323 8.

1962 5386 2213 5456 implere,
2236 5402 2255 5434 ι
2290 5385 2549 5456 sed_tnss.
2583 5392 2641 5436 ut
2676 5385 2725 5434 in
2760 5393 2940 5456 nostro
2974 5386 3139 5456 textu:
3172 5444 3199 5456 Ἰ
3225 5445 3236 5456 ι
3334 5454 3349 5456 ὦ
3377 5436 3452 5456 ’Μ

2028 5441 2134 5521 (15)
2179 5441 2352 5505 Codex
2388 5451 2690 5517 Sattgertn.,
2741 5447 3009 5514 tpcnitus.
3043 5460 3062 5490 ι
3122 5441 3275 5496 Libb.
3327 5441 3488 5498 editi,

1965 5532 2143 5588 tpnntt
2172 5522 2314 5588 thus.
2342 5536 2360 5568 ι

2029 5588 2137 5658 (14)
2168 5587 2316 5640 Libb.
2363 5585 2522 5649 editi,
2559 5602 2578 5634 ι
2607 5591 2738 5638 erat.
2772 5597 2794 5631 ι
