3948 6240
409 322 507 377 Mil

1849 302 2164 362 ORIGENIS

3667 280 3772 333 55?.

407 445 472 482 ac
506 427 622 479 Filii
675 426 1032 494 permanere?
1075 439 1231 493 quam
1264 424 1534 477 orationes
1577 420 1800 474 Domino
1828 428 1944 472 tan-
1972 421 2014 475 Α
2043 412 2312 485 parabolis
2337 451 2352 476 ,
2385 410 2474 478 qui
2520 406 2858 494 communis
2904 413 3016 494 rest
3070 395 3282 467 vulgi.
3344 410 3367 443 ι
3428 389 3772 494 ιοεῖιιῖςξῄω

409 531 564 582 quam
614 515 830 567 odorem
865 515 1146 568 suavitatis
1179 513 1406 565 oﬂ'erre?
1443 529 1463 562 ι
1503 511 1938 570 Testamentum,

408 604 584 672 inquit
611 604 677 668 ⁸⁷,
701 615 958 658 aeternum
986 606 1089 656 erit
1111 604 1286 654 Aaron
1313 611 1365 654 et
1393 601 1516 652 ﬁliis
1543 601 1676 664 ejus,
1712 608 1764 651 et
1794 612 1941 649 nian-

409 689 682 742 ducabunt
705 705 765 742 ea
795 691 845 742 in
875 689 989 742 loco
1018 698 1221 742 sancio.
1249 707 1268 738 ι
1310 689 1482 740 Aaron
1513 695 1566 740 et
1591 687 1681 738 ﬁlii
1709 686 1822 754 ejus
1854 699 1942 752 ge-

412 794 511 832 nus
543 790 624 833 est
671 781 896 834 electum
926 819 941 844 ,
983 795 1148 848 genus
1188 778 1516 832 sacerdotale
1541 816 1556 840 ,
1588 778 1781 845 quibus
1831 777 1944 829 haec

413 869 588 935 portio
642 880 944 922 sanctorum
998 872 1223 920 donatur
1273 882 1300 918 a
1362 866 1511 928 Deo,
1560 867 1698 932 quod
1762 879 1941 918 sumus

413 970 600 1008 utnnes
640 956 727 1023 qui
760 956 1025 1008 credimus
1056 955 1107 1006 in
1134 954 1368 1006 Christo.
1392 951 1588 1004 Locum
1621 960 1792 1002 autem
1822 966 1944 1002 san-

411 1054 554 1098 ctum
586 1060 684 1112 ego
721 1047 771 1096 in
824 1045 982 1097 terris
1025 1058 1125 1095 non
1176 1042 1388 1107 requiro
1440 1041 1704 1106 pomum.
1751 1039 1841 1091 sed
1889 1038 1941 1090 in

413 1133 590 1186 corde.
627 1133 795 1186 Locus
826 1133 964 1186 enim
1000 1131 1197 1184 dicitur
1226 1138 1444 1183 sanctus
1465 1167 1480 1189 ,
1513 1127 1790 1181 rationalis
1828 1126 1944 1179 ani-

413 1239 518 1285 ma,
552 1233 764 1290 propter
790 1221 927 1288 quod
957 1231 1008 1272 ct
1031 1219 1314 1288 Apostolus
1339 1217 1469 1269 dicit
1497 1217 1540 1248 ³⁸
1566 1231 1580 1264 :
1618 1233 1636 1264 ι
1662 1216 1836 1268 Nolite
1867 1215 1944 1268 lo-

413 1327 532 1364 cum
555 1312 682 1362 dare
701 1310 928 1361 diabolo.
947 1306 1164 1359 tAnima
1177 1318 1424 1373 ergomea
1448 1306 1595 1360 locus
1616 1317 1714 1367 est,
1735 1305 1776 1358 si
1809 1305 1944 1359 male

410 1416 531 1470 ago,
559 1399 752 1452 diaboli
788 1415 801 1451 :
831 1399 873 1452 si
903 1398 1056 1460 bene,
1087 1396 1200 1450 Dei.
1231 1395 1468 1463 Denique
1493 1407 1545 1449 et
1576 1397 1794 1464 spiritus
1825 1411 1940 1447 ma-

408 1487 584 1556 lignus
624 1504 643 1536 (
667 1502 784 1539 cum
809 1524 826 1549 ,
857 1486 1025 1553 inquit
1053 1486 1118 1547 “,
1153 1485 1344 1538 exierit
1383 1485 1449 1538 ab
1483 1486 1692 1538 homine
1716 1523 1730 1545 ,
1759 1494 1811 1538 et
1837 1483 1942 1536 cir-

409 1578 605 1630 cuierit
633 1575 745 1628 loca
779 1575 925 1627 arida
947 1613 961 1636 ,
993 1583 1044 1625 et
1077 1573 1310 1638 requiem
1344 1587 1446 1624 non
1486 1573 1786 1631 invenerit,
1819 1581 1944 1622 tunc

409 1663 563 1716 dicit:
593 1663 848 1722 Revertar
874 1659 938 1712 ad
971 1660 1140 1712 locum
1172 1673 1343 1710 meum
1374 1660 1510 1710 unde
1539 1658 1697 1710 exivi.
1727 1677 1743 1702 ι
1777 1657 1944 1709 Locus

2039 483 2290 553 ieternale
2312 497 2417 549 hoc
2453 495 2563 546 erit
2589 494 2660 547 ³⁸.
2695 511 2720 544 ι
2774 490 3166 558 Legitimum
3216 493 3497 547 namque
3528 485 3587 528 et
3612 483 3774 528 aeter-

2040 602 2166 641 num
2196 593 2278 639 est
2314 597 2479 638 omne
2513 582 2664 650 quod
2703 580 3046 649 mysticum
3093 582 3228 628 est.
3268 569 3431 624 Nam
3467 565 3773 636 praesentia

2042 678 2158 731 haec
2203 673 2491 742 etpassim
2520 670 2806 731 visibilia,
2844 663 3236 735 temporalia
3278 668 3429 713 sunt
3456 695 3474 717 ,
3509 666 3571 707 et
3608 653 3772 706 ﬁnem

2041 770 2152 822 cito
2189 765 2520 832 accipiunt:
2559 779 2578 812 ι
2603 759 2876 816 Praeterit
2903 758 3078 811 enim
3112 751 3385 805 habitus
3414 745 3599 812 hujus
3622 759 3772 832 mun-

2044 859 2094 909 di
2133 855 2197 906 ³⁵.
2221 872 2239 904 ι
2276 831 2432 918 Quod
2465 851 2508 904 si
2541 851 2708 916 hujus
2735 847 2940 901 mundi
2977 839 3312 913 praeterit,
3341 835 3486 889 sine
3518 831 3694 886 dubio
3722 839 3776 884 et

2043 947 2234 998 litterae
2263 941 2484 995 habitus
2517 939 2796 1008 przeterit,
2821 945 2885 990 et
2922 938 3204 986 manent
3248 926 3358 978 illa
3406 937 3546 992 qua:
3569 931 3777 975 aeterna

2045 1041 2192 1097 sunt,
2217 1045 2338 1098 quae
2359 1043 2558 1084 sensus
2583 1027 2853 1082 continet
2872 1019 3224 1092 spiritalis.
3263 1014 3332 1068 Si
3370 1028 3520 1081 ergo
3558 1011 3779 1064 intelle-

2043 1122 2224 1174 ximus
2252 1120 2432 1186 primo
2467 1118 2753 1187 quomodo
2788 1116 2947 1178 Deus
2977 1108 3392 1178 loquebatur
3417 1104 3494 1156 ad
3525 1101 3777 1172 Moysen,

2044 1219 2098 1264 et
2126 1210 2338 1280 Moyses
2369 1209 2498 1262 ﬁliis
2526 1207 2722 1274 Israel,
2756 1203 3034 1274 secundo
3069 1198 3278 1254 etiam
3321 1197 3626 1248 rationem
3657 1208 3780 1247 can-

2046 1301 2252 1355 delabri
2291 1300 2503 1361 mundi,
2529 1308 2587 1354 et
2616 1299 3039 1357 lucernarum,
3087 1300 3296 1358 atque
3329 1288 3454 1342 olei
3490 1288 3641 1354 eius.
3677 1295 3780 1338 ler-

2047 1394 2119 1444 tio
2146 1405 2364 1459 quoque
2402 1404 2574 1458 panes
2629 1383 3076 1457 propositionis
3137 1394 3220 1432 ex
3263 1379 3514 1432 duabus
3549 1377 3778 1430 decimis

2044 1481 2292 1550 singulos
2330 1479 2613 1532 confectos
2649 1475 2987 1531 secundum
3051 1468 3196 1540 (18)
3240 1468 3631 1520 voluntatem
3673 1465 3779 1533 spi-

2045 1569 2185 1622 ritus
2225 1568 2616 1628 intelleximus,
2655 1567 2864 1618 demus
2906 1575 3190 1629 operam
3226 1556 3553 1626 quomodo
3581 1565 3641 1609 et
3685 1568 3780 1606 nos

2047 1659 2149 1712 hoc
2185 1666 2334 1710 tanto
2364 1668 2417 1709 et
2455 1665 2565 1708 tam
2600 1653 2841 1707 sublimi
2890 1650 3248 1704 intellectu
3307 1659 3434 1698 non
3473 1641 3782 1697 eﬂiciamnr

407 1765 534 1819 ergo
565 1759 780 1803 sanctus
811 1750 982 1800 anima
1009 1758 1090 1800 est
1113 1763 1266 1815 pura.
1298 1747 1352 1798 In
1388 1762 1493 1814 quo
1519 1745 1633 1799 loco
1663 1747 1822 1798 edere
1848 1761 1944 1797 no-
1977 1735 2018 1787 Β
2049 1744 2250 1812 indigni
2279 1760 2293 1795 :
2323 1743 2417 1796 sed
2465 1753 2526 1794 ut
2566 1741 2757 1794 anima
2792 1743 3010 1793 nostra
3065 1736 3259 1802 prius
3295 1733 3410 1786 ﬁat
3456 1734 3623 1787 locus
3660 1746 3781 1785 san-

409 1839 492 1892 bis
521 1840 796 1890 mandatur
826 1839 998 1889 cibum
1034 1836 1181 1888 verbi
1215 1835 1328 1888 Dei.
1364 1835 1546 1902 Neque
1579 1834 1722 1886 enim
1755 1847 1946 1886 conve-

411 1925 491 1976 nit
539 1934 595 1977 nt
637 1933 819 1978 sancta
859 1925 1018 1978 verba
1056 1925 1233 1975 anima
1281 1936 1386 1975 non
1416 1932 1599 1974 sancta
1648 1921 1944 1988 suscipiat;

412 2014 502 2066 sed
531 2028 647 2065 cum
674 2013 1033 2081 puriﬁcaverit
1061 2026 1117 2064 se
1141 2016 1206 2063 ab
1228 2010 1371 2063 omni
1404 2009 1807 2076 inquinamento
1835 2022 1949 2062 car-

412 2105 497 2155 nis
527 2110 581 2154 et
629 2116 836 2154 morum
867 2139 882 2165 ,
935 2111 1060 2153 tunc
1109 2099 1256 2153 locus
1301 2107 1518 2152 sanctus
1548 2095 1734 2150 effecta
1767 2095 1946 2149 cibum

413 2190 590 2256 capiat
614 2189 766 2256 panis
788 2189 925 2242 illius
946 2189 1055 2256 (15)
1074 2189 1163 2256 qui
1187 2190 1252 2241 de
1271 2188 1408 2242 coelo
1434 2187 1732 2241 descendit.
1760 2183 1948 2239 Nonne

412 2277 601 2329 melius
633 2277 710 2329 sic
741 2277 1054 2345 intelligitur
1098 2277 1244 2330 locus
1275 2285 1508 2342 sanctus,
1537 2290 1697 2343 quam
1723 2276 1765 2329 si
1797 2285 1950 2342 pute-

411 2380 530 2418 mus
562 2373 889 2418 structuram
928 2365 1156 2432 lapidum
1186 2365 1572 2418 insensibilium
1616 2365 1790 2418 locum
1822 2378 1947 2416 san-

410 2465 556 2511 ctum
593 2454 895 2508 nominari?
937 2454 1086 2509 Unde
1133 2455 1296 2509 simili
1345 2454 1501 2507 modo
1532 2454 1692 2508 etiam
1739 2455 1834 2508 tibi
1865 2454 1948 2506 lex

412 2545 512 2596 ista
543 2543 872 2610 proponitur,
911 2550 967 2593 ut
995 2557 1116 2594 cum
1149 2543 1423 2609 acceperis
1449 2554 1638 2608 panem
1667 2541 1950 2610 mysticum

413 2632 466 2684 in
498 2631 614 2684 loco
660 2633 858 2685 mundo
892 2631 1176 2683 manduces
1204 2645 1359 2683 eum:
1391 2630 1492 2682 hoc
1523 2639 1626 2692 est,
1655 2644 1722 2683 ne
1750 2629 1801 2680 in
1832 2630 1951 2681 ani-

411 2733 498 2772 ma
529 2719 888 2772 contaminata
935 2728 990 2772 et
1032 2719 1264 2786 peccatis
1294 2717 1493 2785 polluta
1522 2716 1786 2770 Dominici
1830 2732 1953 2771 cor-

412 2807 558 2875 poris
603 2817 938 2860 sacramenta
998 2806 1308 2873 percipias:
1380 2822 1400 2854 σ
1452 2804 1768 2879 Quicunque
1810 2805 1950 2858 enim

411 2897 840 2956 manducaverit,
880 2897 1048 2964 inquit
1077 2896 1140 2956 ³ο,
1176 2908 1386 2964 panem,
1416 2902 1469 2946 et
1494 2892 1690 2946 biberit
1731 2891 1951 2946 calicem

413 2985 618 3037 Domini
652 2983 887 3052 indigne,
918 2997 1042 3036 reus
1065 2984 1168 3036 erit
1198 2981 1440 3048 corporis
1471 2989 1526 3034 et
1553 2980 1828 3048 sanguinis
1857 2979 1954 3034 Do-

413 3075 564 3126 mini.
596 3073 793 3126 Probet
817 3082 994 3125 autem
1027 3086 1085 3124 se
1114 3071 1496 3138 unusquisque,
1529 3079 1584 3122 et
1616 3078 1740 3122 tunc
1764 3071 1829 3123 de
1855 3083 1951 3138 pa-

411 3179 480 3219 ne
509 3166 809 3225 manducet,
838 3172 892 3216 et
922 3163 986 3215 de
1015 3161 1184 3213 calice
1213 3160 1376 3214 bibat.
1405 3177 1425 3210 ι

479 3252 530 3304 6.
574 3270 592 3302 ι
619 3251 812 3305 Sancta
845 3251 986 3303 enim
1015 3257 1320 3302 sanctorum
1343 3255 1468 3300 sunt
1496 3247 1561 3298 ³¹.
1582 3263 1600 3296 ι
1633 3243 1792 3298 Vides
1818 3260 1950 3313 quo-

413 3341 569 3392 modo
611 3356 713 3392 non
764 3339 898 3392 dixit
943 3347 1126 3391 sancta
1166 3334 1564 3400 tantunnnodo,
1614 3333 1708 3386 sed
1752 3335 1949 3388 Sancta

412 3437 752 3480 sanctorum:
793 3439 850 3478 ut
893 3426 940 3479 si
991 3425 1226 3486 diceret,
1260 3425 1408 3477 cibus
1461 3424 1562 3476 iste
1593 3431 1810 3476 sanctus
1843 3436 1950 3476 non

415 3528 496 3570 est
526 3517 824 3572 communis
851 3516 1090 3569 onmium
1119 3529 1220 3568 nec
1248 3513 1607 3581 cujuscunque
1632 3514 1794 3583 258
1815 3514 1952 3569 indi-

412 3607 498 3674 ειιί
526 3644 541 3668 ,
589 3607 681 3660 sed
723 3614 1026 3658 sanctorum
1068 3613 1170 3657 est.
1202 3603 1413 3667 Quanto
1458 3603 1630 3670 magis
1659 3603 1761 3655 hoc
1801 3610 1856 3656 et
1885 3602 1953 3655 de

411 3696 576 3748 verbo
608 3696 698 3748 Dei
729 3707 873 3748 recte
904 3694 1204 3760 meritoque
1241 3692 1498 3758 dicemus,
1529 3693 1616 3746 hic
1642 3706 1818 3746 sermo
1848 3705 1950 3745 non

410 3795 493 3838 est
522 3786 758 3838 omnium
791 3821 806 3847 ,
835 3799 936 3837 nec
963 3783 1328 3850 cujuscunque
1351 3819 1367 3846 ,
1393 3781 1484 3834 sed
1513 3792 1816 3834 sanctorum
1848 3791 1950 3836 est.

409 3873 531 3930 Non
561 3875 784 3942 quilibet
812 3873 958 3925 verbi
995 3872 1152 3938 hujus
1190 3880 1367 3939 potest
1400 3871 1587 3924 audire
1619 3871 1951 3937 mysterium,

414 3978 538 4017 nam
567 3962 928 4014 tantummodo
953 3960 1064 4030 (16)
1088 3960 1177 4027 qui
1200 3959 1463 4028 puriﬁcati
1490 3969 1613 4013 sunt
1638 3969 1834 4024 tuente,
1864 3961 1954 4028 qui

417 4047 597 4100 mundi
639 4055 760 4098 sunt
803 4047 996 4110 corde,
1028 4048 1118 4114 qui
1165 4046 1436 4114 simplices
1469 4047 1645 4099 animo
1673 4085 1688 4110 ,
1731 4048 1820 4113 qui
1849 4049 1953 4100 vita

419 4135 910 4201 irreprehensibilcs
935 4173 950 4196 ,
992 4138 1080 4201 qui
1127 4135 1462 4189 conscientia
1497 4135 1688 4196 liberi,
1720 4138 1953 4204 ipsorum

421 4233 499 4272 est
534 4224 597 4274 de
629 4222 729 4273 hoc
755 4222 940 4273 audire
973 4237 1272 4278 sermonem
1299 4261 1316 4287 ,
1365 4225 1496 4291 ipsis
1522 4235 1745 4291 possunt
1777 4226 1956 4292 expla-

2053 1841 2174 1886 ctus
2199 1870 2214 1895 ,
2249 1841 2304 1885 et
2337 1832 2390 1885 in
2433 1831 2557 1884 loco
2596 1839 2796 1884 sancto
2835 1830 3192 1898 capiamus
3251 1834 3478 1883 sancta
3514 1821 3778 1892 mysteria

2047 1934 2142 1990 per
2183 1920 2415 1988 gratiam
2471 1920 2718 1988 Spiritus
2753 1920 2951 1973 sancti
2984 1957 3003 1982 ,
3066 1935 3154 1974 ex
3194 1932 3330 1988 quo
3381 1913 3780 1971 sanctiﬁcatur

2047 2024 2209 2062 omne
2233 2008 2380 2077 quod
2411 2017 2668 2062 sanctum
2699 2017 2812 2062 est.
2849 2007 2974 2078 lpsi
3011 2008 3246 2079 gloria
3282 2016 3350 2060 et
3385 2003 3698 2074 imperium
3725 2001 3776 2054 in

2048 2098 2241 2153 saecula
2277 2098 2625 2153 saeculorum.
2648 2098 2864 2151 Amen.

2598 2210 2907 2266 llOMlLlA.
2958 2211 3146 2269 XIV.

2049 2319 2125 2375 De
2160 2322 2268 2391 ﬁlio
2300 2322 2535 2374 mulieris
2565 2321 2950 2392 lsraelitidis,
2975 2332 3042 2392 et
3092 2321 3396 2392 Aigyplii
3440 2323 3620 2390 patris
3642 2362 3658 2379 .
3689 2319 3777 2392 qui

2121 2387 2396 2512 imminutis
2427 2407 2615 2443 nouten
2647 2427 2663 2454 ,
2697 2390 3018 2443 maledixi!
3046 2433 3069 2456 ,
3132 2387 3218 2444 εἰ
3236 2387 3316 2445 Ile
3363 2387 3647 2444 sententia
3686 2387 3777 2441 Dei

2143 2468 2230 2510 (ιτα
2260 2475 2312 2510 m
2339 2475 2480 2510 eum.

2120 2547 2174 2598 «Ι.
2207 2545 2443 2599 Historia
2475 2545 2632 2598 nobis
2665 2546 2918 2600 recitata
2957 2557 3102 2612 est,
3152 2547 3352 2616 cujus
3394 2546 3665 2614 quamvis
3697 2545 3778 2598 vi-

2051 2635 2239 2688 deatur
2265 2640 2450 2700 aperta
2479 2632 2760 2695 narratio.
2799 2642 3014 2688 tamen
3074 2636 3215 2690 nisi
3258 2635 3626 2704 diligentius
3650 2648 3776 2688 con-

2055 2721 2334 2775 tinentiam
2387 2720 2506 2788 ejus
2537 2735 2662 2788 qua:
2701 2730 2794 2775 est
2835 2725 3214 2780 secundum
3270 2725 3546 2780 litteram
3591 2737 3777 2778 conse-

2052 2827 2301 2880 quamur,
2344 2811 2578 2865 interior
2607 2812 2777 2865 nobis
2822 2827 3069 2870 sensus
3116 2818 3301 2870 haud
3341 2817 3525 2871 facile
3552 2815 3774 2886 patebit.

2053 2902 2144 2954 Est
2179 2915 2306 2969 ergo
2340 2900 2644 2968 Scripturae
2684 2915 2886 2955 sermo
2921 2905 3003 2958 de
3043 2921 3192 2974 quo
3231 2907 3655 2962 disserendum
3699 2911 3778 2958 est

2052 2993 2178 3046 hic:
2220 3009 2238 3041 ι
2268 2990 2334 3042 Et
2359 2990 2518 3054 exiit,
2546 2990 2731 3056 inquit
2756 2991 2830 3052 ³⁸,
2859 2991 3036 3046 ﬁlius
3070 2995 3390 3050 mulieris
3421 2996 3777 3064 Israelitidis,

2055 3090 2109 3134 et
2136 3079 2225 3132 hic
2257 3087 2377 3131 erat
2407 3077 2550 3130 ﬁlius
2581 3077 2840 3147 [Egyptii
2877 3081 3059 3134 inter
3100 3085 3286 3140 [ilius
3319 3085 3515 3140 Israel
3540 3104 3555 3139 :
3585 3096 3639 3139 et
3669 3086 3780 3139 liti-

2054 3175 2314 3236 gaverunt
2343 3166 2396 3218 in
2423 3164 2651 3228 castris,
2676 3164 2728 3219 is
2754 3167 2860 3235 qui
2881 3175 3024 3222 erat
3051 3185 3148 3227 ex
3174 3175 3540 3230 lsraelitide
3572 3175 3706 3246 (l9),
3730 3182 3781 3228 et

2054 3257 2216 3310 homo
2239 3253 2512 3308 Israelita.
2550 3253 2621 3307 Et
2647 3257 2974 3314 nominans
3010 3263 3209 3318 tilius
3248 3263 3539 3320 mulieris
3569 3265 3778 3320 Israeli-

2057 3344 2180 3397 tidis
2206 3357 2400 3396 nomen
2432 3341 2760 3396 maledixit:
2795 3356 2855 3399 et
2888 3350 3336 3408 adduxerunt
3361 3371 3505 3410 eum
3541 3356 3612 3408 ad
3647 3354 3782 3424 May.

2056 3447 2190 3486 seu:
2231 3440 2287 3486 et
2314 3445 2512 3486 nomen
2544 3433 2744 3487 matris
2769 3435 2902 3504 ejus
2937 3438 3293 3499 Salomith
3323 3445 3456 3501 ﬁlia
3496 3446 3690 3508 Dabri,
3715 3460 3780 3498 ex

2061 3523 2200 3575 tribu
2235 3521 2389 3596 Dan:
2423 3530 2482 3574 et
2510 3521 2787 3578 miserunt
2834 3539 2982 3581 eum
3018 3531 3090 3585 in
3125 3549 3500 3600 carcerem,
3534 3545 3604 3590 ut
3640 3535 3778 3604 judi-

2057 3617 2245 3664 carent
2271 3609 2337 3663 de
2360 3609 2450 3663 illo
2475 3622 2572 3677 per
2599 3620 2968 3686 praeceptum
2997 3617 3311 3679 Domini.
3355 3625 3434 3680 Et
3460 3626 3684 3680 locutas
3703 3633 3783 3679 est

2058 3699 2315 3753 Dominus
2346 3700 2411 3753 ad
2442 3700 2666 3770 Moysen
2702 3703 2913 3760 dicens
2944 3723 2962 3760 :
3002 3709 3204 3777 Ejice
3243 3716 3433 3771 illum
3463 3718 3567 3786 qui
3617 3716 3782 3770 male-

2065 3791 2202 3844 dixit
2231 3798 2382 3844 extra
2419 3801 2599 3844 castra
2624 3830 2639 3851 ,
2685 3802 2744 3845 et
2803 3796 3137 3865 imponent
3216 3823 3452 3864 omnes
3487 3809 3588 3877 qui
3635 3808 3785 3862 audi-

2059 3887 2217 3931 erunt
2232 3892 2422 3929 manus
2443 3893 2570 3931 suas
2583 3893 2752 3947 super
2769 3895 2963 3950 caput
2987 3888 3047 3956 ej
3061 3907 3168 3955 us,
3205 3904 3276 3948 et
3293 3897 3651 3964 lapidabuut
3671 3895 3781 3964 (20)

2059 3979 2179 4018 eum
2222 3965 2396 4017 omnis
2423 3980 2723 4037 synagoga.
2756 3989 2777 4022 ι
2819 3971 3191 4036 Videamus
3252 4000 3413 4056 ergo
3445 3990 3634 4056 primo
3660 3984 3785 4054 Quid

2061 4057 2163 4148 sibi
2190 4056 2336 4148 velit
2354 4055 2591 4112 historia
2631 4074 2803 4127 quam
2839 4055 3374 4142 proposuimus”,
3409 4055 3473 4132 et
3526 4079 3780 4148 quamvis

2063 4144 2216 4212 plana
2253 4144 2499 4198 videatur
2526 4184 2544 4208 ,
2581 4158 2766 4201 tamen
2801 4152 3010 4208 adhuc
3065 4161 3454 4221 evidentius
3487 4144 3620 4222 eam
3665 4177 3784 4220 teu-

2064 4239 2236 4282 temus
2273 4230 2374 4284 sub
2403 4231 2580 4286 oculis
2625 4248 2865 4301 ponere.
2915 4239 3275 4306 Ponamus
3324 4269 3484 4325 ergo
3517 4271 3690 4310 unum
3720 4269 3779 4305 ex

421 4313 534 4365 nari
561 4313 662 4364 ista
686 4313 956 4411 mysteria.
978 4329 1002 4415 ἱ(
1026 4313 1184 4368 Vobis
1205 4316 1344 4369 enim
1369 4317 1547 4368 datum
1571 4322 1674 4376 est,
1698 4314 1869 4382 inquit
1889 4316 1955 4378 ³³,
1989 4353 2033 4408 D
2063 4330 2212 4388 patre
2241 4331 2295 4371 et
2326 4331 2500 4374 matre
2533 4323 2831 4378 lsraelitici
2863 4334 3158 4392 nominis
3201 4313 3638 4410 generositate
3661 4359 3788 4415 gau-

419 4416 578 4456 nosse
608 4401 854 4469 mysteria
886 4402 994 4470 (l7)
1019 4404 1164 4469 regni
1197 4403 1323 4468 Dei;
1359 4423 1377 4455 ι
1411 4405 1514 4457 illis
1544 4414 1744 4468 autem,
1775 4405 1827 4458 id
1875 4416 1957 4460 est

420 4492 512 4559 qui
545 4505 647 4543 non
684 4499 956 4541 merentur
988 4527 1003 4551 ,
1039 4491 1128 4556 qui
1159 4507 1262 4544 non
1293 4504 1416 4546 sunt
1455 4494 1588 4547 tales
1619 4503 1674 4547 ut
1707 4509 1955 4548 merean-

425 4589 546 4643 tur,
581 4593 680 4632 nec
704 4592 923 4644 capaces
943 4591 1058 4629 esse
1088 4590 1306 4645 possunt
1341 4581 1404 4632 ad
1436 4582 1835 4650 intelligentiam
1866 4599 1955 4638 se-

421 4681 735 4730 cretorum;
786 4666 892 4718 illis
921 4679 1025 4717 non
1074 4674 1246 4732 potest
1295 4668 1408 4718 dari
1469 4668 1557 4721 ille
1609 4674 1958 4729 sacerdotalis

419 4759 594 4830 panis,
632 4757 720 4823 qui
755 4765 834 4808 est
861 4760 1116 4815 secretus,
1145 4762 1199 4806 et
1233 4756 1487 4820 mysticus
1533 4769 1738 4822 sermo,
1780 4764 1871 4814 sed
1905 4764 1956 4816 in

1063 4889 1106 4920 ’⁸
1130 4889 1353 4955 ΕρΙιυιν,
1385 4890 1474 4941 27.
1551 4891 1782 4958 ",Malth.

1064 4974 1134 5020 tv,
1172 4961 1223 5013 9.
1296 4960 1340 4990 ”
1370 4959 1386 5010 l
1417 4959 1539 5012 Cor.
1571 4975 1666 5025 vn,
1694 4963 1782 5017 '51.

494 5080 600 5150 (15)
634 5078 781 5132 Libb.
815 5076 972 5140 editi,
1009 5092 1027 5124 ‹
1056 5073 1230 5142 capiat
1257 5089 1445 5142 panem
1488 5075 1655 5141 illum,
1687 5095 1705 5128 ι
1742 5094 1871 5134 mss.
1903 5092 1961 5135 ut

425 5152 480 5205 in
515 5157 692 5202 nostro
725 5158 888 5200 textu.
1567 5171 1570 5176 -

496 5219 603 5285 (16)
633 5216 807 5285 Codex
853 5213 1160 5285 Sangerm.,
1184 5227 1228 5285 _t
1255 5226 1354 5264 nec
1379 5211 1598 5285 quilibet
1625 5214 1764 5266 verbi
1790 5215 1954 5285 hujus

427 5279 600 5350 potest
623 5284 806 5335 audire
831 5279 1589 5350 mysterium.Tantummodo,
1615 5299 1632 5331 ι
1663 5290 1766 5337 etc.
1789 5279 1954 5348 Infra,

434 5349 453 5399 ὰ
479 5353 573 5416 ipsi
601 5359 816 5416 possunt
848 5349 1134 5415 explanare
1161 5349 1258 5400 ista
1291 5351 1564 5414 mysteria.
1595 5366 1613 5398 ι

499 5419 606 5494 (1.7)
635 5417 786 5472 Libb.
815 5417 971 5480 editi,
1013 5434 1032 5466 ι
1061 5416 1392 5486 mysterium,
1419 5436 1436 5467 ι
1471 5418 1562 5470 sed
1593 5429 1743 5480 mss.,
1783 5432 1802 5465 ι
1838 5431 1954 5486 my-

433 5491 610 5536 steria.
640 5501 658 5531 ι

505 5548 610 5614 (t8)
635 5550 783 5604 Libb.
814 5551 972 5614 editi,
1012 5568 1032 5601 ι
1065 5550 1303 5619 singulos
1332 5564 1572 5619 quosque
1603 5547 1876 5605 confectos
1907 5551 1954 5604 si

490 4897 537 4935 ’ν
553 4894 683 4951 Lev.
700 4906 845 4945 xxw.
865 4891 914 4948 8.
936 4891 986 4944 9.

423 4964 656 5026 1111,“.
720 4962 762 4992 ³³
789 4960 956 5013 Levit.
990 4973 1134 5020 xxiv,
1172 4961 1223 5013 9.

1551 4891 1792 4958 ",Malth.
1819 4912 1912 4955 xu.
1949 4901 2036 4960 45.
2070 4899 2160 4951 44.

1858 4969 1901 4998 ⁸⁵
1931 4968 2101 5022 Levil.
2135 4984 2281 5032 xxiv,
2315 4971 2381 5022 lt)
2412 4979 2469 5023 et
2501 4987 2657 5042 seqq.

2063 4412 2310 4464 dentem:
2343 4409 2511 4503 alium
2541 4425 2611 4464 ex
2643 4423 2826 4468 matre
2858 4427 3114 4478 tantum
3148 4467 3168 4490 ,
3207 4409 3345 4486 ﬁo“
3385 4437 3572 4489 etiam
3601 4409 3789 4503 είρι-

2065 4507 2164 4596 tre,
2190 4509 2245 4553 et
2276 4497 2422 4552 velut
2447 4513 2525 4596 ex
2569 4511 2729 4568 parte
2754 4508 3058 4576 nobilem,
3102 4527 3172 4572 er,
3209 4537 3295 4576 ex
3341 4539 3524 4593 parte
3555 4542 3666 4581 non
3693 4497 3787 4596 in-

2065 4589 2348 4682 tris,»qu-.e
2383 4590 2576 4682 utique
2606 4591 2804 4682 melior
2836 4597 3096 4655 videtur
3127 4647 3147 4667 ,
3188 4615 3313 4666 sed
3341 4589 3597 4670 ‘mwis
3624 4657 3640 4680 ’
3675 4589 3791 4682 (im,

2063 4678 2286 4772 interior
2324 4686 2427 4731 est.
2473 4677 2530 4732 Si
2561 4681 2708 4734 enim
2740 4693 2910 4750 pater
2943 4690 3185 4752 fuisset
3229 4702 3553 4772 Israelita,
3588 4677 3646 4762 et
3678 4677 3791 4762 ma-

2065 4779 2145 4820 ter
2173 4765 2452 4835 .Egyptia,
2485 4779 2631 4824 esset
2661 4771 2884 4841 aliquid
2924 4785 3239 4852 amplius.
3298 4794 3440 4852 Hoc
3483 4765 3643 4853 enim
3677 4799 3793 4850 [υθ-

2235 4899 2281 4931 ⁸⁰
2309 4899 2325 4951 1
2351 4901 2478 4955 Cor.
2515 4918 2594 4968 XI,
2621 4903 2716 4958 27.

2797 4908 2841 4939 ³¹
2879 4909 3079 4970 Levit.
3117 4935 3308 4994 xxiv,
3347 4928 3415 4984 9.
3504 4931 3556 4962 ³⁸
3595 4929 3792 4984 Matth.

2061 5087 2410 5206 ῗέξίἕυιιιιη,
2448 5105 2468 5138 ι
2524 5098 2660 5152 εισι,
2713 5091 2815 5144 sed
2873 5105 3295 5174 manuscripti
3360 5123 3434 5166 ut
3499 5115 3559 5169 in
3603 5125 3793 5169 nostro

2133 5220 2464 5316 partum;
2641 5243 2807 5316 ,iex
2841 5229 3185 5316 Israelitide
3228 5250 3543 5316 muliere,
3571 5271 3592 5304 ι
3627 5254 3729 5307 sed
3762 5268 3790 5305 a

2063 5292 2621 5417 gibsggletmamggzco
2673 5304 3049 5371 septuaginta
3132 5293 3573 5385 lnterpretum
3637 5332 3791 5377 textu

2063 5424 3340 5589 massaefasfas:.:
3376 5456 3558 5580 ξω
3573 5457 3791 5526 m-
