3948 6226
302 319 397 371 iiii?)

1435 301 1505 352 IN
1538 297 1899 354 LEVITICUM
1941 296 2221 350 llOdllLlA
2246 296 2382 348 XIV.

3405 299 3514 354 53$
3558 288 3564 296 ’

317 439 428 483 rant
450 425 670 481 blattast
685 385 1021 483 C‘W‘Yem-
1072 397 1271 464 Nunc,
1312 428 1455 469 vero
1497 418 1751 483 scriptum
1775 424 1881 478 est,
1909 411 1957 473 Α
1981 426 2110 468 vero
2143 410 2476 480 professione
2504 402 2717 477 quidem
2748 412 3074 467 Christianus
3099 421 3199 475 est,
3239 413 3510 466 intellectu

317 481 437 584 qui;
470 517 590 568 mm
621 481 931 584 minaberis
959 484 1363 557 lsroclitidis
1384 542 1400 567 ,
1432 517 1485 558 et
1511 481 1744 574 Egypt“
1782 519 1879 572 pa-

326 579 438 658 iris,
470 605 526 656 δι
553 613 661 669 ειτςο
682 579 953 669 dilue“???
988 593 1264 643 secutus
1296 606 1362 647 es
1390 592 1531 648 duos
1555 594 1687 647 iStos
1717 595 1879 658 viros,

319 706 482 743 unum
521 705 579 742 ει
603 667 779 747 integro
802 667 1052 724 nobilem
1086 711 1107 734 ,
1142 677 1334 735 alium
1358 697 1423 736 ex
1457 690 1609 752 parte
1633 720 1648 744 ,
1676 683 1881 736 intuere

326 793 465 831 nunc
508 769 883 837 eos'litigames
925 759 1319 824 aditwicem:
1370 772 1422 824 in
1457 778 1559 839 qua
1585 772 1675 824 lite
1718 771 1763 824 is
1791 773 1881 839 qui

319 876 472 933 patre
500 865 740 935 Egyptio
762 865 811 912 et
833 862 1020 908 matre
1055 857 1189 911 sola
1220 861 1521 917 lsraelitide
1558 864 1768 933 genitus
1798 865 1881 917 vis

322 957 499 1016 detur,
538 955 802 1009 nominans
825 941 1221 1012 maledixerit,
1254 962 1311 1004 et
1355 953 1426 1006 ob
1466 953 1570 1007 hoc
1599 951 1882 1020 perductus

315 1044 387 1095 sit
416 1045 463 1096 is
502 1042 601 1110 qui
638 1037 957 1094 maledixerat
998 1034 1075 1088 ad
1106 1036 1364 1109 Moysen.
1392 1040 1600 1110 Moyses
1634 1057 1760 1095 vero
1789 1056 1881 1095 ne-

316 1146 421 1198 que
459 1131 740 1185 absolvere
784 1140 900 1180 eum
934 1138 1111 1180 ausus
1141 1137 1272 1191 est,
1308 1144 1482 1196 neque
1528 1130 1882 1183 condemnare

311 1221 432 1273 sine
474 1220 616 1273 Deo.
659 1215 891 1271 Tradidit
915 1214 1069 1267 enim
1105 1231 1237 1270 eum
1268 1219 1525 1295 custodire
1549 1233 1818 1287 usquequo
1851 1236 1878 1271 a

314 1309 425 1362 Deo
451 1311 735 1377 acciperet
759 1323 1075 1375 responsum
1105 1309 1239 1378 quid
1270 1308 1397 1362 velit
1425 1308 1538 1363 ﬁeri
1565 1309 1629 1361 de
1653 1323 1734 1362 eo.
1759 1308 1881 1361 limo

305 1408 394 1452 est
410 1398 690 1465 historiis
710 1397 1061 1462 continentia,
1095 1412 1242 1453 nunc
1271 1408 1449 1452 autem
1474 1398 1744 1451 videamus
1765 1414 1881 1464 quis

302 1490 375 1541 sit
426 1488 484 1541 in
521 1502 594 1540 ea
632 1487 888 1556 spiritalis
932 1489 1074 1541 ratio
1099 1526 1116 1552 ,
1159 1503 1279 1556 qua:
1306 1487 1573 1542 aediﬁcare
1599 1487 1754 1541 debet
1783 1487 1881 1542 Ec-

298 1578 557 1633 clesiatlr.
795 1639 801 1645 _

367 1668 424 1721 2.
483 1666 684 1721 Primo
723 1665 962 1718 omnium
997 1679 1181 1719 sermo
1214 1664 1385 1727 dicit,
1423 1666 1544 1732 quia
1574 1665 1707 1719 exiit
1738 1665 1877 1719 ﬁlius

298 1752 551 1808 mulieris
584 1754 910 1808 lsraelitidis
935 1763 991 1806 et
1021 1751 1260 1823 Egyptii
1313 1754 1479 1822 patris
1499 1792 1515 1815 ,
1541 1760 1596 1808 et
1627 1755 1766 1808 unde
1792 1755 1876 1808 vel

298 1859 407 1910 quo
431 1843 677 1907 exierit,
709 1858 819 1897 non
849 1845 1043 1899 refert.
1077 1843 1429 1896 Inveniuntur
1458 1845 1596 1897 enim
1628 1846 1784 1897 ambo
1824 1845 1875 1897 in

295 1935 499 1990 castris
521 1935 730 2002 positi,
759 1934 901 1988 sicut
917 1934 1119 1987 indicat
1149 1947 1328 1987 sermo
1345 1933 1576 1995 Domini,
1606 1933 1788 1988 dicens
1808 1934 1874 1988 ’δε

304 2043 323 2074 ι
347 2023 504 2078 Edue
527 2025 820 2078 hominem
843 2022 934 2089 qui
966 2021 1246 2076 maledixit
1276 2021 1420 2075 foras
1445 2031 1595 2074 extra
1621 2031 1815 2076 castra.
1852 2041 1870 2073 ι

297 2111 357 2166 ει
392 2120 535 2182 ‘ergo
571 2113 647 2166 de
675 2112 882 2166 castris
913 2111 1195 2173 educitur,
1232 2111 1535 2163 necessario
1584 2112 1635 2164 in
1686 2113 1877 2167 castris

294 2209 438 2253 erat.
479 2200 633 2265 Quid
665 2212 803 2267 ergo
839 2206 922 2250 est
952 2197 1098 2264 quod
1133 2211 1254 2249 cum
1306 2197 1538 2251 nondum
1582 2198 1780 2253 exisset
1813 2199 1879 2252 de

293 2289 494 2341 castris
517 2327 535 2351 ,
574 2287 725 2340 dicit
770 2286 837 2340 tle
865 2299 934 2339 eo
986 2285 1266 2351 Scriptura
1304 2286 1480 2337 divina
1511 2286 1553 2316 ⁸⁷
1576 2325 1591 2347 ,
1625 2304 1643 2337 ι
1670 2297 1723 2340 et
1749 2288 1879 2340 exiit

296 2377 442 2431 ﬁlius
481 2375 753 2430 mulieris
793 2374 1113 2428 lsraelitidis
1135 2373 1157 2426 i
1183 2392 1202 2424 ι
1241 2373 1349 2441 Ego
1378 2383 1505 2441 pulo
1536 2376 1659 2442 quia
1686 2366 1875 2429 docere

299 2481 396 2520 nos
421 2466 538 2518 vult
574 2478 772 2519 sermo
805 2462 1044 2524 divinus,
1079 2462 1218 2528 quod
1246 2462 1333 2528 qui
1364 2471 1570 2528 peccat,
1599 2462 1878 2528 dupliciter

297 2553 449 2608 exire
474 2554 718 2608 dicitur.
745 2551 932 2605 Primo
958 2549 1099 2603 enim
1126 2550 1238 2603 exit
1266 2566 1292 2600 a
1330 2551 1602 2617 proposito
1638 2552 1794 2615 bono,
1826 2562 1879 2606 et

302 2651 449 2697 recta
482 2641 782 2697 sententia
808 2678 825 2703 ,
847 2641 964 2694 exit
991 2652 1020 2690 a
1049 2638 1134 2689 via
1160 2637 1391 2703 iustitiae,
1419 2641 1531 2692 exit
1556 2656 1585 2693 a
1620 2640 1734 2708 lege
1765 2642 1876 2696 Dei.

295 2727 659 2782 Postmodutn
690 2741 826 2781 vero
839 2741 966 2780 cum
992 2725 1300 2779 confutatus
1330 2727 1489 2779 fuerit
1516 2742 1615 2794 pro
1637 2736 1874 2795 peccato,

296 2816 407 2869 exit
431 2815 607 2868 etiam
636 2815 717 2867 de
749 2822 893 2867 cmtu
930 2820 986 2865 et
1015 2812 1423 2881 congregatione
1452 2822 1778 2866 sanctorum.
1810 2813 1878 2867 Ut

296 2908 339 2961 si
372 2908 533 2964 verbi
566 2921 752 2963 causa
784 2907 1032 2961 dicamus
1066 2925 1080 2958 :
1125 2905 1371 2959 Peccavit
1403 2905 1594 2971 aliquis
1628 2906 1875 2970 ﬁdelium,

296 2996 396 3049 iste
418 2996 653 3049 etiamsi
695 2980 947 3047 nondum
977 2993 1261 3061 abjiciatur
1290 3007 1383 3059 per
1408 2995 1638 3062 episcopi
1667 3008 1878 3046 senten-
1905 3005 1944 3058 ο

297 3085 446 3148 tiam,
470 3086 589 3153 jam
625 3094 826 3137 tamen
856 3097 950 3150 per
979 3082 1148 3149 ipsum
1180 3091 1452 3149 peccatum
1484 3083 1622 3150 quod
1645 3083 1877 3146 admisit,

293 3172 503 3238 eiectus
529 3180 663 3237 est;
733 3180 789 3223 et
837 3169 1089 3237 quamvis
1123 3170 1284 3222 intret
1336 3171 1651 3234 ecclesiam,
1704 3180 1877 3223 tamen

293 3261 497 3327 eiectus
524 3270 639 3327 est,
661 3268 733 3314 ει
753 3258 887 3312 foris
904 3266 990 3312 est
1017 3268 1327 3327 segregatus
1345 3259 1654 3312 aeousortio
1674 3267 1725 3311 et
1754 3274 1883 3311 una-

292 3354 544 3406 nimitate
580 3350 870 3405 ﬁdelium.
913 3349 1056 3402 Exiit
1091 3363 1220 3415 ergo
1253 3348 1394 3403 ﬁlius
1440 3350 1605 3417 patris
1640 3343 1878 3418 Egyptii

294 3451 345 3490 et
370 3441 573 3494 matris
624 3438 984 3494 lsraelitidis.
1020 3437 1117 3502 Qui
1144 3438 1362 3504 penitus
1384 3447 1536 3490 extra
1575 3437 1729 3489 ﬁdem
1761 3449 1875 3500 εει,

295 3538 440 3581 tutus
486 3528 808 3598 Egyptius
848 3535 953 3580 est.
1006 3524 1110 3590 Qui
1152 3535 1332 3580 autem
1378 3526 1522 3578 inter
1553 3541 1649 3579 nos
1692 3536 1791 3591 est,
1827 3537 1881 3579 et

290 3626 519 3682 peccat,
572 3632 650 3670 ex
716 3629 835 3668 una
884 3615 1104 3682 quidem
1153 3625 1308 3683 parte
1363 3629 1466 3681 qua
1520 3613 1627 3668 Deo
1671 3616 1879 3674 credit,

284 3704 452 3774 259
474 3704 822 3759 Israelitica!
861 3704 1071 3757 videtur
1099 3703 1325 3772 originis
1356 3723 1367 3757 :
1393 3718 1455 3755 ex
1484 3718 1545 3755 ea
1580 3718 1706 3756 vero
1733 3715 1882 3771 parte

288 3808 394 3859 qua
442 3804 676 3860 peccat,
733 3792 809 3845 de
842 3790 1097 3861 Egyptio
1139 3807 1316 3861 genus
1349 3792 1519 3845 ducit.
1579 3791 1723 3845 Duos
1752 3808 1883 3862 ergo

286 3884 583 3951 Scriptura
646 3881 949 3950 proposuit
1004 3881 1301 3949 litigantes,
1348 3896 1509 3934 unum
1557 3896 1622 3934 ex
1674 3883 1883 3950 integro

286 3972 631 4033 lsraelitarn,
694 3970 798 4037 qui
844 3968 1077 4036 litigavit
1104 3969 1322 4036 quidem
1350 3970 1441 4022 sed
1472 3985 1578 4024 non
1607 3973 1878 4038 peccavit:

286 4062 450 4114 istum
503 4077 645 4114 vero
676 4057 852 4126 cujus
899 4066 1178 4122 peccatum
1235 4057 1498 4126 designat,
1547 4058 1776 4110 maxima
1816 4073 1881 4113 ex

282 4162 443 4216 parte
502 4152 760 4203 mistum
816 4162 940 4201 esse
990 4147 1248 4215 Egyptio
1298 4147 1478 4212 generi
1532 4146 1753 4212 iudicat,
1784 4148 1878 4200 ad-

283 4254 502 4294 versum
573 4253 765 4307 quem
821 4236 997 4306 litigat
1041 4237 1306 4299 lsraeltta,
1356 4245 1411 4289 et
1466 4236 1603 4291 forte
1662 4252 1876 4306 compe-

281 4339 465 4383 tenter
501 4342 564 4381 et
614 4326 1036 4380 rationabiliter
1093 4326 1288 4393 litigat.
1341 4325 1471 4379 Nam
1521 4335 1574 4379 ει
1625 4325 1677 4378 in
1734 4327 1877 4381 Exo-

281 4420 349 4474 do
394 4421 669 4476 Israelita
729 4406 1142 4489 et’mgyptius
1216 4421 1443 4486 litigant,
1504 4422 1591 4475 ubi
1639 4421 1876 4476 Israelita

277 4522 527 4577 superat,
583 4509 904 4579 Egyptius
953 4510 1105 4563 cadit
1136 4509 1207 4560 ³⁸.
1268 4508 1428 4576 igitur
1475 4519 1529 4565 et
1576 4526 1673 4580 ego
1722 4513 1881 4565 hodie

279 4600 326 4653 si
377 4601 694 4654 veritatem
756 4595 1074 4657 defendam,
1130 4595 1180 4647 si
1229 4610 1451 4663 pugnem
1499 4613 1594 4665 pro
1627 4598 1882 4652 ecclesia-

281 4687 414 4740 stica
448 4687 562 4741 ﬁde
592 4686 907 4738 adversum
940 4697 1097 4744 eum,
1131 4682 1225 4747 qui
1263 4696 1326 4736 ex
1352 4695 1501 4750 parte
1525 4686 1740 4753 quidem
1768 4700 1886 4739 cre-

282 4776 363 4829 dit
384 4776 643 4837 Christo,
696 4782 762 4825 et
803 4772 997 4839 recipit
1027 4769 1363 4835 Scripturas,
1414 4775 1505 4827 sed
1552 4788 1658 4827 non
1684 4774 1888 4842 integre

285 4877 507 4916 sensum
557 4873 777 4916 earum
810 4874 907 4913 nec
943 4858 1197 4912 ﬁdeliter
1241 4859 1467 4926 recipit:
1508 4861 1655 4927 lit’go
1701 4862 1889 4915 adver-

282 4967 583 5016 sumeutn,
635 4949 743 5018 qui
797 4961 860 5001 ex
904 4955 1097 4999 matre
1155 4944 1364 5011 quidem
1412 4947 1649 5003 lsraelita
1689 4959 1793 5012 est,
1822 4965 1888 5003 ex

285 5056 441 5112 patre
461 5062 604 5100 vero
635 5044 975 5114 Egyptius.
1037 5037 1103 5090 Si
1149 5040 1272 5103 quis
1296 5053 1420 5104 ergo
1453 5050 1507 5093 et
1551 5042 1670 5094 ﬁdei
1702 5043 1893 5095 credu-

284 5134 457 5203 litate,
494 5147 555 5191 et
608 5135 868 5189 nominis
923 5125 1295 5200 professione
1337 5128 1670 5185 Christianus
1717 5143 1799 5185 est
1839 5144 1894 5186 et

291 5229 613 5290 catholicus,
652 5226 771 5278 iste
803 5238 861 5276 ex
903 5229 1175 5282 utraque
1200 5228 1349 5282 parte
1377 5219 1606 5273 Israelita
1641 5230 1741 5277 est.
1780 5224 1882 5285 Qui

1912 1711 1951 1764 Β

363 5386 406 5418 ³⁸
433 5386 612 5439 Levit.
668 5395 824 5444 xxiv,
859 5377 966 5431 14.
1058 5371 1112 5402 ³⁷
1148 5372 1286 5429 ibid.
1314 5380 1397 5432 10.
1471 5379 1515 5411 ³⁸
1539 5379 1699 5433 Exod.
1725 5359 1815 5433 xx:

364 5523 548 5597 mihi
578 5520 773 5577 codice
801 5516 1127 5579 Sangerrn.
1158 5509 1338 5578 deest,
1373 5534 1390 5566 ι
1416 5531 1581 5587 neque
1605 5517 1755 5583 fures,
1794 5532 1971 5587 neque
1994 5519 2158 5572 avari.
2184 5535 2201 5574 ρ

593 5611 876 5668 ΡΑτιιοι.
932 5598 1074 5655 Gn.
1137 5597 1299 5662 ΧΠ.

1983 507 2155 553 autem
2181 498 2299 550 ﬁdei
2330 496 2606 550 luereticus
2640 506 2693 551 et
2719 514 2993 564 perversus
3021 512 3122 564 est,
3151 501 3251 554 iste
3283 500 3506 554 matrem

1977 590 2189 657 quidem
2213 588 2581 650 lsraelititlem,
2615 599 2818 655 patrem
2845 604 2967 642 vero
2993 588 3294 659 Egyptian]
3322 591 3502 644 habet.

1977 680 2250 746 Quomodo
2296 694 2424 748 ergo
2474 679 2574 732 hoc
2602 676 2831 730 accidit?
2873 675 3003 729 Cum
3049 675 3351 746 Scripturas
3381 678 3504 748 quis

1977 773 2121 840 legit,
2168 780 2221 825 et
2249 772 2476 824 litteram
2508 769 2719 836 quidem
2751 769 3008 836 sequitur,
3056 769 3378 823 intellectum
3409 785 3505 822 au-

1981 872 2084 917 tem
2113 864 2355 931 repudiat
2382 861 2697 928 spiritalem,
2720 842 2806 914 hic
2843 869 3064 913 matrem
3097 860 3306 927 quidem
3331 856 3508 914 Israe-

1978 954 2181 1007 liticatn
2219 952 2397 1014 habet,
2431 951 2483 1004 id
2512 959 2611 1014 est,
2661 949 2893 1003 litteram
2929 963 2946 1002 :
2975 964 3191 1002 sensum
3222 964 3345 1003 vero
3380 952 3507 1018 quia

1978 1041 2269 1110 spiritalem
2303 1053 2407 1092 non
2440 1039 2702 1106 sequitur,
2733 1039 2823 1092 sed
2868 1038 3151 1098 carnalem,
3191 1038 3275 1092 isti
3304 1049 3383 1092 est
3411 1039 3509 1092 1E-

1979 1129 2190 1197 gyptius
2228 1136 2417 1195 pater;
2467 1135 2522 1179 et
2551 1126 2669 1179 ideo
2696 1126 2975 1180 adversum
3009 1125 3420 1180 ecclesiasticum
3454 1138 3508 1181 et

1978 1214 2292 1270 catholicum
2337 1214 2532 1281 litigat,
2582 1214 2632 1266 id
2676 1223 2757 1267 est
2779 1222 2963 1266 contra
3006 1228 3124 1267 eum
3156 1215 3244 1282 qui
3273 1230 3336 1267 ex
3367 1226 3508 1267 utra-

1977 1318 2080 1371 que
2114 1312 2263 1375 parte
2295 1302 2532 1355 Israelita
2568 1311 2672 1364 est,
2720 1303 2809 1370 qui
2846 1311 2902 1355 et
2945 1302 3232 1356 secundum
3282 1304 3506 1356 litteram

1976 1392 2213 1445 lsraeltta
2265 1399 2366 1452 est,
2417 1401 2470 1443 et
2497 1393 2781 1445 secundum
2810 1390 3075 1457 spiritum,
3124 1393 3245 1461 quia
3278 1393 3390 1460 ipse
3420 1408 3506 1448 se-

1978 1480 2207 1534 cundum
2255 1480 2483 1533 litteram
2537 1482 2746 1547 quidem
2787 1478 3022 1534 lsraelita
3070 1490 3170 1542 est.
3218 1485 3504 1536 secundum

1978 1569 2218 1636 spiritum
2248 1583 2374 1621 vero
2418 1566 2723 1636 IEgyptius.
2781 1567 2920 1634 Quid
2967 1568 3095 1638 ergo
3141 1582 3219 1623 εει
3269 1573 3508 1638 utrisque

1981 1658 2341 1728 litigantibus?
2374 1656 2686 1711 Necessario
2725 1658 2810 1712 ille
2834 1659 2921 1726 qui
2965 1658 3233 1713 carnalem
3267 1654 3509 1729 sequitur

1976 1762 2210 1810 sensum,
2246 1758 2496 1816 tanquam
2526 1748 2591 1799 de
2616 1745 2865 1816 Egyptio
2893 1760 3059 1816 genus
3084 1749 3284 1802 ducens
3314 1765 3506 1804 nomen

1978 1838 2232 1903 nominat,
2279 1847 2335 1891 et
2369 1838 2656 1892 maledicit.
2693 1839 2943 1891 Nominat
2992 1842 3131 1893 enim
3160 1857 3354 1895 nomen
3390 1843 3504 1906 Dei,

1976 1936 2029 1980 et
2054 1942 2172 1980 cum
2209 1927 2484 1981 maledicto
2510 1917 2754 1981 nominat
2789 1946 2802 1980 :
2839 1936 2995 1995 negat
3023 1932 3164 1982 enim
3193 1945 3313 1982 eum
3344 1930 3502 1984 Crea-

1976 2025 2146 2071 torem
2181 2032 2302 2070 esse
2330 2015 2534 2080 mundi,
2570 2029 2724 2084 negat
2753 2031 2873 2071 esse
2903 2017 3113 2072 Patrem
3142 2018 3357 2073 Christi.
3402 2018 3507 2074 Nos

1977 2123 2103 2162 vero
2133 2109 2220 2175 qui
2249 2122 2314 2161 ex
2342 2115 2564 2175 utroque
2595 2121 2786 2176 genere
2812 2109 3060 2163 lsraelitae
3098 2126 3301 2175 sumus,
3343 2124 3395 2166 et
3424 2114 3508 2167 lit-

1979 2204 2146 2249 teram
2174 2206 2229 2249 et
2255 2195 2498 2263 spiritum
2530 2195 2581 2246 in
2605 2194 2893 2261 Seripturis
2925 2200 3120 2252 sanctis
3150 2199 3503 2263 defendimus,

1975 2295 2029 2339 et
2062 2284 2331 2353 litigamus
2366 2285 2644 2340 adversum
2677 2299 2793 2348 eos,
2827 2287 2914 2353 qui
2948 2299 3010 2339 ex
3046 2288 3214 2340 media
3244 2299 3394 2356 parte
3426 2289 3507 2344 ls-

1982 2374 2183 2428 raelitae
2210 2377 2477 2436 videntur,
2509 2384 2562 2429 et
2592 2376 2814 2429 dicimus
2850 2377 2972 2443 quia
3011 2390 3179 2444 neque
3215 2378 3504 2432 secundum

1978 2463 2203 2516 litteram
2231 2462 2473 2516 maledici
2508 2471 2739 2528 oportet,
2770 2478 2942 2531 neque
2971 2466 3260 2537 secundum
3291 2467 3508 2535 spirita-

1977 2552 2078 2606 lem
2126 2553 2526 2620 intclligentiam
2586 2553 2965 2621 hlaspltemari.
3034 2555 3319 2611 Maledicus
3363 2559 3506 2611 enim

1976 2656 2081 2694 non
2116 2641 2283 2694 solum
2333 2642 2384 2693 in
2416 2641 2600 2703 Deum,
2633 2643 2724 2696 sed
2754 2644 2914 2695 etiam
2962 2643 3012 2696 in
3042 2645 3338 2711 proximum
3373 2662 3506 2715 apo-

1976 2730 2095 2785 stoli
2124 2729 2269 2782 Pauli
2317 2731 2583 2784 sententia
2632 2744 2661 2783 a
2691 2746 2851 2800 regno
2895 2732 2986 2786 Dei
3017 2732 3333 2787 excluditur.
3382 2735 3512 2788 Vide

1977 2820 2119 2873 enim
2155 2819 2420 2887 quomodo
2452 2820 2581 2874 dicit
2631 2820 2911 2888 Apostolus
2936 2821 2978 2852 "
3007 2837 3020 2873 :
3056 2840 3074 2869 ι
3099 2819 3268 2875 Nolite
3307 2837 3506 2887 errare,

1978 2923 2145 2977 neque
2174 2908 2469 2976 fornicarii,
2500 2924 2670 2978 neque
2699 2909 2943 2974 adulteri,
2977 2925 3146 2978 neque
3173 2911 3375 2976 molles,
3415 2929 3509 2967 ne-

1977 3011 2082 3065 que
2112 2998 2465 3051 masculorum
2496 2999 2881 3062 concubitores,
2932 3013 3106 3066 neque
3139 2998 3302 3065 fures,
3338 3014 3510 3067 neque

1979 3087 2124 3157 avari
2168 3086 2300 3157 (21),
2352 3102 2522 3155 neque
2569 3089 2813 3142 maledici
2863 3104 3083 3155 regnum
3137 3091 3228 3144 Dei
3274 3092 3509 3158 posside-

1981 3174 2130 3227 bunt.
2152 3192 2170 3224 ι
2215 3175 2403 3228 Videte
2434 3174 2574 3227 inter
2607 3188 2724 3241 qua:
2754 3176 3002 3239 crimina,
3052 3177 3191 3231 inter
3221 3178 3505 3243 adulteros,

1981 3262 2118 3315 inter
2145 3262 2496 3316 masculorum
2535 3253 2925 3329 concubitores,
2954 3264 3094 3318 inter
3121 3279 3335 3331 avaros,
3375 3281 3509 3334 quos

1980 3350 2107 3403 alibi
2136 3352 2264 3404 dicit
2294 3349 2447 3404 idolis
2477 3342 2788 3412 servientes,
2814 3352 2976 3404 etiam
3005 3352 3285 3407 maledicos
3312 3354 3507 3421 posuit,

1979 3448 2033 3492 et
2061 3453 2092 3492 a
2125 3454 2287 3504 regno
2319 3440 2407 3492 Dei
2461 3439 2662 3504 pariter
2696 3453 2815 3490 cum
2849 3439 2952 3493 illis
2997 3442 3243 3495 exclusit.
3283 3442 3510 3497 Videant

1979 3542 2107 3596 ergo
2138 3528 2180 3580 si
2212 3528 2301 3594 qui
2331 3542 2392 3581 os
2435 3542 2587 3580 suum
2619 3520 2929 3595 quotidiana
2963 3544 3093 3596 pene
3130 3526 3511 3588 consuetudine

1982 3619 2081 3671 hoc
2109 3618 2237 3670 vitio
2286 3617 2610 3684 insuescunt,
2646 3620 2770 3685 quid
2819 3619 2897 3671 eis
2944 3618 3160 3686 periculi
3211 3619 3506 3676 immineat.

1980 3706 2232 3758 Putantes
2259 3705 2399 3757 enim
2429 3705 2544 3758 leve
2564 3714 2616 3759 et
2644 3706 2796 3760 facile
2822 3707 2924 3759 hoc
2945 3721 3066 3761 esse
3094 3718 3366 3774 peccatum
3401 3724 3510 3763 non

1985 3793 2138 3846 facile
2165 3803 2379 3855 cavent,
2408 3793 2497 3845 sed
2521 3794 2863 3846 considerent
2908 3794 3217 3861 Apostolum
3245 3799 3510 3862 quomodo

1984 3878 2296 3935 maledicum
2325 3896 2353 3932 a
2390 3894 2555 3958 regno
2587 3879 2678 3933 Dei
2717 3880 2969 3948 excludit,
3001 3893 3053 3935 et
3079 3866 3216 3936 Deus
3243 3897 3337 3951 per
3365 3866 3512 3953 Moy-

1982 3990 2073 4030 sen
2101 3966 2361 4042 quomodo
2390 3974 2703 4028 maledicum
2737 3974 2911 4040 puniri
2934 3973 3104 4040 jubet.
3162 3962 3312 4029 Unde
3338 3983 3392 4030 et
3411 3991 3512 4045 ego

1983 4064 2136 4118 valde
2156 4063 2449 4116 admiratus
2479 4076 2617 4126 sum,
2652 4064 2791 4129 quod
2822 4063 2873 4115 in
2901 4061 3001 4117 hoc
3025 4062 3139 4116 loco
3164 4077 3317 4130 quem
3346 4062 3509 4119 italic-

1982 4166 2101 4206 mus
2140 4152 2193 4205 in
2239 4152 2505 4214 manibus,
2540 4150 2813 4218 Scriptura
2850 4164 2953 4204 non
2979 4160 3161 4219 aperte
3198 4153 3511 4221 designavit,

1984 4241 2105 4309 quia
2133 4240 2233 4295 iste
2272 4242 2364 4308 qui
2402 4255 2465 4293 ex
2498 4238 2746 4307 Egyptio
2773 4253 2936 4307 genus
2983 4240 3152 4302 ducit.
3181 4242 3515 4295 maledixerit

1980 4331 2164 4393 Deum,
2185 4330 2277 4382 sed
2310 4336 2506 4381 tantum
2531 4329 2703 4395 posuit
2726 4328 2848 4394 quia
2866 4328 3145 4381 nominans
3159 4313 3516 4394 maledixerit,‘

1983 4433 2034 4475 et
2066 4419 2276 4488 reliquit
2308 4419 2360 4470 in
2388 4418 2561 4471 medio
2592 4417 2671 4470 vel
2700 4417 2767 4470 de
2804 4417 2929 4481 Deo,
2971 4416 3052 4470 vel
3079 4416 3145 4470 de
3178 4419 3388 4472 homine
3420 4433 3511 4471 su-

1983 4510 2320 4580 spicandum.
2388 4507 2538 4562 Unde
2585 4507 2712 4560 mihi
2764 4509 2970 4562 videtur
3036 4508 3237 4562 idcirco
3284 4509 3517 4562 noluisse

1986 4608 2169 4666 aperte
2193 4598 2257 4652 de
2304 4596 2412 4650 Deo
2437 4595 2802 4663 pronuntiare,
2852 4610 2919 4651 ne
2945 4597 3010 4649 de
3041 4597 3346 4651 hominibus
3374 4597 3516 4649 vide-

1990 4694 2137 4739 retnr
2164 4685 2372 4740 dedisse
2404 4684 2699 4748 licentiam,
2750 4694 2805 4739 et
2833 4684 2950 4738 ideo
2982 4684 3063 4736 vel
3109 4686 3173 4738 de
3202 4686 3310 4738 Deo
3343 4683 3421 4735 vel
3451 4686 3516 4736 de

1992 4775 2204 4828 homine
2229 4774 2461 4832 siluisse,
2495 4781 2554 4824 ut
2586 4772 2651 4826 de
2675 4782 2903 4841 utroque
2927 4780 3222 4825 caveretur.
3284 4754 3295 4765 ’

2059 4864 2115 4916 5.
2152 4846 2342 4916 Verum
2369 4860 2618 4928 quoniam
2642 4861 2956 4913 sententiam
2984 4859 3218 4931 Apostoli
3249 4858 3516 4926 proposui-

1996 4966 2135 5014 mus,
2170 4951 2259 5018 qni
2288 4950 2418 5004 dicit
2444 4949 2727 5003 maledicos
2756 4963 2785 5000 a
2816 4962 2978 5015 regno
3018 4948 3108 5000 Dei
3141 4947 3516 5008 excludendos,

1995 5043 2196 5111 aliquid
2227 5042 2466 5110 exposcit
2509 5041 2610 5094 iste
2661 5054 2837 5093 sermo
2869 5038 3043 5091 solatii
3077 5051 3142 5088 ne
3184 5036 3397 5107 omnino
3427 5034 3514 5084 de-

1995 5133 2346 5200 sperationem
2393 5131 2662 5183 videantur
2690 5128 2922 5181 indicere
2967 5126 3051 5185 iis,
3087 5123 3175 5189 qui
3209 5120 3514 5188 quotidiana

1984 5238 2119 5292 pene
2141 5220 2486 5275 maledicendi
2509 5217 2887 5273 consuetudine
2908 5213 3202 5278 rapiuntur,
3229 5218 3282 5259 et
3306 5207 3387 5258 ori
3420 5219 3514 5255 suo

1909 5382 1951 5415 ”
1973 5381 1991 5434 1
2011 5381 2133 5435 Cor.
2160 5395 2230 5445 Vl,
2259 5379 2312 5443 9,
2342 5379 2427 5435 10.
2462 5436 2465 5439 ,

3146 5584 3215 5637 i8
