3948 6292
299 291 400 346 555

299 399 548 457 adhibere
597 390 891 446 custodiam
924 383 1004 437 vel
1031 381 1224 435 ostium
1271 374 1560 446 neglignnt.
1599 365 1833 422 Promis-

299 487 466 543 sionis
510 483 696 536 futurae
731 491 830 530 non
869 487 1008 526 unus
1036 477 1116 523 est
1168 465 1374 525 modus,
1409 473 1579 526 neque
1609 454 1834 521 simplex

301 574 505 644 species
540 587 554 636 ;
585 567 675 622 sed
709 565 846 618 sicut
878 558 1057 614 docuit
1103 556 1211 623 ipse
1237 551 1490 605 Dominus
1515 548 1566 600 in
1595 545 1836 609 Evange-

301 633 373 719 li'o
395 663 461 726 “,
509 633 629 713 cum
679 657 860 708 beatos
907 648 1034 702 dicit
1065 657 1325 714 pauperes
1351 639 1563 707 spiritu,
1607 643 1660 687 et
1697 633 1840 701 ipso-

302 767 421 806 rum
455 748 584 801 dicit
618 757 736 798 esse
788 751 1004 808 regnum
1053 733 1332 807 coalorum.
1385 727 1449 779 Et
1495 725 1620 778 item
1656 724 1840 776 beatos

303 840 433 894 dicit
485 838 662 899 mites,
722 846 818 886 nec
868 838 1045 882 tamen
1098 825 1174 876 eis
1227 819 1480 874 caelorum
1521 828 1703 883 regna,
1748 811 1841 865 sed

307 939 463 982 terra:
496 923 857 980 limreditatem
904 913 1188 985 promittit.
1245 909 1378 961 Dicit
1411 908 1594 959 beatos
1622 913 1675 956 et
1703 901 1846 970 paci-

308 1019 458 1078 ficos,
487 1015 579 1067 sed
610 1025 675 1064 ne
707 1008 836 1077 ipsis
860 1003 1074 1073 quidem
1121 997 1376 1050 caelorum
1429 1006 1647 1059 regnum
1681 989 1846 1049 dedit,

309 1107 447 1160 filios
473 1113 649 1157 tamen
678 1111 769 1152 eos
801 1093 890 1149 Dei
919 1107 1036 1145 esse
1071 1083 1397 1157 pronuntiat.
1433 1080 1496 1132 Et
1527 1095 1643 1132 cum
1674 1078 1850 1130 diver-

308 1197 383 1248 sis
413 1194 622 1246 diversa
656 1184 1012 1256 repromittat,
1067 1191 1251 1232 omnes
1298 1180 1480 1226 beatos
1509 1170 1635 1223 dicit
1665 1167 1751 1235 qui
1783 1165 1847 1218 ad

313 1282 572 1352 promissa
621 1275 985 1347 pervenerint,
1039 1281 1142 1320 non
1198 1273 1372 1317 tamen
1407 1259 1653 1312 erunibus
1686 1253 1848 1308 cmlo-

314 1341 430 1424 ium
463 1341 639 1434 regna.
671 1360 918 1432 promisit
949 1356 1079 1426 (22).
1126 1353 1308 1405 Potest
1342 1361 1472 1416 ergo
1505 1344 1641 1408 fieri,
1671 1352 1727 1395 ut
1752 1341 1850 1393 ali-

312 1459 433 1525 quis
461 1432 756 1508 in_cacteris
785 1450 918 1502 forte
945 1443 1195 1514 cperibus
1223 1446 1278 1493 et
1308 1437 1516 1490 actibus
1540 1432 1854 1488 emendatus

313 1550 382 1602 sit
416 1558 470 1601 et
491 1545 779 1616 perfectus,
807 1537 1132 1605 subripiatur
1159 1533 1205 1586 ci
1237 1540 1409 1582 tamen
1433 1523 1719 1593 aliquando
1745 1521 1856 1575 oris

315 1639 466 1703 vitio,
519 1636 776 1703 lapsuque
808 1626 1069 1682 sermonis
1106 1641 1120 1675 :
1157 1622 1282 1675 huic
1323 1616 1532 1670 etiamsi
1562 1614 1850 1669 secundum

325 1682 466 1703 ..-.-,
521 1682 739 1703 ---ρ-,η

315 1723 554 1794 Apostoli
601 1717 920 1774 sententiam
959 1719 1218 1777 negantur
1246 1720 1406 1773 regna
1442 1701 1718 1760 caelorum,
1751 1713 1853 1749 non
1890 1682 1929 1737 Β
1961 1704 2033 1743 rat

320 1827 494 1868 tamen
522 1810 743 1866 alterius
790 1799 1134 1860 beatitudinis
1170 1792 1498 1849 abscinditur
1549 1789 1714 1841 locus.
1757 1787 1858 1838 Vc-

321 1913 617 1957 rumtamen
667 1913 730 1954 eo
776 1895 946 1964 magis
993 1891 1036 1944 si
1087 1887 1206 1956 quis
1253 1880 1547 1946 in_ca2teris
1592 1876 1858 1946 perfectus

320 2003 424 2058 est,
455 1992 733 2047 elaborare
767 1987 924 2040 etiam
960 1983 1010 2035 in
1039 1981 1141 2033 hoc
1189 1975 1363 2038 debet,
1397 1986 1462 2024 ne
1493 1970 1539 2024 ei
1569 1969 1860 2034 subrepens

322 2095 498 2148 prava:
527 2072 927 2132 consuetudinis
976 2068 1164 2121 vitium
1202 2063 1457 2116 caelorum
1505 2071 1691 2124 regna,
1722 2053 1862 2123 quod

324 2179 405 2222 est
452 2166 686 2219 omnium
719 2157 1104 2214 beatitudinum
1153 2152 1387 2210 culmen,
1431 2145 1642 2212 eripiat,
1678 2157 1864 2210 quam-

324 2258 405 2310 vis
439 2254 690 2310 Dominus
719 2249 912 2304 dixerit
933 2246 976 2278 “
1016 2265 1028 2299 :
1068 2262 1086 2294 ι
1115 2245 1170 2296 In
1200 2241 1355 2294 domo
1383 2235 1558 2290 Patris
1580 2233 1682 2287 mei
1715 2247 1865 2284 man-

326 2348 502 2401 siones
530 2342 707 2396 multa:
733 2348 874 2392 sunt.
907 2355 925 2387 ι
963 2335 1251 2388 Possumus
1281 2327 1454 2380 adhuc
1487 2323 1679 2377 addere
1702 2320 1862 2373 etiam

329 2435 480 2499 illud,
530 2430 670 2498 quod
701 2437 885 2481 natura
912 2421 1112 2492 peccati
1149 2417 1336 2472 similis
1365 2425 1446 2470 est
1485 2412 1719 2467 materia:
1749 2424 1866 2477 qua:

332 2525 436 2594 igni
463 2518 816 2579 consumitur,
846 2527 1002 2580 quam
1031 2507 1282 2563 mdilicari
1321 2504 1510 2557 Paulus
1538 2501 1805 2570 apostolus
1836 2513 1863 2550 a

330 2610 697 2681 peccatoribus
728 2605 876 2667 dicit,
928 2603 1014 2671 qui
1044 2613 1199 2666 supra
1246 2596 1643 2649 fundamentum
1671 2581 1866 2644 Christi

331 2701 598 2756 edificant
630 2697 792 2764 ligna,
827 2692 1029 2753 fenum,
1082 2685 1328 2753 stipulam
1353 2683 1419 2735 ι’.
1473 2681 1529 2734 In
1563 2695 1670 2748 quo
1701 2677 1870 2731 mani-

335 2794 470 2847 feste
508 2787 800 2845 ostenditur
849 2795 968 2836 esse
1015 2778 1252 2846 qnmdam
1282 2780 1498 2842 peccata
1525 2771 1596 2823 ita
1626 2769 1783 2831 levia,
1814 2775 1872 2819 ut

333 2879 540 2950 stipula:
561 2880 950 2943 comparentur,
985 2868 1069 2921 cui
1101 2867 1280 2931 utique
1306 2862 1442 2932 ignis
1463 2859 1638 2912 illatus
1659 2857 1742 2911 ditt
1767 2871 1870 2909 non

1717 248 1871 306 ORIG
1881 243 2030 299 ENIS

1862 366 1904 420 Α
1933 357 2120 411 xisset.
2163 348 2306 404 Exiit
2331 346 2478 402 enim
2507 357 2536 396 a
2571 341 2858 400 veritate,
2903 327 3060 386 exiit
3107 339 3144 377 a
3190 321 3443 374 timore
3479 312 3628 376 Dei,
3665 325 3701 362 a

1937 447 2061 509 fide,
2099 459 2126 494 a
2165 439 2460 500 charitate,
2500 433 2653 486 sicut
2678 424 2964 497 superius
3000 415 3320 471 diximus,
3368 403 3708 474 quomodo

1934 552 2032 605 per
2062 535 2179 588 haec
2211 529 2333 597 quis
2355 532 2517 580 exeat
2549 524 2617 573 de
2640 493 2858 572 castris
2896 505 3239 565 Ecclesizn,
3275 493 3552 552 etiamsi
3596 504 3716 560 per

1935 582 2173 695 episcopi
2211 630 2404 672 vocem
2435 611 2668 666 minime
2693 602 3048 672 abiiciatur.
3098 592 3299 647 Sicut
3325 582 3715 640 econtrario

1940 669 2208 772 ἰιιιιειᾶιιιη
2238 708 2319 771 lit,
2347 713 2408 757 ut
2439 698 2641 768 aliquis
2675 669 2789 747 non
2828 701 3000 744 recto
3028 681 3295 754 judicio
3325 689 3566 731 eorum
3607 669 3716 738 qui

1942 811 2182 874 prrcsnnt
2235 767 2498 851 Ecclesiae
2554 785 2912 853 depellatur,
2966 787 3035 830 et
3103 773 3296 827 foras
3379 767 3713 819 mittatur.

1945 850 2050 950 'Scd
2100 893 2217 960 ipse
2263 900 2370 938 non
2414 889 2544 932 ante
2596 850 2758 935 eaiit,
2801 873 2925 925 hoc
2963 873 3094 928 est,
3169 861 3226 914 si
3270 871 3414 912 non
3453 854 3548 906 ita
3596 850 3724 920 egit

1946 995 2003 1038 ut
2039 943 2341 1035 mereretur
2371 970 2550 1029 exire,
2601 963 2744 1017 nihil
2797 958 3046 1013 laeditur
3105 952 3176 1004 in
3221 961 3337 1008 eo,
3381 943 3562 1011 quod
3601 953 3724 992 non

1950 1079 2096 1123 recto
2123 1062 2333 1132 judicio
2367 1057 2436 1110 ab
2456 1051 2794 1108 hominibus
2829 1045 3087 1099 videtur
3121 1035 3488 1105 expulsus.
3529 1030 3612 1084 Et
3643 1030 3730 1080 ita

3566 198 3697 254 55”,

1949 1258 2003 1300 et
2033 1244 2122 1297 ille
2147 1235 2395 1304 foris,qui
2423 1238 2574 1288 intus
2597 1224 2839 1283 retineri
2871 1223 3160 1275 videtur.
3206 1215 3338 1268 Vis
3371 1212 3493 1265 tibi
3525 1219 3733 1264 osten-

1953 1338 2074 1390 dam
2118 1341 2173 1386 et
2209 1329 2401 1393 alium,
2443 1324 2538 1393 qui
2587 1335 2617 1373 a
2657 1315 2818 1372 nullo
2839 1313 3086 1380 eiectus
3141 1305 3420 1361 exiisse
3455 1296 3734 1355 dicitur?

1955 1422 2226 1488 Scriptum
2258 1425 2343 1470 est
2379 1387 2445 1468 de
2462 1387 2612 1466 'Cain
2637 1408 2709 1470 “,
2753 1405 2895 1472 quia
2955 1418 2981 1450 ο
3009 1397 3181 1453 exiit
3227 1410 3271 1448 a
3317 1391 3501 1445 faeie
3539 1387 3678 1443 Dei.
3703 1405 3728 1438 ι

1955 1479 2239 1576 Quo-exiit
2282 1521 2311 1557 a
2362 1501 2502 1555 facie
2531 1497 2670 1552 Dei?
2727 1492 2838 1547 Ubi
2899 1491 3077 1544 enim
3127 1500 3280 1540 non
3349 1489 3506 1536 erat
3540 1479 3737 1533 facies

1961 1573 2095 1652 Dei?
2128 1597 2236 1650 Sed
2265 1593 2466 1646 cxiisse
2498 1587 2727 1648 dicitur,
2777 1596 2890 1650 pro
2929 1593 3007 1632 eo
3040 1575 3232 1646 quod
3284 1573 3514 1639 legem
3557 1577 3742 1622 natu-

2079 1685 2327 1755 egressu’s
2376 1689 2485 1744 est,
2535 1685 2590 1730 et
2631 1677 2904 1744 ignaram
2943 1667 3115 1722 tanti
3162 1663 3472 1718 sceleris
3503 1671 3738 1713 terram

1961 1779 2201 1832 fraterno
2252 1773 2522 1843 sanguine
2579 1769 2803 1837 primus
2840 1760 3094 1816 infecit.
3177 1757 3383 1809 Sunt
3428 1764 3649 1807 tamen
3681 1759 3745 1805 et

1961 1867 2050 1935 qui
2080 1867 2218 1919 bene
2241 1842 2463 1925 exeunt,
2497 1867 2553 1912 et
2598 1855 2750 1910 beati
2787 1860 2940 1906 sunt
2979 1849 3092 1918 qui
3156 1854 3468 1902 exeunt.
3516 1842 3746 1897 Osten-

1961 1932 2084 2008 datn
2135 1950 2296 2004 etiam
2335 1948 2437 2001 hoc
2489 1946 2556 1998 de
2591 1939 2944 2010 Scripturis.
2992 1937 3058 1990 In
3103 1934 3366 1989 Exodo
3435 1932 3746 2001 scriptum

1963 2049 2043 2094 est
2065 2038 2110 2070 “
2148 2054 2163 2089 τ
2201 2054 2220 2086 ι
2245 2035 2465 2095 Omnes,
2494 2030 2700 2096 inquit,
2743 2028 2846 2095 qni
2886 2025 3300 2095 quaerebant
3344 2036 3592 2075 nomen
3627 2020 3744 2072 Do-

1965 2129 2115 2191 mini,
2151 2125 2400 2180 exierunt
2428 2120 2576 2174 foras
2628 2118 2697 2171 ad
2731 2117 2983 2186 Moysen
3015 2122 3210 2168 extra
3258 2120 3529 2167 castra.
3565 2128 3588 2160 ι
3639 2107 3746 2162 lsti

1964 2219 2102 2270 bene
2129 2215 2377 2267 exierunt
2417 2220 2572 2262 extra
2605 2215 2829 2268 castra,
2874 2204 2982 2272 qui
3042 2203 3546 2269 sequebantur
3577 2199 3746 2269 Moy-

1967 2323 2082 2370 sen,
2116 2307 2167 2360 id
2195 2315 2299 2366 εει,
2329 2302 2501 2369 legem
2525 2299 2648 2354 Dei.
2693 2298 2766 2350 Et
2799 2297 2877 2350 de
2908 2295 3058 2348 aliis
3090 2294 3376 2347 dicitur
3404 2293 3462 2324 “
3494 2309 3512 2346 ;
3556 2309 3580 2342 ι
3606 2290 3754 2344 Exi-

1971 2409 2046 2461 te,
2076 2395 2305 2466 populus
2335 2407 2510 2454 mens,
2541 2391 2611 2442 de
2643 2388 2836 2442 medio
2882 2400 3144 2448 eorum,
3208 2394 3292 2438 et
3338 2382 3748 2438 immundum

1968 2488 2133 2540 nolite
2163 2485 2498 2550 contingere.
2529 2498 2549 2529 ι
2582 2478 2738 2532 Exiit
2765 2490 2945 2546 ergo,
2993 2475 3247 2542 inquit,
3306 2476 3493 2529 filius
3532 2475 3751 2526 mulie-

1971 2585 2043 2637 ris
2074 2577 2411 2637 lsraelitidis,
2442 2582 2496 2628 et
2528 2574 2619 2625 hic
2647 2578 2780 2624 erat
2835 2570 3009 2622 filius
3047 2567 3409 2638 Egyptii,
3467 2569 3640 2623 inter
3677 2567 3751 2620 fi—

1969 2675 2070 2728 lios
2099 2667 2282 2730 Israel,
2313 2675 2368 2720 et
2419 2663 2792 2730 litigaverunt
2829 2660 2892 2712 in
2953 2659 3232 2725 castris,
3310 2659 3435 2714 ille
3473 2659 3586 2728 qui
3617 2667 3752 2712 erat

1971 2760 2083 2831 (25)
2116 2773 2180 2812 ex
2211 2754 2511 2810 Israelitide
2561 2749 2807 2803 muliere
2846 2757 2911 2801 et
2953 2749 3160 2801 homo
3201 2747 3559 2804 Israelita.
3606 2748 3754 2802 vide

1970 2859 2165 2922 quanta
2219 2844 2426 2900 cautela
2458 2841 2775 2910 Scriptura;
2833 2839 3102 2904 divina,
3167 2840 3227 2894 si
3270 2849 3513 2896 tam“
3547 2843 3754 2894 ξιιιεη-

335 2978 508 3039 potest
535 2963 828 3021 immorari.
871 2959 980 3014 Alia
1009 2970 1137 3010 vero
1179 2955 1302 3006 feno
1337 2965 1456 3005 esse
1488 2948 1704 3012 similia,
1752 2960 1873 3015 qua:
1898 2981 1940 3037 ο
1973 2945 2088 3003 das,
2116 2940 2162 2993 si
2183 2937 2467 3001 diligenter
2494 2931 2769 2998 inspicias
2801 2947 2816 2982 :
2855 2931 3036 2982 illum
3083 2932 3208 3000 qui
3260 2933 3356 2986 de
3394 2932 3754 2986 Israelitide

325 3063 448 3128 ipsa
477 3073 581 3112 non
610 3052 891 3108 dilliculter
919 3047 1058 3117 ignis
1091 3045 1360 3104 absumat,
1390 3053 1572 3092 verum
1601 3037 1872 3104 aliquanto

333 3151 545 3203 tardius
570 3161 728 3216 quam
757 3145 808 3198 in
833 3139 1039 3208 stipulis
1066 3138 1398 3190 immoretur.
1436 3131 1551 3184 Alia
1579 3143 1708 3184 vero
1729 3141 1873 3190 esse,

328 3253 455 3307 quae
486 3236 642 3304 lignis
671 3231 1032 3294 conferantur,
1064 3227 1114 3279 in
1145 3226 1335 3296 quibus
1355 3236 1452 3290 pro
1479 3219 1738 3288 qualitate
1767 3217 1875 3270 cri-

341 3305 542 3377 minum
568 3321 829 3375 diutinum
859 3326 911 3370 et
941 3315 1143 3385 grande
1168 3311 1418 3382 pabulum
1450 3307 1585 3378 ignis
1617 3305 1874 3358 inveniat.

342 3415 418 3466 ita
483 3425 610 3478 ergo
652 3407 1064 3482 unumquodque
1127 3409 1402 3470 peceatum
1453 3411 1551 3465 pro
1597 3393 1876 3464 qualitate,

343 3503 503 3573 260
531 3501 615 3556 vel
646 3499 946 3570 quantitate
991 3497 1093 3562 sui,
1125 3506 1401 3564 poenarum
1428 3489 1571 3558 justa
1603 3485 1878 3556 persolvit.

350 3593 718 3647 Verumtamen
745 3589 872 3658 quid
906 3601 1039 3655 opus
1068 3594 1151 3639 est
1181 3582 1442 3644 lidelibus,
1477 3587 1531 3633 et
1564 3578 1646 3632 his
1672 3576 1761 3644 qui
1786 3589 1880 3628 co-

349 3689 642 3751 gnoverunt
686 3679 873 3740 Deum,
925 3676 989 3728 de
1022 3687 1300 3742 pinnarum
1350 3669 1693 3737 qualitatibus
1740 3663 1883 3728 cogi-

351 3771 506 3825 tare?
562 3770 700 3836 Quid
737 3783 869 3835 opus
897 3775 978 3820 est
1025 3766 1192 3832 ligna,
1219 3761 1345 3828 quid
1394 3759 1596 3820 fenum,
1643 3755 1768 3822 quid
1802 3753 1882 3806 vel

353 3865 519 3931 ipsam
571 3859 816 3927 stipulam
867 3855 1215 3908 fundamento
1245 3848 1445 3904 Christi
1494 3843 1884 3914 superponere?

351 3952 458 4006 Cur
486 3965 591 4005 non
618 3947 786 4012 magis
815 3959 1028 4006 aurum,
1057 3941 1138 3995 vel
1167 3947 1467 4008 argentum,
1511 3934 1595 3988 vel
1624 3932 1886 4001 pretiosos

354 4041 577 4110 lapides,
620 4036 853 4104 pretioso
898 4029 1303 4098 superponimus
1370 4023 1732 4080 fundamento,
1793 4017 1882 4069 ubi

356 4143 476 4184 cum
507 4125 648 4194 ignis
675 4119 982 4182 accesserit,
1012 4117 1140 4170 nihil
1172 4113 1407 4168 inveniat
1435 4108 1573 4177 quod
1605 4104 1888 4159 absumat?

356 4221 486 4272 Nam
519 4217 563 4268 si
593 4210 878 4266 accesserit
926 4209 990 4259 ad
1039 4205 1305 4272 stipulam,
1354 4215 1419 4254 ex
1444 4197 1633 4264 stipula
1681 4195 1888 4248 favillas

1975 3041 2146 3087 matre
2195 3036 2249 3082 et
2292 3026 2359 3080 de
2418 3022 2685 3094 Egyptio
2731 3030 2909 3089 patre
2968 3030 3178 3076 natus
3215 3033 3370 3086 est,
3429 3040 3560 3078 non
3603 3023 3752 3076 dixit

1977 3119 2250 3176 hominem
2285 3131 2299 3179 ;
2334 3113 2484 3167 illum
2518 3124 2657 3164 vero
2691 3110 2791 3176 qui
2823 3124 2900 3162 ex
2938 3119 3242 3178 utroque
3273 3127 3536 3181 genere
3561 3111 3757 3166 [su-ae.

1974 3211 2070 3263 lita
2099 3216 2214 3259 erat
2248 3202 2522 3256 hominem
2561 3199 2913 3251 nominavit.
2967 3197 3317 3255 Putamuts
3357 3204 3507 3257 haec
3543 3203 3760 3258 ιὀτιυὶρ

1976 3309 2030 3353 ttt
2065 3293 2300 3362 scripta?
2338 3291 2600 3345 Putamus
2631 3303 2768 3340 casu
2809 3287 3186 3356 adjectum,
3231 3301 3314 3346 ut
3357 3293 3473 3346 ille
3505 3309 3634 3346 non
3665 3293 3766 3346 di—

1977 3396 2189 3442 ceretur
2218 3383 2402 3443 homo,
2449 3385 2507 3432 et
2537 3377 2630 3431 hic
2663 3377 3025 3430 diceretur?
3072 3377 3234 3433 Non
3275 3393 3445 3435 sum
3478 3383 3600 3436 ista
3635 3381 3730 3433 τοι-

1979 3477 2132 3537 tuita,
2189 3472 2327 3526 ratio
2379 3477 2485 3523 est.
2526 3465 2677 3520 Nihil
2706 3466 2868 3518 enim
2927 3467 2994 3519 in
3045 3470 3300 3525 verbis
3343 3473 3468 3527 Dei
3529 3473 3763 3542 absque

1981 3563 2243 3636 profunda
2271 3559 2482 3614 ratione
2509 3555 2908 3622 conscriptum
2961 3567 3097 3610 est.
3158 3560 3289 3615 Ille
3329 3579 3628 3632 namque
3660 3565 3761 3632 qui

1981 3673 2048 3711 ex
2081 3661 2234 3724 parte
2271 3647 2582 3718 Egyptius,
2636 3659 2704 3699 ex
2754 3654 2933 3713 parte
2991 3645 3332 3705 Israelita
3373 3663 3557 3720 erat,
3612 3668 3766 3708 r.ou~

1984 3748 2108 3799 dum
2143 3739 2450 3795 merebatur
2476 3735 2668 3804 Lhomo
2723 3734 3076 3792 nominari.
3133 3735 3282 3793 Iste
3325 3757 3500 3796 vero
3536 3746 3650 3814 qui
3690 3757 3766 3797 ex

1985 3836 2193 3901 integro
2215 3825 2465 3880 Israelita
2490 3831 2634 3884 erat,
2665 3821 2772 3874 hoc
2803 3832 2925 3888 est,
2983 3825 3102 3892 qui
3148 3841 3402 3886 Intrate
3438 3833 3642 3887 Deum
3678 3833 3768 3886 vi-

1986 3926 2163 3986 debat,
2216 3921 2320 3974 iste
2367 3918 2532 3970 homo
2583 3912 2940 3981 appellatur,
3000 3918 3115 3970 ille
3178 3922 3406 3979 homo
3470 3927 3768 3988 interier,

1987 4015 2077 4083 qui
2113 4014 2180 4066 ad
2223 4007 2509 4076 imaginem
2561 4003 2663 4058 Dei
2713 4001 2911 4058 factus
2947 4017 3083 4073 est,
3147 4021 3224 4064 ει
3264 4025 3508 4081 Domst
3555 4018 3772 4073 videre

1991 4104 2178 4156 Deum.

2057 4191 2113 4245 4.
2149 4188 2274 4241 Post
2307 4187 2422 4240 haec
2447 4183 2560 4251 iam
2591 4197 2716 4251 qua:
2743 4181 2802 4235 in
2839 4186 3354 4250 posterioribus
3397 4194 3774 4251 referuntur

360 4302 542 4356 reddet
560 4305 612 4349 et
640 4296 865 4348 cineres.
903 4290 961 4343 Si
991 4303 1116 4341 vero
1146 4285 1432 4340 accesserit
1461 4283 1525 4334 ad
1552 4294 1761 4345 aurum,
1790 4293 1886 4330 au-
1918 4294 1961 4348 ι)
1994 4297 2097 4336 non
2130 4281 2330 4346 absque
2363 4275 2598 4342 quadam
2631 4273 2965 4340 quaestione
3027 4287 3223 4344 sunt,
3274 4282 3373 4338 de
3429 4301 3567 4355 qua
3599 4287 3772 4340 ωηιιί

360 4404 478 4445 rum
527 4385 709 4454 purius
754 4379 954 4433 reddet.
994 4376 1119 4430 Hazc
1165 4377 1318 4428 nobis
1363 4375 1501 4426 dicta
1529 4370 1638 4424 sint
1664 4382 1757 4438 pro
1783 4367 1887 4430 his,

360 4479 452 4549 qui
477 4473 746 4543 negligunt
764 4468 872 4522 oris
897 4466 1136 4518 maledici
1161 4463 1593 4518 consuetudinem
1613 4472 1890 4513 resecare:

361 4567 449 4636 qui
479 4559 690 4618 etiamsi
719 4571 823 4610 non
874 4569 937 4606 ex
969 4553 1127 4605 corde
1164 4552 1501 4610 maledicam,
1547 4546 1758 4601 etiamsi
1786 4561 1891 4599 non

367 4663 488 4710 voto
518 4659 573 4705 et
621 4647 801 4701 animo
847 4641 1028 4706 iniquo
1078 4638 1348 4706 proferant
1389 4635 1687 4696 maledicta,
1719 4645 1892 4688 tamen

364 4739 750 4801 immunditiam
784 4729 1041 4784 labioruni
1087 4727 1374 4782 secundum
1400 4724 1547 4777 Isaize
1581 4725 1798 4777 verbum
1823 4725 1891 4790 “,

365 4843 418 4888 et
445 4829 846 4896 inquinamenta
875 4818 984 4871 oris
1032 4817 1332 4870 incurrunt.
1368 4809 1474 4863 Iste
1507 4819 1681 4863 tamen
1709 4813 1798 4878 qui
1833 4813 1898 4866 li-

366 4933 453 4982 cet
479 4930 648 4977 matre
683 4910 998 4971 lsraelitide,
1045 4905 1292 4975 Egyptio
1329 4911 1503 4954 tamen
1532 4911 1682 4967 patre
1710 4915 1898 4970 proge-

369 5016 512 5068 nitus
543 5017 646 5071 est,
677 5003 808 5058 exiit
853 5007 907 5053 et
937 4997 1215 5052 nominans
1263 5004 1454 5044 nomen
1491 4988 1782 5041 maledixit.
1823 4989 1900 5044 De

371 5115 476 5170 quo
504 5111 601 5168 ego
643 5101 772 5163 pulo
817 5086 956 5157 quod
1006 5083 1110 5138 nisi
1137 5079 1374 5139 exiisset,
1402 5090 1497 5129 nec
1524 5075 1783 5145 litigasset
1806 5078 1903 5130 ad-

371 5165 586 5244 versum
620 5193 806 5238 verum
853 5173 1167 5234 Israelitam,
1223 5182 1320 5221 nee
1355 5165 1632 5221 nominans
1679 5165 1903 5218 maledi-

441 5347 487 5379 “
508 5343 692 5397 Matth.
713 5355 765 5401 v,
787 5337 839 5390 ὅ.
946 5334 987 5366 “
1011 5333 1165 5387 Joan.
1190 5329 1379 5401 χινρξ.

374 5411 420 5447 ⁸⁸
440 5412 542 5465 Isa.
568 5427 662 5476 ιιι,
682 5397 767 5462 ll.
835 5404 880 5437 "’
905 5403 1076 5458 Levit.
1099 5413 1247 5462 ntv,
1274 5397 1359 5450 15.

449 5521 536 5584 (29.

455 5521 561 5655 si

581 5521 755 5575 Codex
783 5520 1082 5587 Sangerm.,
1118 5532 1136 5564 ι
1161 5509 1439 5565 concessit.
1473 5523 1494 5559 ι

616 5587 768 5642 Erat.
867 5587 1023 5641 Deest
1052 5584 1106 5638 in
1132 5580 1260 5636 libb.
1286 5575 1441 5633 ante'a
1464 5592 1494 5630 e

665 5603 768 5644 ται.

1484 5324 1826 5391 "100nm,
1857 5325 1944 5379 19..

1994 4377 2315 4442 quaerentes,
2365 4381 2469 4419 non
2518 4363 2691 4416 multa
2727 4364 3045 4430 explicare
3083 4380 3519 4436 potuerunt.
3567 4376 3692 4432 Sed
3726 4377 3775 4429 si

1993 4458 2187 4514 vestris
2220 4470 2306 4509 me
2343 4450 2692 4507 orationibus
2722 4451 3047 4518 juveritis,
3101 4462 3558 4520 tentabimus
3589 4467 3779 4520 etiam

1995 4563 2095 4604 nos
2140 4548 2194 4599 in
2249 4541 2483 4597 medium
2534 4539 2817 4605 proferre,
2876 4555 3020 4608 qua:
3078 4543 3441 4609 Dominus
3505 4557 3749 4610 dederit

2000 4653 2018 4685 ι
2044 4631 2237 4695 Homo,
2283 4626 2460 4695 inquit
2480 4626 2547 4689 ",
2595 4626 2642 4678 si
2674 4627 3065 4684 maledixerit
3097 4595 3781 4713 ῡειιῶ-,νῡρρένοέἶξῶ

1997 4720 2246 4788 accipiet,
2287 4717 2390 4783 Qui
2431 4723 2614 4768 autem
2641 4717 3168 4778 nominatnomen
3215 4727 3544 4793 Domini.
3584 4748 3792 4793 mone

1998 4808 2278 4862 moriatur.
2309 4823 2330 4858 ι
2395 4803 2535 4869 Quid
2569 4809 2654 4854 est
2690 4801 2841 4857 hoc?
2903 4806 3020 4871 Qui
3073 4777 3547 4878 maledi—iceri;

1999 4911 2104 4950 non
2135 4895 2302 4948 habet
2331 4907 2545 4962 poenam
2574 4892 2803 4954 mortis,
2841 4897 2946 4949 sed
2980 4900 3082 4966 qui
3140 4909 3633 4969 nominaverit.
3674 4931 3793 4969 no.

2001 4999 2122 5039 men
2154 4983 2413 5037 Domini?
2465 4980 2660 5035 Nonne
2689 4983 2876 5038 multo
2909 4991 3163 5055 gravius
3211 5007 3334 5050 εει
3375 5003 3794 5061 ,ηειεῶρεη

2003 5076 2191 5136 Deum,
2223 5089 2388 5141 quam
2439 5075 2754 5138 nominare,
2793 5079 3071 5143 quamvis
3120 5080 3187 5135 in
3257 5081 3534 5146 Vanum
3580 5096 3797 5150 nomi-

2003 5176 2160 5217 nasse
2191 5163 2450 5218 dicatur?
2494 5162 2564 5217 Et
2611 5168 2909 5232 quomodo
2957 5171 3058 5240 qui
3114 5174 3508 5252 maledicit,
3556 5200 3797 5255 pecca—

2055 5320 2101 5352 η
2124 5318 2231 5373 lsa.
2256 5333 2340 5387 vr,
2365 5320 2420 5375 5.
2533 5321 2747 5378 “Gen.
2776 5341 2860 5396 tv,
2889 5327 2987 5384 16.

3080 5328 3132 5360 δ’
3161 5330 3386 5394 Εκυᾶ.
3429 5358 3658 5399 xxxiii
3722 5347 3790 5405 7.

867 5569 1023 5641 Deest
1052 5569 1106 5638 in
1132 5580 1260 5653 libb.
1286 5575 1441 5633 ante'a
1464 5571 1642 5640 editis,
1673 5571 1765 5625 sed
1789 5569 2062 5640 suppletur
2089 5581 2120 5622 e
2157 5571 2584 5644 manuscriptts.
