3948 6256
338 290 444 368 Q31
1571 355 1635 408 IN
1675 348 2036 409 LEVITICUM
2077 353 2352 410 HOMlLlA
2389 355 2501 410 XV.
3536 359 3636 412 555

388 463 510 516 tum
553 442 783 520 mm?“
827 460 1089 530 tantum;
1141 471 1246 537 qui
1304 466 1477 526 autem
1525 471 1786 538 nominat,
1833 483 2002 527 morte
2030 476 2073 530 Α
2105 473 2211 524 vita
2250 469 2378 526 nihil
2414 469 2690 542 patiuntur
2721 470 2949 536 adversi,
2982 475 3071 529 sed
3101 484 3285 531 cuncta
3335 477 3415 532 eis
3480 491 3633 544 pros~

396 543 708 608 malum“?
758 543 889 603 “ac
919 563 1054 621 ergo
1103 569 1276 627 Sunt,
1322 576 1439 629 qua:
1470 563 1520 616 in
1553 563 1653 615 hoc
1684 563 1798 616 loco
1828 563 2001 617 solent
2103 563 2247 629 peris
2277 560 2610 616 successibus
2637 560 2850 624 cedunt,
2878 563 3124 647 honores,
3172 567 3389 630 divitiae,
3443 577 3631 635 poten-

399 640 783 711 quurstinnem
840 656 1080 710 movere,
1155 663 1290 716 qua:
1349 652 1718 719 ignorantibus
1785 640 2024 706 sensum.
2102 651 2195 712 tia,
2219 651 2422 704 sanitas
2444 664 2656 719 quoque
2680 651 2758 703 eis
2807 652 2918 718 ipsa
2971 662 3026 705 et
3079 640 3313 722 corporis
3372 658 3626 712 habitudo

401 734 874 804 Scripturarum,
925 733 1400 805 inconsequenter
1457 741 1595 795 dicta
1646 741 1890 795 videnlur
1951 751 2004 794 et

395 820 761 892 incongrue.
797 820 994 876 Putant
1023 823 1174 878 enim
1212 828 1355 894 quod
1404 827 1490 881 ille
1537 827 1626 894 qui
1675 842 1865 881 nomen
1911 830 1999 882 Dei

399 913 747 976 maledicit,
796 913 974 966 statim
1026 915 1209 982 puniri
1246 915 1467 980 debeat;
1503 915 1588 970 ille
1632 933 1757 970 vero
1787 919 1875 984 qui
1906 933 2000 971 no-

399 1002 768 1068 minaverit,
817 1003 1040 1057 sulﬁciat
1083 1004 1360 1072 accepisse.
1404 1015 1697 1073 peccatum.
1758 1007 1863 1060 Sed
1909 1022 2002 1060 nos

393 1093 902 1159 consequentiam
952 1095 1217 1147 sermonis
1262 1095 1353 1148 tali
1388 1097 1616 1162 quodam
1647 1110 1803 1149 sensu
1839 1105 2004 1150 lente-

383 1193 549 1232 mus
578 1181 832 1247 aperire.
873 1182 1044 1250 Maius
1077 1197 1198 1236 esse
1243 1191 1514 1250 peccatmn
1561 1185 1612 1236 in
1646 1200 1750 1252 quo
1781 1186 2000 1238 maledi-

383 1266 575 1320 citur
604 1269 784 1335 Deus,
835 1286 997 1340 quam
1044 1273 1097 1326 in
1133 1287 1238 1340 quo
1274 1273 1599 1336 nominatur,
1630 1275 1870 1329 dubitare
1898 1291 1998 1328 non

387 1368 762 1420 possumus.
823 1359 1015 1415 Restat
1042 1370 1101 1412 ut
1148 1361 1490 1414 ostendamus
1538 1363 1701 1415 multo
1737 1377 1854 1418 esse
1881 1379 2003 1432 gra-

382 1443 551 1496 vius
601 1446 870 1512 accipere
921 1457 1218 1514 peceatum,
1271 1458 1321 1500 et
1356 1449 1552 1502 habere
1595 1464 1794 1511 secum,
1843 1467 2001 1519 quam

399 1543 612 1588 morte
669 1535 914 1589 multari.
976 1537 1116 1589 Mors
1170 1551 1288 1603 qua:
1331 1552 1501 1605 paena:
1567 1553 1725 1592 causa
1779 1539 2006 1593 infertur

411 1644 521 1696 pro
559 1634 828 1694 peccato,
860 1626 1110 1693 purgatio
1128 1635 1210 1679 est
1233 1627 1435 1693 peccati
1469 1625 1634 1693 ipsius
1663 1641 1757 1695 pro
1793 1641 1899 1694 quo
1920 1628 2004 1693 ju-

411 1719 594 1771 betur
635 1715 864 1770 inferri.
904 1716 1213 1768 Absolvitur
1245 1729 1372 1782 ergo
1427 1724 1700 1780 peccatum
1747 1730 1840 1782 per
1889 1731 2002 1783 pa:-

413 1821 550 1857 nam
613 1804 842 1865 mortis,
900 1816 1003 1856 nec
1051 1809 1294 1868 superest
1343 1800 1563 1867 aliquid,
1614 1803 1752 1869 quod
1779 1817 1874 1868 pro
1899 1803 1999 1856 hoc

409 1896 675 1947 crimine
721 1892 914 1960 judicii
949 1892 1062 1944 dies
1093 1899 1148 1944 et
1174 1903 1328 1956 pcena
1368 1891 1548 1943 :eterni
1581 1891 1712 1958 ignis
1741 1893 1996 1944 inveniat.

412 1980 524 2037 Ubi
558 1997 706 2036 vero
741 1983 865 2049 quis
896 1982 1091 2050 accipit
1119 1991 1411 2048 peccatum,
1447 1980 1605 2034 habet
1633 1981 1758 2033 illud
1797 1996 1995 2048 secum,

410 2091 482 2130 ac
517 2082 830 2143 permanet
883 2088 1004 2127 cum
1031 2073 1170 2140 ipso,
1211 2086 1308 2124 nec
1335 2071 1512 2138 aliquo
1559 2073 1816 2138 supplicio
1842 2087 1995 2140 ptena

409 2180 548 2234 qua:
579 2164 822 2216 diluitur
851 2161 1067 2223 transit,
1099 2176 1217 2214 cum
1262 2161 1376 2229 ipso
1402 2173 1485 2214 est
1510 2161 1669 2213 etiam
1715 2169 1832 2229 post
1859 2176 2000 2214 mor-

412 2266 534 2307 tem
572 2272 587 2307 :
620 2262 685 2307 et
713 2252 844 2319 quia
895 2251 1206 2317 temporalia
1251 2251 1338 2304 hic
1368 2264 1469 2302 non
1501 2250 1773 2316 persolvit,
1806 2251 1876 2304 ibi
1907 2264 1999 2304 ex-

411 2343 623 2412 pendit
659 2352 872 2396 aaterna
904 2340 1185 2409 supplicia.
1224 2338 1380 2394 Vides
1406 2354 1534 2408 ergo
1562 2351 1759 2408 quanto
1785 2341 1999 2409 gravius

411 2435 494 2487 sit
530 2432 803 2500 accipere
847 2441 1155 2498 peccatum,
1193 2445 1349 2497 quam
1382 2441 1550 2482 morte
1599 2430 1862 2484 mulctari.
1903 2431 2000 2485 Hic

411 2523 573 2577 enim
617 2536 776 2574 mors
801 2533 907 2589 pro
931 2519 1163 2571 vindicta
1195 2519 1366 2584 datur,
1394 2527 1448 2572 et
1473 2518 1610 2586 apud
1635 2519 1834 2585 justum
1853 2519 1996 2587 judi-

410 2625 546 2664 cent
581 2608 887 2662 Dominum
919 2623 1024 2660 non
1055 2606 1354 2660 vindicatur
1391 2609 1474 2662 bis
1506 2609 1556 2661 in
1590 2609 1836 2676 idipsum,
1863 2611 2000 2663 sicut

412 2699 705 2768 propheta
729 2696 871 2750 dixit
892 2692 963 2746 ⁸⁸.
1005 2693 1104 2746 Ubi
1129 2704 1304 2748 autem
1328 2710 1429 2750 non
1452 2697 1720 2750 estsoluta
1743 2697 1997 2763 vindicta,

415 2798 723 2857 peccatum
765 2794 957 2840 manet
997 2786 1104 2839 illis
1142 2787 1354 2842 aeternis
1402 2787 1612 2858 ignibus
1660 2790 2000 2858 exstinguen-

414 2880 579 2932 dum.
638 2876 799 2941 Quod
839 2884 1018 2928 autem
1044 2875 1152 2944 (24)
1183 2875 1292 2929 haec
1328 2876 1397 2928 ita
1422 2892 1479 2930 se
1501 2878 1747 2940 habeant,
1783 2894 1998 2946 possum

409 2971 520 3024 tibi
550 2978 734 3023 testes
757 2983 826 3022 ex
848 2968 1050 3022 divinis
1073 2968 1432 3023 voluminibus
1459 2969 1712 3023 adhibere
1734 2970 1922 3025 Ruben
1947 2981 1999 3027 et

405 3065 626 3122 Judam
653 3065 998 3134 patriarchas
1016 3064 1294 3132 loquentes
1315 3064 1382 3117 ad
1415 3073 1617 3132 patrem
1641 3080 1792 3118 suum
1812 3065 1994 3132 Iacob,
2023 3070 2066 3126 ϐ

406 3177 548 3214 cum
573 3161 790 3213 vellent
807 3174 1091 3213 assumere
1111 3174 1288 3212 secum
1311 3159 1605 3227 Beniamin,
1630 3169 1683 3213 et
1717 3161 1910 3215 ducere
1930 3164 1994 3216 ad

407 3251 586 3320 261
653 3249 990 3319 Egyptum,
1039 3259 1258 3317 propter
1295 3249 1634 3317 sponsionem
1672 3265 1830 3317 quam
1874 3266 1996 3304 cum

415 3335 644 3405 Ioseph
673 3338 848 3390 fratre
883 3337 1213 3405 pepigerant.
1245 3336 1318 3389 lbi
1353 3351 1484 3404 ergo
1537 3338 1721 3391 Ruben
1756 3341 1826 3393 ita
1871 3341 2000 3394 dicit

417 3428 494 3477 ad
528 3434 751 3493 patrem
783 3424 829 3456 ⁸³
872 3445 884 3477 :
914 3441 935 3474 σ
971 3423 1173 3476 Ambos
1205 3424 1342 3477 filios
1380 3439 1526 3478 meos
1551 3427 1751 3488 occide,
1785 3427 1885 3481 nisi
1917 3443 1998 3481 re-

417 3517 650 3568 duxero
686 3514 752 3565 ad
788 3523 840 3566 te
877 3513 1176 3578 Benjamin.
1218 3532 1237 3564 ›
1269 3512 1433 3568 Judas
1457 3529 1584 3567 vero
1611 3515 1684 3568 ait
1711 3515 1757 3548 ⁸ο
1789 3534 1802 3568 :
1840 3517 1998 3572 «Pec-

415 3611 592 3655 cator
614 3616 716 3654 ern
747 3601 802 3654 in
842 3610 895 3654 te
953 3601 1056 3654 nisi
1108 3604 1372 3655 reduxero
1424 3619 1544 3656 eum
1600 3604 1714 3656 tibi.
1759 3624 1779 3656 ι
1838 3605 2000 3660 Jacob

419 3707 566 3761 ergo
596 3701 761 3759 pater
789 3692 1035 3759 ipsorum
1067 3691 1242 3746 sciens
1277 3690 1442 3746 multo
1477 3707 1595 3746 esse
1621 3695 1833 3761 gravius
1859 3695 1999 3763 quod

419 3781 775 3848 promiserat
807 3779 1002 3845 Judas,
1034 3782 1122 3849 qui
1175 3783 1405 3842 dixerat,
1448 3798 1467 3832 ι
1500 3781 1757 3836 Peccator
1801 3797 1894 3836 cro
1945 3784 1999 3836 in

421 3881 508 3934 te,
548 3890 571 3922 ι
613 3873 686 3923 ab
713 3886 780 3924 eo
801 3872 895 3937 qui
921 3870 1151 3935 dixerat,
1189 3871 1441 3925 «'Occide
1469 3873 1802 3955 filios..meos,
1834 3893 1854 3926 ι
1895 3875 2000 3927 liu-

423 3959 540 4013 ben
573 3959 801 4026 quidem
835 3973 946 4012 non
973 3959 1207 4012 credidit
1235 3959 1402 4013 lilium
1434 3969 1682 4028 tanquam
1712 3962 1800 4029 qui
1839 3961 2002 4014 levio-

420 4067 548 4105 rem
580 4049 818 4115 elegerit
843 4047 1245 4117 plenamJudaz
1278 4065 1403 4104 vero
1425 4051 1660 4118 tradidit,
1693 4050 1866 4105 sciens
1888 4066 2003 4118 gra-

418 4143 556 4196 vius
583 4156 714 4195 esse
754 4141 900 4207 quod
927 4139 1187 4207 elegerat.
1243 4140 1358 4194 lloe
1415 4155 1544 4208 ergo
1597 4141 1756 4196 modo
1807 4155 2002 4194 conve-

424 4229 657 4280 nienter
683 4227 902 4294 aptavit
937 4227 1216 4294 Scriptura
1268 4227 1443 4279 divina
1487 4227 1536 4280 ei
1586 4227 1676 4293 qui
1731 4227 2003 4280 maledixit

425 4316 628 4378 Deum,
667 4323 732 4366 ut
773 4321 1061 4380 peccatum
1095 4321 1315 4377 sumat;
1349 4313 1399 4365 ei
1429 4327 1555 4366 vero
1591 4313 1680 4380 qui
1714 4312 1879 4366 levius
1907 4315 2001 4366 de—

422 4403 613 4470 liquit,
637 4402 790 4466 quod
817 4410 998 4454 morte
1034 4401 1323 4454 moriatur.
1346 4401 1436 4455 Vis
1470 4411 1643 4456 autem
1670 4409 1722 4454 et
1741 4404 1804 4456 de
1833 4403 2000 4455 Evan-

420 4490 587 4556 geliis
615 4504 858 4543 noscere
885 4490 1035 4556 quod
1067 4489 1160 4555 qui
1195 4491 1455 4555 receperit
1501 4491 1550 4544 in
1601 4491 1704 4544 hac
1726 4491 1830 4544 vita
1862 4493 1996 4544 mala

418 4593 546 4640 sua,
576 4578 654 4631 ibi
677 4577 798 4643 iam
833 4592 939 4628 non
972 4577 1242 4643 recipiat;
1266 4578 1358 4644 qui
1389 4588 1561 4632 autem
1601 4579 1686 4634 hic
1715 4595 1819 4634 non
1849 4594 2000 4634 rece-

419 4669 586 4734 perit,
622 4667 702 4719 ibi
739 4674 1044 4719 serventur
1081 4663 1136 4715 ei
1182 4665 1405 4716 omnia?
1462 4664 1624 4718 Docet
1677 4681 1771 4720 nos
1820 4681 2004 4720 exem-

419 4758 571 4822 plum
600 4755 803 4808 Lazari
834 4753 1131 4821 pauperis,
1157 4763 1214 4804 et
1240 4752 1382 4804 illius
1405 4754 1602 4818 divitis,
1631 4756 1696 4808 ad
1729 4771 1882 4823 quem
1922 4757 2003 4808 di-

413 4848 565 4899 citur
601 4846 657 4898 in
689 4843 930 4898 infernis
954 4857 984 4893 a
1021 4840 1346 4906 patriarcha
1378 4841 1639 4896 Abraham
1671 4846 1713 4876 ⁵¹
1745 4863 1758 4898 :
1818 4863 1836 4895 ι
1893 4845 2000 4900 Me-

413 4943 618 4996 mento,
653 4930 754 4992 tili,
785 4927 1073 4995 quoniam
1123 4933 1182 4976 tu
1210 4927 1458 4994 recepisti
1486 4941 1616 4983 nona
1645 4931 1696 4983 in
1750 4932 1852 4985 vita
1893 4943 2001 4996 tua,

409 5027 459 5070 et
491 5017 741 5072 Lazarus
770 5013 1054 5068 similiter
1081 5011 1261 5062 mala.
1292 5011 1436 5068 Nune
1482 5025 1652 5069 autem
1688 5027 1740 5070 tu
1789 5020 2001 5086 quidem

398 5107 685 5171 cruciaris,
717 5105 818 5157 hic
848 5113 997 5150 vero
1043 5095 1371 5162 requiescit.
1417 5116 1435 5150 ι
1487 5101 1549 5154 Et
1573 5101 1742 5159 solent
1766 5102 2006 5157 homines

380 5199 706 5268 ignorantes
745 5187 989 5258 judicia
1039 5183 1180 5242 Dei.
1221 5197 1336 5248 qua:
1382 5196 1502 5239 sunt
1547 5189 1769 5256 abyssns
1815 5191 2004 5253 multa,

362 5285 642 5358 conqueri
673 5281 1023 5335 adversum
1050 5270 1283 5339 _Deum,
1311 5282 1361 5324 ei
1380 5273 1549 5330 dicere
1583 5294 1596 5328 τ
1625 5276 1732 5329 Cm.
1764 5279 2005 5333 homines

343 5379 550 5449 iniqui,
586 5382 651 5428 et
669 5363 900 5434 iniusti
942 5367 1256 5424 ι’θιιιοτθε,
1305 5361 1464 5428 impii,
1501 5367 1730 5426 scelesti,
1788 5369 1840 5420 in
1907 5372 2006 5425 hac

395 5511 747 5569 “Nullum,
776 5515 826 5564 ι,
856 5496 922 5562 8,
957 5493 1027 5546 9ο
1146 5489 1194 5522 δ’
1228 5491 1357 5546 Gen.
1387 5512 1507 5567 xui,
1535 5502 1618 5559 37.

1706 5502 1751 5536 ⁸ο
1779 5502 1910 5558 Gen.
1941 5519 2099 5576 xun,
2122 5509 2175 5562 9.

2103 737 2474 794 famulantur?
2505 739 2737 794 Econtra
2762 740 3153 805 innocentibus,
3183 758 3244 797 ac
3273 746 3399 811 piis,
3445 753 3497 799 et
3532 761 3626 800 co-

2102 827 2328 883 Ientibus
2379 829 2542 882 Deum
2601 829 3012 882 innumerabiles
3065 844 3313 885 aerumna!
3371 847 3625 902 superve-

2099 918 2274 984 niunt,
2297 917 2484 982 abiecti
2508 925 2561 971 et
2586 917 2847 980 humiles,
2879 919 3166 986 contempti
3222 928 3276 972 et
3332 923 3430 975 sub
3479 923 3626 976 cola-

2100 1006 2221 1073 phis
2249 1008 2537 1074 potentium
2571 1009 2774 1073 vivunt,
2809 1022 3182 1076 nonnunquam
3232 1009 3392 1062 etiam
3435 1011 3630 1065 sanius

2101 1095 2179 1146 eis
2205 1094 2372 1146 morbi
2405 1109 2612 1162 quoque
2638 1096 2804 1161 ipsius
2837 1097 3080 1164 corporis
3121 1098 3489 1154 dominantur.
3523 1098 3628 1153 Sed

2103 1182 2235 1246 haec,
2261 1191 2319 1234 ut
2365 1183 2490 1247 dixi,
2543 1195 2934 1252 conqueruntur
2979 1188 3282 1254 ignorantes
3309 1186 3398 1253 qui
3427 1187 3499 1240 sit
3539 1201 3628 1239 or-

2103 1271 2168 1321 do
2203 1270 2252 1321 in
2285 1270 2478 1324 divinis
2511 1271 2746 1338 iudiciis.
2801 1272 3010 1338 Quanto
3067 1274 3207 1327 enim
3266 1275 3478 1342 gra\i,us
3534 1290 3627 1330 eos

2101 1358 2278 1424 puniri
2317 1358 2518 1421 volunt,
2551 1359 2616 1412 de
2635 1373 2858 1426 quorum
2891 1362 3124 1428 potentia
3160 1370 3213 1415 et
3259 1362 3626 1429 iniqu.:atibus

2105 1447 2477 1514 inge‘miscunt,
2503 1457 2650 1502 tanto
2680 1451 3037 1503 necessarium
3072 1459 3153 1504 est
3188 1450 3385 1504 differri
3417 1464 3626 1518 pmnas,

2102 1550 2218 1603 quae
2242 1535 2285 1589 si
2320 1552 2420 1590 non
2449 1537 2810 1604 diﬂ'errentur,
2834 1538 3150 1606 temporales
3180 1541 3359 1608 utique
3378 1549 3432 1594 et
3457 1541 3624 1596 levio-

2105 1638 2189 1677 res
2211 1634 2406 1687 essent,
2437 1629 2554 1692 quia
2589 1627 2743 1678 linem
2776 1641 2896 1679 cum
2921 1636 3091 1680 morte
3119 1629 3451 1695 reciperent;
3482 1645 3623 1683 nunc

2103 1724 2226 1763 vero
2281 1711 2400 1777 quia
2451 1712 2764 1765 dill‘eruntur
2791 1751 2805 1776 ,
2851 1723 3054 1767 certum
3113 1724 3193 1768 cst
3238 1717 3378 1784 quod
3417 1726 3627 1773 sternte

2101 1807 2255 1850 erunt
2283 1810 2479 1852 etcum
2503 1800 2712 1854 szeculis
2737 1803 3108 1855 extendentur.
3137 1803 3363 1857 Econtra
3393 1805 3552 1874 igitur
3579 1809 3624 1860 si

2098 1886 2260 1938 velint
2298 1885 2458 1954 justis
2518 1897 2571 1942 et
2621 1889 2995 1944 innocentibus
3036 1891 3088 1944 in
3139 1896 3380 1960 prtesenti
3433 1897 3626 1951 saeculo

2096 1976 2234 2028 bona
2259 1977 2426 2038 reddi,
2463 1987 2641 2031 essent
2671 1979 2834 2032 etiam
2868 1981 2977 2046 ipsa
3022 1983 3157 2035 bona
3216 1985 3521 2051 temporalia
3573 1997 3626 2040 et

2033 1772 2071 1822 Β

2098 2063 2255 2116 celeri
2287 2066 2513 2118 termino
2538 2066 2921 2121 concludenda.
2956 2067 3171 2132 Quanto
3230 2080 3404 2123 autem
3457 2074 3626 2140 magis
3721 2063 3724 2068 ’

2099 2151 2417 2205 dill'eruutur
2449 2154 2499 2206 in
2526 2153 2780 2220 futurum,
2815 2165 2958 2208 tanto
2988 2158 3154 2225 magis
3178 2168 3328 2211 erunt
3368 2171 3622 2229 perpetua

2100 2250 2154 2293 et
2176 2241 2416 2294 nescient
2449 2241 2629 2296 ﬁnem.
2657 2243 2765 2296 l-loc
2791 2253 2874 2297 est
2906 2257 3054 2312 ergo,
3086 2248 3224 2312 quod
3265 2263 3360 2302 nos
3383 2250 3624 2318 Scriptu-

2101 2349 2170 2387 ra:
2203 2333 2359 2399 hujus
2389 2334 2536 2387 locus
2592 2337 2776 2402 paucis
2818 2339 3154 2391 sermonibus
3214 2342 3626 2408 comprehensus

2096 2417 2328 2480 edocuit,
2371 2426 2427 2470 ut
2455 2418 2687 2472 sciamus
2723 2421 2888 2474 multo
2938 2437 3056 2476 esse
3107 2426 3320 2492 gravius
3379 2429 3622 2495 accipere

2097 2515 2392 2573 peccatum,
2427 2515 2479 2560 et
2503 2507 2722 2572 habere,
2755 2521 2819 2564 ac
2842 2523 3020 2563 secum
3051 2514 3115 2563 ad
3158 2513 3358 2567 inferna
3391 2517 3622 2583 deferre,

2098 2608 2254 2662 quam
2285 2595 2336 2646 in
2373 2595 2619 2662 praesenti
2648 2610 2858 2664 pt'enam
2894 2599 3020 2653 dare
3046 2603 3337 2656 commissi.
3385 2604 3450 2659 Et
3502 2606 3620 2661 ideo

2100 2685 2212 2736 haec
2232 2683 2410 2737 sciens
2435 2684 2687 2752 expedire
2737 2685 2978 2740 fidelibus
3019 2691 3286 2754 apostolus
3320 2691 3512 2749 Paulus
3538 2697 3617 2748 di-

2097 2770 2256 2824 citde
2287 2784 2354 2824 eo
2375 2771 2464 2838 qui
2494 2781 2807 2838 peccaverat
2833 2787 2848 2825 :
2879 2791 2898 2824 ι
2929 2773 3094 2838 Quem
3127 2778 3338 2844 tradidi,
3370 2780 3621 2849 inquit",

2104 2851 2314 2906 Satana
2376 2855 2426 2908 in
2491 2854 2760 2909 interitum
2834 2861 3036 2922 carnis,
3093 2880 3113 2913 ι
3161 2863 3261 2918 hoc
3311 2875 3395 2918 est
3452 2879 3623 2924 morte

2101 2940 2375 2994 inuitasse.
2444 2940 2543 3007 Qui
2587 2950 2763 2996 autem
2821 2944 2892 2997 sit
2952 2944 3157 3002 fructus
3209 2952 3395 3007 mortis
3443 2955 3619 3023 hujus,

2099 3033 2331 3086 ostendit
2363 3033 2414 3086 in
2449 3035 2811 3102 sequentibus,
2837 3036 3020 3091 dicens
3047 3052 3060 3089 :
3085 3057 3104 3089 ι
3143 3040 3207 3094 Ut
3260 3045 3476 3111 spiritus
3513 3048 3620 3100 sal-

2099 3137 2194 3177 vus
2224 3123 2313 3175 Iiat
2341 3122 2391 3175 in
2423 3123 2506 3175 die
2543 3123 2746 3176 Domini
2791 3125 2958 3178 nostri
2989 3124 3116 3181 Jesu
3147 3129 3365 3186 Christi.
3403 3152 3422 3184 ι
3465 3133 3622 3190 Vides

2097 3227 2222 3280 ergo
2251 3211 2512 3279 quomodo
2543 3221 2723 3279 aperte
2769 3214 3053 3281 Apostolus
3102 3219 3380 3274 utilitatem
3437 3227 3624 3279 mortis

2098 3299 2251 3365 hujus
2279 3298 2540 3366 exposuit.
2573 3296 2721 3361 Quod
2757 3301 2896 3352 enim
2923 3301 3073 3364 dicit,
3106 3302 3321 3360 Tradidi
3354 3309 3403 3361 in
3437 3310 3623 3366 interi-

2100 3394 2208 3438 tum
2239 3386 2436 3450 carnis,
2465 3384 2566 3438 hoc
2593 3394 2696 3448 est,
2734 3387 2786 3438 in
2820 3385 3156 3443 aﬂlictionem
3194 3397 3453 3462 corporis,
3503 3413 3622 3465 qua;

2098 3473 2277 3526 soleta
2311 3471 2684 3539 pmnitentibus
2708 3474 2956 3539 expendi,
2980 3488 3207 3542 eumque
3251 3481 3431 3536 carnis
3449 3482 3616 3538 inter-

2094 3560 2228 3621 itum
2298 3559 2608 3623 nominavit,
2639 3560 2726 3627 qui
2758 3569 2930 3614 tamen
2962 3564 3140 3616 carnis
3165 3563 3429 3630 interitus,
3459 3568 3621 3622 vitam

2098 3650 2300 3718 spiritui
2327 3651 2582 3702 conferat.
2607 3649 2758 3703 Unde
2782 3659 2836 3704 et
2859 3665 2999 3704 nunc
3025 3652 3070 3704 si
3087 3652 3206 3719 quis
3229 3652 3366 3708 forte
3381 3667 3620 3711 nostrum

2099 3739 2404 3792 recordatur
2449 3739 2499 3791 in
2531 3741 2829 3807 semetipso
2861 3739 3085 3808 alicujus
3119 3743 3321 3808 peccati
3352 3746 3627 3799 conscien-

2100 3829 2246 3889 tiam,
2274 3827 2315 3880 si
2350 3827 2472 3895 quis
2497 3839 2556 3880 se
2578 3827 2866 3880 obnoxium
2899 3829 3044 3882 novit
3073 3843 3192 3883 esse
3221 3830 3411 3885 delicto
3434 3871 3450 3894 ,
3494 3848 3622 3887 con-

2099 3917 2265 3985 fugiat
2299 3917 2365 3970 ad
2421 3916 2788 3985 paenitentiam
2816 3954 2834 3980 ,
2882 3926 2934 3971 et
2971 3929 3319 3986 spontaneum
3371 3923 3626 3992 suscipiat

2098 4008 2274 4061 carnis
2295 4007 2590 4070 interitum,
2639 4014 2698 4059 ut
2745 4015 3072 4076 expurgatus
3112 4009 3164 4062 in
3213 4013 3463 4077 praesenti
3511 4014 3620 4066 vita

2100 4097 2319 4163 spiritus
2356 4105 2555 4156 noster,
2591 4096 2820 4150 mundus
2867 4105 2923 4149 et
2951 4111 3113 4164 purus
3143 4109 3325 4167 pergat
3358 4101 3423 4154 ad
3470 4101 3624 4155 Cbri-

2098 4195 2238 4239 stum
2267 4185 2544 4238 Dominum
2575 4194 2835 4249 nostrum,
2867 4186 2951 4239 cui
2975 4195 3056 4242 est
3079 4187 3246 4257 gloria
3271 4190 3620 4260 etimperiuut

2100 4275 2152 4327 in
2181 4274 2370 4327 szecula
2393 4273 2722 4328 saeculorum.
2749 4274 2938 4328 Amen.

2648 4446 2919 4502 llOMlLlA
2956 4447 3065 4504 XV.

2170 4576 2242 4628 De
2282 4577 2659 4631 venditionibus
2701 4579 2968 4633 domorum
3008 4590 3058 4635 et
3098 4583 3552 4652 redemptionibus.

2172 4667 2220 4718 i.
2252 4666 2384 4720 Tres
2409 4668 2646 4721 diversas
2682 4669 2826 4735 leges
2871 4671 2938 4724 de
2984 4672 3262 4726 domorum
3306 4678 3628 4730 venditioni-

2102 4756 2200 4808 bus
2219 4763 2273 4808 et
2306 4756 2752 4824 redemptionibus
2775 4773 2867 4825 per
2889 4759 3100 4830 Moysen
3133 4763 3181 4813 in
3209 4761 3446 4820 Levitico
3474 4767 3627 4820 datus

2105 4843 2370 4906 videmus,
2405 4858 2627 4910 quarum
2682 4846 3064 4900 continentiam
3117 4851 3286 4914 primo
3335 4855 3626 4905 secundum

2106 4933 2380 4985 historiam
2407 4941 2818 5000 pertractemus,
2847 4942 2908 4987 ut
2935 4944 3057 5002 post
3079 4935 3177 4989 hoc
3198 4938 3355 4990 etiam
3379 4939 3444 4991 ad
3465 4941 3626 5007 spiri-

2108 5021 2266 5072 talem
2294 5036 2506 5074 sensum
2535 5023 2801 5090 possimus
2839 5024 3146 5078 ascendere.
3180 5026 3460 5080 Domorum
3483 5042 3626 5094 qua:-

2107 5108 2224 5161 dam
2259 5119 2380 5163 sunt
2415 5110 2466 5162 in
2522 5111 2742 5164 urbibus
2776 5111 3028 5174 muralis,
3074 5113 3310 5178 quaedam
3365 5113 3416 5164 in
3469 5115 3624 5174 vicis.

2108 5196 2188 5249 vel
2215 5197 2356 5263 agris
2385 5211 2487 5248 non
2517 5197 2833 5250 habentibus
2861 5211 3062 5250 muros.
3088 5199 3175 5249 Ait
3194 5211 3340 5264 ergo,
3382 5205 3439 5248 ut
3481 5198 3526 5249 si
3571 5199 3623 5249 in

2107 5283 2318 5336 civitate
2349 5293 2553 5336 murata
2593 5283 2886 5336 vendiderit
2905 5287 3024 5350 quis
3048 5287 3278 5348 domum,
3305 5296 3397 5350 per
3423 5296 3621 5334 annum

2110 5373 2374 5440 integrum
2405 5372 2596 5426 habeat
2644 5371 2850 5438 copiam
2896 5371 3206 5432 redimendi,
3259 5379 3375 5436 post
3425 5381 3626 5422 annum

2262 5506 2305 5541 ⁸⁸
2339 5507 2469 5562 Luc.
2492 5521 2603 5569 xvr,
2626 5504 2714 5560 25.
2790 5505 2835 5535 ⁸⁸
2871 5504 2884 5554 Ι
2907 5502 3027 5556 Cor.
3052 5515 3104 5562 v,
3127 5499 3179 5568 5.

375 5634 510 5709 (26)
547 5628 662 5682 Sic
707 5617 926 5675 codex
970 5607 1518 5682 Sansct‘manensis;
1550 5619 1662 5674 llbl‘l
1695 5635 1822 5675 VCI‘O
1849 5622 2027 5689 editi,t
2051 5627 2384 5697 exigendum.
2425 5623 2556 5688 Quia
2598 5628 2791 5682 autem,
2819 5635 2836 5666 ι
2870 5625 2972 5670 etc.
