3948 6240
399 314 505 368 559

406 441 532 483 vero
570 429 807 492 potestas
838 410 1183 483 recuperandi
1217 407 1358 462 nulla
1390 402 1716 461 conceditur.
1764 417 1782 475 ς
1814 397 1930 452 Erit
1957 401 2000 454 Δ

406 491 772 581 enim,inqnit
793 507 859 571 ⁸⁸,
885 507 1069 560 domus
1094 501 1260 569 ipsius
1306 494 1562 565 emptoris
1611 498 1758 546 certa
1792 491 1932 556 ‘pos-

414 608 599 668 sessio,
629 578 831 658 siintra
855 608 1048 650 annum
1079 592 1308 645 liberare
1333 600 1449 641 eam
1510 598 1613 637 non
1675 578 1929 648 potuerit,

412 699 502 765 qui
529 691 798 748 distraxit.
838 705 858 739 ι
895 682 1135 739 Secunda
1163 680 1241 733 lex
1269 686 1368 740 est,
1410 683 1468 727 ut
1501 672 1547 728 si
1580 673 1791 743 domus,
1819 681 1936 735 quae

412 757 663 840 distracta
689 776 855 839 est,in
884 772 1002 826 vico
1037 768 1198 822 fuerit
1226 765 1314 832 qui
1356 776 1562 816 murum
1594 773 1697 812 non
1752 757 1934 817 habet,

414 875 496 931 cui
526 883 700 927 tamen
741 867 861 918 vico
895 876 1026 931 ager
1078 858 1335 926 adjacent,
1377 853 1535 905 liceat
1583 846 1845 901 venditori
1887 851 1941 897 et

414 972 532 1034 post
560 972 778 1020 annum,
806 963 858 1007 et
890 949 1308 1020 quandocnnque
1340 940 1601 1010 potuerit,
1661 935 1940 990 restituere

417 1025 666 1120 pretium,
693 1055 747 1100 et
769 1054 1084 1109 recuperare
1116 1049 1276 1103 quam
1325 1031 1642 1084 distraxerat
1704 1025 1939 1077 domum.

413 1114 591 1209 'l'ertia
617 1138 700 1191 lex
725 1144 826 1197 est,
853 1141 911 1185 ut
938 1129 980 1183 si
1013 1129 1150 1181 forte
1175 1124 1362 1178 donms
1381 1120 1449 1173 sit
1468 1117 1684 1179 Levitae,
1718 1114 1799 1165 vel
1852 1126 1940 1165 sa-

413 1201 666 1289 cerdotis,
698 1223 995 1285 ubicunque
1023 1211 1180 1267 fuerit
1211 1208 1333 1262 talis
1362 1206 1571 1267 domus,
1602 1203 1714 1256 sive
1740 1201 1789 1253 in
1814 1197 1945 1252 civi—

418 1328 524 1370 tate
554 1287 785 1373 murata,
819 1307 933 1364 sive
964 1305 1015 1357 in
1039 1302 1156 1354 vico
1182 1297 1269 1349 cui
1302 1308 1485 1348 murus
1510 1307 1613 1345 non
1645 1299 1745 1351 est,
1792 1287 1947 1341 liceat

416 1418 622 1472 semper
643 1410 692 1455 et
725 1399 778 1453 in
825 1393 967 1451 omni
996 1401 1249 1458 tempore,
1298 1396 1353 1439 ut
1382 1385 1800 1453 quandocunque
1855 1391 1949 1444 po-

420 1496 581 1550 tuerit
607 1490 787 1545 Levita
812 1486 895 1541 vel
925 1480 1173 1538 sacerdos
1198 1477 1428 1530 redimat
1476 1475 1690 1527 domnm
1753 1483 1900 1523 suam
1929 1483 1943 1518 :

421 1599 523 1638 nec
542 1592 773 1649 unquam
811 1574 895 1629 vel
939 1566 1328 1626 sacerdotalem
1367 1561 1451 1614 vel
1489 1560 1781 1614 Leviticam
1832 1569 1951 1623 pos-

420 1645 713 1728 sessionem
732 1660 1039 1720 conlirmari
1068 1659 1121 1712 in
1149 1656 1311 1710 alium
1341 1653 1429 1721 qui
1465 1666 1565 1703 non
1596 1649 1667 1703 sit
1712 1645 1950 1713 ejusdem

420 1763 646 1822 ordinis,
670 1758 846 1811 divina
865 1752 983 1820 jura
1004 1746 1334 1818 permittunt.
1360 1743 1475 1796 Istae
1496 1746 1617 1793 sunt
1636 1748 1762 1801 ergo
1784 1733 1949 1799 leges,

424 1852 615 1922 quibus
635 1820 890 1902 utebatur
914 1838 1141 1908 populus
1164 1833 1250 1887 ille
1279 1831 1442 1901 prior,
1476 1827 1637 1882 etiam
1662 1820 1950 1922 secundum

425 1908 525 1995 hoc
550 1940 721 2007 ipsum
745 1931 883 2002 quod
913 1942 1007 1998 per
1036 1922 1312 1978 historiam
1348 1916 1675 1983 designatur,
1713 1908 1956 1975 religiose

425 2031 558 2085 satis
574 1998 638 2082 Iet
662 1998 1215 2097 pie—sacerdotalibus
1252 2009 1334 2065 vel
1380 2004 1633 2061 Leviticis
1676 1998 1957 2055 ordinibus

426 2121 780 2176 consulentes.

492 2212 548 2264 2.
578 2207 683 2261 Sed
711 2202 870 2258 citius
902 2199 1014 2252 haec
1043 2195 1339 2262 referamus
1366 2187 1430 2240 ad
1475 2199 1592 2249 nos,
1626 2181 1820 2250 quibus
1872 2177 1957 2228 lex

429 2295 650 2359 Christi,
684 2291 729 2345 si
789 2302 905 2342 eam
959 2292 1285 2351 sequamur,
1333 2288 1430 2329 nec
1488 2269 1855 2340 possessiones
1905 2266 1959 2318 in

433 2353 593 2449 terra,
630 2353 727 2436 nec
781 2379 835 2430 in
874 2373 1094 2426 urbibus
1122 2369 1308 2421 domos
1338 2363 1535 2417 habere
1589 2356 1871 2428 permittit.
1898 2353 1964 2406 Et

432 2475 558 2548 quid
580 2445 706 2528 dico
733 2463 964 2523 domos?
993 2460 1102 2515 Nec
1130 2459 1311 2529 plures
1350 2454 1577 2515 tunicas,
1602 2462 1701 2502 nec
1741 2445 1960 2498 multam

434 2533 683 2621 concedit
732 2554 1009 2627 possidere
1040 2547 1316 2618 pecuniam
1353 2562 1366 2597 :
1420 2560 1439 2593 ι
1481 2539 1750 2592 llabentes
1784 2533 1961 2598 enim,

438 2654 609 2723 inquit
635 2651 703 2711 “,
738 2647 932 2700 victum
955 2651 1010 2696 et
1037 2638 1305 2700 vestitum,
1339 2633 1425 2687 his
1455 2627 1690 2685 contenti
1725 2627 1911 2680 simus.
1939 2638 1961 2672 ι

438 2711 715 2809 Quomodo
738 2749 866 2803 ergo
899 2745 997 2785 nos
1021 2729 1173 2782 datas
1198 2726 1261 2779 de
1282 2723 1546 2782 domibus,
1576 2718 1689 2772 sive
1719 2715 1857 2769 intra
1897 2711 1970 2765 ci-

439 2835 653 2887 vitatem
684 2801 945 2882 moratam
979 2818 1188 2888 positis,
1223 2815 1334 2871 sive
1355 2813 1408 2865 in
1437 2810 1573 2865 vicis
1610 2806 1805 2875 quibus
1830 2801 1968 2857 muri

439 2936 546 2978 non
571 2918 731 2988 262
755 2921 898 2976 sunt,
928 2905 1332 2964 observabimus
1362 2898 1543 2969 leges?
1594 2894 1894 2950 invenimus
1916 2891 1969 2944 in

441 2982 876 3071 aliisSca'mturm
905 2996 1059 3058 locis,
1102 2991 1241 3061 quod
1271 3003 1448 3046 sermo
1503 2985 1714 3040 divinus
1772 2982 1972 3049 majore
1995 3004 2040 3063 ο

443 3098 668 3167 quodam
697 3099 1037 3147 sacramento
1069 3082 1310 3142 nominet
1329 3079 1566 3139 domum,
1589 3083 1648 3128 ut
1677 3087 1797 3129 cum
1841 3071 1972 3125 dicit

445 3160 510 3242 de
538 3182 725 3244 Iacob,
752 3189 806 3235 et
827 3176 976 3246 quasi
1021 3186 1120 3241 pro
1161 3170 1317 3224 laude
1347 3165 1462 3235 ejus
1518 3163 1714 3233 ponit:
1770 3178 1792 3212 ι
1844 3160 1976 3214 Erat

445 3274 606 3337 enim,
630 3267 882 3338 inquit”,
913 3264 1076 3319 Jacob
1104 3262 1261 3317 homo
1306 3256 1527 3324 simplex
1584 3251 1831 3308 habitans
1878 3250 1975 3302 do-

448 3336 612 3416 mum.
648 3377 670 3412 ι
705 3336 775 3412 Et
799 3358 989 3412 iterum
1049 3350 1264 3406 invenio
1317 3345 1385 3400 de
1441 3340 1821 3398 obstetricibus
1869 3336 1978 3392 He-

449 3455 709 3506 braeorum
733 3449 988 3516 scriptum
1024 3460 1038 3497 :
1085 3460 1104 3494 I
1148 3443 1212 3495 Et
1244 3439 1387 3508 quia,
1419 3436 1593 3503 inquit
1608 3432 1679 3498 ",
1720 3430 1977 3501 timebant

453 3539 616 3595 Deum
644 3534 984 3597 obstetrices,
1018 3530 1261 3584 fecerunt
1281 3525 1385 3580 sibi
1428 3525 1635 3581 domos.
1674 3537 1694 3571 ι
1724 3516 1981 3572 Videmus

451 3643 577 3695 ergo
605 3626 743 3694 quod
771 3620 1142 3679 obstetricibus
1166 3617 1379 3684 quidem
1407 3609 1771 3665 faciendarum
1801 3607 1982 3662 domo-

455 3733 571 3772 rum
613 3728 773 3771 causa
806 3711 968 3766 fuerit
997 3709 1152 3762 timor
1179 3704 1306 3768 Dei;
1327 3703 1494 3758 Jacob
1516 3712 1644 3756 vero
1669 3695 1985 3766 simplicitas

452 3817 509 3860 et
554 3800 855 3859 innocentia
883 3810 1097 3852 causam
1124 3792 1348 3855 dederit,
1372 3800 1432 3845 ut
1454 3788 1720 3844 habitaret
1744 3786 1983 3838 domum.

455 3894 690 3962 Denique
712 3890 875 3952 Esau,
903 3887 1028 3955 quia
1060 3885 1233 3941 malus
1261 3881 1383 3946 fuit,
1429 3893 1535 3934 non
1591 3884 1676 3932 est
1726 3873 1986 3942 scriptum

454 3986 521 4039 de
550 3998 615 4038 eo
646 3980 770 4050 quia
800 3974 1120 4033 habitaverit
1147 3973 1384 4033 domum,
1413 3983 1511 4025 nec
1559 3968 1625 4022 de
1649 3965 1755 4021 alio
1810 3963 1990 4031 aliquo

525 4131 570 4162 ⁸³
594 4126 764 4181 Levit.
796 4135 919 4182 xxv,
938 4120 1026 4172 ‘50.
1100 4117 1145 4149 “
1170 4116 1191 4168 Ι
1221 4117 1361 4172 Tim.
1386 4130 1457 4179 vr,
1482 4115 1532 4169 8.

457 4196 547 4250 ³⁸1
582 4197 711 4249 Cor.
738 4205 819 4253 tu,
844 4188 898 4240 9.
943 4186 988 4217 ‘°
1018 4185 1200 4237 Matth.
1226 4199 1278 4247 v,
1310 4185 1363 4235 4.

529 4302 641 4372 (25)
675 4293 1197 4374 Libb..editi,_cbauc
1215 4289 1582 4374 crudelissimo
1638 4286 1981 4349 feneratori,»

461 4369 555 4429 sed
587 4382 714 4419 mss.
745 4371 803 4415 ut
833 4369 883 4414 in
915 4369 1099 4429 nostro
1137 4369 1305 4429 textu.

532 4422 655 4507 {26)
674 4429 732 4484 Si
762 4444 852 4507 nos
875 4426 1238 4507 qliquaﬂculpg‘
1271 4422 1841 4507 mortalisjnvenerit“,
1875 4430 1982 4507 etc.

463 4489 726 4561 An‘tou'ius
753 4489 1012 4548 Arualdus
1034 4489 1175 4544 libro
1200 4491 1407 4561 Gallice
1426 4492 1626 4561 scripto
1655 4491 1738 4542 cui
1785 4489 1988 4561 titulus,

464 4558 539 4628 De
564 4564 814 4639 frequenti
834 4562 1208 4639 communione,
1236 4573 1354 4639 cap.
1381 4558 1437 4619 4,
1466 4558 1760 4639 scribarum
1804 4558 1987 4639 vitium

465 4624 690 4696 ascribit
717 4632 840 4687 huic
868 4627 1101 4696 lectioni,
1131 4633 1185 4677 et
1237 4624 1420 4696 1099,.
1453 4624 1610 4689 culp,
1669 4624 1928 4696 ψηνίξὲ
1966 4641 1984 4672 ,

468 4688 751 4775 iratum.
773 4711 943 4775 ε
976 4691 1438 4775 ουιραεεξιετεξιξξυ.
1822 4691 1991 4775 tae-

471 4754 979 4839 rotr,‘iuqu_it,__fa.c_ile
1030 4754 1236 4839 admitti
1275 4758 1445 4824 potuit
1472 4758 1632 4839 unius
1695 4754 1992 4819 adjecrione

469 4821 1017 4898 iiiiéréfz'l‘lvideus
1041 4835 1142 4887 est,
1173 4821 1307 4898 cuni
1346 4821 1620 4874 manifeste
1654 4833 1843 4898 secum.
1891 4837 1991 4898 pii-

469 4888 769 4981 @350ch
809 4917 883 4980 τ’(
913 4896 1067 4963 culpa
1101 4894 1501 4981 mortalisAquc.
1529 4904 1633 4942 non
1681 4888 1995 4981 itincrimine

473 4954 1053 5033 mortali—consulatis
1086 4974 1184 5033 nec
1232 4954 1629 5033 apudiveteres
1686 4954 1995 5033 ullum_.un-

472 5024 960 5115 quamn-cperiatur
990 5024 1215 5111 positum
1248 5024 1699 5115 discritnenninter
1731 5040 1749 5074 σ
1784 5024 1992 5092 culpant

474 5091 745 5166 iiidrtaleni
773 5124 792 5157 ι
828 5112 882 5156 et
911 5118 933 5152 ι
967 5091 1168 5153 crimen
1198 5095 1440 5166 mortale.
1478 5110 1498 5143 ι
1529 5091 1757 5166 Econtra
1777 5091 1994 5166 apertus

472 5161 786 5238 est-scimus,
820 5175 863 5226 si
890 5171 1118 5238 legatur,
1146 5180 1183 5238 _t_
1208 5162 1359 5238 culpa
1393 5163 1748 5238 moralisqua:
1786 5175 1901 5238 non.
1938 5161 1992 5213 in

473 5228 697 5303 crimine
736 5228 1020 5308 niortalijo
1053 5230 1333 5308 5°_Verbis
1377 5230 1727 5308 sequentibus
1763 5228 1997 5308 explicat

476 5296 870 5381 ipsevllrigeues
899 5304 1025 5381 quid
1047 5302 1209 5369 σαίρω
1232 5296 1694 5381 ηιογαιὶεςιιριιιίιιε
1715 5296 1994 5374 intelligat,

354 5404 389 5448 ,λ
477 5363 594 5444 Liuia
616 5363 811 5448 nempe
845 5394 872 5448 I_
897 5363 979 5448 v'el
1007 5374 1065 5448 _in
1093 5363 1352 5425 sermonis
1381 5365 1479 5447 vel.
1618 5378 1823 5419 tuorum
1857 5363 1996 5448 'vlitio

481 5431 763 5497 consistat:
795 5464 812 5495 ι
847 5445 903 5495 4⁸
924 5442 1117 5510 (lulpas
1157 5450 1290 5504 quas
1326 5431 1995 5510 criminibusmtortalibus

482 5512 716 5573 opponit,
745 5512 997 5574 veniales,
1024 5500 1123 5561 non
1165 5500 1416 5558 mortales
1453 5502 1613 5555 fuisse
1660 5500 1781 5574 inde
1829 5503 1992 5563 patet,

487 5566 623 5639 quod
643 5566 814 5630 iu'line
838 5566 995 5646 hujus
1008 5578 1109 5630 loci
1136 5581 1389 5629 vocentur
1431 5587 1449 5621 ι
1487 5566 1784 5624 communia
1808 5578 1993 5633 pecca-

1805 280 2111 338 ORIGENIS

1634 4113 1678 4143 ⁸³
1708 4109 1841 4164 Gen.
1871 4124 1996 4174 xxv,
2017 4106 2110 4164 27-.

3537 249 3635 302 560

2030 395 2281 460 scriptum
2315 394 2395 442 est
2423 385 2550 454 quia
2576 375 2957 463 mdilicaverit
2991 372 3105 428 sibi
3140 369 3393 429 domum,
3423 363 3508 431 qui
3538 378 3635 416 non

2030 455 2278 538 habuerit
2310 480 2559 532 timorem
2598 472 2726 527 Dei.
2771 456 2914 535 Qua:
2974 473 3067 519 est
3099 475 3241 527 ergo
3279 458 3390 511 ista
3436 455 3637 518 domus,

2031 580 2083 625 et
2110 569 2266 638 quale
2295 564 2580 620 aedilicium
2611 568 2726 623 est,
2751 556 2966 612 Paulus
2998 542 3502 616 exponitapertius
3530 556 3641 595 cum

2261 675 2275 709 :
2342 672 2361 706 ι
2400 654 2633 707 Domum
2694 647 2980 701 habemus
3036 655 3158 694 non
3212 649 3381 689 manu
3438 632 3645 694 factam,

2036 834 2304 890 mdificare
2330 845 2489 885 nemo
2530 835 2714 896 potest
2759 823 2861 877 nisi
2902 823 3115 875 timeat
3160 815 3396 896 Deum.‘
3425 810 3547 864 llwc
3572 819 3652 862 est

2040 928 2229 980 domus
2253 936 2412 990 quam
2440 930 2752 981 exstruere,
2787 914 2870 966 vel
2911 910 3195 966 habitare
3247 889 3416 961 nemo
3463 908 3653 969 potest,

2042 1012 2141 1065 nisi
2170 1011 2221 1063 in
2251 987 2605 1076 simplicitate
2636 1003 2841 1060 mentis
2897 1009 2963 1054 et
3003 995 3262 1065 puritate
3293 990 3499 1045 cordis.
3557 987 3654 1040 Sed

2041 1101 2292 1168 quoniam
2326 1096 2579 1151 accidere
2607 1092 2776 1151 solet,
2802 1099 2862 1143 ut
2894 1087 3084 1142 etiam
3112 1083 3215 1151 qui
3246 1082 3394 1134 bene
3432 1076 3655 1132 aedifica-

2044 1182 2198 1251 verit,
2221 1194 2276 1240 et
2298 1187 2516 1239 domum
2552 1180 2660 1236 sibi
2686 1178 2983 1233 caelestem
3020 1173 3175 1228 bene
3212 1169 3430 1239 agendo
3456 1176 3511 1223 et
3532 1169 3660 1221 bene

2044 1276 2295 1340 vivendo,
2331 1289 2396 1328 ac
2427 1280 2579 1326 recte
2607 1268 2889 1325 credendo
2940 1261 3374 1323 construxerit,
3434 1259 3663 1312 incurrat

2047 1364 2273 1432 alicujus
2309 1359 2519 1430 peccati
2571 1358 2845 1421 debitum,
2908 1362 2971 1409 et
3008 1354 3167 1407 hanc
3204 1366 3235 1403 a
3296 1346 3664 1404 crudelissimo

2048 1453 2360 1506 feneratore
2422 1450 2536 1518 (Ξῦ)
2590 1450 2915 1503 venundare
2992 1453 3286 1512 cogatur,
3344 1452 3414 1492 ac
3466 1438 3666 1491 labores

2051 1559 2177 1598 suos
2210 1540 2596 1596 transfundere
2650 1539 2707 1590 in
2762 1536 2966 1597 alium,
3030 1531 3223 1602 pietas
3275 1536 3335 1583 et
3395 1526 3665 1582 clementia

2053 1631 2378 1702 legislatoris
2412 1628 2711 1691 succurrit,
2746 1634 2808 1679 ut
2863 1623 3026 1675 intra
3061 1629 3293 1674 certum
3338 1624 3550 1683 tempus
3593 1627 3669 1666 re-

2053 1721 2180 1775 dimi
2211 1719 2400 1789 possit.
2441 1733 2460 1768 ι
2487 1715 2544 1771 Si
2578 1725 2761 1768 tamen
2820 1707 3149 1772 invenerit,
3176 1706 3363 1775 inquit
3392 1703 3464 1768 ⁸⁸,
3496 1715 3669 1756 manus

2057 1820 2143 1863 tua
2176 1808 2406 1877 pretium
2447 1805 2590 1875 quod
2624 1803 2923 1857 restituas.
2961 1818 2984 1851 ι
3022 1797 3216 1864 Quale
3256 1793 3537 1865 pretium?
3563 1792 3670 1845 Pte-

2056 1874 2299 1951 nitentite
2329 1894 2449 1948 sine
2466 1874 2637 1946 dubio
2680 1889 2954 1958 lacryruis
2994 1874 3443 1955 congregatum,
3488 1890 3540 1935 et
3571 1896 3671 1933 tua-

2056 1986 2235 2046 nibus,
2296 1984 2346 2037 id
2381 1991 2457 2036 est
2512 1980 2705 2033 labore
2733 1977 2867 2031 boni
2917 1976 3126 2044 operis
3164 1975 3474 2027 inventum.
3505 1972 3671 2023 Annus

2055 2083 2232 2128 autem
2266 2073 2367 2127 iste
2395 2068 2622 2138 intelligi
2657 2077 2843 2136 potest
2869 2080 3055 2135 quem
3083 2063 3245 2117 venit
3271 2067 3476 2115 voca‘re
3502 2057 3665 2114 Domi-

2059 2180 2163 2219 nus
2183 2177 2383 2216 annum
2421 2168 2729 2227 acceptum,
2791 2169 2909 2223 quo
2957 2153 3231 2209 dimittat
3278 2151 3586 2207 confractus
3624 2150 3671 2201 in

2061 2252 2461 2314 remissionem,
2489 2256 2544 2302 et
2570 2247 2805 2301 salutem
2848 2244 3074 2299 delicta
3142 2256 3247 2296 sua
3303 2239 3673 2295 conﬁtentibus

2061 2345 2313 2413 praebeat.
2343 2337 2496 2404 Quod
2518 2345 2702 2389 autem
2734 2335 2874 2387 dicit
2914 2332 3169 2386 domum
3212 2332 3268 2384 in
3313 2332 3533 2385 civitate
3573 2345 3673 2381 mu-

2066 2440 2222 2485 rata:
2260 2436 2424 2490 recte,
2452 2436 2508 2478 ut
2542 2439 2644 2494 ego
2681 2422 2968 2486 arbitror,
3002 2422 3220 2475 domus
3273 2436 3399 2488 quae
3445 2420 3498 2472 in
3550 2415 3674 2472 c0310

2065 2534 2184 2574 esse
2235 2518 2451 2580 dicitur,
2482 2515 2534 2568 in
2583 2513 2811 2567 civitate
2860 2522 3110 2566 murata
3159 2527 3293 2567 esse
3356 2511 3674 2581 intelligitur.

2065 2607 2247 2660 Murus
2279 2612 2363 2659 est
2384 2603 2525 2658 enim
2550 2599 2873 2668 hujusmodi
2913 2600 3205 2654 domibus
3240 2603 3424 2670 ipsum
3452 2600 3566 2654 coeli
3597 2599 3677 2651 ﬁr—

2070 2701 2416 2749 mamentum.
2444 2690 2550 2744 Sed
2594 2690 2762 2744 talem
2799 2690 3051 2764 domum
3089 2691 3213 2746 rari
3255 2691 3464 2763 quique
3500 2689 3678 2745 habere

2068 2792 2309 2855 possunt,
2333 2781 2412 2834 illi
2450 2779 2701 2833 fortassis
2726 2781 2822 2849 qui
2867 2796 3061 2849 super
3108 2790 3328 2836 terram
3360 2780 3678 2836 ambulantes

2070 2872 2531 2931 conversationem
2557 2870 2765 2924 habent
2790 2871 2847 2924 in
2877 2872 3084 2934 caelis,
3122 2883 3184 2928 et
3222 2872 3293 2927 de
3338 2871 3537 2941 quibus
3570 2872 3680 2926 dicit

2072 2960 2355 3032 Apostolus
2390 2958 2474 3009 ⁵⁹ε
2512 2974 2531 3007 ι
2566 2956 2659 3009 Dei
2686 2957 3004 3013 reditiratio
3034 2960 3206 3015 estis.
3242 2978 3263 3011 ›
3297 2959 3491 3014 Οωιοτῑ
3522 2969 3680 3012 autem

2074 3049 2163 3121 qui
2200 3050 2255 3102 in
2285 3045 2419 3100 vicis
2444 3043 2645 3098 habent
2668 3044 2896 3109 domos,
2942 3047 3168 3116 quibus
3219 3063 3339 3103 non
3370 3058 3457 3102 est
3493 3062 3680 3112 murus,

2071 3150 2154 3197 est
2183 3150 2362 3194 tamen
2394 3138 2473 3192 eis
2506 3136 2944 3205 adjacensager
2993 3135 3313 3199 fecundus,
3348 3136 3426 3188 illi
3464 3135 3685 3188 fortassis

2070 3236 2160 3306 qui
2187 3234 2289 3290 sibi
2316 3232 2678 3287 habitaculum
2724 3241 3072 3300 praeparant
3102 3232 3166 3285 in
3199 3242 3353 3286 terra
3383 3229 3682 3294 viventium,

2071 3339 2128 3386 et
2155 3331 2209 3383 in
2237 3330 2321 3382 illa
2350 3339 2490 3382 terra
2518 3343 2679 3396 quam
2716 3330 3056 3383 mansuetis
3086 3328 3375 3384 Dominus
3416 3327 3681 3398 promittit,

2073 3423 2258 3479 dicens
2281 3424 2324 3455 ⁸ο
2354 3441 2366 3476 :
2406 3443 2424 3474 ι
2457 3420 2622 3496 Beati
2649 3421 2814 3476 mites
2835 3461 2850 3486 ,
2898 3426 3200 3493 quoniam
3253 3427 3364 3496 ipsi
3395 3425 3685 3481 haereditate

2073 3513 2423 3585 possidebunt
2472 3495 2690 3566 terra'm.
2740 3529 2759 3560 ι
2807 3512 2962 3567 Istas
3007 3532 3155 3587 ergo
3208 3495 3444 3578 domos,
3486 3517 3528 3568 si
3568 3516 3685 3568 forte

2084 3605 2266 3672 alicui,
2299 3604 2442 3659 sicut
2496 3617 2664 3673 supra
2719 3604 3141 3672 exposuimus,
3196 3604 3399 3676 lapsus
3439 3600 3693 3659 acciderit.

2083 3709 2293 3763 semper
2313 3702 2393 3748 est
2420 3692 2779 3760 recuperandi
2811 3691 3103 3762 facultas,
3137 3706 3203 3750 ut
3230 3695 3390 3750 verbi
3434 3693 3603 3764 gratia
3626 3691 3697 3744 di-

2085 3799 2293 3849 camus,
2325 3785 2368 3837 si
2400 3796 2496 3837 uos
2527 3782 2707 3850 aliqua
2739 3781 2901 3851 Culpa
2942 3786 3231 3841 mortalis
3277 3785 3552 3840 invenerit
3579 3779 3697 3854 (i6).

2069 3888 2206 3942 qua:
2256 3887 2363 3925 non
2412 3871 2464 3925 in
2504 3871 2735 3923 crimine
2782 3872 3058 3939 mortali,
3095 3890 3213 3930 non
3271 3875 3330 3928 iu
3390 3870 3702 3942 blasphemia

2092 3961 2234 4026 lidei,
2265 3974 2383 4029 quae
2431 3972 2586 4012 muro
2615 3957 2998 4015 ecclesiastici
3039 3971 3104 4016 et
3160 3963 3465 4034 apostolici
3500 3963 3703 4031 dogma-

2186 4106 2233 4139 “
2254 4103 2425 4159 Exod.
2458 4102 2604 4165 t,2|.
2676 4100 2722 4133 ³⁷
2745 4101 2787 4155 ll
2808 4103 3024 4170 Conv,
3045 4106 3070 4158 l
3088 4146 3107 4162 .

3191 4107 3246 4139 ⁸⁸
3272 4107 3460 4161 Levit.
3482 4120 3608 4171 xxv,
3623 4102 3703 4159 ξε.

2089 4292 2138 4336 ta
2161 4298 2279 4354 qua:
2312 4282 2622 4354 frequenter
2643 4281 3027 4354 incurrimtts,
3057 4299 3304 4354 semper
3336 4284 3702 4354 paenitentiam

2017 4343 2061 4398 Β
2092 4343 2376 4419 recipiunt,
2408 4343 2463 4403 et
2491 4348 2608 4419 sine
2662 4343 3101 4419 intermissione
3164 4343 3551 4409 ι-ὲιιῑιιὶιηιιιιιι,
3583 4372 3604 4405 ι
3649 4354 3711 4404 At

2093 4416 2219 4498 vero
2240 4419 2359 4487 quis
2391 4416 2660 4498 tantillum
2688 4416 2743 4498 in
2782 4418 3334 4498 lectione_Patruin
3368 4433 3616 4477 versatus
3662 4426 3708 4472 iu

2089 4484 2462 4566 l‘lllilpllmnsl'bi
2509 4484 2728 4537 inducat
2789 4486 2966 4566 tertio
3026 4490 3316 4547 Ecclesia:
3366 4491 3568 4544 saeculo
3614 4499 3709 4542 tam

2089 4554 2300 4607 facilem
2336 4554 2504 4605 fuisse
2529 4560 2882 4620 peccatorum
2915 4554 3242 4611 lethalium
3292 4554 3713 4613 remissionem?

2089 4621 2146 4701 δέ
2169 4622 2385 4701 Addere
2408 4621 2687 4701 poterat-sl
2699 4621 2956 4685 rnaldus,
3008 4628 3071 4677 in
3095 4627 3379 4701 editione
3402 4625 3710 4683 Basilcensi.

2090 4700 2145 4742 et
2168 4690 2219 4768 in
2244 4686 2422 4768 altera
2443 4686 2651 4768 Griuazi
2675 4689 2857 4742 locum
2899 4705 3039 4768 esse
3073 4695 3285 4746 datum
3322 4697 3456 4749 huic
3485 4694 3709 4751 lectioni.

2105 4774 2122 4805 ι
2157 4757 2202 4809 si
2226 4771 2324 4836 nos
2344 4755 2534 4836 aliqua.
2566 4756 2724 4836 culpa
2754 4758 2990 4836 moralis
3021 4760 3354 4824 invenerit,
3396 4782 3418 4816 ι
3449 4772 3559 4818 etc.
3621 4760 3711 4813 Ve-

2092 4838 2206 4904 rum
2245 4823 2536 4904 licetnnihi
2569 4825 2803 4904 multum
2832 4828 3099 4882 arrident
3124 4823 3453 4885 Arnaldina
3510 4842 3713 4884 correc-

2093 4900 2188 4955 tio,
2220 4900 2508 4964 quourinus
2567 4902 2750 4945 tamen
2779 4907 2908 4964 eam
2970 4909 3226 4964 sequar,
3297 4900 3477 4953 multa
3544 4900 3714 4951 deter-

2095 4960 2344 5038 rentur
2367 4958 2523 5038 qulla
2552 4958 3080 5038 tnauuscriptorum
3122 4958 3483 5023 auctoritate
3509 4967 3710 5020 nititur.

2092 5025 2245 5108 2°‘Si_
2268 5026 2430 5108 lectio
2453 5025 2576 5097 Qua:
2602 5025 2854 5108 Arualdo'
2879 5031 3245 5108 displicebat
3286 5035 3596 5104 rejieieuda
3637 5034 3709 5083 lo-

2096 5104 2198 5155 ret,
2233 5094 2507 5174 lubentiqu
2565 5097 2936 5174 amplecterer
2964 5094 3220 5174 alteram
3256 5094 3432 5174 quam
3483 5112 3712 5172 quatuor

2093 5177 2227 5246 qttos
2242 5166 2514 5246 co‘nsulni,
2542 5168 2904 5246 manuscripti
2942 5169 3209 5246 codices,
3234 5166 3388 5228 nitus
3408 5166 3706 5230 Becceusis,

2095 5230 2235 5309 alter
2277 5230 2701 5309 Getneticeusis,
2758 5230 2958 5291 tertius
3016 5230 3439 5309 liaduinensis,
3489 5246 3705 5308 Quartus

2095 5297 2590 5378 Sﬂt‘gertnaneusis
2618 5297 2699 5363 sat
2728 5319 2939 5378 recens,
2974 5308 3263 5378 exhibent
3318 5297 3436 5364 δῆθ’
3463 5297 3641 5361 νόιωε
3686 5319 3702 5358 τ

2100 5380 2119 5448 ξ
2244 5367 2427 5448 aliqua
2462 5376 2622 5446 culpa
2656 5366 2947 5448 invenitur,
2992 5390 3107 5427 non
3150 5377 3219 5448 in
3270 5377 3519 5431 crimine
3570 5387 3703 5427 mor-

2094 5434 2211 5549 tali.
2246 5434 2368 5515 {lbi
2400 5453 2509 5517 ttec
2548 5434 2787 5509 moratis,
2811 5434 3214 5497 nec-mortalis
3277 5445 3448 5513 culpa
3477 5442 3701 5511 opponi-

2120 5516 2183 5549 ΠΙ·
2206 5518 2416 5549 crtnnm
2467 5519 2684 5549 Inus-0n“
2744 5515 2797 5549 Δί
2835 5508 3198 5549 ἀιιιηίρίηηῖα
3252 5524 3447 5549 πηιςιηι
3494 5526 3602 5549 ηντιι
3641 5524 3697 5549 tm

2096 5506 2183 5616 :ur
2206 5506 2417 5582 crimini
2467 5519 2705 5572 utortnli.
2737 5506 2804 5568 At
2835 5508 3198 5577 suspicionis
3252 5506 3449 5567 notam
3494 5506 3602 5579 prie
3641 5524 3697 5562 se

2118 5578 2198 5616 ert
2226 5584 2512 5616 muginnd‘.
2547 5589 2706 5616 μηδι..
2762 5602 2790 5616 Δ
2825 5590 3055 5616 ηιιαιιιηιι-
3120 5579 3254 5616 linat
3314 5580 3697 5616 ηιηηιιαι-ινίηιίς

2118 5578 2199 5623 ενι
2226 5578 2515 5641 eiusmodi
2547 5589 2709 5646 lectio
2761 5602 2790 5643 e
2825 5590 3055 5652 quatuor
3119 5579 3261 5637 licet
3313 5578 3699 5646 manuscriptis
