3948 6238
349 364 469 418 565

355 479 516 530 sicut
549 474 690 531 imber
716 446 1217 544 ευῖδῗξεξῖδψθητ
1271 473 1339 519 el
1393 472 1554 530 sicut
1592 479 1680 530 nix
1715 492 1874 544 super
1908 477 1989 532 fe-

359 526 528 618 num.
560 585 580 616 ι
600 547 777 618 intende
797 526 1158 634 ιὶὶὶίξῗιξιθιδ,
1187 555 1466 627 auditor,
1496 579 1566 618 ne
1585 575 1736 634 putes
1764 581 1859 620 nos
1883 568 1988 620 vim

361 652 570 707 facere
601 641 844 713 εειῑνιυτθ
879 617 1156 728 ὼῖίξηὲν
1213 655 1359 701 Cum
1389 650 1652 708 docentes
1693 656 1987 709 Ecclesiam

364 740 633 795 dicimus
649 735 718 791 vel
731 710 1294 819 aquasa'e‘imbres,
1317 741 1410 794 vel
1441 743 1545 798 alia
1569 760 1686 814 quae
1707 747 1989 812 corporali-

367 836 471 879 ter
491 829 613 882 dici
635 816 1258 906 videntumslNTllaliter
1277 833 1594 889 sentienda.
1613 835 1745 889 Audi
1772 837 1987 906 Moysen

365 919 679 982 quomodo
693 912 883 970 verbum
903 899 1048 970 “58‘s
1077 924 1259 971 nunc
1288 920 1532 990 pluviam
1567 927 1820 990 nominat,
1848 942 1988 981 nunc

370 1018 591 1058 rorem
630 1015 797 1070 vocat,
810 1008 936 1056 nunc
954 991 1258 1073 imbrem,
1293 1026 1441 1067 nunc
1459 1014 1617 1067 etiam
1641 1015 1811 1068 nivem
1836 1017 1984 1071 dicit.

372 1091 457 1144 Et
491 1093 659 1148 sicut
686 1096 875 1162 Moyses
901 1085 1050 1140 varia
1095 1103 1162 1148 et
1221 1098 1444 1156 diversa
1494 1104 1830 1173 proloquitur
1867 1115 1986 1158 tan-

367 1193 573 1246 quam
613 1198 685 1237 ex
723 1183 879 1252 gratia
929 1177 1308 1243 mttitiformis
1359 1190 1456 1246 Dei
1501 1194 1773 1260 sapientiae
1815 1197 1988 1262 prolo-

373 1283 621 1336 quens,
672 1273 749 1326 ita
773 1283 820 1326 et
849 1269 1006 1326 lsaias
1044 1285 1182 1328 cum
1220 1278 1357 1332 dicit
1377 1281 1425 1313 "
1457 1299 1472 1335 :
1516 1299 1535 1332 ι
1580 1283 1736 1349 Audi,
1767 1284 1982 1349 cmlum,

366 1368 436 1410 et
476 1362 733 1430 percipe
763 1361 982 1425 auribus,
1007 1370 1184 1431 terra,
1214 1370 1468 1437 quoniam
1499 1371 1751 1429 Dominus
1783 1376 1985 1434 locutus
2041 1439 2043 1442 ι

366 1459 502 1502 est.
559 1468 584 1500 ι
641 1449 752 1504 Sed
792 1462 843 1506 et
880 1456 1256 1525 unusquisque
1283 1462 1661 1530 prophetarum
1704 1479 1826 1520 cum
1861 1481 1985 1534 ape-

373 1541 588 1592 ruerit
645 1555 734 1606 os,
772 1541 965 1598 imbres
994 1546 1218 1600 deducit
1247 1562 1411 1617 super
1443 1551 1630 1604 faciem
1677 1561 1850 1615 terrae,
1883 1556 1984 1611 hoc

365 1635 473 1677 est
533 1630 786 1682 auribus
826 1641 881 1684 et
911 1634 1166 1689 cordibus
1193 1638 1521 1694 auditorum.
1554 1639 1664 1695 Hoc
1704 1643 1880 1698 sciens
1927 1657 1981 1700 et

364 1715 700 1781 apostolus
735 1717 931 1774 Paulus
961 1722 1176 1776 dicebat
1199 1725 1245 1756 ⁷⁸
1274 1743 1288 1779 :
1331 1745 1349 1777 ι
1380 1727 1542 1782 Terra
1575 1733 1716 1784 enim
1753 1734 1972 1787 venien-

367 1813 504 1856 tem
567 1807 784 1873 srrpius
830 1825 991 1879 super
1039 1828 1100 1866 se
1149 1815 1339 1871 bibens
1395 1818 1641 1886 imbrem,
1687 1831 1742 1875 et
1770 1828 1977 1893 germi-

363 1907 540 1945 nans
567 1893 696 1963 (54)
731 1897 952 1952 herbam
994 1913 1353 1971 opportunam
1383 1907 1448 1960 iis
1477 1923 1504 1961 a
1537 1909 1728 1977 quibus
1758 1913 1972 1981 colitur,

364 1982 613 2050 accipit
651 1985 1063 2044 benedictiones
1091 2007 1120 2044 a
1157 1991 1301 2060 Deo;
1334 2010 1454 2064 quae
1489 2008 1662 2053 autem
1698 2005 1976 2069 protulerit

362 2073 595 2140 spinas
630 2083 688 2127 et
716 2075 965 2144 tribulos,
995 2082 1222 2149 reproba
1253 2094 1355 2147 est,
1381 2094 1437 2139 et
1477 2088 1756 2144 maledicto
1787 2095 1974 2160 proxi-

366 2176 504 2224 ma,
532 2161 702 2228 cujus
728 2164 854 2219 ﬁnis
884 2169 950 2220 ad
976 2170 1339 2225 exustiouem.
1371 2191 1389 2222 ι
1422 2173 1668 2243 Nunquid
1697 2179 1808 2232 hac
1832 2181 1975 2248 Apo-

364 2251 665 2305 stolusde
692 2263 838 2307 terra
870 2257 972 2309 hac
1003 2257 1178 2311 dixit?
1205 2259 1309 2316 Sed
1337 2277 1435 2316 nec
1470 2265 1664 2333 accipit
1695 2275 1832 2320 terra
1859 2271 1973 2324 haec

365 2340 824 2397 benedictiones
845 2359 876 2396 a
906 2345 1040 2409 Deo,
1063 2363 1182 2401 cum
1208 2349 1406 2405 imbres
1426 2352 1636 2418 biberit,
1667 2364 1719 2408 et
1743 2355 1970 2413 fructum

369 2432 751 2497 produxerit.
779 2433 888 2488 Sed
908 2451 1082 2504 neque
1111 2440 1154 2490 si
1172 2439 1351 2506 spinas
1365 2456 1428 2494 ac
1459 2443 1680 2498 tribulos
1705 2456 1824 2514 post
1852 2448 1969 2514 plu-

369 2523 543 2573 viam
595 2522 919 2589 protulerit,
950 2537 1308 2594 consequetur
1329 2531 1753 2587 maledictionem
1784 2552 1811 2588 a
1840 2537 1968 2592 Deo.

371 2610 502 2662 Sed
535 2619 736 2663 nostra
782 2619 954 2674 terra,
997 2613 1046 2664 id
1085 2623 1189 2678 est,
1225 2624 1464 2669 nostrum
1490 2633 1604 2681 cor,
1641 2620 1684 2672 si
1716 2624 1970 2693 suscipiat

370 2697 629 2765 frequen
640 2709 726 2750 ter
741 2699 1048 2753 venientem
1064 2716 1221 2770 super
1234 2717 1291 2756 se
1303 2705 1531 2772 pluviam
1551 2708 1804 2766 doctrina:
1819 2715 1964 2782 legis,

369 2797 436 2839 et
472 2785 734 2853 attulerit
758 2785 1000 2839 fructum
1030 2803 1271 2855 operum,
1296 2794 1490 2862 accipit
1525 2795 1918 2856 benedictiones
1938 2819 1968 2856 a

372 2877 527 2928 Deo.
554 2874 615 2928 Si
633 2889 766 2928 vero
782 2890 891 2930 non
913 2892 1052 2943 opus
1067 2880 1326 2946 spiritale,
1344 2885 1435 2936 sed
1455 2887 1634 2954 spinas
1649 2899 1698 2942 et
1723 2890 1964 2961 tribulos,

372 2967 556 3017 idest
604 2964 1010 3020 sollicitudines
1053 2970 1235 3023 szeculi
1278 2971 1490 3038 habeat,
1518 2987 1611 3029 aut
1651 2979 1964 3048 voluptates,

367 3065 438 3108 et
487 3054 812 3106 divitiarum
843 3056 1194 3124 cupiditates,
1243 3064 1463 3125 reproba
1487 3075 1564 3118 est
1594 3075 1646 3119 et
1685 3068 1966 3126 maledicto

369 3144 556 3215 265
588 3143 860 3212 proxima,
894 3145 1053 3212 cujus
1085 3146 1206 3201 ﬁnis
1235 3150 1337 3203 erit
1369 3153 1432 3205 ad
1456 3155 1802 3223 exustionem.
1829 3157 1961 3213 Pro-

372 3249 579 3302 pterea
638 3238 1018 3304 unusquisque
1067 3238 1364 3291 auditorum
1417 3257 1536 3294 cum
1601 3247 1843 3299 convenit
1896 3247 1960 3299 ad

370 3326 746 3389 audiendum,
768 3325 1003 3392 suscipit
1025 3324 1247 3377 imbrem
1278 3325 1419 3378 verbi
1453 3327 1579 3381 Dei:
1611 3339 1662 3383 et
1683 3331 1729 3384 si
1753 3333 1962 3399 quidem

374 3418 630 3470 fructum
679 3415 928 3469 attulerit
963 3413 1142 3482 operis
1181 3415 1302 3468 boni
1329 3454 1343 3479 ,
1385 3417 1800 3475 benedictionem
1836 3437 1962 3477 con-

373 3515 677 3572 sequetur.
725 3503 786 3558 Si
827 3518 957 3557 vero
1001 3512 1306 3572 susceptum
1354 3505 1569 3561 verbum
1610 3510 1701 3564 Dei
1730 3521 1963 3566 contem-

375 3595 584 3661 pserit,
607 3603 665 3647 et
697 3592 1019 3661 frequenter
1057 3593 1235 3646 audita
1279 3594 1588 3664 neglexerit,
1615 3612 1676 3652 ac
1703 3599 1963 3654 sollicitu-

375 3685 498 3738 dini
549 3700 610 3738 se
660 3698 849 3737 rerum
894 3682 1251 3748 saecularium,
1291 3684 1600 3754 libidinique
1657 3690 1959 3757 subjecerit,

381 3786 650 3842 tanquam
683 3774 778 3840 qui
810 3772 985 3840 Spinis
1012 3769 1347 3826 suﬂocaverit
1379 3775 1616 3838 verbum,
1643 3778 1964 3835 maledictio-

379 3879 508 3916 nem
546 3878 650 3930 pro
676 3861 1058 3917 benedictione
1089 3862 1376 3930 conquirit,
1400 3872 1453 3917 et
1481 3879 1577 3933 pro
1620 3867 1959 3924 beatitudinis

382 3957 492 4010 tine
541 3952 685 4023 (55),
737 3953 904 4024 ﬁnem
950 3951 1248 4006 exustionis
1275 3952 1527 4010 inveniet.
1566 3972 1584 4006 ι
1621 3957 1764 4011 Dabo
1809 3973 1956 4029 ergo,

384 4045 563 4112 inquit
594 4045 668 4107 ",
694 4042 855 4096 vobis
908 4040 1137 4109 pluviam
1191 4041 1243 4093 in
1300 4051 1552 4111 tempore.
1595 4063 1614 4096 ι
1650 4045 1958 4106 Necessario

383 4135 595 4187 addidit
639 4141 700 4187 et
730 4150 748 4182 ι
789 4132 842 4185 in
901 4139 1160 4198 tempore.
1200 4149 1218 4181 ι
1250 4131 1400 4186 Sicut
1451 4134 1592 4186 enim
1643 4136 1814 4190 imber
1859 4139 1957 4193 istc

384 4234 646 4278 terrenus
695 4225 741 4277 si
793 4223 1097 4289 importune
1144 4220 1336 4285 veniat,
1375 4222 1425 4276 id
1464 4233 1563 4288 est,
1599 4241 1720 4280 cum
1767 4231 1956 4282 messis

377 4314 683 4383 colﬁgitur,
727 4327 854 4366 cum
891 4311 1160 4364 frumenta
1203 4320 1444 4366 teruntur
1483 4313 1534 4364 in
1579 4314 1736 4378 areis,
1769 4317 1955 4372 obesse

1566 358 1632 413 IN
1666 356 2030 413 LEVITICUM
2067 357 2342 414 HOMILIA
2381 361 2513 416 XVI.

3515 378 3620 431 566

2018 481 2062 536 Α
2090 476 2140 528 in
2171 485 2444 546 tempore:
2479 481 2617 532 sicut
2640 486 2692 532 et
2722 480 2876 534 tritici
2908 497 3207 540 mensuram
3239 500 3423 544 servus
3450 491 3619 548 ﬁdelis

2087 575 2140 619 et
2165 569 2394 635 prudens
2425 569 2476 622 in
2507 569 2792 640 Evangelio
2834 576 3104 630 conservis
3141 578 3266 632 dare
3306 579 3521 644 jubetur
3563 584 3616 637 in

2088 663 2340 730 tempore.
2368 655 2471 709 Sed
2498 666 2550 712 et
2582 658 2685 714 alio
2706 661 2860 714 modo
2894 675 3170 728 possumus
3197 665 3486 735 intelligere
3516 670 3619 724 hoc

2085 744 2225 809 quod
2257 744 2538 798 mandatur
2567 746 2736 801 imber
2771 750 2975 804 dandus
3001 751 3052 802 in
3083 759 3336 820 tempore.
3367 755 3507 810 Puer
3537 767 3620 811 est

2085 829 2292 898 aliquis,
2313 841 2365 884 et
2393 833 2642 897 parvulus
2668 834 2720 887 in
2744 833 2870 900 ﬁde;
2897 836 3098 905 indiget
3127 839 3318 906 pluvia,
3341 845 3432 895 sed
3462 845 3622 898 lactis

2085 921 2280 990 pluvia.
2312 922 2400 977 Sic
2443 925 2582 979 enim
2630 924 2756 980 dicit
2808 927 2914 990 ille,
2946 927 3034 996 qui
3083 928 3281 983 sciebat
3318 931 3520 998 pluvias
3565 933 3619 986 in

2086 1018 2324 1080 tempore
2365 1012 2706 1082 dispensare:
2741 1033 2760 1068 ι
2788 1015 2894 1070 Lac
2923 1017 3073 1072 vobis
3107 1029 3286 1087 potum
3333 1022 3476 1085 dedi,
3509 1038 3612 1077 non

2084 1112 2297 1166 escam,
2342 1103 2573 1157 nondum
2623 1107 2762 1159 enim
2805 1109 3142 1176 poteratis".
3180 1127 3200 1160 ι
3236 1108 3464 1164 Profecit
3495 1123 3615 1180 post

2083 1187 2195 1242 lliBC
2233 1190 2284 1242 in
2324 1190 2443 1255 ﬁde,
2475 1193 2639 1246 crevit
2673 1202 2825 1248 male
2867 1205 2922 1248 et
2972 1198 3248 1267 sapientia.
3291 1201 3458 1269 Aptus
3501 1203 3616 1258 sine

2083 1276 2240 1329 dubio
2279 1276 2448 1330 factus
2489 1286 2592 1341 est,
2629 1279 2718 1347 qui
2763 1279 3063 1336 solidiorem
3111 1284 3372 1352 percipiat
3412 1287 3612 1342 cibum.

2081 1361 2381 1417 lnﬁrmatur
2401 1364 2610 1432 aliquis,
2637 1377 2690 1420 et
2717 1384 2820 1422 non
2866 1384 2962 1436 pro
2992 1382 3257 1440 tempore,
3282 1373 3374 1426 sed
3407 1388 3500 1442 pro
3531 1375 3616 1427 in-

2081 1454 2331 1508 ﬁrmitate
2356 1471 2548 1524 capere
2569 1472 2670 1511 non
2697 1469 2874 1526 potest
2893 1475 3010 1528 qua:
3039 1464 3249 1516 robusta
3276 1474 3433 1516 sunt:
3467 1465 3610 1518 verbi

2081 1557 2373 1609 causa,non
2417 1554 2587 1609 potest
2629 1547 2778 1616 plene
2829 1550 2893 1603 de
2925 1550 3166 1604 castitate
3194 1546 3610 1620 capere'sermo~

2082 1643 2463 1702 nem;oportet
2495 1640 2723 1707 compati
2763 1648 2816 1692 et
2847 1639 3018 1692 metiri
3059 1641 3352 1698 doctrinam
3395 1659 3490 1712 pro
3529 1647 3611 1699 vi-

2081 1726 2213 1778 rium
2243 1727 2520 1796 qualitate,
2555 1740 2607 1783 et
2635 1732 2849 1784 concedi
2894 1732 3085 1785 talibus
3131 1733 3360 1801 nuptias.
3394 1733 3502 1788 lloc
3528 1746 3612 1788 est

2011 1796 2052 1849 Β
2080 1814 2310 1870 oleribus
2336 1832 2555 1886 pascere
2593 1820 2882 1886 inﬁrmum,
2916 1831 2968 1874 et
3005 1822 3069 1874 ad
3109 1821 3406 1888 hujusmodi
3461 1839 3609 1878 men-

2073 1918 2225 1959 suras
2248 1914 2431 1971 aptare
2471 1907 2613 1961 velut
2645 1917 2853 1962 tenuem
2891 1919 2943 1962 et
2990 1911 3096 1963 rori
3126 1910 3349 1964 similem
3379 1911 3606 1981 pluviam

2072 1993 2238 2047 verbi.
2268 1993 2361 2047 Est
2381 2006 2556 2049 autem
2604 1997 2706 2050 alia
2757 2007 2919 2063 terra,
2953 2014 3070 2068 quae
3119 2011 3291 2070 potest
3338 2003 3609 2072 suscipere
3676 2036 3688 2050 ι

2072 2078 2275 2134 validos
2311 2082 2526 2146 imbres,
2565 2081 2704 2138 ferre
2745 2085 2901 2138 etiam
2936 2086 3153 2139 ﬂumina
3185 2088 3330 2142 verbi
3377 2089 3490 2153 Dei,
3525 2107 3609 2143 ra-

2072 2168 2220 2230 pidos
2263 2179 2474 2236 portare
2519 2172 2628 2241 (36)
2655 2182 2936 2228 torrentes.
2986 2173 3063 2228 De
3113 2177 3179 2230 iis
3221 2178 3360 2231 enim
3410 2179 3605 2234 talibus

2070 2246 2338 2326 Propheta.
2367 2261 2496 2315 dicit
2537 2261 2589 2314 in
2626 2261 2850 2318 Psalmis
2870 2265 2954 2316 ’δε
2989 2283 3007 2314 ι
3034 2264 3098 2317 Ει
3131 2274 3414 2321 torrentem
3455 2270 3606 2324 volu-

2068 2348 2230 2415 ptatis
2265 2357 2367 2402 tuae
2385 2361 2565 2417 potum
2591 2353 2744 2408 dabis
2776 2355 2898 2409 illis.
2927 2374 2946 2406 ι

2135 2437 2188 2490 5.
2219 2456 2237 2488 ι
2277 2439 2417 2493 Dabo
2437 2454 2553 2510 ego,
2581 2443 2752 2511 inquit
2770 2444 2836 2508 "',
2855 2446 3002 2499 vobis
3030 2446 3259 2514 pluviam
3288 2447 3339 2501 in
3368 2457 3603 2518 tempore

2068 2539 2185 2591 suo,
2211 2537 2266 2580 et
2295 2528 2443 2582 dabit
2482 2538 2620 2585 terra
2662 2533 2962 2588 nativitates
2986 2551 3129 2590 suas.
3159 2553 3178 2586 ι
3214 2534 3339 2590 Post
3377 2538 3602 2602 primam

2067 2617 2483 2674 benedictionem
2506 2621 2714 2690 pluviat,
2744 2624 2843 2678 ista
2873 2627 3104 2680 secunda
3145 2635 3227 2681 est
3266 2642 3370 2696 qua
3410 2628 3605 2682 dicitur

2069 2716 2491 2779 terra,suscepta
2519 2711 2713 2780 pluvia,
2739 2714 2864 2768 dare
2890 2716 3193 2770 nativitates
3227 2731 3371 2772 suas.
3399 2717 3606 2770 Inveni-

2066 2813 2182 2851 mus
2206 2798 2328 2865 quia
2349 2808 2401 2853 et
2428 2798 2575 2854 Isaac
2598 2801 2916 2860 benedicens
2935 2805 3100 2860 Jacob
3122 2806 3376 2860 dixerit“
3404 2823 3420 2861 :
3450 2825 3470 2859 ι
3507 2808 3606 2862 Det

2067 2886 2160 2940 tibi
2189 2885 2440 2943 Dominus
2471 2903 2500 2941 a
2533 2904 2650 2944 rore
2677 2891 2814 2956 caali,
2843 2903 2897 2948 et
2934 2895 2999 2948 ab
3031 2897 3272 2951 ubertate
3309 2906 3468 2950 terrae
3492 2897 3605 2966 ple-

2065 2973 2354 3030 nitudinem
2385 2975 2634 3032 frumenti
2666 2988 2718 3032 et
2749 2981 2875 3034 vini.
2907 3001 2925 3032 ι
2953 2983 3184 3038 Putasne
3220 2985 3324 3038 tale
3364 2986 3600 3040 frumen-

1991 3099 2035 3159 ο
2068 3071 2185 3159 tum.
2232 3064 2284 3159 in
2316 3066 2702 3159 benedictione
2739 3070 2896 3159 dabat
2942 3073 3086 3128 Isaac
3133 3075 3240 3128 ﬁlio
3280 3089 3376 3130 suo
3414 3074 3594 3143 Iacob

2064 3150 2220 3218 quale
2245 3151 2439 3206 habent
2463 3165 2515 3207 et
2547 3165 2855 3222 peccatores
2879 3158 3142 3226 homines,
3173 3171 3229 3216 et
3253 3162 3391 3230 quali
3431 3165 3601 3216 abun-

2063 3241 2220 3295 dabat
2280 3243 2440 3296 etiam
2486 3245 2678 3312 impius
2735 3246 2978 3302 Pharao?
3025 3249 3268 3306 llaiccine
3305 3260 3422 3304 erat
3468 3252 3598 3305 tanti

2061 3330 2376 3397 patriarcha:
2431 3332 2768 3389 benedictio?
2815 3335 2902 3390 Vis
2959 3337 3050 3391 tibi
3095 3340 3270 3394 adhuc
3322 3343 3600 3397 ostendam

2061 3420 2325 3486 quomodo
2351 3429 2404 3474 et
2442 3421 2532 3474 alii
2567 3422 2736 3491 iniqui
2784 3426 3006 3480 habeant
3058 3430 3442 3485 multitudinem
3491 3433 3602 3484 fru-

2063 3509 2262 3562 menti?
2285 3509 2489 3564 lutuere
2518 3512 2660 3565 illum
2693 3514 2742 3566 in
2764 3514 3064 3584 Evangelia,
3085 3519 3236 3588 cujus
3255 3534 3380 3588 ager
3407 3523 3599 3577 multos

2061 3598 2233 3652 attulit
2269 3600 2491 3667 fructus,
2511 3603 2598 3670 qui
2628 3604 2762 3657 dixit
2779 3604 2857 3656 δίε
2887 3623 2904 3656 ι
2934 3604 3210 3659 Destruam
3244 3608 3434 3663 horrea
3458 3625 3596 3672 mea,

2060 3697 2113 3741 et
2142 3689 2340 3756 majora
2381 3693 2729 3757 reaediﬁcabo,
2761 3701 2816 3746 et
2842 3694 3015 3747 dicam
3049 3696 3244 3750 anima:
3273 3711 3440 3751 meat:
3470 3700 3599 3751 Aui-

2060 3793 2167 3839 ma,
2199 3779 2361 3834 habes
2405 3783 2568 3834 multa
2599 3783 2735 3837 bona
2787 3785 3017 3852 reposita
3058 3786 3110 3836 in
3155 3800 3321 3839 annos
3361 3787 3594 3852 multos;

2059 3869 2332 3933 manduca,
2355 3870 2477 3924 bibe
2495 3911 2510 3937 ,
2534 3881 2586 3925 et
2610 3873 2805 3926 laetare.
2826 3890 2847 3924 ι
2871 3873 3018 3926 Talia
3047 3889 3171 3942 ergo
3193 3875 3458 3929 credimus
3478 3890 3598 3930 esse

2058 3959 2215 4022 bona,
2240 3974 2358 4028 quae
2382 3960 2572 4014 divinis
2604 3962 3058 4017 benedictionibus
3078 3965 3276 4018 sanctis
3301 3965 3598 4033 quibusque

2057 4056 2110 4101 et
2134 4047 2374 4104 ﬁdelibus
2415 4051 2792 4104 tradebantur?
2835 4050 2981 4104 Alios
3028 4066 3154 4120 ergo
3196 4060 3349 4106 terra:
3392 4053 3595 4107 fructus

2024 4166 2031 4174 -
2057 4137 2276 4204 aspicio,
2303 4148 2355 4190 et
2378 4139 2532 4192 aliter
2555 4140 2940 4194 multitudinem
2966 4143 3258 4195 nativitatis
3278 4143 3510 4198 intueor.
3538 4142 3597 4198 Si

2055 4227 2196 4278 enim
2239 4236 2377 4279 terra
2410 4242 2526 4281 mea
2563 4228 2752 4282 aderat
2778 4231 3101 4296 fructum,.si
3138 4233 3442 4288 nativitates
3467 4249 3595 4286 suas

2053 4326 2116 4365 ex
2151 4313 2356 4367 Domini
2389 4315 2757 4369 benedictione
2796 4319 3072 4385 producat,
3109 4320 3365 4390 intelliget
3405 4338 3597 4382 sensus

379 4402 557 4470 magis
590 4415 762 4470 quam
813 4398 1070 4467 prodesse
1106 4398 1401 4463 videbitur;
1450 4399 1523 4452 ita
1575 4411 1630 4453 et
1680 4401 1715 4453 ii
1765 4404 1954 4470 quibus
1986 4397 2030 4451 ι)
2059 4414 2223 4464 meus,
2252 4411 2305 4454 et
2351 4403 2620 4468 explicare
2663 4404 2856 4470 poterit
2901 4418 3016 4471 qua:
3055 4406 3332 4476 qualisque
3374 4411 3444 4464 sit
3486 4412 3592 4467 ista

380 4492 561 4558 pluvia
617 4489 779 4544 verbi
832 4489 924 4541 Dei
978 4487 1325 4541 ministranda
1372 4490 1738 4554 conuuittitur,
1772 4492 1954 4546 obser-

381 4595 511 4634 vare
535 4581 743 4635 debent
771 4580 876 4631 hoc
904 4579 1046 4646 quod
1074 4577 1204 4630 dicit
1225 4577 1519 4644 Scriptura,
1551 4586 1606 4631 ut
1636 4579 1688 4631 in
1717 4589 1951 4648 tempore

383 4669 689 4733 prmbeant,
719 4669 774 4722 id
802 4677 907 4730 est,
939 4682 1003 4721 ne
1031 4667 1303 4736 crapulato
1335 4679 1388 4721 et
1414 4669 1560 4723 ebrio
1595 4671 1812 4722 verbum
1857 4672 1946 4725 Dei

387 4759 658 4826 ingeram,
690 4771 794 4810 nec
827 4767 1088 4823 occupato
1133 4757 1186 4808 in
1231 4756 1349 4810 aliis
1381 4757 1578 4820 animo,
1606 4772 1724 4810 cum
1772 4767 1947 4812 atten-

394 4859 478 4901 tus
501 4865 622 4903 esse
646 4864 759 4904 non
789 4856 967 4916 potest
992 4863 1004 4898 :
1034 4849 1113 4902 vel
1141 4863 1260 4902 cum
1305 4847 1527 4915 alicujus
1560 4849 1670 4901 vitii
1699 4851 1949 4918 languore

396 4941 717 4992 constrictus
758 4946 862 5000 est,
895 4945 946 4991 et
980 4951 1082 4991 non
1122 4937 1344 5002 doctori,
1369 4938 1460 4990 sed
1510 4938 1693 4991 morbo
1732 4941 1948 5006 proprio

402 5029 611 5082 interior
635 5037 928 5096 praestatur
948 5027 1181 5082 auditus.
1213 5025 1508 5080 Prudenter
1529 5041 1654 5096 ergo
1676 5030 1942 5096 conjiciat,

403 5118 484 5169 ubi
512 5128 686 5185 potest
731 5132 927 5171 vacare
978 5132 1150 5182 mens,
1197 5117 1281 5168 ubi
1323 5117 1550 5180 sobrius,
1579 5118 1665 5170 ubi
1701 5120 1945 5188 vigilans,

404 5206 485 5258 ubi
527 5208 764 5262 intentus
811 5208 1028 5260 auditor
1065 5216 1168 5269 est,
1203 5217 1258 5259 et
1302 5207 1371 5260 ibi
1415 5207 1643 5276 pluviam
1685 5210 1948 5268 ministret

482 5342 527 5372 "
555 5344 652 5397 lsa.
689 5360 727 5407 ι,
760 5345 815 5397 2.
893 5344 940 5374 "'
965 5341 1131 5395 Hebr.
1157 5357 1228 5406 vt,
1263 5342 1316 5396 Ἰ.

405 5405 447 5437 κ
470 5409 596 5466 δεμ,
644 5405 774 5478 xm,
804 5412 897 5467 23,
973 5410 1019 5440 ει
1054 5407 1187 5468 Luc.
1221 5426 1316 5472 ιιιι,
1348 5410 1433 5463 l8.
1503 5414 1546 5444 °’
1571 5415 1751 5468 Matth.
1778 5405 1892 5473 χίιι.

460 5522 568 5597 (ii)
593 5522 772 5597 {Iudex
802 5521 1129 5597 sangertn.,
1153 5535 1185 5597 ἰ
1220 5533 1504 5597 generatis.
1525 5540 1543 5572 ι

456 5585 563 5660 (⁷55)
591 5591 750 5645 Libh.
803 5585 963 5644 editi.
990 5603 1026 5665 rc
1061 5594 1119 5636 ct
1153 5585 1537 5665 benedictionis
1577 5592 1743 5665 ﬁnem.
1782 5613 1800 5644 ι
1834 5597 1942 5650 Co.

385 5653 476 5722 dit
528 5653 847 5731 Sangcrnu,
887 5672 908 5706 ι
947 5664 1004 5708 et
1055 5666 1155 5719 pro
1202 5653 1543 5710 beatitudinis
1595 5660 1707 5713 line.
1754 5681 1771 5713 ι
1812 5665 1940 5732 Alii,

1411 5344 1456 5375 "°
1484 5344 1648 5418 Levi}.
1673 5363 1814 5413 xxvi,
1838 5352 1888 5404 4.
1963 5355 2008 5386 ⁷⁷
2039 5355 2080 5408 ll
2110 5355 2234 5410 Cor.
2262 5368 2352 5418 ιιι,

2058 4497 2218 4552 terra,
2245 4504 2359 4556 quae
2391 4499 2607 4558 accepta
2639 4492 2843 4545 caelesti
2870 4494 3042 4559 pluvia
3082 4498 3385 4552 nativitates
3419 4501 3591 4568 profe-

2054 4587 2138 4630 rat
2169 4578 2560 4632 ratiouahilium
2590 4579 2820 4647 frugum.
2850 4581 3229 4640 Testimonium
3261 4589 3326 4645 de
3361 4589 3598 4659 Evange-.

2054 4668 2138 4720 liis
2163 4682 2312 4720 sume
2330 4668 2398 4732 ⁸³,
2426 4671 2688 4736 quomodo
2725 4672 2851 4726 exiit
2891 4675 2980 4742 qui
3031 4678 3266 4734 seminat
3301 4681 3598 4748 seminare,

2053 4767 2108 4810 et
2151 4757 2291 4810 aliud
2324 4759 2537 4826 quidem
2583 4761 2776 4814 cecidit
2820 4777 2973 4817 secus
3019 4765 3184 4832 viam,
3225 4770 3370 4822 aliud
3413 4780 3589 4824 autem

2052 4860 2212 4913 super
2242 4857 2465 4913 petram,
2497 4850 2637 4902 aliud
2681 4865 2840 4919 super
2875 4855 3075 4920 spinas,
3111 4858 3254 4912 aliud
3289 4868 3465 4913 autem
3499 4875 3592 4913 su-

2052 4947 2146 5000 per
2177 4944 2370 4988 terram
2399 4937 2607 4990 bonam.
2639 4940 2692 4992 Si
2720 4955 2846 5009 ergo
2874 4958 2935 4998 ea
2965 4960 3086 5014 qua:
3117 4949 3404 5004 ceciderint
3431 4965 3593 5019 super-

2055 5035 2248 5077 terram
2287 5025 2478 5079 bonam
2509 5029 2780 5083 attulerint
2825 5033 3076 5100 fructum,
3101 5037 3244 5090 dedit
3292 5048 3431 5092 terra
3472 5039 3587 5091 fru-

2054 5126 2192 5170 ctum
2241 5133 2416 5182 suum,
2447 5129 2502 5172 et
2543 5123 2850 5178 nativitates
2895 5141 3019 5179 suas
3049 5128 3318 5195 produxit,
3350 5128 3582 5180 centesi-

2052 5225 2216 5274 mum,
2248 5221 2302 5264 et
2336 5213 2744 5279 sexagesimum,
2772 5225 2825 5269 et
2860 5216 3204 5271 tricesimum.

2378 5353 2410 5390 ς)

2505 5353 2551 5384 ⁷⁸
2579 5354 2716 5409 Psal.
2745 5371 2926 5416 xxxvi,
2953 5354 3004 5404 8.
3077 5351 3310 5405 ""LeVIt.
3350 5365 3495 5416 XXII,
3523 5350 3581 5410 4.

2057 5551 2072 5582 ι
2108 5541 2162 5605 et
2185 5548 2280 5605 pro
2301 5532 2652 5605 beatitudinis
2687 5526 3128 5605 remuneratione.
3170 5543 3186 5572 ι

2118 5593 2224 5668 (36)
2256 5600 2404 5654 Libb.
2435 5601 2583 5663 editi,
2615 5618 2646 5649 ι.
2669 5610 2871 5669 potare.
2905 5615 2923 5646 ι
2951 5593 3048 5645 Ms.
3075 5593 3373 5656 Saugcrm.,
3401 5609 3420 5641 ι
3457 5609 3584 5660 ι)ομ

2051 5676 2181 5722 tare.
2223 5686 2240 5719 ι
