3948 6258
374 309 479 364 567

367 506 595 561 fructum
636 517 807 557 suum.
854 522 873 554 ι
907 504 1172 557 Habemus
1207 505 1342 556 intra
1375 503 1727 568 nosmetipsos
1756 510 1807 553 et
1843 499 1904 552 li-

367 608 468 661 gna
498 606 825 660 camporum,
856 605 973 659 quae
1000 605 1151 645 suum
1181 590 1408 644 fructum
1438 591 1750 659 producunt.
1779 586 1904 652 Qua:

365 691 489 736 sunt
518 682 621 734 ista
651 682 795 751 ligna
818 695 1147 750 camporum,
1186 695 1305 749 quae
1342 680 1571 733 fructum
1603 693 1753 731 suum
1785 695 1906 750 pro-

366 773 600 827 ducunt?
627 772 754 837 Quae
779 782 903 825 sunt
936 773 1035 824 ista
1064 771 1202 841 ligna
1234 770 1581 848 camporum?
1617 772 1767 825 Dicet
1801 771 1907 824 for-

365 858 523 912 tassis
575 857 829 910 auditor:
882 856 1017 923 Quid
1065 858 1253 910 iterum
1297 858 1381 910 hic
1429 859 1745 927 eurisilogus
1793 859 1903 928 (57)

364 947 510 1015 agit?
542 947 676 1012 Quid
726 947 1076 1014 undecunque
1117 946 1274 1000 verba
1317 930 1603 1015 conquirit,
1632 958 1686 1001 ut
1725 948 1905 1016 eXpla-

365 1037 636 1090 nationem
670 1037 911 1091 lectionis
943 1037 1195 1106 effugiat?
1220 1038 1481 1103 quomodo
1503 1037 1638 1090 intra
1668 1053 1761 1091 nos
1787 1053 1906 1091 esse

365 1128 506 1195 ligna
533 1127 742 1181 docebit
770 1136 824 1181 et
860 1127 1119 1180 arbores?
1151 1127 1206 1181 Si
1239 1140 1342 1179 non
1386 1136 1584 1180 temere
1615 1127 1904 1192 oblrectcs,

359 1219 470 1285 iam
522 1232 659 1273 nunc
707 1216 908 1281 audies,
954 1217 1076 1284 quia
1122 1235 1144 1268 ι
1192 1230 1296 1269 non
1349 1224 1524 1283 potest
1566 1217 1725 1269 arbor
1769 1219 1904 1270 bona

365 1307 534 1360 malos
577 1304 782 1360 fructus
830 1305 1038 1369 facere,
1085 1321 1255 1375 neque
1306 1309 1467 1361 arbor
1520 1307 1656 1359 mala
1705 1308 1905 1375 fructus

364 1396 534 1449 bonos
566 1393 746 1448 facere
772 1393 837 1445 “.
879 1380 897 1445 ἱ
933 1393 1195 1447 Habemus
1217 1408 1343 1462 ergo
1384 1395 1601 1447 arbores
1642 1393 1780 1445 intra
1811 1406 1906 1445 nos
1934 1435 1939 1441 .

363 1485 478 1537 sive
509 1485 696 1543 bonas.
722 1483 834 1537 sive
862 1484 1063 1547 malas;
1099 1491 1151 1536 et
1185 1497 1301 1550 quae
1335 1484 1485 1535 bona:
1527 1490 1670 1542 sunt,
1707 1480 1906 1534 fructus

364 1574 534 1627 malos
574 1570 764 1626 afferre
809 1587 909 1626 non
957 1581 1193 1640 possunt,
1226 1573 1363 1625 sicut
1407 1586 1524 1639 qua;
1562 1570 1711 1623 mala:
1757 1578 1902 1632 stmt,

363 1666 568 1718 fructus
621 1677 723 1714 nou
774 1659 997 1715 aﬁ'erent
1036 1662 1223 1716 bonos.
1270 1661 1362 1716 Vis
1412 1659 1501 1714 tibi
1554 1669 1608 1713 et
1654 1659 1902 1712 arborum

364 1757 601 1823 ipsarum
625 1769 743 1822 qua:
775 1755 911 1807 intra
947 1767 1043 1807 nos
1075 1761 1197 1806 sunt
1220 1749 1473 1805 vocabula
1514 1760 1567 1803 et
1595 1748 1905 1817 appellatio-

365 1858 460 1897 nes
487 1843 806 1911 expediam?
832 1841 945 1895 Non
973 1851 1053 1895 est
1082 1840 1233 1906 licus,
1266 1853 1437 1907 neque
1471 1838 1661 1900 malus,
1693 1852 1789 1891 nec
1829 1837 1907 1889 vi-

366 1933 455 1997 tis,
484 1934 574 1986 sed
608 1947 713 1985 una
755 1931 914 1984 arbor
952 1929 1161 1998 iustitia
1190 1936 1431 1989 vocatur,
1464 1928 1562 1980 alia
1608 1927 1904 1996 prudentia,

364 2021 466 2076 alia
514 2021 789 2087 fortitudo,
834 2021 934 2074 alia
987 2017 1333 2086 temperantia
1382 2018 1700 2071 nominatur.
1753 2018 1815 2071 Et
1861 2018 1904 2070 si

358 2113 465 2176 vis,
495 2111 748 2181 majorem
794 2112 970 2165 adhuc
1012 2110 1260 2165 arborum
1312 2107 1699 2162 multitudinem
1743 2108 1904 2181 disce,

364 2203 557 2270 quibus
608 2201 850 2254 fortassis
900 2201 1110 2268 dignius
1153 2201 1425 2267 putabitur
1476 2201 1715 2254 consitus
1746 2199 1906 2251 etiam

365 2285 645 2352 paradisus
674 2284 788 2339 Dei.
832 2285 925 2339 Est
967 2286 1107 2339 enim
1142 2287 1213 2340 ibi
1254 2288 1413 2342 arbor
1460 2288 1693 2356 pietatis,
1729 2294 1809 2341 est
1856 2295 1909 2340 et

364 2376 465 2428 alia
496 2374 657 2428 arbor
686 2374 978 2442 sapientiae,
1011 2385 1091 2430 est
1125 2387 1178 2430 et
1221 2377 1325 2429 alia
1374 2376 1682 2453 disciplima,
1726 2385 1810 2430 est
1855 2384 1909 2429 et

363 2466 467 2519 alia
511 2466 747 2520 scientiae
791 2467 915 2521 boni
957 2479 1011 2522 et
1058 2466 1202 2521 mali.
1237 2466 1409 2535 Super
1452 2467 1630 2520 omnia
1656 2479 1782 2519 vero
1825 2475 1908 2520 est

365 2557 524 2610 arbor
547 2557 688 2611 vitm.
713 2555 827 2610 Non
860 2558 949 2612 tibi
997 2559 1166 2628 magis
1194 2559 1403 2613 videtur
1434 2559 1574 2624 quod
1608 2559 1766 2612 Pater
1797 2571 1909 2611 cm-

366 2644 514 2700 lestis
541 2647 770 2717 agricola
809 2648 1109 2716 huiusmodi
1140 2649 1357 2704 arbores
1398 2650 1449 2702 in
1492 2648 1665 2702 anima
1696 2659 1783 2702 tua
1812 2662 1909 2701 ex-

364 2738 521 2800 colat,
550 2745 604 2790 et
647 2736 1127 2806 266lntiusmodi
1176 2735 1435 2806 plantaria
1486 2737 1551 2812 in.
1593 2746 1679 2790 tua
1731 2747 1909 2792 mente

367 2825 670 2879 constituat.
700 2820 802 2882 Sic
851 2841 979 2894 ergo
1021 2826 1149 2879 dicit
1192 2825 1472 2880 Salvator:
1519 2843 1537 2875 ε
1576 2823 1690 2878 Non
1735 2834 1909 2900 potest

366 2913 524 2975 arbor
564 2914 697 2966 male
732 2915 897 2969 bonos
945 2913 1151 2969 fructus
1185 2914 1380 2977 facere,
1411 2929 1580 2984 neque
1612 2915 1748 2968 bona
1792 2914 1906 2967 fru-

1784 296 2099 352 ORIGENIS
3572 296 3643 352 ⁰¹ἷ

437 422 490 473 4.
528 438 545 469 σ
581 418 685 471 Sed
727 428 781 471 et
827 417 991 486 ligna,
1030 415 1199 484 inquit
1243 416 1309 479 ⁸³,
1353 384 1658 483 camporum
1706 412 1906 466 dabunt
1937 420 1981 473 Α
2015 413 2081 465 tis
2133 409 2435 477 suscepisse
2483 404 2805 459 vocabula:
2847 420 2867 451 ο
2913 398 3107 467 Ligna
3132 402 3298 486 pergo
3352 381 3549 486 campi
3584 383 3675 486 ξίηξ

3572 263 3674 317 563

2004 503 2134 555 bunt
2166 474 2399 553 fructum
2449 511 2606 549 suum
2637 496 2710 547 ".
2746 511 2768 543 ι
2836 490 2965 544 Hoc
2995 484 3188 541 credo
3215 481 3289 533 de
3313 492 3376 531 se
3408 474 3671 529 sentiebat

2004 599 2056 643 et
2102 590 2287 641 beatus
2331 584 2498 638 David
2530 599 2657 637 cum
2687 579 3041 636 dicebat":
3074 592 3098 626 ε
3143 572 3269 640 Ego
3310 574 3505 621 autem
3535 563 3673 615 sicut

2003 679 2142 735 oliva
2180 676 2458 732 fructifera
2487 677 2542 729 iu
2578 677 2744 728 domo
2781 672 2915 727 Dei.
2970 688 2994 721 ι
3059 666 3156 720 Ex
3210 675 3334 730 quo
3381 652 3673 711 manifeste

2004 769 2237 823 ostendit
2263 768 2468 837 lignum
2496 766 2659 820 olivae
2698 763 2926 831 iustum
2958 768 3024 813 et
3069 762 3359 810 sanctum
3398 744 3673 813 hominem

2005 861 2132 914 dici.
2727 842 2733 847 ’

2074 950 2153 1003 5.·
2168 949 2234 1003 Ει
2249 945 2683 1016 comprehendet
2697 941 2860 997 vobis
2880 935 3190 1003 trituratio
3210 923 3670 985 vindemiam!»

1995 1042 2061 1096 ‘Si
2098 1041 2424 1095 seminatnm
2462 1046 2547 1089 est
2585 1036 2638 1088 in
2680 1033 2871 1104 anima
2909 1041 3122 1084 semen
3174 1023 3426 1085 bonum,
3457 1029 3513 1073 et
3560 1033 3677 1071 sus-

2006 1139 2157 1198 cepta
2196 1146 2225 1183 a
2261 1130 2369 1183 Deo
2404 1128 2590 1197 pluvia
2623 1125 2828 1185 crevit,
2863 1132 2920 1191 et
2970 1117 3151 1172 venit
3182 1113 3259 1177 ad
3315 1112 3558 1179 spicam,
3585 1123 3671 1162 ne

2005 1219 2244 1293 cessat-io
2270 1226 2646 1285 consequetur
2675 1223 2735 1268 et
2771 1209 3025 1264 messis:
3067 1215 3131 1271 et
3178 1203 3231 1273 si
3281 1200 3523 1263 messis,
3550 1214 3678 1251 εοιι-

2002 1318 2262 1376 scquetur
2287 1308 2452 1362 etiam
2492 1303 2799 1373 trituratio,
2832 1301 2889 1354 in
2921 1312 3046 1368 qua
3098 1294 3409 1348 frumenta
3449 1302 3677 1359 purgen-

2007 1394 2113 1452 tur.
2143 1398 2356 1452 Etenim
2400 1397 2585 1449 anima
2625 1410 2751 1464 quae
2790 1391 3120 1463 germinat,
3164 1401 3244 1441 ex
3279 1384 3461 1439 verbo
3503 1381 3597 1435 Dei
3624 1391 3677 1435 et

2007 1488 2213 1542 caelesti
2243 1487 2424 1556 pluvia
2461 1488 2638 1557 rigata
2680 1496 2918 1554 germen
2952 1475 3248 1547 producit
3295 1473 3372 1526 ad
3419 1484 3674 1535 messem,

2008 1589 2229 1630 necesse
2273 1586 2358 1629 est
2399 1583 2459 1627 nt
2488 1575 2603 1642 ipsa
2652 1570 2854 1625 messis
2899 1581 3088 1637 quam
3142 1563 3383 1634 profert
3422 1569 3677 1628 purgetur

2009 1665 2061 1715 in
2093 1677 2239 1729 area,
2271 1662 2323 1716 id
2354 1653 2460 1727 est,
2491 1671 2551 1714 ut
2596 1673 2795 1732 sensus
2848 1671 3004 1727 quos
3043 1654 3338 1722 genuerit
3398 1650 3583 1703 anima
3624 1649 3674 1699 in

2008 1753 2243 1805 medium
2279 1750 2549 1818 proferat,
2582 1759 2636 1803 et
2680 1750 2801 1803 sive
2854 1762 2995 1802 cum
3035 1744 3284 1799 caeteris
3331 1738 3674 1805 doctoribus,

2007 1843 2122 1895 sive
2145 1844 2307 1896 etiam
2341 1856 2465 1895 cum
2492 1841 2625 1909 ipsis
2653 1854 2780 1909 quae
2811 1840 3005 1892 sentit
3036 1834 3270 1903 divinis
3302 1830 3675 1893 voluminibus

2008 1931 2292 1984 conferat:
2329 1941 2388 1984 ut
2414 1931 2459 1985 si
2494 1929 2627 1997 quid
2665 1930 2719 1982 in
2764 1929 2851 1982 eis
2891 1927 3078 1980 inane
3115 1936 3181 1979 et
3229 1920 3598 1993 superfluum,
3628 1918 3670 1971 si

2007 2020 2136 2087 quid
2183 2022 2351 2087 paleae
2392 2019 2572 2093 simile
2622 2016 2793 2070 fuerit
2841 2026 2948 2070 ant
3001 2014 3271 2078 aristis;
3306 2010 3484 2065 ﬂante
3528 2011 3580 2062 in
3617 2022 3672 2059 se

2008 2109 2199 2175 spiritu
2254 2110 2600 2164 discretionis
2625 2108 2904 2172 excutiat,
2939 2116 3009 2160 et
3060 2119 3288 2175 purum
3338 2101 3666 2176 frumentum

2007 2212 2113 2266 quo
2159 2197 2273 2252 solo
2319 2205 2485 2265 queat
2539 2197 2757 2249 nutrire
2816 2208 3203 2267 conservos,
3238 2202 3302 2246 et
3358 2205 3669 2245 mensuram

2010 2288 2171 2341 tritici
2219 2287 2271 2339 in
2319 2295 2565 2355 tempore
2615 2287 2962 2358 dispensare
3034 2285 3330 2339 retineat.
3370 2299 3390 2332 ι
3426 2279 3492 2335 Et
3546 2294 3667 2333 con-

2007 2387 2284 2446 sequetur,
2316 2375 2513 2446 inquit,
2561 2375 2850 2430 trituratio
2900 2376 3312 2429 vindemiam.
3352 2391 3375 2425 ι
3411 2371 3667 2437 Quiapa-
3719 2387 3725 2390 ν

2009 2466 2114 2530 uis,
2154 2473 2212 2519 ut
2264 2465 2547 2533 Scriptura
2589 2465 2726 2518 dicit
2774 2465 2850 2528 δ’,
2893 2464 3218 2517 confortat.
3258 2477 3364 2515 cor
3416 2459 3663 2521 hominis,

2007 2566 2060 2611 et
2106 2557 2290 2610 vinum
2335 2555 2596 2617 laetificat,
2631 2569 3002 2623 quacunque
3058 2556 3137 2608 de
3191 2552 3569 2612 continentia,
3603 2549 3666 2599 de

2006 2648 2365 2702 observantiis
2397 2656 2452 2717 et
2477 2647 2732 2701 custodia
2757 2648 3192 2702 mandatorum
3244 2646 3350 2699 Dei
3388 2646 3661 2702 dicuntur,

2006 2740 2121 2794 hmo
2146 2748 2370 2809 possunt
2405 2738 2575 2792 videri
2607 2737 2999 2804 frumentum,
3034 2755 3111 2793 ex
3155 2753 3278 2808 quo
3310 2734 3661 2807 panisefﬁciw

2009 2839 2113 2892 tur,
2134 2838 2188 2882 et
2221 2827 2525 2882 auditorum
2562 2829 2734 2881 corda
2779 2829 3117 2884 confortat.
3160 2831 3242 2884 Ea
3282 2845 3421 2882 vero
3450 2844 3568 2895 qua:
3600 2824 3662 2881 ad

1956 2918 2282 2973 'scicntiam
2338 2919 2650 2985 pertinent,
2712 2926 2768 2971 et
2838 2917 3232 2981 occultorum
3279 2917 3664 2987 explanatione

365 3013 484 3058 ctus
512 3003 681 3058 malos
710 3004 904 3059 facere.
940 3022 960 3056 ι
994 3003 1105 3060 Hoc
1140 3015 1224 3060 est
1249 3006 1385 3074 quod
1412 3005 1590 3059 docet:
1610 3004 1785 3057 Arbor
1809 3021 1909 3072 pu-
1937 3031 1977 3087 ο
2010 3014 2215 3058 mentes
2245 3002 2524 3058 lanificam
2550 3003 2928 3068 audientium,
2963 3007 3119 3060 vino
3157 3021 3233 3060 ac
3262 2996 3562 3059 vindemia:
3587 3005 3665 3055 vi-

367 3094 560 3147 dicitite
586 3094 721 3148 bona
752 3104 858 3158 est,
893 3109 996 3147 non
1028 3101 1202 3162 potest
1231 3093 1424 3147 all'erre
1453 3092 1909 3167 fructusimpudi-

367 3184 527 3238 uitiae.
573 3184 745 3238 Arbor
779 3184 1003 3253 iustitiae
1046 3184 1182 3237 bona
1226 3194 1326 3249 est,
1375 3193 1433 3235 et
1466 3180 1656 3235 aﬂerre
1700 3180 1909 3236 fructus

371 3272 644 3340 iniustitiae
678 3288 779 3327 nou
824 3285 1015 3342 potest.
1059 3274 1148 3327 Sic
1193 3282 1246 3328 et
1289 3273 1588 3328 econtrario
1627 3272 1671 3326 si
1714 3272 1909 3325 habeas

371 3361 522 3414 mala:
547 3363 755 3416 arboris
790 3364 1021 3418 radicem
1056 3363 1109 3416 in
1142 3375 1231 3417 tua
1261 3373 1438 3417 mente
1463 3362 1775 3430 plantatam,
1805 3360 1905 3414 bo-

368 3464 467 3502 nos
495 3450 712 3515 reddere
736 3466 836 3504 non
867 3460 1039 3520 potest
1064 3452 1282 3507 fructus.
1318 3450 1372 3505 Si
1395 3450 1535 3504 enim
1565 3448 1634 3502 sit
1657 3449 1708 3501 in
1743 3458 1791 3501 te
1818 3462 1908 3499 ra-

371 3537 463 3590 dix
491 3539 721 3605 malitiae,
766 3539 972 3596 fructus
1008 3556 1112 3595 non
1141 3542 1290 3596 dabit
1324 3541 1512 3595 bonos.
1548 3538 1605 3593 Si
1652 3539 1722 3591 sit
1767 3538 1906 3590 intra

368 3644 463 3685 cor
495 3638 638 3683 tuum
684 3630 919 3684 stultitia:
962 3631 1137 3700 planta
1164 3669 1180 3694 ,
1224 3645 1492 3698 nunquam
1543 3629 1776 3699 proferet
1822 3641 1909 3680 sa-

369 3718 582 3786 pientia:
624 3720 830 3775 florem.
880 3719 935 3775 Si
984 3721 1274 3788 iniustitiae,
1308 3721 1353 3775 si
1404 3720 1703 3790 iniquitatis
1749 3722 1909 3775 arbor

369 3810 460 3874 sit,
487 3824 761 3877 nunquam
786 3809 1089 3876 huiusmodi
1116 3810 1254 3878 ligna
1285 3813 1514 3880 gaudere
1538 3811 1693 3866 bonis
1722 3810 1910 3864 fructi-

368 3902 469 3952 bus
500 3914 738 3968 possunt.
771 3900 826 3954 Si
853 3914 979 3968 ergo
1015 3913 1288 3955 servemus
1317 3901 1561 3954 mandata
1592 3900 1704 3965 Dei,
1732 3915 1909 3954 susce-

367 3997 455 4054 pta
484 3987 826 4055 pluviaverbi
856 3988 972 4049 Dei.
997 3988 1062 4040 de
1086 4002 1187 4055 qua
1213 3989 1455 4054 superius
1474 3988 1722 4051 diximus,
1747 3990 1905 4040 etiam

370 4079 589 4133 arbores
641 4091 758 4145 quat
802 4078 853 4128 in
895 4077 1096 4143 campis
1138 4079 1330 4131 animat
1382 4088 1577 4132 nostrae
1629 4087 1681 4131 et
1732 4081 1907 4133 cordis

372 4168 538 4221 nostri
571 4166 845 4219 latitudine
873 4166 1122 4231 plautatae
1143 4177 1285 4233 sunt,
1319 4168 1491 4222 laetum
1522 4177 1576 4221 et
1613 4169 1763 4222 bona:
1786 4184 1905 4222 sua-

370 4255 553 4309 vitatis
580 4253 801 4307 atferent
831 4251 1082 4305 fructum.
1114 4252 1206 4308 Vis
1234 4266 1411 4309 autem
1442 4256 1534 4310 tibi
1570 4257 1636 4309 de
1667 4256 1905 4324 Scriptu-

2009 3095 2270 3148 debuntur
2313 3096 2566 3161 aptanda.
2610 3093 2779 3147 Cbrdi
2831 3097 3070 3162 etenim
3136 3096 3347 3150 laetitia
3393 3095 3660 3159 tribuitur,

2008 3197 2125 3235 cum
2157 3198 2217 3234 ea
2253 3196 2370 3249 qua:
2419 3181 2635 3236 occulta
2688 3190 2744 3235 et
2788 3183 3050 3239 ubscura
3107 3197 3255 3241 sunt
3298 3185 3658 3257 explicantur.

2012 3290 2030 3322 ι
2067 3272 2130 3324 Ει
2166 3271 2465 3333 vindemia,
2513 3273 2715 3339 inquit,
2766 3279 3263 3344 comprehendet
3306 3281 3600 3334 sationem.
3637 3297 3656 3326 ι

2013 3360 2075 3413 Ut
2108 3360 2152 3412 si
2200 3360 2490 3414 dicamus:
2524 3359 2714 3415 Primo
2765 3367 3094 3422 seminavit
3149 3384 3287 3438 qua:
3340 3370 3477 3442 legis
3520 3375 3658 3431 sunt,

2006 3458 2062 3502 et
2091 3457 2433 3516 posteaquam
2481 3450 2817 3521 seminatum
2854 3465 2971 3518 est.
3013 3459 3199 3512 oravi
3264 3468 3328 3525 ut
3374 3460 3527 3513 daret
3564 3459 3650 3511 υο·

2007 3538 2180 3590 minus
2208 3536 2438 3604 pluviam
2467 3539 2519 3592 in
2543 3549 2832 3609 tempore,
2868 3554 2928 3598 et
2954 3547 3126 3602 facta
3156 3559 3250 3605 est
3288 3552 3512 3612 messis.
3544 3549 3662 3602 Post

2008 3628 2121 3680 haec
2149 3641 2253 3680 non
2282 3642 2470 3683 maneo
2496 3629 2730 3696 otiosus,
2764 3633 2866 3686 sed
2905 3635 3142 3692 iterum
3182 3642 3436 3704 semino,
3463 3641 3661 3709 accipio

2009 3708 2340 3783 Scripturam
2387 3717 2796 3795 propheticam,
2850 3731 2911 3777 et
2962 3739 3042 3779 ex
3095 3743 3173 3793 ea
3223 3732 3452 3796 semino
3497 3739 3660 3784 terras

2008 3815 2066 3861 et
2103 3807 2306 3860 novalia
2343 3809 2680 3862 auditorum.
2715 3811 2853 3866 Post
2902 3814 3038 3872 haec
3091 3821 3335 3889 semino
3363 3830 3419 3874 et
3462 3820 3565 3873 alia
3597 3820 3659 3873 de

2007 3897 2331 3964 evangelicis
2361 3901 2737 3969 sermonibus.
2766 3902 3016 3959 Diversa
3043 3918 3196 3962 sunt
3224 3925 3360 3978 quae
3392 3911 3658 3965 seminari-

2006 3996 2115 4051 tur,
2149 4002 2245 4057 per
2277 3997 2446 4042 totum
2480 4004 2686 4042 annum
2715 4006 3036 4060 possumus
3082 4003 3423 4054 seminare.
3464 3999 3656 4069 Bessu-

2006 4094 2124 4133 mus
2169 4080 2309 4132 enim
2354 4086 2410 4133 et
2455 4079 2522 4132 de
2562 4082 2891 4163 apostolicis
2937 4086 3171 4144 litteris
3215 4092 3404 4144 multa
3454 4091 3655 4145 semina

2003 4169 2203 4236 iacere.
2241 4168 2464 4236 Semper
2508 4179 2593 4222 est
2642 4173 3212 4244 quod'semiuetur,
3251 4181 3310 4234 in
3363 4182 3516 4236 omni
3554 4175 3655 4233 vita

2008 4267 2189 4311 nostra
2225 4256 2320 4310 otii
2372 4257 2578 4311 nullum
2629 4268 2849 4328 tempus
2901 4275 2999 4319 est
3030 4284 3048 4320 :
3092 4271 3367 4337 quandiu
3423 4270 3652 4339 respira-

372 4345 451 4398 ris
488 4342 764 4397 ostendam
809 4340 1027 4394 arbores
1052 4341 1136 4395 vel
1164 4342 1301 4413 ligna
1333 4346 1584 4414 appellari
1609 4348 1707 4400 has
1729 4347 1908 4416 singu-
1940 4333 1983 4385 Ῑ)
2014 4362 2152 4412 mus,
2180 4347 2523 4400 sentinemus.
2548 4348 2803 4404 Tantum
2837 4364 2952 4420 est,
3001 4367 3071 4411 ut
3114 4333 3188 4413 in
3240 4362 3454 4430 spiritu
3494 4333 3653 4415 semi-

371 4433 451 4486 las
479 4441 720 4499 quasque
744 4428 986 4493 virtutes,
1014 4443 1143 4498 quas
1179 4436 1421 4501 superius
1451 4436 1863 4489 memoravimus
1883 4434 1908 4486 ἲ

369 4520 611 4575 Adhibeo
646 4524 835 4570 testem
883 4518 1325 4585 sapientissimum
1366 4524 1702 4578 Salomonem
1729 4525 1910 4580 dicen-

373 4619 480 4661 tem
527 4606 593 4659 de
642 4603 950 4673 sapientia:
988 4623 1006 4655 ι
1041 4605 1259 4675 Lignum
1306 4611 1427 4665 vita:
1470 4622 1571 4676 est,
1620 4614 1791 4682 inquit
1835 4615 1901 4678 ⁸⁵,

370 4695 618 4754 omnibus
645 4693 1149 4762 quilatnplectuntur
1182 4710 1318 4752 eam.
1354 4717 1371 4752 ν
1405 4700 1463 4754 Si
1487 4715 1615 4769 ergo
1646 4703 1903 4768 sapientia

371 4785 573 4853 lignum
620 4784 745 4836 vita:
787 4794 889 4845 est,
943 4784 1058 4836 sine
1103 4785 1261 4840 dubio
1311 4796 1365 4841 et
1403 4789 1545 4842 aliud
1587 4789 1782 4857 lignum
1825 4800 1906 4844 est

372 4872 691 4942 prudentia),
708 4870 1199 4937 etaliud'seientiaz,
1222 4886 1275 4929 et
1295 4877 1436 4929 aliud
1459 4877 1698 4944 iustitiae.
1726 4875 1905 4945 Neque

371 4963 521 5015 enim.
566 4968 952 5025 consequenter
981 4961 1174 5023 dicitur
1212 4979 1277 5017 ex
1329 4965 1575 5018 omnibus
1625 4966 1907 5020 virtutibus

372 5050 537 5106 solam
566 5051 878 5117 sapientiam
908 5053 1185 5117 meruisse,
1221 5068 1337 5121 quae
1379 5054 1579 5121 lignum
1606 5056 1725 5108 vita:
1759 5057 1906 5110 dica-

374 5150 481 5204 tur,
504 5146 726 5194 catteras
753 5141 1177 5201 autemvirtutes
1215 5156 1545 5209 nequaquam
1576 5142 1764 5194 similis
1791 5159 1903 5197 sor-

436 5270 481 5300 ⁸⁸³
508 5270 680 5325 Levii.
702 5287 848 5332 xxvi.
879 5272 930 5324 4.
1032 5273 1079 5305 ⁸⁸
1110 5273 1296 5326 Matth.
1331 5288 1427 5334 vtt,
1459 5272 1543 5325 18.

374 5341 621 5415 τεχνικῇ.
692 5343 737 5373 ⁸⁸
778 5341 916 5407 Psal.
965 5341 1177 5405 etv,15.
1246 5338 1714 5407 ’°Levit.uvt,5.

445 5444 553 5516 ('57)
580 5446 730 5502 Libb.
760 5449 908 5512 editi,
953 5468 971 5499 ι
1014 5448 1333 5516 verbilogus.
1365 5464 1382 5496 ι
1418 5446 1520 5501 Sed
1570 5463 1719 5516 mss,
1752 5466 1770 5498 ι
1807 5466 1901 5502 eu-

378 5512 652 5589 risilogus,_
674 5534 691 5563 ι
723 5520 860 5589 quod
888 5533 1099 5589 nierum
1145 5512 1243 5589 est:
1270 5514 1509 5568 GHBCUIII
1557 5515 1904 5589 εεὺρεσιλόγελς⁵

387 5592 410 5624 t
446 5576 609 5630 solcrs
643 5582 695 5643 in
727 5576 1055 5638 inveniendis
1091 5584 1286 5638 verbis.
1323 5599 1341 5631 θ

1619 5273 1848 5342 θ’ᾐΡτον.
1902 5294 1983 5342 ιη,
2030 5283 2117 5336 18,

2012 4451 2219 4498 nemus,
2246 4445 2303 4488 ut
2331 4436 2395 4489 de
2427 4436 2621 4505 spiritu
2653 4450 2936 4496 metamus
2976 4447 3168 4501 vitam
3208 4461 3514 4506 aaternam.
3543 4467 3563 4500 ε
3595 4449 3655 4502 Et

2014 4524 2401 4578 tnauducabitis
2428 4541 2621 4594 panem
2648 4539 2900 4597 vestrum
2934 4535 2993 4586 iu
3029 4542 3362 4595 saturitate
3390 4542 3461 4593 ”.
3499 4559 3520 4593 ι
3556 4538 3655 4593 Nec

2011 4616 2112 4667 hoc
2139 4629 2240 4681 ego
2267 4610 2567 4681 corporalis
2600 4630 2722 4671 esse
2767 4619 3214 4683 benedictionis
3261 4630 3389 4702 (38)
3429 4629 3653 4698 accipio,

2009 4705 2162 4772 quasi
2202 4706 2293 4774 qui
2327 4706 2595 4760 custodiat
2641 4707 2820 4778 legem
2860 4712 2987 4776 Dei,
3026 4730 3253 4783 panem
3298 4722 3473 4774 istum
3504 4734 3653 4773 com-

2011 4809 2226 4847 munem
2282 4794 2336 4847 in
2390 4796 2724 4850 abundantia
2779 4813 3213 4872 consequatur.
3276 4810 3432 4877 Quid
3481 4806 3658 4863 enim?

2010 4882 2199 4936 Nonne
2229 4883 2377 4953 impii
2408 4893 2464 4938 et
2496 4886 2713 4940 scelesti
2743 4901 2949 4954 panem
2980 4908 3101 4947 non
3151 4898 3350 4953 solum
3386 4901 3443 4952 in
3482 4901 3652 4951 abun-

2012 4974 2230 5036 dantia,
2279 4975 2372 5028 sed
2414 4985 2471 5029 et
2519 4977 2573 5030 in
2601 4978 2837 5045 .delieiis
2882 4986 3249 5042 comedunt?
3296 4989 3480 5059 Magis
3528 5002 3652 5056 ergo

2010 5065 2053 5117 si
2104 5064 2457 5132 respiciamus
2517 5069 2584 5122 ad
2635 5085 2759 5123 eum
2808 5073 2905 5140 qui
2966 5075 3119 5130 dixit
3142 5081 3194 5112 ἰ
3236 5101 3253 5137 :
3303 5100 3326 5132 α
3376 5083 3492 5151 Ego
3533 5095 3650 5132 sunt

2008 5154 2163 5221 panis
2192 5155 2342 5209 vivus
2371 5157 2467 5223 qui
2516 5158 2586 5214 de
2616 5161 2760 5217 etelo
2808 5164 3119 5233 descendi,
3166 5181 3230 5226 et
3266 5176 3370 5242 qui
3425 5174 3648 5227 mandu-

2270 5285 2456 5343 LEVik
2480 5309 2636 5363 XXVI,
2662 5297 2716 5353 4.
2794 5299 2839 5332 ⁸⁷
2875 5299 3025 5357 Psal.
3065 5318 3170 5368 LII,
3214 5306 3310 5362 ιο.
3391 5308 3443 5341 ⁸³
3471 5303 3644 5363 Levit.

1812 5345 1853 5374 ⁹¹
1887 5344 2040 5406 Joan.
2073 5367 2146 5418 vt,
2177 5354 2267 5410 5i.

2009 5461 2406 5585 cligltigsthdex
2455 5475 2781 5554 Saugernn,
2816 5504 2835 5538 ε
2873 5482 3196 5555 corporales
3250 5501 3385 5543 esse
3421 5458 3647 5545 hccedi-
