3948 6250
386 329 481 382 571

1793 314 2108 377 ORIGENIS

3673 279 3797 336 572

381 443 756 510 deccptionum
787 456 1000 495 suarum
1032 455 1190 507 super
1216 441 1423 496 animas
1462 439 1681 494 stolidas
1711 451 1924 506 pcrver—
1951 445 1998 498 Α
2028 443 2276 486 attuleras
2303 434 2371 480 ad
2409 436 2730 493 utramque
2757 425 3000 510 Ρθτίθξπ
3036 405 3555 510 ξ

383 545 596 599 easque,
626 545 760 598 quas
792 531 1014 585 camelis
1049 542 1102 584 et
1127 530 1294 583 asinis
1324 544 1419 598 per
1449 531 1670 597 figuram
1697 546 1910 598 compa-

385 626 503 682 rat,
537 619 848 687 designavit.
883 619 944 671 Et
977 619 1040 671 iis
1078 619 1266 671 bestiis
1309 633 1374 671 ne
1406 621 1708 674 traderetur
1737 622 1914 672 anima

384 709 545 760 Deum
570 708 761 760 timens
785 710 967 760 orabat
987 709 1241 776 propheta
1265 709 1427 762 David
1446 709 1625 763 dicens
1647 709 1689 741 “
1713 728 1725 761 :
1757 700 1914 761 (Non

382 796 561 848 tradas
609 797 791 849 bestiis
819 798 1044 850 animam
1079 799 1416 851 conﬁtentem
1451 799 1566 850 tibi.
1650 800 1714 852 Et
1739 808 1918 852 exter-

384 890 618 952 minabo,
640 890 815 956 inquit
839 890 903 953 ³⁸,
929 892 1127 944 bestias
1157 892 1417 958 malignas
1447 895 1511 944 de
1543 901 1683 943 terra
1714 901 1913 954 vestra,

380 985 434 1029 et
468 990 636 1044 pugna
670 993 774 1030 non
806 979 1048 1030 transibit
1090 993 1185 1046 per
1218 988 1417 1032 terram
1447 989 1699 1032 vestram.
1731 998 1750 1029 ι
1781 979 1915 1032 Mul-

379 1079 446 1117 ta:
476 1079 597 1117 sunt
635 1081 822 1134 pugnae
852 1081 970 1134 quae
1005 1078 1284 1121 transeunt
1324 1084 1420 1136 per
1452 1079 1650 1122 tcrram
1679 1078 1912 1121 nostram

380 1155 422 1205 si
453 1152 619 1220 legem
647 1156 735 1207 Dei
762 1171 862 1208 non
890 1157 1240 1220 custodimus,
1271 1172 1368 1210 nec
1393 1167 1647 1225 praecepta
1672 1158 1786 1224 ejus
1805 1173 1917 1211 ser-

383 1257 585 1294 vamus.
628 1243 829 1296 Redeat
870 1246 1234 1314 unusquisque
1283 1246 1347 1298 ad
1389 1246 1618 1299 animam
1649 1261 1822 1309 suam,
1864 1255 1918 1300 et

379 1330 493 1398 ipse
538 1347 596 1385 se
643 1334 848 1385 interna
900 1335 1267 1388 recordatione
1316 1335 1606 1397 discutiat,
1638 1343 1691 1388 et
1740 1336 1919 1389 videat

379 1425 643 1487 quotnodo
679 1434 816 1478 terra
851 1435 1028 1478 nostra
1053 1463 1070 1489 ,
1104 1425 1156 1478 id
1189 1434 1270 1478 est
1297 1463 1312 1488 ,
1344 1439 1471 1478 caro
1509 1435 1684 1479 nostra
1712 1466 1726 1490 ,
1776 1440 1918 1480 nunc

380 1509 567 1574 spiritu
639 1510 1045 1576 fornicationis,
1110 1526 1256 1565 nunc
1314 1513 1407 1564 ira:
1457 1521 1513 1564 et
1576 1513 1771 1567 furoris
1827 1529 1918 1566 ur-

384 1610 571 1665 getur,
611 1615 750 1654 nunc
783 1601 1018 1653 avaritia:
1069 1600 1263 1668 jaculis
1295 1600 1565 1668 agitatur,
1606 1615 1747 1654 nunc
1801 1603 1918 1656 telis

383 1689 624 1756 pulsatur
677 1690 927 1753 invidiae,
987 1706 1126 1744 nunc
1197 1692 1414 1760 spiculis
1472 1692 1710 1745 libidinis
1763 1701 1916 1746 tere-

2013 535 2116 588 que
2145 533 2239 572 nos
2271 516 2449 570 simus
2499 530 2571 568 ex
2602 489 2887 582 quinque
2940 495 3434 593 laudabilibus,
3489 489 3800 593 iri-estex

2015 585 2249 679 quinque
2281 606 2634 672 sapientibus
2664 640 2682 664 ,
2719 602 3185 679 persequemur
3221 585 3626 669 insipientes

2017 677 2150 754 tum.
2182 697 2238 750 Si
2260 695 2406 749 enim
2437 694 2739 760 sapienter
2773 696 2834 741 et
2868 677 3310 753 probabiliter
3340 681 3711 742 pugnemus
3739 681 3797 718 tu

2017 787 2184 843 verbo
2213 787 2331 846 Dei.
2356 785 2404 838 si
2431 783 2748 851 prudenter
2785 777 2864 831 de
2891 775 3030 841 lege
3060 765 3335 823 Domini
3376 761 3799 822 disseramus,

2018 877 2387 930 convincimus
2428 882 2486 927 et
2533 871 2802 939 fugamus
2861 851 3799 953 inﬁdelium-multitudiuelt.

2020 967 2172 1018 Sicut
2203 964 2348 1018 enim
2380 963 2629 1030 quinque
2657 969 2971 1017 numerus,
3009 962 3077 1008 et
3119 948 3484 1016 sapientes
3543 942 3803 1008 indicat,

2016 1065 2072 1108 et
2097 1054 2453 1122 insipientes;
2487 1053 2561 1105 ita
2589 1061 2648 1103 et
2692 1058 2994 1103 centenus
3049 1056 3425 1107 numerus,
3479 1047 3549 1093 et
3592 1035 3804 1090 ﬁdeles

2018 1143 2258 1204 indicat,
2295 1150 2348 1196 et
2381 1139 2654 1196 infideles.
2687 1139 2831 1192 Nam
2871 1147 2938 1191 et
2973 1133 3097 1190 sub
3129 1129 3555 1188 centenario
3612 1139 3807 1180 anno-

2020 1245 2138 1282 rum
2167 1243 2396 1282 nutnero
2423 1229 2711 1282 Abraham
2752 1227 2875 1280 Deo
2910 1223 3293 1279 credidisse
3318 1261 3340 1286 ,
3389 1228 3463 1274 et
3501 1217 3807 1288 justiﬁes-

2019 1327 2108 1374 tus
2135 1333 2258 1372 esse
2288 1317 2646 1382 describitur,
2675 1325 2758 1382 et,
2785 1334 2807 1367 ι
2844 1324 3152 1383 peccator
3179 1313 3311 1382 qui
3349 1309 3643 1363 moritur
3665 1321 3806 1362 cen-

2021 1416 2136 1462 tum
2167 1423 2438 1461 annorum
2487 1407 2830 1460 maledictus
2885 1407 3013 1459 erit
3039 1405 3124 1458 “.
3175 1421 3202 1454 ι
3277 1403 3368 1457 Et
3411 1403 3526 1457 hic
3559 1406 3803 1456 centum

2017 1497 2260 1553 infideles
2288 1513 2318 1550 a
2345 1498 2593 1565 quinque
2624 1496 3004 1564 sapientibus
3067 1493 3486 1562 eﬂ'ugantur
3516 1530 3537 1554 ,
3575 1499 3640 1544 et
3674 1505 3807 1544 rur-

2020 1601 2138 1640 sum
2170 1595 2387 1639 centum
2415 1585 2623 1650 fideles,
2656 1600 2768 1637 non
2804 1594 2929 1637 tam
2966 1598 3259 1637 numero
3303 1591 3585 1636 centum
3626 1596 3804 1649 quam

2022 1675 2606 1744 perfectionesignati,
2653 1675 2838 1728 multa
2880 1674 3086 1727 millia
3146 1671 3550 1727 infidelium
3610 1685 3810 1739 perse-

382 1779 601 1842 bratur,
645 1789 699 1833 et
740 1780 791 1833 in
836 1780 1242 1848 quibuscunqne
1285 1783 1616 1850 concupiscit
1657 1797 1782 1836 caro
1822 1783 1916 1835 ad-

2106 1774 2274 1818 entur.
2323 1765 2538 1835 Fugant
2585 1767 2736 1820 enim
2789 1764 3007 1818 ﬁdeles
3044 1763 3389 1818 doctores
3441 1765 3810 1819 innumeros

382 1883 598 1922 versum
635 1871 911 1938 spiritum,
938 1882 988 1923 et
1018 1873 1238 1950 spiritus
1277 1875 1532 1929 adversus
1560 1888 1802 1936 carnem,
1834 1875 1917 1926 in-

385 1959 546 2012 ternis
581 1962 774 2027 pracllis
813 1975 1022 2028 semper
1068 1964 1316 2030 agitatur.
1364 1965 1500 2030 Quid
1541 1972 1718 2017 autetn
1746 1965 1917 2016 dicam

381 2049 446 2099 de
474 2048 850 2116 cogitationum
885 2051 1076 2117 pugnis
1100 2089 1116 2115 ,
1147 2066 1278 2118 quas
1327 2055 1472 2106 cordi
1507 2064 1690 2108 nostro
1721 2069 1919 2122 sugge-

383 2137 452 2187 rit
479 2135 719 2189 inimicus
741 2178 755 2200 ,
791 2147 846 2189 ut
876 2152 970 2191 nos
1009 2148 1171 2192 exuat
1199 2155 1226 2192 a
1266 2140 1366 2192 fide
1393 2139 1625 2205 Christi,
1659 2149 1712 2195 et
1737 2142 1802 2194 ab
1829 2156 1922 2210 spe

379 2225 677 2278 vocationis
707 2227 944 2280 nostrze?
978 2226 1108 2280 Cum
1141 2229 1281 2282 enim
1317 2229 1628 2285 alllictiones
1673 2233 1922 2286 tentatio—

341 2301 345 2304 λ
382 2327 528 2374 1111111,
566 2321 619 2364 et
665 2313 930 2366 molestias
964 2314 1073 2382 (42)
1123 2315 1303 2368 saeculi
1351 2318 1695 2373 suscitaverit
1742 2321 1919 2383 nobis,

380 2412 765 2466 consequenter
795 2403 901 2466 jam
939 2405 1177 2472 suggerit
1215 2407 1556 2473 cogitationi,
1595 2410 1918 2476 superfluum

379 2495 432 2538 et
465 2486 696 2553 ineptum
729 2502 848 2540 esse
894 2489 1004 2543 haec
1045 2490 1275 2544 tolerare
1311 2507 1408 2560 pro
1449 2493 1663 2547 Christo
1687 2533 1703 2558 ,
1753 2495 1920 2548 multo

378 2589 499 2627 esse
530 2575 714 2627 melius
741 2591 986 2631 securam
1015 2589 1068 2632 et
1097 2581 1213 2634 sine
1255 2584 1722 2648 persecutionibus
1759 2585 1918 2638 vitam

377 2664 595 2716 ducere.
631 2661 749 2716 Haec
775 2665 951 2718 sciens
977 2675 1031 2719 et
1059 2669 1331 2736 apostolus
1365 2669 1559 2724 Paulus
1602 2673 1811 2725 dicebat
1833 2675 1876 2704 ¹⁶
1901 2692 1916 2727 :

386 2768 405 2801 ι
440 2752 791 2818 Cogitationes
818 2755 1190 2820 destruentes,
1236 2767 1290 2812 et
1325 2774 1534 2812 omnem
1583 2760 1917 2814 altitudinem

379 2839 716 2893 extollentem
755 2857 812 2895 se
841 2845 1118 2898 adversum
1167 2846 1445 2901 scientiam
1493 2848 1712 2904 Christi.
1749 2868 1770 2904 ι
1819 2850 1920 2916 Qtti

381 2943 512 2994 ergo
539 2929 714 2983 divina
752 2943 1010 2999 praecepta
1057 2938 1376 3002 servaverit,
1424 2947 1479 2990 et
1526 2940 1776 2992 mandata
1803 2942 1920 3009 ejus

383 3021 710 3084 custodierit,
747 3031 800 3074 et
843 3018 1032 3074 fecerit
1077 3037 1137 3074 ea
1166 3061 1182 3086 ,
1229 3025 1366 3077 hanc
1408 3039 1640 3091 pugnam
1666 3066 1681 3091 ,
1711 3037 1766 3080 et
1809 3030 1920 3084 lucc

385 3109 519 3162 bella
549 3126 650 3164 non
681 3112 896 3178 patitur,
929 3113 1020 3165 sed
1049 3113 1186 3165 Deus
1215 3113 1387 3165 aufert
1408 3129 1470 3165 ea
1507 3114 1573 3167 de
1606 3125 1747 3168 terra
1777 3117 1914 3184 ejus,

384 3207 436 3251 et
469 3214 569 3252 non
604 3201 732 3254 sinit
764 3217 823 3254 ea
856 3202 1082 3255 transire
1111 3218 1203 3270 per
1231 3203 1458 3254 animam
1479 3202 1630 3267 justi.
1665 3223 1680 3254 ι
1713 3205 1776 3258 Et
1805 3221 1922 3274 per-

386 3289 674 3354 sequetnini
707 3291 948 3344 inimicos
980 3300 1185 3343 vestros
1213 3291 1274 3342 ¹⁷.
1299 3285 1469 3351 »Ωυοε
1493 3289 1770 3358 inimicos,
1817 3297 1919 3349 nisi

388 3375 557 3439 ipsum
585 3377 851 3430 diabolum
894 3389 944 3430 et
971 3379 1188 3448 angelos
1228 3378 1371 3445 ejus,
1404 3387 1458 3430 et
1499 3380 1723 3446 spiritus
1766 3384 1920 3436 mali-

385 3479 536 3526 gnos,
566 3475 615 3518 et
661 3466 913 3520 daemonia
945 3468 1259 3520 immunda?
1302 3469 1692 3538 Persequemur
1723 3487 1787 3525 ea
1816 3488 1918 3526 non

387 3553 552 3604 Solum
587 3560 643 3606 ut
670 3569 698 3605 a
752 3557 904 3608 nobis
944 3556 1072 3623 ipsis
1099 3555 1412 3625 cll‘ugemus,
1460 3560 1552 3611 sed
1600 3570 1652 3614 et
1685 3561 1752 3615 ab
1801 3561 1920 3617 aliis

387 3657 520 3707 quos
549 3643 842 3707 incursant,
866 3646 908 3697 si
927 3646 1103 3699 divina
1125 3657 1386 3715 praecepta
1417 3661 1710 3704 servemus.
1751 3669 1771 3703 ι
1800 3653 1921 3706 Per-

387 3732 698 3798 sequentini,
736 3734 905 3799 inquit
935 3735 999 3796 ’⁸,
1033 3737 1278 3790 inimicos
1304 3748 1530 3800 vestros,
1564 3749 1619 3792 et
1645 3740 1836 3794 cadent
1867 3744 1917 3792 in

386 3830 674 3886 conspectu
718 3832 895 3874 vestro
949 3833 1144 3879 morte.
1185 3845 1205 3876 ι
1261 3826 1317 3879 Si
1369 3837 1613 3880 conterat
1667 3828 1918 3880 Satanam

387 3907 547 3975 268
587 3912 684 3960 sub
729 3911 950 3977 pedibus
985 3915 1184 3966 nostris
1215 3915 1470 3969 velociter
1523 3917 1660 3967 Deus
1684 3953 1701 3978 ,
1729 3917 1922 3969 cadent

389 3995 586 4048 inimici
637 3996 686 4048 iu
731 4009 1012 4066 conspectu
1066 4010 1247 4054 nostro
1285 4011 1474 4056 morte.
1511 4003 1673 4067 Cujus
1707 4005 1922 4058 morte?

392 4081 496 4150 Ego
523 4085 750 4137 arbitror
776 4087 914 4151 quod
949 4097 1128 4139 nostra
1174 4105 1188 4139 :
1239 4091 1282 4141 si
1335 4091 1475 4143 enim
1508 4106 1602 4144 nos
1631 4093 1922 4162 mortifica-

390 4186 506 4223 mus
532 4174 763 4226 membra
792 4184 969 4226 nostra
1001 4191 1119 4242 qua:
1145 4187 1266 4229 sunt
1295 4193 1452 4246 super
1488 4187 1713 4243 terram,
1759 4181 1924 4235 forni-

391 4247 672 4325 cationem,
700 4261 1108 4326 itnmumlitiam,
1136 4265 1180 4317 si
1209 4266 1346 4318 hanc
1380 4275 1605 4320 mortem
1635 4267 1924 4332 inferamus

392 4431 665 4494 Quomodo
688 4436 876 4488 cadent
911 4438 962 4489 in
989 4452 1267 4508 conspectu
1301 4453 1484 4497 nostro
1510 4447 1534 4497 ’Β
1580 4446 1637 4500 Si
1666 4455 1717 4498 tu
1742 4445 1923 4512 justus

393 4520 488 4580 sis,
504 4518 691 4571 cecidit
705 4520 952 4585 injustitia
968 4525 1016 4576 in
1029 4541 1306 4597 conspectu
1325 4542 1442 4597 tuo;
1459 4533 1503 4586 si
1521 4545 1721 4594 castus.
1734 4537 1924 4590 cecidit

395 4605 584 4669 libido;
613 4607 656 4658 si
691 4607 828 4674 pius,
851 4611 1007 4664 etiam
1049 4614 1157 4683 ipsa
1188 4620 1431 4685 impietas
1473 4623 1677 4675 corruit
1701 4632 1822 4676 ante
1849 4632 1921 4676 te.

462 4694 514 4746 7.
547 4711 564 4743 ι
606 4693 668 4746 Ει
717 4709 1097 4766 persequentur
1122 4720 1187 4758 ex
1213 4708 1364 4760 vobis
1409 4709 1644 4776 quinque
1687 4721 1920 4775 centum,

392 4793 443 4834 et
474 4794 685 4834 centum
714 4797 777 4839 ex
812 4788 957 4840 vobis
1001 4805 1387 4862 persequentur
1413 4796 1576 4847 multa
1609 4797 1772 4849 millia
1802 4800 1864 4850 η.
1902 4819 1922 4850 ι

392 4869 488 4932 Qui
517 4877 640 4922 sunt
665 4869 749 4923 isti
781 4873 1014 4942 quinque
1040 4881 1126 4944 qui
1153 4891 1373 4948 pos-unt
1407 4886 1650 4948 persequi
1675 4886 1927 4937 centum?

393 4959 638 5026 Quinque
687 4975 937 5018 numerus
969 4967 1075 5036 (45)
1112 4982 1163 5022 et
1206 4972 1258 5024 in
1302 4971 1651 5027 laudabilibus
1690 4977 1922 5043 ponitur,

393 5057 448 5098 et
480 5045 529 5099 in
559 5047 920 5117 culpabihbus.
953 5055 1194 5123 Quinque
1215 5069 1337 5110 sunt
1364 5060 1637 5126 sapientes
1665 5063 1918 5128 virgines,

392 5147 447 5190 et
472 5138 706 5205 quinque
748 5139 1143 5208 insipientes“.
1189 5143 1277 5198 Sic
1320 5161 1445 5214 ergo
1477 5156 1531 5199 et
1574 5153 1919 5205 centenarias

465 5226 513 5299 ξξ
534 5226 670 5282 Psal.
704 5246 886 5292 Lutv,
918 5233 999 5285 l9.
1076 5237 1118 5267 “
1146 5237 1308 5288 Levit.
1339 5252 1484 5295 xxvr,
1514 5235 1569 5299 5,
1587 5235 1640 5291 6.

402 5377 521 5414 xxvt
545 5364 632 5424 ,9.
736 5365 782 5398 ³⁸
805 5367 989 5423 Matth.
1021 5386 1165 5432 xxvr,
1203 5371 1289 5424 75.

406 5453 766 5571 “insnum.
794 5461 952 5528 editi,
990 5478 1008 5511 ι
1041 5463 1425 5517 molestiarum.
1461 5479 1478 5511 ι
1520 5460 1668 5528 Mss,
1703 5478 1722 5512 ι
1759 5465 1928 5519 mole-

474 5585 582 5653 (4⁵)
613 5589 760 5648 Libb.
791 5596 915 5653 editi
945 5597 1028 5654 hic
1054 5608 1104 5652 ct
1131 5598 1286 5673 infra,
1319 5617 1335 5649 ι
1376 5599 1706 5666 quinqueuus
1738 5613 1923 5653 nume-

1717 5238 1757 5267 ι.
1857 5241 1961 5271 ρει-ι
2012 5262 2040 5271 ι.
2102 5249 2130 5271 Β
2227 5254 2269 5271 αν
2301 5256 2315 5271 Ι
2417 5259 2428 5271 ο

465 5237 509 5257 ι’
535 5237 670 5282 Psal.
704 5246 886 5292 Lutv,
918 5237 999 5285 i9.
1076 5237 1118 5267 “
1146 5237 1308 5288 Levit.
1339 5252 1484 5295 xxvr.
1514 5237 1569 5299 5,
1587 5237 1640 5291 6.
1717 5238 1757 5267 ¹⁶
1783 5237 1825 5295 ll
1857 5241 1919 5293 Ct?

395 5297 441 5327 ³ο
471 5295 888 5377 Mattnh.n_v._:2.
935 5302 1004 5377 _“
1052 5301 1145 5355 lsa.
1181 5318 1317 5377 es},
1371 5304 1459 5356 20.
1533 5305 1578 5334 ²¹
1606 5303 1775 5363 Levit.
1823 5323 1919 5362 xxv

2106 5249 2154 5302 5.
2227 5254 2269 5283 ¹⁷
2301 5256 2482 5315 Levit.
2510 5263 2734 5328 xxvt,7.

2153 5320 2198 5358 ⁸³
2237 5321 2376 5377 lleb.
2413 5345 2502 5377 tv-
2545 5330 2625 5377 1‘2.
2728 5335 2734 5364 ’

2022 1856 2331 1921 dzemones,
2387 1871 2452 1909 ne
2497 1857 2719 1909 animas
2764 1856 3170 1910 credentium
3243 1856 3542 1926 antiqua
3598 1855 3812 1910 fraude

2020 1942 2310 2012 decipiant.
2349 1961 2368 1995 ι
2410 1945 2475 1998 Ει
2507 1947 2710 1998 cadent
2761 1945 2999 1998 inimici
3045 1946 3271 2000 vestri
3329 1947 3400 2000 in
3459 1955 3806 2016 conspectu

2020 2039 2199 2085 vestro
2225 2032 2404 2102 gladio
2427 2036 2493 2089 ²¹,
2530 2053 2549 2086 ο
2587 2034 2693 2100 Qui
2727 2034 2853 2088 sint
2894 2035 3150 2089 inimici
3208 2050 3439 2102 supra
3494 2037 3804 2102 diximus,

2021 2137 2128 2187 quo
2169 2131 2348 2176 autem
2398 2124 2579 2192 gladio
2627 2125 2913 2178 dicantur
2985 2125 3246 2179 cadere
3283 2165 3305 2189 ,
3379 2129 3804 2197 requiramus.

2023 2208 2311 2276 Apostolus
2351 2209 2554 2264 Paulus
2606 2225 2712 2264 nos
2761 2210 2948 2266 docet
3010 2213 3168 2280 quis
3231 2214 3337 2267 sit
3389 2215 3505 2268 hic
3544 2214 3808 2283 gladius,

2021 2314 2143 2351 cum
2167 2298 2300 2352 dicit
2321 2299 2404 2347 ”:
2440 2317 2459 2350 α
2491 2299 2664 2354 Vivus
2683 2303 2839 2354 enim
2868 2311 2971 2356 est
3005 2317 3248 2357 sermo
3287 2304 3444 2370 Dei,
3470 2314 3537 2358 et
3569 2303 3807 2370 efﬁcax,

2020 2395 2074 2438 et
2104 2385 2492 2453 penetrabilior
2512 2387 2665 2440 omni
2696 2387 2901 2456 gladio
2931 2391 3270 2461 utrinque
3311 2405 3548 2459 acuto,
3579 2397 3808 2464 pertin-

2019 2489 2151 2544 gens
2180 2489 2394 2541 quoque
2425 2490 2604 2543 usque
2642 2477 2713 2529 ad
2743 2493 3122 2548 compagem
3160 2483 3434 2540 animae
3487 2501 3568 2540 ac
3628 2487 3806 2556 spiri-

2022 2573 2128 2624 tus,
2159 2564 2522 2618 membrorum
2551 2581 2781 2637 quoque
2811 2579 2878 2623 et
2916 2572 3428 2644 medullarum,
3461 2589 3532 2632 et
3561 2589 3660 2634 est
3687 2582 3807 2635 dis-

2018 2661 2195 2706 cretor
2223 2654 2650 2722 cogitationum,
2685 2667 2746 2712 et
2794 2659 3254 2720 intentiouum
3301 2671 3567 2724 cordis.
3612 2690 3637 2724 ι
3697 2669 3800 2728 llic

2019 2750 2100 2794 est
2141 2740 2384 2810 gladius,
2437 2745 2600 2813 cujus
2627 2747 2752 2801 acie
2783 2747 2914 2818 (44)
2957 2753 3228 2809 cadunt
3272 2757 3541 2815 inimici
3581 2766 3798 2818 nostri.

2021 2832 2212 2886 Sermo
2243 2849 2477 2901 namque
2531 2836 2625 2890 Dei
2674 2849 2767 2891 est
2812 2842 2916 2908 qui
2991 2850 3392 2909 prosternit
3443 2867 3671 2908 omnes
3702 2855 3806 2907 lni-

2025 2917 2223 2981 micos,
2259 2927 2315 2971 et
2346 2919 2497 2986 ponit
2525 2935 2624 2974 eos
2667 2923 2778 2976 sub
2827 2926 3117 2992 pedibus
3173 2935 3384 2998 suis,
3427 2948 3504 2992 ut
3535 2941 3814 2995 subditus

1945 3062 1988 3117 ϐ
2027 3013 2116 3067 fiat
2150 3016 2327 3069 omnis
2357 3017 2594 3072 mundus
2625 3020 2763 3073 Deo.
2803 3021 2910 3076 Vis
2959 3027 3197 3084 adhuc
3238 3045 3316 3088 et
3369 3036 3458 3089 de
3507 3039 3629 3091 alia
3672 3039 3813 3110 Epi-

2024 3110 2156 3164 stola
2205 3111 2350 3164 Pauli
2401 3113 2646 3178 discere,
2698 3119 2835 3184 quia
2890 3122 3162 3190 gladius
3227 3145 3475 3187 sermo
3541 3137 3650 3190 Dei
3697 3139 3812 3193 sit?

2024 3201 2163 3256 Audi
2203 3221 2325 3259 eum
2373 3222 2497 3262 cum
2539 3225 2695 3265 arma
2746 3228 3069 3285 praeparat
3135 3227 3490 3286 militibus
3550 3234 3808 3303 Christi,

2019 3299 2284 3363 quomodo
2311 3300 2554 3354 dicit”:
2594 3319 2615 3351 ι
2651 3303 2720 3356 Et
2749 3305 2993 3374 galeam
3055 3315 3328 3374 salutis
3388 3326 3702 3391 accipite,
3749 3299 3806 3378 et

2019 3385 2250 3480 gladium
2278 3388 2503 3456 spiritus
2540 3391 2691 3455 quod
2722 3402 2814 3446 est
2850 3398 3138 3456 verbum
3205 3406 3340 3463 Dei
3408 3385 3804 3480 per-omnem

2019 3473 2317 3527 orationem
2343 3512 2359 3538 ,
2391 3485 2447 3528 et
2477 3477 2956 3536 obsecrationem
2991 3526 3011 3549 ,
3064 3506 3094 3540 ι
3147 3473 3672 3555 (niden-tissime
3706 3519 3809 3571 per

2022 3560 2524 3657 haec-pronuntians
2551 3604 2567 3629 ,
2603 3567 2740 3634 quia
2787 3584 2899 3638 per
2929 3577 3238 3635 verbum
3303 3585 3429 3641 Dei
3464 3630 3486 3653 ,
3524 3560 3809 3657 quod-est

2021 3649 2232 3718 gladius
2275 3652 2530 3720 utrinque
2559 3665 2760 3710 acutus
2787 3698 2804 3720 ,
2861 3664 3108 3718 cadent
3170 3649 3481 3731 inimici’
3520 3649 3717 3735 nostri
3755 3685 3808 3735 in

2020 3749 2306 3804 conspectu
2341 3751 2551 3796 nostro.
2586 3762 2606 3794 ‹
2649 3742 2722 3797 Ει
2762 3750 3110 3816 respiciam
3157 3774 3387 3830 super
3431 3759 3579 3832 "vos,
3616 3781 3681 3824 ει
3712 3787 3813 3824 ιιι.

2021 3827 2155 3892 gebo
2184 3841 2278 3880 vos
2304 3829 2371 3881 ”.
2405 3847 2426 3880 ι
2467 3829 2697 3886 Plenum
2736 3835 3178 3902 beatitudinis
3223 3827 3343 3907 est
3395 3857 3530 3912 hoc
3564 3827 3810 3929 ipsum,

2021 3917 2064 4020 sit
2116 3921 2594 4020 quem'respiciat
2655 3923 2828 3981 Deus.
2879 3929 2992 3986 Vis
3047 3937 3307 3999 videre
3392 3950 3451 4002 si
3519 3917 3814 4020 respiciat

2026 4005 2162 4058 Deus
2199 4005 2265 4057 ad
2303 4005 2620 4074 hominem,
2661 4025 2880 4080 quanta
2943 4022 3037 4076 sit
3085 4028 3292 4086 salus
3347 4035 3382 4088 τ
3434 4005 3671 4096 Ρθιτιιξ

2026 4043 2162 4058 νυ-..
2199 4043 2265 4057 ..ι-
2605 4049 2620 4074 ,
2661 4043 2880 4080 quanta
2943 4043 3037 4076 su.
3085 4043 3292 4086 satus
3347 4043 3382 4088 τ
3435 4043 3671 4096 Petrus
3710 4043 3786 4096 ali

2021 4094 2233 4160 quando
2270 4109 2405 4162 pene
2445 4100 2710 4163 perierat,
2735 4113 2795 4156 et
2837 4121 2913 4160 ex
2962 4125 3525 4163 consecralinnn
3573 4144 3786 4163 ...νη-η

2899 4377 3147 4442 placidi
3202 4394 3458 4449 vultus
3509 4415 3631 4453 ora
3679 4417 3819 4456 con-

2463 4477 2747 4557 .reversus
2790 4480 2852 4518 Ill
2901 4477 3368 4545 semetipsum
3400 4528 3424 4551 ,
3481 4501 3554 4544 et
3611 4495 3820 4561 prola-

2026 4541 2276 4646 pstillLde
2315 4544 2615 4645 prtecipitio
2655 4565 2944 4609 revocans
3011 4541 3263 4629 pedem
3291 4613 3311 4636 ,
3381 4541 3423 4628 ε’
3460 4541 3826 4646 aerii—Iit!-

2026 4626 2222 4730 qnit",
2263 4633 2646 4700 amarissime,
2699 4658 2719 4690 ι
2768 4653 2952 4713 atque
3011 4626 3102 4706 ita
3152 4626 3796 4730 respectus'avbe'o

2029 4713 2201 4767 locum
2231 4731 2390 4770 suum
2434 4719 2620 4776 ﬂendo
2660 4732 2876 4798 recepit
2901 4774 2917 4798 ,
2961 4753 3166 4803 quem
3229 4713 3819 4803 |_|;;;;|‘:Ivnun:l:;i:

2025 4449 2221 4512 vertit,
2257 4453 2442 4504 statim
2487 4471 2747 4516 reversus
2790 4465 2852 4518 in

2570 5032 2699 5098 2......
2758 5032 3003 5098 u;:I|uG_
3031 5032 3086 5062 si
3157 5032 3308 5074 non
3386 5033 3828 5098 respexisset,

2022 5069 2357 5128 infructuosa
2409 5080 2764 5137 mansisset:
2825 5088 2906 5142 ita
2970 5095 3150 5156 Deus
3214 5069 3832 5181 éégétzzvlle

2227 5175 3210 5281 33.9133"?szrerum
3251 5204 3378 5258 sui
3413 5209 3826 5281 ίιιυηιεηεηε.

2808 5269 3026 5366 131?}?!-
3089 5284 3460 5366 μένει.
3494 5315 3706 5366 xm.
3757 5269 3825 5363 ἐξ

2153 5320 2198 5358 υ
2237 5321 2376 5380 ιιςι),
2413 5345 2466 5388 ιγ
2489 5373 2504 5399 ,
2545 5320 2660 5387 η(
2728 5333 2777 5373 ⁸⁸
3089 5365 3186 5419 v1,
3212 5320 3460 5415 T5?“
3491 5320 3830 5432 3‘25th

2037 5490 2154 5583 τυξὶ
2171 5488 2521 5583 "\Sﬁtjjlttsst.‘
2540 5512 2748 5560 omnes,
2782 5517 2802 5550 ι
2838 5504 3107 5583 quinque
3145 5529 3499 5583 numerus

2106 5545 2220 5620 (ιιι)
2259 5545 2802 5644 euersum;
3583 5552 3612 5588 .
