3838 6190
145 226 239 290 sst

1421 225 1722 281 SELECTA
1755 223 1817 277 IN
1855 223 2203 280 NUMEROS.

3310 233 3420 286 58?.

188 329 328 395 auiti
372 324 495 392 υὶδς
528 324 591 381 δὲ
630 329 805 405 Βεὼρ
868 337 1246 409 ἑρμηνεύεται
1290 339 1650 408 δερμάτινος.
1706 338 1773 390 T6

1891 346 2121 404 pretatur
2148 337 2410 405 pellicem.
2441 338 2618 394 Vanus
2651 347 2769 394 erat
2809 341 2958 410 juxta
3001 344 3228 412 priorem
3261 362 3398 416 gen-

203 431 293 500 μὲν
323 421 546 494 μάταιος
576 417 648 494 ἦν
677 425 832 478 κατὰ
863 427 931 479 τὸ
963 431 1230 501 πρότερον
1267 431 1372 482 τῶν
1410 431 1595 493 ἐθνῶν,
1634 431 1773 498 Βεὼρ

1891 426 2018 478 tium
2059 426 2268 478 vivendi
2322 440 2546 491 morem,
2593 429 2728 481 Beor
2777 440 2951 482 autent
2997 434 3147 500 juxta
3180 439 3412 504 priorem

194 520 249 573 δὲ
284 515 365 570 τοῦ
385 516 442 567 ὲν
474 514 808 586 ματαιότητι
838 518 942 570 καὶ
976 521 1038 571 ὲν
1070 521 1352 590 νεκρότητι
1389 519 1526 573 κατὰ
1559 520 1618 572 τὸ
1648 519 1780 588 πρό-

188 624 249 660 τε
253 623 359 678 ρον
381 602 637 673 δηλονότι.

278 697 610 761 Ἄνθρωπος
641 696 673 746 ό
705 694 1015 760 ἀληθινῶς
1043 695 1214 762 ὀρῶν.
1260 696 1396 764 Ἐγὼ
1437 699 1465 749 ὁ
1505 699 1629 750 ποτὲ
1674 698 1780 750 Βα-

195 787 378 854 λαὰμ.
429 787 458 836 6
499 783 632 846 λαὸς
675 786 705 836 ό
755 785 1016 854 μάταιος,
1071 787 1334 850 διανοίξας
1376 789 1497 850 τοὺς
1535 788 1642 840 ἔσω
1680 805 1778 856 μου

193 874 513 942 ὀφθαλμοὺς
541 871 638 924 τοῦ
666 873 810 935 νοὸς,
853 875 949 925 καὶ
981 872 1101 925 ἰδὼν
1137 874 1226 925 τὸν
1266 877 1624 944 πνευματικόν
1653 894 1779 928 ποτε

205 963 448 1032 Ἰσραὴλ,
509 963 610 1015 καὶ
660 962 760 1032 τὴν
804 965 925 1016 κατ’
971 964 1133 1016 αὐτὸν
1170 966 1496 1034 οἰκονομίαν,
1550 968 1645 1036 τῆς
1685 966 1778 1020 τοῦ

193 1053 350 1119 ἁγίου
396 1050 730 1121 Πνεῦματος
771 1051 1048 1121 ἀξιοῦμαι.
1103 1054 1212 1122 Οὐχ
1259 1055 1484 1123 ἁρμόζει
1525 1055 1602 1124 τῷ
1647 1058 1777 1109 ποτὲ

190 1138 430 1208 Βαλαὰμ.
489 1142 597 1202 τὸ,
666 1157 686 1189 ‹
755 1141 925 1208 Φησὶν
988 1140 1018 1192 6
1087 1141 1366 1211 ἄνθρωπος
1428 1146 1456 1196 ό
1519 1146 1780 1214 ἀληθινῷς

189 1203 430 1299 ὀρεινῇ.
476 1229 579 1280 καὶ
627 1228 700 1280 τὰ
726 1203 873 1297 seu,
901 1203 1258 1300 ἀλλ’ἀρμόξει
1302 1232 1379 1300 τῷ
1403 1233 1496 1286 νῦν
1532 1203 1775 1306 Baiade

276 1319 371 1383 Ὠς
397 1319 590 1372 καλοὶ
621 1321 677 1370 οι
699 1315 851 1371 οἴκοι
876 1335 1012 1380 σου,
1052 1321 1261 1386 Ἰακὼϐ,
1294 1325 1352 1374 αὶ
1387 1325 1604 1390 σκηναί
1641 1341 1775 1386 σου.

202 1407 470 1473 Ἰσραήλ.
527 1407 609 1458 Τὸ
648 1407 818 1476 ὄνομα
859 1407 954 1458 τοῦ
994 1407 1202 1470 Ἰακὼϐ,
1241 1411 1298 1462 οὐ
1330 1412 1420 1464 τοῦ
1455 1413 1777 1476 ἐνοικοῦντός

188 1497 354 1557 ἐστιν,
414 1493 569 1546 ἀλλὰ
612 1494 708 1546 τοῦ
751 1495 917 1546 οῑκου·
966 1496 1028 1548 τὸ
1070 1497 1124 1548 δὲ
1176 1497 1268 1550 τοῦ
1325 1501 1534 1571 Ἰσραὴλ
1583 1503 1774 1572 ὄνομα,

182 1581 280 1634 τοῦ
309 1579 676 1643 ἐνοικοῦντός
702 1583 838 1632 ἐστι·
872 1582 964 1634 τοῦ
999 1582 1101 1652 γὰρ
1132 1588 1436 1655 σωματικοῦ
1465 1590 1778 1658 πράγματός

183 1673 300 1723 ἐστι
324 1672 418 1734 τὸ,
474 1669 707 1722 Ἰακώ6.

265 1760 433 1812 Ὠσει
471 1759 669 1812 νάπαι
695 1760 1062 1820 σκιάζουσαιι
1097 1763 1279 1816 Νάπαι
1297 1765 1478 1835 νοηταί
1505 1768 1608 1818 είσι
1628 1768 1776 1847 σκιά-

185 1847 369 1909 ζουσαι
413 1847 484 1898 τὸ
519 1851 586 1900 ἐν
626 1841 674 1914 ᾧ
709 1848 902 1914 λογικὰ
937 1849 1183 1920 ἔγκαρπα
1230 1853 1322 1903 καὶ
1364 1853 1646 1922 κατάκομα
1679 1841 1777 1924 τῆς

185 1937 600 2007 πραγματικῆς
641 1937 869 2006 ἀρετῆς.
909 1938 1226 2007 Παράδεισοι
1266 1940 1356 1992 ἐπὶ
1395 1944 1632 2011 ποταμόν
1672 1947 1775 1996 εἰσι

185 2026 384 2091 νοητοὶ,
417 2025 602 2087 τοπὸς
631 2027 692 2077 ὲν
713 2019 759 2091 ᾧ
784 2026 974 2092 λογικὰ
1007 2029 1327 2096 πεφύτευται
1369 2031 1632 2100 ἀρδόμενα
1661 2033 1775 2102 ἦτοι

184 2118 250 2183 τῇ
294 2114 517 2184 θεωρίᾳ
559 2114 674 2167 τῶν
715 2117 1044 2194 γεγονότων,
1087 2119 1118 2186 ἢ
1162 2122 1226 2188 τῇ
1264 2118 1462 2189 Θεωρία
1490 2120 1586 2189 τῆς
1615 2122 1774 2188 ἁγίας

185 2202 445 2271 Τριὰδος.

262 2369 377 2422 Τοῦ
415 2371 643 2426 αὐτοῦ.
680 2373 743 2425 Οἱ
775 2373 834 2424 ὲν
869 2376 1092 2443 σκηναῖς
1120 2375 1406 2439 οἰκοῦντες,
1445 2379 1552 2432 τῶν
1577 2379 1778 2433 όδευόνιι

186 2475 292 2510 των
323 2461 464 2520 εἰσὶ,
505 2461 607 2512 καὶ
652 2460 802 2512 ἔστιν
834 2461 938 2524 ἔξω
967 2463 1057 2515 τοῦ
1084 2464 1283 2532 κόσμου
1319 2465 1502 2518 τούτου
1535 2467 1648 2530 ὁδὸς
1681 2485 1776 2537 με·

188 2548 324 2618 γάλη
356 2550 464 2602 καὶ
493 2549 696 2602 πολλαὶ
723 2551 937 2620 σκηναί.
971 2552 1031 2604 Οἱ
1061 2553 1402 2617 ἐνοικοῦντες,
1427 2556 1527 2619 οὐκ
1547 2557 1649 2609 εἰσὶ
1670 2558 1774 2612 τῶν

187 2634 515 2697 ὁδευόντων,
558 2635 700 2688 ἀλλὰ
729 2637 838 2690 τῶν
869 2639 1188 2707 ἱσταμένων.

268 2810 435 2863 Ὠσει
468 2809 681 2876 κέδροι
704 2811 842 2874 παρ’
867 2809 1072 2863 ὕδατα.
1103 2811 1294 2881 Κέδροι
1316 2813 1419 2865 εἰσὶ
1437 2815 1623 2884 νοηταὶ
1645 2817 1773 2886 παρ’

1879 528 2078 567 morem
2111 514 2251 568 illius
2277 517 2450 584 populi
2481 518 2572 586 qui
2596 518 2646 570 in
2671 521 2908 574 vanitate
2927 533 2981 576 et
3009 526 3063 579 in
3087 537 3256 584 morte
3289 545 3410 583 am-

1882 599 2116 655 bulabat.

1951 690 2116 744 Homo
2139 707 2250 745 vere
2273 693 2450 744 videns
2488 692 2556 745 ⁵⁸.
2591 691 2700 762 Ego
2751 696 2875 748 olim
2925 697 3158 765 Balaam,
3192 704 3412 769 populus

1878 792 2067 850 nempe
2102 793 2286 843 vanus,
2317 783 2514 848 apertis
2544 782 2888 838 interioribus
2911 787 3104 840 mentis
3134 803 3262 842 mea;
3284 806 3413 844 ocu-

1878 865 1962 932 lis,
2006 875 2060 921 et
2091 869 2278 922 videns
2322 870 2614 938 spiritalem
2669 871 2851 935 Israel,
2898 873 3234 944 divinamque
3281 893 3410 948 erga

1877 971 1999 1010 eum
2037 957 2405 1022 (economiam,
2444 958 2634 1026 dignus
2659 960 2856 1014 habeor
2893 975 3045 1029 quem
3088 975 3236 1032 regat
3285 965 3410 1033 Spi-

1880 1045 2013 1098 ritus
2044 1054 2287 1102 sanctus.
2318 1043 2431 1098 Non
2460 1050 2705 1101 convenit
2738 1059 2914 1102 autem
2953 1051 3115 1103 veteri
3160 1049 3411 1106 Balaamo

1878 1133 2058 1186 istud:
2100 1151 2117 1182 ι
2160 1132 2292 1184 Dicit
2316 1135 2466 1186 homo
2507 1151 2617 1188 vere
2640 1137 2836 1203 ridens,
2881 1154 2898 1182 ι
2943 1147 3072 1200 etc.,
3100 1139 3192 1191 sed
3230 1139 3277 1193 ei
3317 1143 3409 1209 qui

1878 1236 2016 1274 nunc
2046 1231 2148 1286 est,
2187 1221 2425 1274 Balaam.

1946 1309 2114 1374 Quam
2151 1309 2294 1364 bonae
2322 1313 2504 1364 domus
2537 1321 2658 1372 tum.
2697 1311 2882 1378 Iacob,
2929 1314 3262 1368 tabernacula
3296 1328 3408 1378 uta,

1877 1399 2043 1454 Israel
2097 1401 2163 1452 ⁸⁸.
2225 1400 2426 1454 Nomen
2479 1399 2678 1464 Iacob,
2728 1417 2832 1454 non
2905 1403 3248 1457 inltabitantis
3305 1421 3405 1459 no-

1878 1501 1994 1540 men
2033 1497 2132 1550 est,
2174 1491 2264 1543 sed
2311 1489 2677 1542 habitationis.
2732 1489 2934 1543 Nomen
2989 1501 3166 1545 autem
3222 1491 3404 1552 Israel.

1876 1587 1955 1629 est
2004 1577 2378 1634 inhabitantis.
2420 1577 2514 1631 Rei
2574 1581 2715 1632 enim
2756 1593 3030 1647 corporea:
3071 1596 3266 1636 nomen
3325 1593 3409 1638 est

1810 1641 1847 1693 Β
1874 1665 2058 1722 Jacob.

1944 1752 2085 1806 Sicut
2139 1769 2348 1806 nemora
2405 1754 2698 1807 umbrautia
2742 1755 2810 1808 δ’.
2857 1755 3125 1824 Spiritalia
3185 1775 3405 1814 nemora

1875 1842 2174 1894 umbrantia
2203 1851 2329 1896 sunt
2377 1843 2502 1895 illud
2548 1844 2600 1895 in
2651 1857 2754 1910 quo
2805 1844 3142 1899 rationabiles
3187 1849 3408 1902 arbores

1876 1931 2162 1985 fructiferae
2212 1942 2267 1986 et
2309 1934 2442 1986 bene
2480 1942 2702 1986 conlatae
2735 1941 2964 1987 strenua:
3011 1936 3238 1990 virtutis.
3286 1936 3405 2002 Spi-

1877 2021 2055 2074 ritales
2083 2021 2312 2085 paradisi
2335 2035 2494 2088 super
2523 2020 2716 2074 ﬂumen
2751 2029 2877 2074 sunt
2910 2021 3058 2077 locus
3102 2025 3152 2076 in
3190 2039 3296 2091 quo
3321 2041 3408 2078 ra-

1886 2109 2164 2164 tionabiles
2193 2111 2416 2163 arbores
2437 2110 2686 2178 plantata:
2729 2120 2871 2174 sunt,
2913 2126 3042 2178 quas
3101 2113 3286 2180 irrigat
3319 2109 3438 2168 vel'

1881 2195 2252 2262 contemplatio
2283 2211 2458 2248 rerum
2495 2210 2612 2264 qua:
2640 2197 2912 2260 accidunt,
2944 2199 3026 2250 vel
3076 2201 3406 2269 contempla-

1878 2286 1951 2338 tio
1978 2293 2174 2338 sanctre
2203 2282 2500 2338 Trinitatis.

1941 2374 2207 2442 Ejusdem.
2258 2376 2355 2441 Qui
2397 2377 2447 2429 in
2507 2376 2858 2430 tabernaculis
2897 2378 3174 2444 habitant,
3224 2395 3256 2432 e
3300 2397 3404 2434 nu.

1875 2477 2023 2517 mero
2087 2464 2348 2516 viatorum
2406 2473 2568 2529 sunt,
2626 2473 2682 2518 et
2728 2474 2876 2518 extra
2949 2467 3089 2520 hune
3152 2470 3404 2521 mundum

1873 2561 1957 2605 est
2003 2553 2086 2606 via
2141 2568 2328 2621 magna
2372 2564 2426 2608 et
2476 2555 2813 2610 tabernacula
2870 2557 3053 2611 multa.
3106 2558 3204 2624 Qui
3249 2561 3394 2614 iuba-

1874 2641 2064 2706 bitant,
2098 2656 2201 2696 non
2246 2652 2370 2696 sunt
2411 2657 2441 2696 e
2483 2644 2762 2710 viatorum,
2808 2646 2903 2700 sed
2939 2660 2969 2700 e
3009 2649 3265 2702 stantium
3296 2666 3403 2703 nu-

1874 2745 2042 2783 mero.

1913 2878 1916 2879 ν
1946 2818 2092 2872 Sicut
2125 2821 2266 2874 cedri
2301 2821 2458 2888 juxta
2493 2836 2654 2889 aquas
2683 2805 2748 2874 ⁸³.
2791 2820 2945 2875 Codri
2987 2823 3249 2892 spiritales
3284 2840 3407 2894 qua!

191 2896 358 2952 ὕδατα
397 2902 631 2966 φυεῖσαι
674 2898 846 2968 ψυχαὶ
881 2898 1092 2966 λογικαὶ
1142 2901 1427 2970 ἀρδόμεναι
1477 2905 1540 2973 τῇ
1583 2903 1773 2972 γνώσει

1897 2918 2021 2962 tnta
2064 2925 2226 2977 aquas
2282 2920 2592 2973 nascuntur,
2635 2911 2982 2966 rationabiles
3031 2924 3158 2968 sunt
3214 2915 3405 2970 animm

188 2987 288 3057 τῆς
320 2987 612 3057 ἀληθείας.

262 3079 377 3130 Kal
417 3078 739 3144 κυριεύσει
787 3075 980 3130 ἐθνῶν
1025 3077 1287 3133 πολλῶν.
1329 3080 1527 3152 Κύριός
1573 3082 1715 3137 ἐστιν
1749 3085 1777 3136 6

189 3166 632 3231 ἐξουσιαστικῶς
695 3168 1084 3236 προστάσσων,
1147 3168 1326 3232 δοῦλος
1364 3171 1421 3222 δὲ
1459 3175 1486 3224 ό
1526 3173 1776 3236 δουλικῶς

189 3258 511 3310 ὑπακούων.
570 3255 783 3326 Κύριός
827 3258 974 3309 ἐστιν
1006 3259 1166 3318 ότοῖς
1213 3259 1359 3320 ἰδίοις
1405 3259 1582 3322 πόνοις
1629 3261 1776 3313 ὁνού-

192 3363 359 3412 μενος
419 3346 522 3397 καὶ
587 3346 660 3414 τῇ
724 3344 1006 3414 κυριότητι
1075 3347 1442 3416 πεποιωμένος
1501 3349 1778 3418 ἐλεύθερος

189 3436 422 3498 πάθους.
483 3433 690 3494 Δοῦλός
730 3434 878 3485 ἐστιν
920 3435 949 3485 6
985 3434 1231 3503 ἐμπαθὴς
1278 3436 1370 3487 καὶ
1421 3437 1631 3507 ἐπιδεὴς
1682 3438 1776 3490 τοῦ

189 3527 531 3597 κρείττονος,
585 3524 684 3576 καὶ
741 3522 962 3592 χρῄζων
1001 3523 1099 3592 τῆς
1154 3525 1470 3587 ἐπιστασίας
1507 3525 1596 3578 τοῦ
1651 3527 1775 3579 ἰδίου

190 3615 408 3684 κυρίου.
467 3613 599 3666 Εἰσὶ
656 3611 715 3664 δὲ
775 3610 952 3681 κύριοι
1013 3609 1226 3672 πολλοὶ,
1295 3613 1548 3683 μακάριοι
1615 3615 1670 3667 δὲ
1726 3617 1775 3668 οἱ

188 3705 284 3757 τόν
350 3703 566 3774 Κύριον
641 3699 801 3770 ἡμῶν
875 3699 1080 3770 Ἰησοῦν
1134 3699 1366 3772 Χριστὸν
1431 3701 1638 3772 ἔχοντες
1684 3703 1778 3758 κύ-

227 3811 331 3847 ιον.

193 3811 377 3936 μῖξαι
407 3880 810 3950 ὑψωθήσεται
842 3878 880 3944 ἠ
916 3877 1052 3946 Γὼγ
1081 3879 1362 3942 ,ϐασιλειά
1391 3878 1591 3932 αὐτοῦ.
1621 3879 1776 3930 Bact-

190 3972 314 4024 λεία
354 3972 486 4039 Γὼγ
522 3967 896 4040 ἑρμηνεύεται
928 3967 1170 4034 δόματα.
1208 3967 1363 4020 Κατὰ
1404 3968 1528 4036 μίαν
1566 3968 1660 4037 μὲν
1691 3970 1778 4020 ὲκ-

190 4059 354 4131 δοχὴν
381 4059 604 4129 δόματά
635 4058 785 4108 ἐστιν
817 4056 872 4106 αἱ
915 4053 1114 4124 δωρεαὶ
1149 4052 1240 4106 τοῦ
1271 4054 1422 4122 ἁγίου
1449 4055 1772 4124 Πνεῦματος·

194 4150 338 4202 κατὰ
369 4150 428 4202 δὲ
458 4148 658 4215 ἄλλην,
694 4163 714 4194 ι
760 4145 818 4196 ‘0
844 4146 936 4197 ἐπὶ
962 4143 1056 4197 τοῦ
1079 4143 1321 4212 δώματος
1387 4144 1459 4214 μὴ
1493 4145 1777 4197 καταϐάτω

1877 3011 2008 3064 quas
2033 2995 2216 3065 irrigat
2237 2996 2468 3065 cognitio
2497 2997 2760 3050 veritatis.

1945 3082 2008 3136 Et
2052 3083 2400 3138 dominabitur
2433 3085 2664 3152 gentibus
2716 3085 2892 3141 multis
2924 3089 2989 3145 “.
3029 3088 3284 3143 Dominus
3323 3100 3404 3144 est

1873 3174 1962 3241 qui
1993 3188 2110 3226 cum
2141 3182 2401 3242 potestate
2439 3175 2688 3240 imperat,
2720 3189 2904 3231 servus
2945 3192 3069 3232 vero
3101 3179 3190 3248 qui
3240 3179 3404 3233 servi-

1875 3264 1994 3316 liter
2014 3264 2209 3316 obedit.
2237 3263 2492 3317 Dominus
2520 3273 2601 3317 est
2628 3265 2712 3317 cui
2766 3267 2965 3332 proprii
3017 3267 3232 3321 labores
3279 3283 3404 3334 pro-

1873 3359 2017 3415 sunt,
2039 3361 2091 3403 et
2122 3364 2276 3417 quem
2307 3349 2598 3402 dominium
2637 3349 2761 3403 fecit
2793 3367 2822 3403 a
2857 3353 3247 3418 perturbatione
3269 3351 3400 3406 libe-
3450 3400 3464 3406 -

1875 3453 2010 3492 rum.
2074 3439 2270 3492 Servus
2316 3447 2398 3492 est
2446 3439 2530 3492 cui
2587 3439 2768 3492 insunt
2815 3442 3263 3506 perturbationes,
3312 3443 3401 3507 qui

1873 3525 2258 3594 praestantioris
2295 3526 2496 3579 auxilio
2553 3526 2771 3595 indiget,
2818 3529 3014 3595 quique
3064 3531 3259 3597 proprii
3311 3533 3404 3584 du-

1875 3615 2000 3668 mini
2024 3629 2148 3667 cura
2176 3628 2310 3680 opus
2342 3613 2520 3667 habet.
2569 3613 2702 3668 Sunt
2753 3627 2930 3669 autem
2974 3617 3170 3672 domini
3217 3618 3400 3679 multi;

1873 3705 2012 3758 beati
2044 3715 2167 3755 vero
2195 3716 2419 3769 quorum
2459 3701 2715 3756 Dominus
2755 3715 2935 3759 noster
2969 3703 3124 3758 Jesus
3158 3705 3404 3760 Christus

1874 3792 2117 3846 dominus
2143 3802 2246 3846 est.
2585 3854 2593 3861 _

1942 3877 2008 3930 Et
2037 3876 2346 3931 exaltabitur
2385 3873 2489 3943 Gog
2527 3889 2737 3942 regnum
2771 3873 2882 3940 ejus
2920 3873 2985 3924 ⁸⁸.
3017 3870 3255 3942 Regnum
3290 3872 3400 3941 Gng

1872 3965 2250 4033 interpretatur
2281 3979 2512 4016 munera.
2544 3960 2620 4015 Ac
2645 3962 2793 4029 juxta
2821 3973 2977 4015 unam
3005 3962 3214 4029 quidem
3243 3965 3406 4028 expli-

1873 4057 2134 4108 cationem
2166 4071 2382 4108 munera
2413 4064 2536 4108 sunt
2581 4053 2714 4105 dona
2759 4053 2990 4117 Spiritus
3027 4051 3215 4111 sancti,
3253 4047 3404 4114 juxta

1875 4143 2028 4195 aliam
2082 4158 2208 4196 vero
2237 4145 2319 4197 ’σε
2362 4159 2381 4193 ι
2423 4142 2523 4207 Qui
2578 4141 2630 4194 in
2687 4149 2829 4194 tecto
2871 4149 2975 4202 est,
3023 4153 3128 4190 non
3177 4139 3404 4190 descen-

195 4239 276 4298 εἰς
317 4237 416 4306 τὴν
466 4233 656 4286 οἰκίαν
703 4229 886 4283 αὐτοῦ.
944 4249 963 4280 ι
1018 4230 1202 4282 Ἔστιν
1248 4226 1338 4282 οὖν
1394 4228 1632 4298 βασιλεία
1679 4231 1773 4299 τῆς

1893 4235 1963 4285 lat
2007 4233 2058 4286 in
2106 4234 2318 4287 domum
2351 4248 2522 4288 suam.
2569 4251 2588 4284 ι
2639 4231 2878 4298 Regnum
2934 4229 3098 4299 igitur
3142 4237 3226 4282 est
3265 4228 3408 4298 ejus—

196 4325 453 4395 τοιαὺτης
473 4323 674 4388 ἕξεως.

279 4416 332 4466 Ὁ
377 4414 531 4478 Θεὸς
575 4411 901 4478 ὡδήγησεν
954 4406 1140 4460 αὐτόν
1183 4407 1251 4471 ἐξ
1299 4410 1614 4477 Αἰγύπτου.
1670 4409 1778 4460 Καὶ

195 4506 287 4558 τὸν
329 4506 572 4574 Σωτῆρα
605 4501 752 4554 κατὰ
787 4500 871 4562 τὸ,
923 4519 942 4550 ι
998 4499 1089 4562 Ἐξ
1125 4493 1391 4566 Αίγύπτου
1430 4500 1657 4552 ἐκάλεσα
1689 4499 1777 4552 τὸν

198 4596 310 4646 υἱόν
346 4611 474 4663 μου,
519 4611 539 4643 ι
575 4591 675 4643 καὶ
699 4590 792 4642 τὸν
835 4588 1071 4658 Ἰσραήλ.
1102 4589 1202 4642 Τὸν
1248 4589 1344 4658 μὲν
1386 4589 1651 4654 ἐκϐάλλει,
1689 4589 1778 4643 τὸν

197 4683 254 4736 δὲ
280 4684 458 4736 καλεῖ.

271 4773 384 4826 Τοῦ
423 4771 644 4826 αὑτοῦ.
711 4771 772 4820 '0
825 4767 1219 4838 χρηματισμὸς,
1265 4767 1352 4818 τὸν
1401 4767 1598 4836 Κύριον
1637 4766 1782 4836 ἥξειν

199 4859 274 4920 είς
300 4859 611 4926 Αἴγυπτον,
640 4855 836 4925 ἐδήλου
872 4858 973 4922 τὴν
1014 4853 1106 4904 τοῦ
1147 4853 1390 4923 Σωτῆρος
1420 4854 1572 4922 ἡμῶν
1615 4853 1782 4923 Ἰησοῦ

200 4945 434 5017 Χριστοῦ
489 4942 828 5013 διακομιδὴν
879 4942 982 5009 τὴν
1024 4941 1135 5008 ἅμα
1175 4945 1284 5004 τοῖς
1327 4941 1570 5009 γονεῦσιν
1621 4942 1782 4994 αὑτοῦ

200 5035 594 5105 γενησομένην,
630 5029 912 5096 Atyis-map
935 5027 992 5077 δὲ
1018 5029 1110 5078 καὶ
1144 5030 1171 5080 6
1205 5029 1398 5098 κόσμος
1431 5023 1581 5090 οὗτος
1607 5046 1780 5098 παρα-

199 5122 471 5175 ὖάλλεται.

277 5209 365 5276 Ὦς
405 5207 565 5270 δόξα
601 5199 1048 5274 μονοκέρωτος
1091 5199 1260 5264 αὐτῷ,
1299 5196 1614 5268 Μονόκερώς
1638 5203 1780 5258 ἐστιν

238 5429 285 5461 u
313 5428 483 5475 Num.
526 5433 713 5475 χχιιι,
757 5415 828 5468 3.
912 5410 960 5440 ⁸³
989 5409 1118 5462 ibid.
1138 5410 1186 5462 5.
1263 5413 1307 5446 ³⁸
1336 5410 1455 5463 ibid.
1491 5410 1540 5464 6.

238 5429 285 5461 ⁵⁸
307 5428 483 5486 Num.
526 5433 713 5478 XXIII,
757 5428 828 5468 ὃ.
912 5428 960 5440 ·”
989 5428 1186 5462 ιυια.ο.
1263 5428 1306 5446 ··
1336 5428 1455 5463 IDItl.
1491 5428 1540 5464 υ.

158 5499 304 5560 ’τι-ί.
351 5500 410 5553 8.
521 5493 579 5524 ⁸³
613 5484 847 5541 Matth.
893 5491 957 5541 ιι,
999 5475 1086 5527 15.
1152 5475 1367 5530 "Num.
1396 5493 1537 5543 xxiv,
1567 5480 1619 5534 8.

1637 5413 1683 5447 ⁸³
1719 5414 1844 5470 ibid.

1872 4324 2036 4376 modi.

1941 4411 2104 4482 274
2131 4411 2265 4466 Deus
2306 4413 2519 4466 deduxit
2542 4429 2657 4467 eum
2694 4428 2757 4466 ex
2788 4410 3017 4479 Egyplo
3042 4411 3108 4464 ⁸⁷.
3134 4411 3199 4464 Ει
3222 4410 3408 4466 Salva.

1875 4507 2040 4552 torem
2098 4501 2248 4568 juxta
2301 4501 2423 4555 illud
2463 4519 2477 4555 :
2522 4519 2541 4552 ι
2581 4501 2655 4554 Ex
2717 4499 2945 4571 Egypto
3013 4502 3193 4555 vocavi
3242 4501 3405 4553 ﬁlium

1873 4591 2132 4653 incum,“
2170 4609 2189 4641 ι
2219 4600 2271 4643 et
2309 4591 2490 4645 Israel.
2535 4593 2707 4645 Alium
2749 4590 2960 4658 Quidem
3019 4591 3180 4659 cjicit,
3243 4591 3404 4643 alium

1881 4691 2006 4732 τοῖο
2038 4689 2208 4732 νοοιιι.

1953 4767 2218 4836 Ejusdem.
2269 4768 2592 4823 Vaticinium
2646 4785 2752 4838 quo
2807 4769 3111 4839 prmdicitur
3150 4768 3409 4822 adventus

1881 4855 2085 4908 Domini
2115 4856 2166 4908 in
2195 4855 2507 4927 (Egyptum,
2537 4856 2867 4922 signiﬁcabat
2900 4855 3194 4909 Salvatoris
3229 4853 3400 4908 nostri

1877 4937 2000 4992 Jesu
2048 4939 2248 4994 Christi
2302 4943 2722 5009 deportationem
2774 4957 2874 4995 una
2933 4957 3052 4996 cum
3101 4940 3410 5008 parentibus

1878 5027 1990 5094 eius
2021 5027 2274 5088 futuram.
2298 5029 2530 5101 Egypto
2572 5045 2785 5100 quoque
2818 5031 2904 5084 hic
2938 5031 3162 5083 mundus
3191 5039 3410 5093 compa-

1881 5124 2044 5172 ratur.

1948 5204 2087 5258 Sicut
2126 5206 2289 5276 gloria
2318 5207 2583 5270 unicornis
2610 5207 2654 5260 ei
2693 5207 2758 5259 ".
2806 5202 3087 5259 Unicoruis
3120 5195 3409 5253 secundum

2613 5421 2659 5451 '°
2681 5417 2842 5472 Marc.
2880 5409 3086 5474 xm,25.
3181 5407 3224 5438 ⁵⁷
3252 5402 3410 5458 Νιιιιι.

1946 5418 1993 5450 ⁵⁸
2016 5420 2140 5474 ibid.
2169 5420 2220 5474 7.
2318 5419 2365 5453 ³⁵
2389 5419 2518 5474 ibid.
