3838 6224
351 345 448 399 58⁸1
474 373 480 379 -

1793 312 2114 372 ORIGENIS

3585 287 3685 342 588

349 462 602 516 meratos,
647 450 721 502 ait
745 447 886 502 enim
913 446 957 476 "°
995 457 1008 495 :
1043 460 1060 494 ι
1091 442 1267 497 Vestri
1309 450 1484 494 autem
1517 438 1679 493 etiam
1713 434 1889 504 capilli
1921 435 1966 492 Α
1995 439 2047 482 ta
2083 425 2378 486 toleranda,
2403 430 2542 492 quot
2593 415 3007 490 profectibus,
3057 415 3214 480 quot
3258 403 3686 465 tentationibus,

346 543 538 614 capitis
571 538 834 594 numerati
863 545 1005 590 sunt.
1045 553 1061 585 ι
1089 533 1142 586 1η
1174 548 1277 601 quo
1307 531 1488 600 utique
1514 544 1614 581 non
1643 526 1756 579 illos
1809 525 1892 578 di-

349 637 504 688 cebat
539 631 758 699 capillos
798 641 915 681 csse
949 633 1275 685 numeratos,
1309 621 1396 688 qui
1428 620 1508 673 vel
1545 618 1687 671 ferro
1718 624 1894 668 atton~

349 725 463 780 deri
487 731 538 776 et
562 719 748 789 projici
781 716 975 776 solent,
1005 713 1086 765 vel
1125 709 1376 778 temporis
1411 716 1566 761 aetate
1587 703 1814 757 deﬂuere
1833 715 1897 754 ac

353 809 564 876 perire;
595 807 688 861 sed
719 804 793 859 illi
831 803 1019 871 capitis
1056 800 1231 866 capilli
1257 797 1393 865 apud
1427 797 1588 849 Demn
1632 789 1894 845 numerati

352 912 496 962 sunt,
540 897 630 965 qui
669 896 722 948 in
769 891 1034 946 Nazarazis
1069 897 1242 951 erant,
1289 886 1480 953 quibus
1517 884 1688 935 inerat
1727 881 1898 932 virtus

355 991 586 1062 Spiritus
627 985 794 1040 sancti
829 981 894 1036 ad
932 977 1341 1049 prosternendos
1385 972 1731 1041 alienigenas.
1779 970 1900 1024 Vir-

357 1095 498 1137 tutes
527 1094 653 1147 ergo
685 1074 846 1129 animi
879 1082 931 1124 et
964 1067 1352 1122 multitudinem
1385 1077 1659 1124 sensuum,
1698 1060 1785 1127 qui
1831 1058 1898 1112 de

356 1170 639 1244 principali
693 1163 885 1218 mentis
940 1171 1187 1223 tanquam
1233 1155 1298 1208 de
1331 1155 1505 1221 capite
1540 1151 1896 1220 apostolorum

360 1240 815 1332 producebantur,
859 1249 1079 1318 capillos
1115 1247 1306 1314 capitis
1346 1242 1644 1312 appellavit.
1681 1240 1784 1295 Sed
1845 1241 1897 1292 in

357 1357 472 1410 haec
512 1368 605 1422 per
639 1365 914 1404 excessum
962 1343 1241 1412 quemdam
1277 1336 1606 1395 devenimus,
1655 1345 1795 1384 nunc
1834 1329 1900 1383 ad

357 1443 685 1514 propositum
714 1447 1065 1493 revertamur.

425 1512 480 1588 2.
516 1552 534 1584 ι
565 1533 628 1586 Et
653 1532 857 1585 locutus
883 1537 983 1587 est,
1013 1523 1183 1592 inquit
1207 1521 1275 1585 τί,
1307 1518 1562 1573 Dominus
1587 1514 1651 1566 ad
1686 1512 1901 1580 Moysen

363 1627 415 1679 in
448 1626 656 1680 deserto
694 1621 853 1674 Sina:
886 1636 906 1667 ›
936 1614 1022 1667 illa
1059 1612 1261 1666 scilicet
1294 1608 1470 1663 omnia
1502 1620 1618 1673 qua:
1657 1601 1904 1670 superius

360 1714 736 1784 compendiosa
768 1709 1072 1764 narratione
1099 1698 1619 1769 comprehendimus,
1653 1692 1740 1745 ubi
1769 1705 1904 1758 prm-
1937 1743 1978 1799 Β

362 1807 556 1875 cipitur
587 1799 855 1856 numerari
883 1814 910 1850 a
941 1797 1121 1866 viginti
1159 1791 1310 1846 anuis
1337 1797 1390 1842 et
1426 1800 1582 1854 supra
1618 1782 1790 1836 omnis
1815 1780 1903 1847 qui

363 1872 604 1965 procedit
633 1892 683 1945 in
717 1891 912 1943 virtute
938 1885 1120 1941 Israel.
1155 1883 1209 1936 Si
1238 1882 1358 1950 quis
1406 1893 1532 1946 ergo
1561 1873 1800 1943 procedit
1852 1872 1904 1924 in

364 1989 579 2049 virtute,
609 1985 721 2051 ipse
753 1987 1084 2038 numeratur,
1115 1983 1167 2028 et
1195 1989 1297 2027 non
1329 1971 1379 2023 in
1410 1967 1768 2035 qualicunque
1799 1962 1908 2013 vir-

366 2085 498 2138 tute,
540 2075 589 2126 id
629 2080 732 2137 est,
761 2085 863 2122 non
895 2068 947 2120 in
981 2063 1351 2134 [Egyptiorum
1376 2059 1600 2117 virtute,
1633 2066 1804 2120 neque
1851 2051 1906 2103 in

364 2162 921 2232 Assyriorum,neque
978 2153 1031 2205 in
1085 2151 1413 2207 Crtecorum,
1467 2143 1556 2196 sed
1602 2140 1654 2192 in
1707 2139 1910 2190 virtute

365 2252 546 2315 Israel,
576 2251 684 2317 ipse
712 2254 1024 2300 numeratur
1048 2239 1184 2308 apud
1220 2237 1406 2290 Deum.
1440 2232 1533 2285 Est
1562 2230 1705 2283 enim
1740 2229 1911 2280 virtus

368 2345 554 2406 animi,
579 2355 737 2408 quam
762 2338 1068 2391 Grzreorum
1095 2326 1394 2399 philosophi
1426 2327 1639 2379 docent.
1671 2321 1774 2375 Sed
1799 2322 1911 2372 haec

371 2451 476 2488 non
508 2429 737 2501 pertinet
770 2426 834 2479 ad
866 2436 1144 2476 numerum
1176 2417 1290 2471 Dei.
1333 2415 1447 2466 Non
1475 2414 1614 2465 enim
1655 2423 1752 2477 pro
1782 2409 1908 2470 Deo,

370 2525 460 2578 sed
485 2499 579 2591 pro
602 2516 770 2586 gloria
787 2523 1068 2569 exercetur
1097 2510 1348 2562 humana.
1377 2503 1466 2556 Est
1497 2512 1549 2554 et
1571 2499 1911 2569 Assyriorum

374 2587 564 2670 virtus,
597 2616 680 2661 est
721 2604 1112 2662 Chaldaeorum,
1139 2611 1256 2666 quae
1290 2596 1342 2648 in
1385 2590 1682 2659 astrologiae
1725 2587 1914 2642 studiis

375 2700 713 2770 praedicatur.
755 2691 859 2748 Sed
895 2706 997 2744 non
1042 2698 1124 2742 est
1154 2688 1253 2740 ista
1284 2684 1455 2736 virtus
1496 2679 1809 2741 Israelitica,
1863 2685 1917 2729 et

377 2766 498 2845 ideo
526 2802 629 2842 non
653 2785 879 2853 pertinet
908 2780 972 2834 ad
995 2780 1178 2833 Deum.
1210 2776 1303 2828 Est
1332 2783 1383 2826 et
1405 2769 1779 2840 Egyptiorum
1811 2766 1918 2819 vir-

380 2889 466 2933 tus
497 2879 549 2931 in
577 2890 638 2930 ea
687 2887 844 2942 quam
873 2871 1054 2924 dicunt
1104 2873 1311 2918 secreta
1349 2857 1632 2927 sapientia,
1665 2857 1760 2909 sed
1803 2857 1916 2908 haec

379 2983 483 3023 non
511 2963 813 3034 adjungitur
854 2960 918 3012 ad
942 2956 1204 3010 calculum
1246 2952 1360 3005 Dei.
1403 2948 1530 3002 Sola
1583 2947 1723 3014 apud
1753 2945 1918 2997 Detun

1977 1507 2370 1562 ‘Numerorum
2453 1506 2596 1558 libro
2681 1499 3001 1570 mysterii.

1996 529 2126 588 quot
2159 515 2362 586 proeliis
2396 511 2768 583 pugnandum
2806 505 2916 558 tibi
2979 510 3083 554 est
3125 512 3187 552 et
3223 496 3593 558 vincendum,
3631 505 3686 547 ut.

1998 586 2171 679 possis
2210 608 2274 660 ad
2305 605 2550 659 divinum
2603 612 2929 655 numerum
2987 591 3316 662 pertinere
3355 586 3499 656 (53),
3547 595 3605 638 ut
3638 586 3689 638 in

1997 678 2250 767 computo
2271 696 2452 763 aliquo
2490 691 2766 747 habearis
2791 689 2958 758 apud
3006 685 3240 742 Deum,
3290 688 3356 732 ut
3399 678 3548 730 inter
3567 689 3688 728 san-

1999 801 2114 844 ctas
2152 788 2324 842 tribus
2360 781 2720 837 adnumerari
2765 780 2992 846 dignus
3035 770 3363 832 ltabcaris,
3397 777 3463 822 ut
3490 765 3690 821 visitari

1999 879 2202 947 possis,
2231 885 2285 929 et
2326 889 2420 942 per
2452 871 2546 925 Dei
2583 867 2932 924 sacerdotes
2968 862 3188 915 Aaron
3237 866 3300 910 et
3337 855 3565 923 Moysen
3600 871 3693 907 nu-

2001 981 2276 1019 merorum
2300 963 2560 1016 censibus
2587 954 2826 1010 ascribi.
2865 946 3306 1018 Suscipienda
3349 944 3456 997 tibi
3482 951 3566 996 est
3595 943 3700 1010 pri-

2004 1073 2090 1109 tuo
2129 1055 2212 1109 lex
2237 1053 2354 1119 Dei,
2387 1053 2470 1106 lex
2500 1051 2753 1118 Spiritus
2772 1043 3012 1104 sancti,
3046 1035 3378 1095 offerenda
3408 1035 3696 1096 sacrilicia,

2003 1145 2281 1214 explenda:
2311 1140 2760 1211 pitrilicationes,
2807 1135 3179 1209 peragenda
3222 1135 3444 1183 cuncta
3474 1138 3593 1194 qua:
3619 1123 3696 1176 lex

2003 1236 2231 1304 spiritus
2260 1233 2438 1294 docet,
2480 1240 2534 1283 ut
2567 1229 2753 1297 possis
2787 1224 3144 1295 aliquando
3205 1219 3285 1273 ad
3338 1214 3698 1271 Israeliticum

2005 1339 2294 1378 numerum
2327 1324 2608 1391 pertinuere
2642 1320 2790 1390 (54).

2074 1416 2129 1469 '5.
2180 1415 2294 1482 Ego
2346 1414 2525 1466 adhuc
2576 1411 2827 1481 amplius
2890 1401 3146 1472 aliquid
3203 1400 3453 1453 intueor
3497 1396 3553 1448 in
3607 1395 3705 1447 hoc

3099 1492 3293 1546 Ratio
3389 1488 3544 1542 enim
3619 1486 3707 1539 tri-

2004 1598 2170 1652 buutn
2199 1637 2214 1663 ,
2276 1605 2331 1651 et
2371 1595 2655 1650 distinctio
2697 1592 2998 1646 ordinum
3026 1625 3046 1650 ,
3136 1584 3408 1638 societas
3472 1576 3705 1631 familia-

2009 1703 2126 1740 rum
2153 1725 2169 1750 ,
2229 1697 2392 1753 atque
2444 1685 2734 1738 ordinatio
2775 1687 3018 1735 cuncta
3104 1680 3457 1727 castrorum
3493 1713 3510 1735 ,
3551 1667 3704 1737 277

2009 1779 2307 1847 ingentium
2376 1777 2508 1830 mihi
2579 1781 3126 1829 sacramentorum
3209 1765 3419 1833 prodit
3476 1759 3706 1813 iudicia:

2007 1867 2251 1936 apostolo
2302 1867 2462 1920 nobis
2508 1865 2681 1918 Paulo
2751 1861 3070 1931 spiritalis
3160 1850 3576 1922 intelligentize
3635 1863 3712 1902 sc-

2009 1961 2152 2012 mina
2201 1967 2574 2027 respergcnte.
2632 1956 2703 2010 Et
2742 1968 2898 2022 age,
2977 1952 3117 2019 jam
3165 1949 3318 2016 quid
3375 1943 3565 1998 omnis
3597 1941 3708 1993 hare

2009 2063 2360 2104 numerorum
2395 2050 2572 2110 ratio,
2611 2045 2749 2113 quid
2793 2043 3112 2097 ordinum
3155 2037 3480 2094 diversitas
3525 2029 3710 2084 intelli-

2009 2141 2198 2211 gentia:
2249 2139 2490 2208 mysticae
2537 2136 2866 2198 contineat,
2917 2133 3289 2187 videamus.
3353 2123 3706 2193 EXSpectatio

2009 2241 2154 2284 certa
2193 2230 2347 2283 nobis
2380 2236 2465 2282 est
2511 2224 2986 2279 resurrectionis
3040 2229 3465 2280 mortuorum,
3508 2229 3626 2268 cum
3660 2211 3709 2264 hi

2010 2321 2098 2388 qtti
2135 2320 2342 2381 vivunt,
2396 2318 2515 2385 qui.
2545 2315 2747 2384 reliqui
2791 2322 2996 2377 sunt,
3075 2327 3208 2366 non
3273 2307 3620 2380 pmvenient
3659 2304 3708 2355 in

2012 2410 2243 2464 adventu
2290 2407 2498 2462 Christi
2546 2421 2644 2459 eos
2719 2405 2823 2473 qui
2900 2403 3366 2464 dormierunt,
3414 2400 3513 2453 sed
3563 2391 3710 2448 simul

2013 2516 2135 2554 cum
2166 2499 2244 2552 eis
2265 2497 2436 2565 juncti
2467 2507 2522 2550 et
2549 2496 2781 2558 sociati,
2840 2496 3203 2563 rapientur
3239 2493 3298 2545 in
3353 2489 3594 2544 nubibus
3622 2486 3712 2539 ob-

2012 2588 2152 2640 viam
2186 2586 2404 2640 Christo
2444 2585 2499 2638 in
2553 2598 2712 2648 aera,
2765 2584 3020 2636 terreni
3089 2581 3342 2636 scilicet
3398 2578 3562 2646 hujus
3611 2573 3709 2628 loci

2014 2678 2374 2747 corruptelam
2408 2683 2465 2729 et
2497 2675 2696 2728 mortis
2757 2675 3151 2730 habitacula
3211 2676 3578 2730 deserentes,
3609 2665 3710 2720 sive

2015 2781 2201 2823 omnes
2227 2767 2280 2817 in
2308 2777 2455 2829 aere,
2484 2775 2542 2816 ut
2567 2761 2778 2817 Paulus
2807 2765 3238 2833 pronuntiat,
3267 2754 3706 2831 pet-titansuri".

2018 2857 2131 2911 sive
2177 2854 2342 2907 etiam
2399 2851 2572 2920 aliqui
2605 2853 2676 2906 ad
2721 2854 3107 2920 paradisum
3156 2862 3270 2906 aut
3319 2849 3435 2904 alia
3472 2846 3713 2916 quaelibet

2018 2961 2084 2998 ex
2135 2943 2324 2996 multis
2379 2941 2774 2996 mansionibus
2839 2958 2995 3010 qua:
3064 2944 3241 3012 apud
3313 2941 3542 2994 Patrem
3596 2941 3712 2988 sunt

379 3060 549 3112 virtus
603 3053 890 3108 Israelitica
940 3053 1268 3100 muneratur.
1317 3040 1437 3094 llaec
1485 3051 1566 3094 εει
1603 3037 1692 3090 illa
1722 3036 1913 3099 virtus,
1945 3065 1987 3121 ο
2023 3033 2387 3090 transferendi
2425 3033 2548 3087 loca
2586 3031 2729 3104 (55).
2787 3032 3165 3090 Diversims
3237 3045 3438 3088 amem
3496 3025 3713 3084 ιηιιειδ-

382 3163 499 3217 qua:
545 3164 574 3200 a
631 3145 740 3198 Deo
777 3143 1020 3201 docetur,
1058 3151 1176 3206 qua:
1221 3149 1313 3204 per
1369 3131 1676 3197 Scripturas
1709 3126 1920 3180 divinas

383 3239 632 3300 discitur,
670 3248 786 3304 quae
819 3247 914 3300 per
947 3231 1101 3284 [idem
1155 3223 1517 3293 evangelicum
1563 3229 1619 3273 et
1667 3217 1922 3287 apostoli-

385 3343 501 3383 cam
525 3327 773 3380 traditur.
816 3323 878 3376 Et
905 3322 1023 3374 ideo
1045 3318 1188 3387 _dicit
1223 3326 1280 3368 ut
1303 3313 1378 3366 illi
1409 3310 1510 3364 soli
1546 3315 1919 3371 numerentur,

386 3418 476 3487 qui
526 3414 935 3483 progrediuntur
987 3408 1039 3461 in
1089 3406 1288 3458 virtute
1338 3397 1520 3455 Israel.
1553 3397 1658 3451 Sed
1701 3404 1755 3448 et
1790 3394 1921 3447 illud

387 3508 804 3564 consideremus,
834 3498 957 3568 quid
983 3505 1065 3550 est
1087 3493 1226 3564 quod
1256 3507 1358 3545 non
1389 3487 1569 3544 statim
1598 3495 1655 3540 ut
1675 3498 1924 3555 egressus

388 3597 562 3653 estde
616 3593 844 3661 Egypto
890 3585 1114 3656 populus
1161 3588 1493 3636 numeratur.
1542 3577 1732 3631 Adhuc
1783 3574 1922 3627 enim

391 3686 804 3759 persequebatur
830 3681 1057 3733 Pharao.
1087 3674 1194 3729 Sed
1223 3688 1321 3726 nec
1347 3685 1466 3725 cum
1499 3683 1644 3722 mare
1687 3667 1925 3718 Rubrum

391 3777 604 3847 quidem
643 3773 903 3827 transiens
931 3766 1076 3822 venit
1106 3766 1158 3816 in
1199 3765 1470 3818 desertum
1510 3758 1704 3812 dicitur
1741 3769 1928 3808 nume-

395 3867 524 3919 rari.
555 3863 795 3916 Nondum
840 3859 980 3911 enim
1011 3853 1219 3916 tentati,
1249 3851 1480 3904 nondum
1523 3848 1590 3900 ab
1634 3847 1785 3898 hoste
1815 3844 1932 3896 fue-

395 3963 514 4008 rant
553 3948 864 4020 impugnati.
904 3942 1204 4011 Couﬂigunt
1247 3941 1526 3993 adversum
1560 3933 1838 3996 Amalech,
1878 3941 1934 3986 et.

398 4044 634 4096 vincunt.
681 4039 782 4090 Sed
831 4050 928 4088 nec
971 4046 1095 4087 tunc
1141 4031 1353 4100 quidem
1402 4033 1776 4080 numerantur.
1817 4023 1932 4076 Non

397 4131 538 4185 enim
568 4125 758 4180 sullicit
786 4124 850 4174 ad
884 4121 1265 4189 perfectionem
1287 4114 1519 4170 tendenti
1553 4127 1654 4165 una
1685 4111 1930 4164 victoria.

401 4218 602 4272 Manna:
644 4212 909 4278 accipiunt
951 4213 1152 4273 cibum,
1183 4219 1234 4261 et
1270 4220 1418 4275 aquae
1457 4202 1701 4270 poculum
1734 4202 1799 4255 de
1851 4214 1937 4254 se-

401 4302 586 4372 quenti
615 4299 863 4352 hauriunt
889 4308 1061 4363 petra;
1096 4297 1188 4350 sed
1207 4309 1376 4363 neque
1405 4303 1527 4345 tunc
1559 4298 1935 4344 numerantur.

2019 3129 2199 3190 tionis,
2231 3136 2286 3180 et
2316 3126 2488 3196 gloria
2531 3139 2601 3177 ex
2653 3125 2904 3180 meritis
2946 3129 3099 3182 sine
3149 3127 3346 3182 dubio
3399 3134 3459 3180 et
3509 3124 3707 3177 actibus

2019 3218 2442 3286 uniuscujusque
2513 3216 2925 3284 prtestabitur,
2989 3227 3059 3273 et
3125 3219 3283 3272 serit
3349 3215 3714 3286 unusquisque

2022 3311 2074 3364 iu
2120 3323 2184 3362 eo
2228 3307 2440 3371 ordine,
2485 3321 2654 3373 quem
2695 3306 2813 3359 sibi
2868 3319 3226 3375 gestorum
3288 3310 3498 3363 merita
3535 3315 3714 3360 contu-

2022 3399 2214 3459 leriut;
2265 3400 2405 3450 sicut
2463 3405 2516 3447 et
2584 3394 2736 3447 idem
2800 3392 3056 3451 Paulus
3104 3405 3493 3465 protestatur
3543 3393 3715 3448 dicens

2023 3489 2090 3541 de
2158 3482 2567 3552 resurgentibus
2632 3481 2723 3534 "z
2790 3499 2814 3531 ι
2861 3481 3343 3554 Unusquisque
3410 3491 3592 3538 autem
3664 3479 3711 3530 iu

2026 3593 2122 3630 suo
2184 3574 2440 3629 ordine.’
2522 3570 2667 3625 I‘Iinc
2722 3585 2914 3642 ergo
2990 3576 3256 3630 accidet
3322 3576 3384 3629 in
3480 3583 3715 3628 resurre-

2029 3667 2229 3728 ctione,
2261 3673 2321 3714 ut
2350 3660 2736 3728 unusquisque
2759 3671 2866 3713 aut
2900 3663 2976 3716 in
3017 3665 3201 3719 tribu
3238 3667 3449 3720 Ruben
3479 3660 3720 3734 spiritali-

2027 3758 2126 3810 bus
2160 3752 2372 3805 indieiis
2403 3750 2748 3812 ascribatur,
2798 3753 2879 3806 ob
2924 3756 3060 3809 hoc
3114 3757 3427 3825 profecto,
3459 3752 3604 3824 quod
3634 3749 3723 3802 ali-

2030 3843 2159 3912 quid
2186 3844 2237 3894 in
2263 3841 2530 3902 moribus,
2567 3841 2820 3903 actibus,
2857 3852 2978 3896 aut
3010 3846 3146 3898 vita
3182 3847 3303 3915 ipsi
3335 3844 3539 3900 Ruben
3565 3841 3722 3896 simila

2031 3944 2085 3988 et
2146 3929 2610 3998 consanguineum
2665 3929 2903 3985 habuit.
2967 3935 3163 3992 Alius
3217 3948 3423 3991 autem
3478 3934 3535 3990 in
3591 3934 3723 3986 uibu

2034 4023 2273 4087 Simeou,
2329 4019 2584 4074 fortassis
2637 4036 2745 4088 pro
2801 4024 3222 4083 obedientia.
3285 4029 3454 4082 Alius
3499 4028 3553 4080 in
3595 4024 3720 4076 tribu

2033 4113 2182 4177 Levi,
2214 4112 2376 4165 credo
2409 4111 2501 4178 qui
2533 4110 2679 4163 bene
2735 4111 3022 4178 praefuit:
3059 4119 3448 4181 sacerdotio,
3510 4115 3594 4168 vel
3645 4109 3725 4179 qui

2035 4203 2169 4255 bene
2219 4199 2536 4252 ministraus
2595 4199 2843 4265 gradum
2908 4205 3041 4258 sibi
3109 4207 3352 4262 bonum
3429 4204 3725 4276 acquisivit.

2037 4291 2186 4352 Alius
2214 4291 2265 4342 in
2298 4290 2441 4341 tribu
2473 4287 2614 4340 Juda
2643 4327 2658 4351 ,
2698 4304 2816 4344 non
2847 4292 3086 4352 dubito
3128 4301 3302 4368 quod
3351 4301 3402 4352 is
3445 4299 3540 4368 qui
3569 4294 3728 4364 regios

403 4393 644 4448 Nondum
684 4390 822 4442 enim
860 4389 910 4439 in
948 4389 1031 4440 his
1064 4402 1125 4439 ea
1165 4400 1283 4452 qua:
1311 4383 1547 4438 numeris
1578 4389 1696 4446 apta
1727 4380 1934 4431 ducun-
1969 4381 2011 4435 D
2041 4380 2264 4447 spiritus
2299 4376 2491 4444 gessit,
2521 4386 2576 4428 et
2606 4377 2755 4431 bene
2797 4383 2971 4436 rexit
3011 4389 3331 4456 papulutn
3381 4391 3485 4458 qui
3522 4391 3730 4441 intrasc

407 4494 511 4545 tur,
543 4478 898 4532 adoleverunt.
922 4474 1340 4529 Tabernaculum
1369 4469 1654 4524 testimonii
1673 4470 1940 4523 construi-

405 4579 515 4634 tur,
545 4569 636 4622 sed
666 4581 762 4619 nec
799 4566 849 4617 in
876 4565 977 4618 hoc
1003 4564 1214 4632 quidem
1239 4560 1552 4614 numerandi
1585 4559 1765 4627 populi
1801 4569 1937 4612 tem-

408 4673 508 4730 pus
554 4655 785 4710 advenit.
834 4651 938 4706 Lex
966 4666 1060 4719 per
1092 4650 1306 4719 Moysen
1339 4649 1513 4709 datur,
1550 4645 1938 4700 sacriﬁciorum

408 4762 527 4804 mos
560 4743 804 4808 traditur,
832 4740 1260 4810 puriﬁcationum
1302 4738 1436 4791 ritus
1466 4735 1708 4799 docetur,
1742 4735 1943 4787 sancti-

410 4833 721 4890 ﬁcationum
750 4828 890 4896 leges
923 4840 974 4881 et
1020 4833 1352 4882 sacramenta
1390 4822 1712 4883 conduntur,
1737 4831 1790 4874 et
1819 4831 1944 4876 tunc

412 4923 480 4976 ad
520 4933 797 4975 numerum
840 4933 905 4971 ex
934 4927 1197 4986 praecepto
1248 4913 1338 4968 Dei
1379 4908 1603 4979 populus
1638 4910 1942 4964 adducitur.

418 5009 665 5065 Describe
691 5011 823 5070 lucc,
860 5023 893 5061 ο
921 5007 1151 5068 auditor,
1183 5006 1234 5058 in
1273 5001 1433 5057 corde
1465 5010 1556 5052 tuo
1582 4999 1864 5066 dupliciter
1892 5013 1948 5056 et

416 5099 714 5170 tripliciter.
743 5095 872 5150 Vide
893 5104 1088 5166 quanta
1121 5094 1212 5147 tibi
1247 5088 1567 5144 transeunda
1596 5097 1742 5150 sunt,
1783 5103 1953 5155 quan-

2043 4477 2144 4534 est,
2166 4481 2420 4522 sensuum
2445 4465 2660 4520 scilicet
2692 4474 2912 4526 utentis
2955 4489 3024 4529 et
3059 4482 3512 4548 cogitationum
3538 4474 3728 4532 cordis.

2045 4557 2148 4610 Sed
2197 4563 2250 4608 et
2293 4555 2520 4622 singulis
2576 4557 2908 4628 quibusque
2983 4567 3298 4624 tribubus
3363 4567 3733 4638 unusquisque

2045 4646 2340 4700 sociabitur
2389 4661 2485 4715 pro
2533 4647 2623 4701 his
2648 4663 2778 4718 quae
2814 4653 2892 4706 ad
2959 4671 3488 4729 unamquamque
3533 4670 3733 4715 carum.

2045 4737 2130 4791 vel
2163 4737 2214 4790 in
2241 4738 2456 4790 actibus
2481 4752 2718 4808 cognata
2752 4743 2840 4796 vel
2871 4745 2931 4797 in
2977 4752 3278 4807 moribus
3312 4754 3542 4808 habuit.
3577 4751 3736 4804 Erum

2047 4840 2176 4894 ergo
2225 4827 2536 4893 hujusmodi
2592 4830 2827 4897 quidam
2876 4838 3152 4894 ordines
3209 4844 3272 4897 in
3331 4840 3738 4898 resurrectione

2049 4924 2405 4981 mortuorum!
2437 4916 2582 4971 δίευί
2599 4918 2864 4990 “Signat
2893 4925 3295 4998 APostolus;
3327 4948 3582 5002 quorum
3605 4929 3740 4984 ordi-

2050 5019 2179 5060 num
2209 5015 2366 5072 typus
2396 5005 2450 5059 in
2479 5006 2585 5060 hoc
2622 5006 2767 5062 libro
2807 5023 2870 5066 et
2911 5014 3120 5084 figura
3191 5021 3578 5090 praeformari
3617 5014 3736 5070 utihi

2055 5097 2287 5150 videtur.
2344 5095 2452 5149 Sed
2493 5107 2552 5150 et
2595 5098 2734 5154 illud
2765 5105 2924 5169 quod
2969 5113 3473 5169 consociatione
3514 5109 3740 5182 quadam

485 5241 534 5273 '°
559 5238 749 5294 Matth.
781 5253 834 5301 χ,
868 5235 957 5291 30.
1023 5234 1069 5266 ’ί
1103 5232 1260 5286 Num.
1301 5244 1343 5290 ι,
1372 5228 1428 5280 ι.
1499 5225 1545 5254 ⁷³
1585 5221 1605 5274 ι
1640 5220 1830 5279 Thess.
1869 5240 1944 5292 tv,
1994 5245 2001 5284 4

1179 5247 1260 5284 tm.
1301 5244 1343 5290 ι.
1372 5228 1428 5280 ι.
1499 5225 1545 5254 ⁷³
1585 5221 1605 5274 I
1640 5220 1830 5279 Thess.
1869 5240 1944 5292 tv,
1994 5232 2082 5286 M.
2155 5234 2203 5266 ⁷³
2240 5233 2261 5286 l
2293 5232 2422 5288 Cor.
2463 5250 2562 5301 xv,
2603 5237 2695 5293 Ξῖ».

487 5356 598 5424 (55)
612 5355 778 5410 Codd.
806 5349 1192 5424 Bellogacensis
1215 5355 1268 5424 et
1287 5343 1514 5424 ἸἸιι-ιρηἸ
1535 5339 1882 5424 tripervenire.
1925 5362 1946 5394 ι

419 5407 732 5504 Paulo'post
755 5424 906 5503 codd.
941 5417 1276 5498 Ebruicensis
1301 5424 1354 5464 et
1397 5407 1682 5490 Sagiensis,
1723 5424 1742 5456 t
1775 5409 1954 5462 adnu-

425 5479 919 5554 tnerari'merearis,
942 5499 1002 5542 ut.
1033 5485 1235 5554 visitari
1281 5479 1468 5548 possis.
1505 5495 1524 5553 η

495 5557 607 5690 (δλζ
635 5556 808 5609 Codex
839 5545 1243 5614 Be'llovacensis,
1272 5545 1294 5599 ἱ
1322 5545 1619 5615 pervenire.
1648 5559 1670 5594 ι

500 5622 586 5690 (55
636 5622 869 5690 Vulgata:
897 5625 1155 5680 editiones
1185 5618 1381 5676 habent
1409 5631 1421 5667 :
1459 5630 1476 5664 ι
1505 5622 1663 5681 atque

500 5610 607 5691 (555
636 5622 869 5691 Ὑυιειιιω
897 5625 1155 5680 editiones
1185 5610 1381 5676 habent
1409 5631 1421 5667 :
1459 5630 1476 5664 ι
1505 5622 1663 5681 atque
1705 5610 1769 5664 ad
1799 5624 1951 5679 para-

2060 5353 2890 5448 932232-19.1’.'.“‘.'1‘_F}._F'P“‘l§5
2943 5372 3299 5448 «acapna
3342 5373 3576 5428 Patrem
3623 5376 3744 5448 συξη

2058 5424 2432 5477 mansionibus
2469 5430 2872 5483 transferendi.
2902 5450 2922 5482 ι
2962 5424 3108 5487 "Sed
3152 5424 3567 5496 dume’s'iués.
3603 5424 3660 5493 ut
3693 5441 3743 5490 ia

2056 5501 2248 5626 ﬂgstlrlt:
2271 5501 2484 5629 (11:231..
2507 5566 2534 5620 1
2821 5499 3211 5637 θ’ῑῗὸίὶιῗὶηὲι
3244 5508 3744 5636 ¹(ἔῖἱςιεεηὶιυιονιηι
