3838 6212
117 421 182 482 58’
1557 393 1622 446 IN
1657 390 1980 447 NUMEROS
2018 391 2295 447 llOMl‘LIA
2331 392 2394 450 ll.

365 490 456 545 et
499 496 1012 577 connexione.
1052 518 1379 566 caStrorum
1424 511 1624 577 positio
1653 521 1708 565 et
1735 519 1900 564 meta-
1930 519 1974 568 Α

371 585 456 638 ιο
490 575 993 660 describitur,
1054 603 1318 668 pertinet
1348 575 1466 654 sine
1497 599 1660 655 dubio
1704 603 1768 653 ad
1800 601 1899 652 ali-

251 708 350 763 ίιι
443 683 1022 769 resurrectione
1088 702 1433 746 mortuorum
1470 701 1686 745 statum.
1751 691 1900 757 Quod

99 773 256 877 λέγω
311 773 720 835 or'emem
763 773 1149 834 collocatae
1185 781 1439 835 dicuntur
1467 781 1658 844 tribus,
1696 790 1806 833 tres
1834 779 1897 831 ad

114 838 530 966 Cizgw’x\e“:o
594 859 748 910 “es
818 863 1054 920 etiam
1095 869 1184 943 ad
1224 869 1500 922 meridiem
1539 868 1648 939 (56)
1693 878 1744 922 et
1791 877 1899 922 tres

114 940 139 966 '.
411 951 464 966 σι.
569 946 803 966 ...ι---21-
1181 959 1193 966 .
1248 960 1260 966 -
1447 960 1478 966 -.
1521 959 1530 966 .

77 925 342 1075 "cf"?
411 937 492 988 ad
569 946 1028 1020 aquilonem,
1092 939 1193 1025 qni
1231 960 1392 1012 durus
1430 925 1644 1012 diciiur’
1670 968 1895 1022 ventus;

77 1026 160 1075 IIII”
365 1030 537 1075 mmd
571 1035 808 1075 ὶνῖἶιιια
848 1040 1026 1075 Inda
1099 1063 1226 1075 nn...
1258 1047 1447 1075 ..Αηηιξη
1489 1057 1566 1075 Α...
1632 1049 1694 1075 ...ι
1722 1048 1867 1075 ληεη..

55 1026 271 1106 “Imm”
365 1030 538 1094 «ιιιοά
571 1035 811 1091 tribus
839 1040 1059 1108 Juda,
1097 1063 1227 1115 qua:
1258 1047 1449 1114 regalis
1488 1057 1594 1112 est,
1631 1049 1695 1099 ad
1721 1048 1901 1100 orien-

68 1118 629 1241 ‘i‘W‘s/“ﬁmi‘.
655 1141 743 1181 ex
776 1145 916 1199 qua
962 1148 1149 1191 ortus
1173 1155 1254 1192 ρει
1285 1140 1538 1192 Dominus
1566 1149 1765 1202 uoster,
1792 1153 1878 1191 not

113 1211 173 1241 E\\\
339 1211 605 1241 Ain-sn.“
697 1227 759 1241 ..ι
828 1236 908 1241 ..η
997 1227 1012 1241 .
1069 1227 1088 1241 ε
1228 1230 1240 1241 .
1376 1231 1387 1241 .
1450 1231 1460 1241 .
1542 1228 1554 1240 .
1670 1230 1701 1241 ..

95 1208 643 1297 χῗῗῗχῗὶίοδὶιῐῃν
693 1227 768 1271 εὶ
821 1227 1015 1290 Quod
1067 1227 1326 1283 lssachar
1375 1231 1498 1282 huic
1536 1228 1798 1297 jungitur,
1844 1238 1899 1281 et

114 1288 256 1340 nemo
295 1288 326 1296 '
848 1288 865 1290 -
907 1314 923 1326 .
1536 1288 1553 1296 -
1632 1288 1663 1331 Γ
1785 1288 1810 1331 ..

142 1317 462 1406 “\m’n’
517 1311 837 1406 θοι-’(1³³οά
909 1331 982 1406 ιιι
1043 1329 1286 1386 quatuor
1342 1329 1521 1386 partes
1581 1329 1750 1373 lrtuus
1798 1328 1898 1372 Iste

167 1397 465 1486 KQ.”
489 1397 872 1455 θτῶιδίηυνο
914 1405 1077 1470 Qlla:
1127 1410 1376 1476 quamvis
1409 1409 1733 1478 positionum
1772 1423 1896 1463 sua-

209 1531 312 1564 “xm
328 1500 646 1560 {eversas
695 1490 1001 1549 habeant
1038 1499 1363 1566 qualitates,
1391 1513 1576 1552 omnes
1606 1508 1778 1551 tamen
1815 1499 1896 1550 iu-

232 1595 310 1646 m,
347 1577 657 1644 “actitatis
711 1597 1056 1638 numerum
1108 1587 1470 1641 continentur.
1512 1586 1577 1640 Et
1623 1587 1762 1655 quod
1802 1601 1895 1654 per

260 1681 520 1730 magnas
547 1681 818 1740 quatuor
864 1688 1080 1744 partes
1103 1680 1157 1730 in
1190 1693 1352 1731 unum
1383 1693 1663 1731 numerum
1690 1677 1890 1746 colligi-

275 1775 361 1815 tur
381 1763 569 1816 eadem
601 1763 857 1819 trinitas
894 1781 1152 1836 semper,
1180 1783 1279 1836 pro
1304 1784 1369 1822 eo
1397 1768 1514 1822 sine
1552 1767 1714 1822 dubio
1753 1768 1890 1836 quod

272 1855 368 1907 sub
409 1868 509 1905 uno
544 1855 800 1908 nomine
859 1855 1058 1910 Patris
1109 1866 1165 1911 et
1199 1857 1317 1910 Filii
1361 1869 1416 1910 et
1456 1857 1684 1925 Spiritus
1717 1859 1890 1912 sancti

265 1954 562 1999 censentur
603 1960 853 2008 omnes,
914 1949 1014 2016 qui
1058 1963 1126 2002 ex
1185 1961 1418 2015 quatuor
1466 1948 1610 2002 orbis
1651 1951 1892 2017 partibus

261 2037 547 2090 venientes
621 2035 920 2089 invocant
969 2051 1170 2090 nomen
1225 2037 1470 2100 Domini,
1523 2041 1891 2094 recumbentes

255 2141 388 2180 cum
422 2125 728 2177 Abraham
761 2134 824 2178 et
851 2125 1015 2179 Isaac
1036 2134 1092 2178 et
1118 2123 1288 2178 Jacob
1324 2126 1376 2179 in
1407 2141 1572 2195 regno
1613 2127 1728 2182 Dei.
1763 2128 1884 2181 llaec

249 2230 281 2268 ε
311 2215 482 2268 nobis
524 2212 914 2280 generaliter
963 2213 1204 2266 indicata
1248 2213 1352 2267 siut
1394 2215 1698 2270 volentibus
1729 2216 1888 2270 totius

247 2305 404 2358 sacri
444 2305 618 2374 hujus
655 2303 986 2358 voluminis
1020 2305 1409 2358 continentiam
1454 2305 1735 2374 mysticam
1758 2306 1892 2360 “bre-

233 2396 405 2458 viter
441 2393 988 2462 comprehendere,
1029 2399 1089 2444 ut
1115 2406 1180 2444 ex
1209 2391 1293 2446 his
1330 2393 1696 2462 intelligentia:
1733 2395 1894 2462 spiri-

243 2485 394 2537 talis
436 2486 776 2537 occasioue
813 2491 1074 2549 suscepta
1104 2483 1471 2550 unusquisque
1511 2493 1564 2536 et
1592 2484 1644 2537 in
1677 2485 1892 2553 reliquis

224 2575 546 2638 similem,
590 2583 713 2627 aut
758 2573 934 2624 etiam
980 2571 1025 2624 si
1077 2570 1161 2623 cui
1208 2571 1433 2640 amplius
1475 2573 1612 2625 Deus
1669 2574 1889 2640 revelat,

229 2665 629 2732 superiorem
668 2674 733 2718 et
768 2664 1138 2718 excelsiorem
1167 2671 1519 2730 persequatur
1564 2663 1887 2732 indaginem.

215 2755 370 2823 Ego
405 2758 565 2810 enim
611 2771 767 2810 vere
816 2755 1084 2823 imparem
1134 2769 1216 2808 me
1257 2752 1438 2821 judico
1481 2753 1547 2804 ad
1588 2757 1890 2809 enarramla

216 2847 530 2916 mysteria
560 2888 580 2911 ,
652 2859 795 2913 quae
865 2843 1006 2897 liber
1055 2843 1144 2896 hic
1206 2844 1444 2897 continet
1489 2840 1884 2904 Numerorum;

208 2935 455 2988 multo
470 2947 679 2989 autem
723 2933 1053 2986 inferiorem
1087 2934 1152 2984 ad
1179 2933 1266 2985 illa
1293 2973 1308 2998 ,
1338 2947 1454 2999 quae
1492 2933 1886 2985 Deuteronomii

206 3024 524 3078 volumen
586 3023 871 3076 includit.
928 3021 995 3072 Et
1047 3021 1164 3073 ideo
1200 3021 1559 3074 festinandum
1604 3020 1757 3073 nobis
1806 3029 1888 3072 est

201 3113 578 3179 pervenire
609 3111 692 3162 ad
723 3108 948 3170 Jesum,
980 3122 1085 3160 non
1117 3108 1262 3160 illum
1298 3108 1459 3159 lilium
1496 3106 1660 3171 Nave,
1691 3108 1783 3159 sed
1819 3106 1883 3158 ad
1914 3137 1953 3191 Ο

194 3197 462 3253 Iesum
505 3198 850 3254 Christum.
917 3193 1074 3247 Prius
1126 3205 1300 3248 tamen
1350 3194 1636 3262 pmdagogo
1679 3203 1884 3246 utentes

195 3291 567 3361 bloyse,et
590 3288 760 3357 apud
793 3301 919 3340 eum
952 3287 1254 3338 rudimenta
1284 3285 1519 3338 infantiae
1543 3285 1883 3352 deponentes,

193 3379 320 3432 sic
370 3380 709 3432 tendamus
737 3375 811 3426 ad
840 3371 1227 3440 perfectionem
1254 3371 1472 3425 Christi.
1515 3371 1722 3440 Moyses
1744 3370 1884 3423 enim

201 3484 368 3519 που
421 3470 603 3521 multa
646 3463 804 3532 bella
830 3462 1175 3528 compressit.
1211 3460 1366 3516 Jesns
1389 3470 1565 3515 autem
1598 3461 1733 3515 bella
1767 3460 1886 3528 qui-

195 3559 389 3610 dem
459 3559 740 3610 universa
795 3551 1155 3618 compescuit,
1217 3565 1402 3618 pacem
1458 3564 1587 3604 vero
1638 3549 1887 3604 omnibus

199 3647 567 3708 dedil,ita
617 3654 687 3698 ut
721 3641 1001 3709 scriptum
1040 3641 1113 3694 sit
1163 3640 1229 3704 ⁷⁸,
1274 3639 1396 3707 quia
1433 3657 1452 3689 ι
1482 3641 1709 3694 cessavit
1741 3645 1883 3692 terra

195 3754 241 3786 a
298 3735 520 3788 bellis.
583 3751 608 3784 ι
652 3732 837 3785 Terra
876 3728 1328 3797 repromissionis,
1368 3735 1506 3780 terra
1540 3728 1884 3791 haereditatis,

200 3833 440 3876 terra
479 3839 621 3892 quze
671 3820 804 3873 ﬂuit
857 3819 944 3871 lac
981 3828 1030 3870 et
1065 3816 1189 3880 mel,
1223 3816 1290 3869 ab
1341 3814 1466 3869 Jesu
1524 3815 1881 3868 distribuitur.

209 3915 497 3967 «Beati:
531 3914 704 3968 enim
742 3906 1252 3976 «mites,quiaipsin
1285 3921 1381 3973 per
1401 3904 1581 3960 Jesum
1620 3907 1882 3959 «haeredi-

204 4009 479 4058 tabunt
504 4015 743 4058 terram
773 3999 876 4054 ⁷⁸.»
915 3995 1020 4050 Sed
1047 4005 1104 4051 et
1131 3997 1294 4064 ipsius
1316 3994 1708 4048 distributionis
1732 3995 1884 4047 inve-

213 4097 402 4148 nies
449 4106 608 4164 typos
644 4099 707 4144 et
752 4088 1020 4157 imagines
1049 4087 1413 4154 prazcessisse.
1441 4083 1552 4137 Non
1583 4085 1725 4138 enim
1757 4084 1886 4138 otio-

221 4199 404 4238 sum
450 4194 527 4237 est
560 4178 723 4250 quod
756 4177 883 4229 aliis
921 4173 1062 4228 ultra
1091 4173 1378 4228 Jordanem
1419 4182 1558 4227 terra
1607 4173 1883 4235 dividitur,

230 4271 416 4324 aliis
457 4271 603 4324 intra
655 4264 1001 4326 Iordanem,
1059 4270 1115 4316 et
1160 4263 1278 4315 aliis
1328 4262 1535 4328 primis,
1591 4260 1714 4315 aliis
1757 4275 1885 4314 vero

231 4362 577 4422 secundis,
609 4352 906 4411 nonnullis
931 4351 1096 4405 etiam
1128 4349 1315 4411 tertiis,
1336 4357 1390 4400 et
1419 4348 1496 4401 sic
1520 4362 1615 4416 per
1644 4349 1882 4402 ordinent

2578 511 2852 567 HOMlLlA
2894 514 2955 568 ll.

2253 600 2328 654 De
2368 603 2547 657 ordine
2583 613 2631 656 et
2670 604 2943 657 collatione
2982 615 3288 663 castrorum.

2071 691 2123 743 l.
2169 689 2349 746 Prima
2389 691 2742 747 Numerorum
2781 694 2938 746 lectio
2971 696 3170 754 docuit,
3207 699 3347 764 quod
3382 714 3555 758 exer—.

2001 777 2136 830 citus
2169 777 2261 832 Dei
2309 781 2395 848 qui
2450 782 2614 834 exivit
2672 781 2738 834 de
2790 792 2931 835 terra
2969 782 3185 852 {Egypti
3221 793 3273 838 et
3304 787 3406 840 iter
3435 790 3544 855 egit

2003 881 2095 930 per
2117 866 2407 933 desertum,
2450 872 2693 924 visitatus
2719 873 2807 934 sit,
2857 872 2955 925 hoc
2981 881 3080 935 est,
3112 883 3421 929 numeratus
3448 892 3542 944 per

2001 955 2212 1025 Moysen
2247 967 2302 1011 et
2344 959 2540 1022 Aaron,
2579 976 2640 1013 ac
2687 975 2781 1026 per
2813 961 3047 1028 singulas
3088 978 3324 1032 quasque
3373 967 3543 1020 tribus

1999 1057 2361 1115 sequestratus
2395 1058 2543 1103 certo
2568 1051 2669 1104 sub
2693 1065 2914 1104 numero
2945 1055 3236 1108 reccnsitus
3265 1057 3335 1109 sit
3360 1077 3371 1110 :
3399 1062 3541 1124 quod

1999 1152 2097 1191 nos
2133 1137 2277 1192 velut
2312 1155 2432 1192 eum
2467 1149 2576 1194 tom
2603 1140 2759 1192 simul
2804 1141 2960 1194 libelli
3014 1145 3342 1199 continentia
3375 1161 3540 1215 expo-

2000 1240 2206 1296 nentes,
2228 1229 2449 1284 formam
2475 1230 2706 1282 diximus
2733 1245 2848 1284 esse
2874 1234 3247 1301 perscriptum.
3273 1241 3539 1304 quomodo

1999 1319 2223 1388 populus
2260 1319 2350 1373 Dei
2377 1320 2660 1389 egrediens
2683 1319 2748 1373 de
2781 1321 2960 1373 mundi
2993 1321 3148 1389 hujus
3187 1323 3451 1395 Egypto,
3486 1339 3539 1380 et

1997 1410 2062 1461 ad
2098 1420 2292 1480 terram
2340 1409 2804 1476 repromissionis,
2851 1410 2901 1463 id
2949 1419 3066 1475 est,
3102 1414 3266 1483 278
3303 1417 3404 1471 vel
3468 1421 3534 1472 ad

1997 1499 2249 1550 virtutum
2293 1496 2485 1560 locum,
2537 1497 2621 1549 vel
2669 1497 2732 1550 ad
2780 1500 2924 1566 regni
2992 1501 3258 1555 .cmlorum
3309 1505 3534 1572 gloriam

1997 1587 2467 1655 hrereditatemque
2502 1585 2761 1640 festinans
2785 1624 2798 1650 ,
2829 1588 3103 1643 ordinibus
3137 1590 3450 1658 quibusdam
3483 1606 3536 1648 et

1997 1677 2308 1729 meritorum
2340 1675 2591 1742 gradibus
2613 1677 2926 1730 deducatur.
2953 1678 3016 1731 Et
3042 1694 3135 1747 per
3160 1682 3276 1736 hzec
3295 1685 3536 1737 ostendi-

1995 1781 2112 1818 mus
2167 1766 2466 1818 iuturornm
2518 1768 2776 1820 bonorum
2834 1769 3278 1838 magnificentiam
3321 1773 3371 1826 in
3405 1773 3534 1842 legis

1994 1855 2316 1923 imaginibus
2349 1855 2740 1910 adumbratam.
2777 1856 2930 1912 Nunc
2952 1873 3076 1913 vero
3109 1859 3354 1916 lcetionis
3378 1863 3534 1930 lmjus

1992 1943 2220 2006 initium,
2251 1957 2367 2010 qua:
2400 1943 2556 1996 hodie
2596 1946 2816 1998 recitata
2842 1955 2944 2010 est,
2967 1948 3154 2002 edocet
3178 1965 3276 2004 nos
3305 1953 3534 2018 qualiter

1989 2035 2055 2086 ab
2086 2034 2170 2087 his
2199 2035 2287 2101 qui
2321 2033 2432 2088 Deo
2485 2035 2772 2103 mancipati
2817 2049 2978 2103 sunt,
3017 2053 3116 2094 nec
3167 2043 3440 2110 implicant
3477 2059 3536 2097 se

1991 2122 2214 2190 negotiis
2240 2122 2580 2176 saecularibus
2602 2162 2617 2186 ,
2665 2133 3009 2191 componatur
3046 2128 3178 2180 ordo
3213 2137 3530 2182 castrorum.

1987 2211 2079 2264 Ait
2110 2211 2250 2264 enim
2290 2211 2334 2243 ⁷⁸
2370 2229 2382 2263 :
2429 2229 2447 2262 ι
2474 2210 2540 2265 Ει
2572 2213 2777 2266 locutus
2807 2223 2888 2268 est
2917 2215 3170 2268 Dominus
3206 2217 3272 2268 ad
3318 2217 3531 2285 Moysen

1988 2309 2042 2353 et
2077 2299 2257 2354 Aaron
2291 2301 2512 2355 dicens:
2541 2301 2709 2356 llomo
2741 2305 3034 2358 secundum
3070 2305 3313 2359 ordinem
3354 2321 3528 2368 suum,

1989 2398 2044 2442 et
2073 2389 2363 2443 secundum
2407 2392 2555 2460 signa
2602 2407 2718 2457 sua,
2755 2403 2804 2448 et
2833 2396 3124 2450 secundum
3161 2397 3352 2450 domus
3376 2396 3532 2450 fami-

1989 2476 2176 2529 liarum
2197 2491 2411 2529 suarum
2440 2487 2615 2531 castra
2644 2479 2890 2547 collocet,
2913 2481 3002 2535 lilii
3031 2481 3192 2538 lsrael
3216 2500 3279 2540 ex
3303 2488 3533 2545 adverso

1992 2565 2044 2618 in
2113 2565 2338 2619 circuitu
2409 2569 2739 2622 tabernaculi
2812 2571 3100 2624 testimonii
3171 2577 3468 2632 considant.
3508 2599 3527 2631 ι

1988 2655 2197 2725 Moyses
2227 2651 2357 2710 dicit
2391 2655 2603 2712 :liomo
2639 2661 2926 2714 secundum
2970 2664 3210 2718 ordinem
3251 2682 3428 2730 suum,
3478 2681 3534 2722 et

1989 2746 2278 2800 secundum
2309 2746 2455 2814 signa
2506 2761 2624 2808 sua,
2672 2757 2726 2801 et
2753 2751 3044 2805 secundum
3092 2752 3276 2807 domos
3307 2756 3534 2810 familia-

1989 2849 2104 2889 rum
2126 2851 2342 2888 suarum
2369 2837 2584 2890 incedat
2620 2837 2672 2890 in
2705 2839 2932 2906 castris;
2968 2849 3021 2896 et
3068 2841 3263 2897 Paulus
3289 2845 3483 2898 dicit"
3515 2865 3527 2899 :

1993 2942 2010 2974 ι
2039 2925 2226 2979 Omnia
2271 2927 2492 2981 honeste
2523 2939 2576 2982 et
2622 2929 2910 2982 secundum
2944 2931 3186 2985 ordinem
3222 2933 3374 2990 liant.
3410 2955 3428 2986 ι
3467 2937 3532 2988 Et

1988 3031 2089 3068 non
2121 3017 2210 3070 tibi
2242 3017 2452 3070 videtur
2481 3033 2617 3072 unus
2652 3033 2769 3073 esse
2829 3018 3060 3086 Spiritus
3107 3021 3221 3089 Dei,
3254 3024 3342 3092 qui
3383 3035 3435 3079 et
3474 3027 3527 3079 iu

1988 3104 2165 3173 Moyse
2205 3105 2459 3173 loquitur,
2496 3117 2551 3160 et
2598 3107 2647 3159 in
2680 3107 2884 3160 Paulo?
2926 3109 3235 3165 Secundum
3285 3114 3526 3169 ordinem

1990 3193 2395 3262 Moysesincedi
2425 3198 2644 3249 mandat
2691 3197 2744 3249 in
2797 3198 3021 3263 castris;
3069 3202 3356 3255 secundum
3382 3204 3529 3258 ordi-

1989 3298 2108 3336 nem
2157 3294 2350 3338 cuncta
2384 3286 2495 3353 geri
2538 3286 2588 3337 in
2623 3286 2863 3340 Ecclesia
2914 3287 3154 3357 pratcipit
3193 3289 3409 3345 Paulus.
3465 3293 3532 3346 Et

1988 3372 2196 3442 Moyses
2239 3374 2473 3441 quidem,
2524 3374 2613 3442 qui
2670 3373 2775 3442 legi
2823 3375 3181 3439 ministrabat,
3234 3379 3286 3430 in
3333 3380 3530 3432 castris

1989 3461 2241 3516 custodiri
2298 3463 2542 3516 ordinem
2594 3461 2782 3530 jubet:
2834 3463 3032 3518 Paulus
3093 3479 3222 3518 vero
3279 3476 3528 3534 tanquam

1986 3550 2262 3621 Evangelii
2289 3553 2558 3616 minister,
2610 3567 2712 3604 non
2760 3553 2926 3606 solum
2959 3551 3010 3604 in
3054 3554 3299 3618 actibus,
3345 3558 3437 3608 sed
3473 3557 3528 3610 in

1988 3645 2099 3712 ipso
2133 3645 2310 3698 habitu
2341 3683 2356 3706 ,
2389 3645 2692 3697 ordinatum
2728 3642 2842 3695 vult
2871 3657 2990 3696 esse
3032 3643 3398 3697 Christianum
3427 3659 3444 3709 ;
3473 3656 3530 3699 et

1994 3735 2113 3788 ideo
2141 3734 2270 3788 dicit
2297 3734 2342 3765 '°
2368 3752 2381 3786 :
2413 3733 2692 3786 «Mulieres
2717 3731 2966 3785 similiter
2988 3732 3039 3784 in
3067 3731 3250 3785 habittt
3278 3746 3522 3788 ornato.»

1989 3823 2138 3878 Unde
2181 3836 2279 3890 ego
2305 3821 2541 3876 arbitror
2573 3821 2716 3889 quod
2771 3833 2875 3872 non
2924 3819 3093 3872 solum
3137 3820 3191 3873 in
3234 3820 3422 3874 ciliciis
3475 3832 3528 3875 (ιο

1987 3911 2168 3964 habitu
2205 3909 2410 3965 servari
2460 3909 2703 3963 ordinem
2735 3908 2953 3968 volunt.
3009 3907 3102 3961 sed
3145 3908 3271 3960 dant
3304 3908 3526 3977 intelligi

1987 4002 2125 4069 quod
2164 4001 2234 4054 sit
2270 3999 2462 4068 aliquis
2481 3999 2642 4053 etiam
2683 3998 2732 4050 in
2764 3998 2938 4050 anima
2971 3996 3122 4058 ordo,
3155 4000 3349 4064 dequo
3384 3997 3530 4050 dica-

1989 4101 2072 4144 tur
2103 4089 2246 4158 quod
2288 4089 2655 4156 unusquisque
2701 4087 2951 4140 incedere
2991 4087 3186 4138 debeat
3230 4081 3526 4138 secundum
3575 4093 3582 4100 '

1986 4177 2227 4231 ordinem
2255 4192 2434 4231 suum.
2457 4175 2556 4241 Qui
2587 4174 2719 4230 ordo
2747 4174 3016 4242 praecipue
3051 4173 3266 4241 quidem
3307 4187 3372 4225 ex
3401 4187 3528 4240 ope-
3579 4175 3591 4188 ‘

1989 4283 2104 4321 rum
2163 4268 2340 4320 fructu
2390 4266 2660 4320 indicatur
2693 4283 2705 4317 :
2738 4263 3082 4317 nihilominus
3124 4275 3300 4317 autem
3351 4273 3406 4316 et
3459 4277 3526 4316 ex

1989 4356 2382 4424 magniﬁcentia
2413 4370 2688 4411 sensuum.
2717 4353 2848 4407 Nam
2879 4368 3016 4420 saepe
3047 4355 3264 4419 accidit,
3287 4363 3342 4406 nt
3368 4354 3413 4407 is
3435 4357 3524 4421 qui

231 4449 593 4504 hau-editas
619 4455 794 4500 terra:
817 4441 1120 4504 dividitur;
1150 4439 1237 4492 ubi
1280 4439 1644 4505 unusquisque
1679 4437 1878 4504 requie-

1992 4445 2243 4498 humilem
2272 4459 2485 4498 sensum
2518 4443 2654 4512 gerit
2683 4443 3018 4511 etahjectum
3041 4483 3056 4507 ,
3091 4455 3145 4496 et
3182 4444 3270 4510 qui
3309 4452 3522 4496 terrena

237 4550 412 4594 scas
438 4542 526 4593 sub
555 4540 671 4590 lien
703 4547 829 4598 sua,
862 4539 917 4584 et
946 4530 1048 4584 sub
1076 4529 1188 4583 vite
1214 4543 1308 4581 sua
1339 4527 1408 4589 ⁷⁸,
1435 4535 1490 4579 et
1513 4541 1614 4578 non
1646 4525 1716 4578 sit
1743 4525 1882 4579 ultra

241 4630 380 4696 qui
429 4634 742 4682 exterreat.
797 4622 930 4685 Quae
975 4625 1171 4672 cuncta
1217 4614 1518 4684 magniﬁcis
1563 4615 1882 4682 praesignata

243 4705 610 4792 mysteriis,
647 4717 773 4782 ipse
805 4711 1065 4764 Dominus
1099 4706 1256 4760 Jesus
1283 4705 1335 4757 in
1378 4704 1460 4757 die
1501 4703 1763 4756 adventus
1801 4703 1880 4755 sui

247 4791 403 4866 non
433 4807 537 4873 jam
578 4820 684 4873 per
717 4800 999 4870 speculum
1029 4807 1083 4852 et
1109 4799 1163 4850 in
1189 4796 1474 4864 zenigmate
1496 4832 1510 4856 ,
1543 4793 1632 4845 sed
1659 4791 1792 4844 facie
1820 4791 1885 4843 ad

253 4899 484 4954 faciem
515 4900 564 4929 ⁷⁷
609 4913 667 4948 ιιι
699 4893 941 4946 veritate
980 4886 1276 4955 complebit
1329 4881 1652 4947 unicuique,
1698 4894 1886 4933 secun-

253 4991 438 5042 dum
474 4986 634 5057 quod
683 4985 804 5052 ipse
852 4978 1064 5033 noverit
1124 4957 1317 5028 merita
1371 4969 1693 5038 singulormn
1729 5009 1743 5033 ,
1793 4968 1880 5037 qui

258 5079 542 5145 cognitor
568 5075 768 5129 cordis
797 5079 902 5132 est,
923 5067 1007 5123 cui
1033 5065 1206 5135 gloria
1229 5071 1286 5116 et
1315 5058 1591 5126 imperium
1614 5058 1667 5112 in
1692 5058 1882 5112 saecula

257 5168 654 5224 mulorum.
694 5164 902 5216 Amen.

1069 5270 1142 5283 -ια

1989 4535 2148 4601 sapit,
2180 4532 2449 4588 excelsum
2477 4533 2760 4586 sacerdotii
2795 4535 3014 4599 gradum
3043 4571 3056 4594 ,
3098 4532 3178 4583 vel
3206 4532 3520 4585 cathedram

1991 4622 2224 4676 doctoris
2251 4621 2480 4675 insideat
2507 4619 2641 4690 (57);
2666 4629 2720 4673 et
2749 4620 2838 4673 ille
2867 4620 2958 4687 qui
2986 4619 3244 4687 Spiritalis
3274 4630 3356 4672 est
3375 4659 3388 4682 ,
3420 4627 3472 4672 et
3491 4635 3520 4670 a

1991 4719 2203 4763 terrena
2246 4709 2648 4763 conversatione
2685 4717 2790 4762 tam
2823 4708 2955 4762 liber
3007 4719 3064 4762 ut
3105 4710 3271 4776 possit
3318 4709 3524 4760 exami-

1990 4813 2116 4852 nare
2141 4799 2340 4862 omnia,
2362 4806 2417 4852 et
2437 4799 2552 4866 ipse
2578 4813 2608 4851 a
2648 4799 2861 4852 nemine
2890 4797 3118 4866 iudicari
3145 4837 3161 4862 ,
3190 4797 3272 4851 vel
3304 4797 3522 4851 inierin-

1991 4888 2065 4939 ris
2095 4887 2373 4940 ministerii
2401 4887 2640 4941 ordinem
2674 4895 2888 4950 teneat,
2918 4885 2999 4938 vel
3037 4886 3199 4937 etiam
3235 4887 3287 4938 in
3320 4883 3526 4951 plebeia

1989 4973 2330 5030 multitudine
2373 4973 2729 5042 relinquatur.
2780 4973 2885 5027 Sed
2932 4975 3034 5026 hoc
3080 4981 3161 5024 est
3194 4983 3248 5024 et
3293 4972 3421 5037 legis
3467 4980 3524 5025 et

1990 5061 2270 5129 Evangelii.
2309 5069 2508 5115 statuta
2561 5069 2937 5123 contemnere,
2967 5071 3020 5114 et
3066 5059 3196 5111 nihil
3230 5058 3520 5110 secundum

1990 5149 2229 5203 ordinem
2254 5164 2460 5218 gerere.
2491 5148 2597 5203 Sed
2625 5159 2680 5202 et
2715 5149 3079 5216 unusquisque
3117 5153 3362 5198 nostrum
3387 5143 3432 5194 si
3455 5144 3522 5194 de

1985 5241 2103 5294 cibo
2133 5247 2187 5293 et
2209 5248 2333 5309 potu
2361 5239 2622 5294 sollicitus
2642 5239 2734 5302 sit,
2757 5248 2808 5291 et
2831 5251 3038 5290 omnem
3071 5245 3250 5284 curam
3280 5229 3331 5280 in
3356 5235 3521 5282 rebus

339 5396 408 5427 "
459 5403 592 5455 Jos.
627 5409 748 5455 xw,
797 5390 885 5444 15.
963 5388 1012 5418 ⁷⁸
1049 5383 1248 5436 Matth.
1283 5395 1336 5444 v,
1377 5379 1432 5430 4.
1501 5378 1544 5408 ⁷⁸
1578 5377 1742 5431 Zach.
1769 5382 1878 5444 tu,i

2027 5383 2070 5414 ""
2109 5379 2278 5435 lCor.
2320 5397 2453 5443 xm,
2496 5380 2579 5432 l2.
2653 5380 2696 5409 ⁷⁸
2734 5377 2888 5429 Num.
2933 5390 2990 5435 ιι,
3033 5372 3079 5430 l,
3119 5367 3173 5416 2.
3246 5365 3291 5394 ⁷⁸
3331 5363 3353 5414 Ι
3392 5366 3524 5422 Cur.

240 5471 513 5526 x1v,4o,
583 5469 636 5499 ⁸ο
682 5464 799 5515 Tit.
843 5473 909 5520 ιι,
951 5456 1011 5507 '5.

357 5574 454 5664 55-)
499 5581 704 5642 led,
742 5570 1039 5639 Sagiensis
1069 5577 1124 5616 et
1154 5560 1554 5637 Bellovacensis,
1613 5578 1631 5610 ι
1656 5577 1863 5641 mare.)

357 5642 421 5664 ρ-
501 5657 551 5664 --
723 5632 1143 5664 Π-ΙΙΑιοηΛΔηΩἶέ
1201 5629 1515 5664 ἸἰΙΡιὶιιριιςις
1581 5641 1629 5664 ΔΙ
1685 5630 1863 5664 Ιΐιηιη..

357 5577 454 5664 51,-)
499 5581 704 5642 led,
742 5577 1039 5639 Sagiensis
1069 5577 1124 5616 et
1156 5577 1554 5623 Iseuovacenms,
1613 5578 1631 5610 ι
1656 5577 1819 5616 mare.
1847 5581 1863 5613 ι

318 5577 450 5729 ἱὸῖ)
499 5657 649 5710 διες,
723 5632 1165 5701 Bellovacensis,
1201 5629 1536 5703 'l'uroueusis,
1581 5641 1629 5678 et
1660 5630 1872 5707 .Ebruiw

318 5723 403 5729 η-.
593 5721 605 5729 .
693 5717 705 5727 .
735 5715 776 5729 ι,
829 5717 844 5729 ι
908 5723 923 5729 -
969 5699 1218 5729 νηιηιιιω
1241 5695 1487 5729 nulli-mm:
1522 5712 1537 5729 ι
1558 5698 1792 5729 nhmdnnl
1851 5717 1866 5729 ι

215 5694 482 5798 κιλεέ⁹
499 5694 870 5773 μὲνίῆδίᾇουῑ.
908 5723 928 5754 ι
969 5699 1219 5764 Vulgata:
1241 5694 1488 5746 editiones
1522 5712 1537 5742 ι
1558 5698 1816 5750 obsideat.
1850 5717 1866 5748 ι

1976 5562 2138 5615 Paulo
2161 5568 2281 5627 post
2307 5555 2784 5627 etedcmgeditinncs
2817 5572 2832 5600 ι
2861 5547 3092 5627 inpie-lic
3111 5556 3152 5627 Ma
3174 5538 3535 5627 τιξὶιξξξίιέξιῑξρδ

1982 5607 2674 5696 hé'tiuipiiuu-TT"seu’mm
2706 5637 2831 5670 mss.
2878 5607 3216 5669 Eliroicctts'ls
3252 5613 3307 5656 el
3356 5607 3538 5662 Belle-

1984 5699 2224 5752 vacensis
2256 5697 2389 5750 utin
2421 5701 2598 5747 nostro
2631 5698 2798 5742 textu.
