  <div class='ocr_page' id='page_1' title='image "/cluster/home/n/w/nwhite01/storage/ocr_20150623/12 (Origen; pt. 2)/nyp.33433081862272/303.png"; bbox 0 0 3838 6256; ppageno 0'>
   <div class='ocr_carea' id='block_1_1' title="bbox 220 264 1946 360">
    <p class='ocr_par' dir='ltr' id='par_1_1' title="bbox 220 264 1946 360">
     <span class='ocr_line' id='line_1_1' title="bbox 220 264 1946 360; baseline -0.001 -1"><span class='ocrx_word' id='word_1_1' title='bbox 220 304 311 359; x_wconf 71' lang='lat'><strong>33!</strong></span> <span class='ocrx_word' id='word_1_2' title='bbox 1076 264 1080 267; x_wconf 7' lang='lat' dir='ltr'><strong>i</strong></span> <span class='ocrx_word' id='word_1_3' title='bbox 1632 303 1946 360; x_wconf 83' lang='lat' dir='ltr'><strong>ORlGENlS</strong></span> 
     </span>
    </p>
   </div>
   <div class='ocr_carea' id='block_1_2' title="bbox 3559 288 3685 343">
    <p class='ocr_par' dir='ltr' id='par_1_2' title="bbox 3559 288 3685 343">
     <span class='ocr_line' id='line_1_2' title="bbox 3559 288 3685 343; baseline 0 0"><span class='ocrx_word' id='word_1_4' title='bbox 3559 288 3685 343; x_wconf 66' lang='lat'><strong>591</strong></span> 
     </span>
    </p>
   </div>
   <div class='ocr_carea' id='block_1_3' title="bbox 215 405 3683 487">
    <p class='ocr_par' dir='ltr' id='par_1_3' title="bbox 215 405 3683 487">
     <span class='ocr_line' id='line_1_3' title="bbox 215 405 3683 487; baseline -0.004 -14"><span class='ocrx_word' id='word_1_5' title='bbox 215 418 562 473; x_wconf 64' lang='lat' dir='ltr'><strong>saecularibus</strong></span> <span class='ocrx_word' id='word_1_6' title='bbox 607 428 777 487; x_wconf 86' lang='lat' dir='ltr'><strong>gerat,</strong></span> <span class='ocrx_word' id='word_1_7' title='bbox 815 432 968 471; x_wconf 81' lang='lat' dir='ltr'><strong>unam</strong></span> <span class='ocrx_word' id='word_1_8' title='bbox 997 433 1124 473; x_wconf 90' lang='lat' dir='ltr'><strong>vero</strong></span> <span class='ocrx_word' id='word_1_9' title='bbox 1166 429 1255 473; x_wconf 88' lang='lat' dir='ltr'><strong>aut</strong></span> <span class='ocrx_word' id='word_1_10' title='bbox 1309 420 1439 472; x_wconf 84' lang='lat' dir='ltr'><strong>duas</strong></span> <span class='ocrx_word' id='word_1_11' title='bbox 1486 421 1646 475; x_wconf 87' lang='lat' dir='ltr'><strong>horas</strong></span> <span class='ocrx_word' id='word_1_12' title='bbox 1686 436 1748 474; x_wconf 80' lang='lat' dir='ltr'><strong>ex</strong></span> <span class='ocrx_word' id='word_1_13' title='bbox 1781 427 1824 480; x_wconf 84' lang='lat' dir='ltr'><strong>A</strong></span> <span class='ocrx_word' id='word_1_14' title='bbox 1855 419 2194 483; x_wconf 89' lang='lat' dir='ltr'><strong>hominibus,</strong></span> <span class='ocrx_word' id='word_1_15' title='bbox 2231 425 2388 471; x_wconf 85' lang='lat' dir='ltr'><strong>tanta</strong></span> <span class='ocrx_word' id='word_1_16' title='bbox 2417 425 2477 472; x_wconf 88' lang='lat' dir='ltr'><strong>et</strong></span> <span class='ocrx_word' id='word_1_17' title='bbox 2509 419 2568 470; x_wconf 90' lang='lat' dir='ltr'><strong>in</strong></span> <span class='ocrx_word' id='word_1_18' title='bbox 2605 415 2833 471; x_wconf 85' lang='lat' dir='ltr'><strong>animis</strong></span> <span class='ocrx_word' id='word_1_19' title='bbox 2879 411 3247 466; x_wconf 87' lang='lat' dir='ltr'><strong>invenitur</strong></span> <span class='ocrx_word' id='word_1_20' title='bbox 3295 420 3458 461; x_wconf 81' lang='lat' dir='ltr'><strong>esse</strong></span> <span class='ocrx_word' id='word_1_21' title='bbox 3492 405 3683 458; x_wconf 66' lang='lat' dir='ltr'><strong>diffe-</strong></span> 
     </span>
    </p>
   </div>
   <div class='ocr_carea' id='block_1_4' title="bbox 220 509 1745 577">
    <p class='ocr_par' dir='ltr' id='par_1_4' title="bbox 220 509 1745 577">
     <span class='ocr_line' id='line_1_4' title="bbox 220 509 1745 577; baseline 0 -15"><span class='ocrx_word' id='word_1_22' title='bbox 220 509 426 576; x_wconf 86' lang='lat' dir='ltr'><strong>integro</strong></span> <span class='ocrx_word' id='word_1_23' title='bbox 468 509 552 562; x_wconf 86' lang='lat' dir='ltr'><strong>die</strong></span> <span class='ocrx_word' id='word_1_24' title='bbox 585 509 742 562; x_wconf 90' lang='lat' dir='ltr'><strong>etiam</strong></span> <span class='ocrx_word' id='word_1_25' title='bbox 793 510 900 563; x_wconf 83' lang='lat' dir='ltr'><strong>Deo</strong></span> <span class='ocrx_word' id='word_1_26' title='bbox 941 509 1176 577; x_wconf 86' lang='lat' dir='ltr'><strong>deputet,</strong></span> <span class='ocrx_word' id='word_1_27' title='bbox 1228 520 1281 564; x_wconf 90' lang='lat' dir='ltr'><strong>ct</strong></span> <span class='ocrx_word' id='word_1_28' title='bbox 1331 513 1398 565; x_wconf 90' lang='lat' dir='ltr'><strong>ad</strong></span> <span class='ocrx_word' id='word_1_29' title='bbox 1444 513 1745 565; x_wconf 88' lang='lat' dir='ltr'><strong>orationem</strong></span> 
     </span>
    </p>
   </div>
   <div class='ocr_carea' id='block_1_5' title="bbox 215 595 1744 658">
    <p class='ocr_par' dir='ltr' id='par_1_5' title="bbox 215 595 1744 658">
     <span class='ocr_line' id='line_1_5' title="bbox 215 595 1744 658; baseline 0.001 -9"><span class='ocrx_word' id='word_1_30' title='bbox 215 597 394 650; x_wconf 71' lang='lat' dir='ltr'><strong>Veniat</strong></span> <span class='ocrx_word' id='word_1_31' title='bbox 445 595 495 648; x_wconf 92' lang='lat' dir='ltr'><strong>iu</strong></span> <span class='ocrx_word' id='word_1_32' title='bbox 537 595 839 658; x_wconf 89' lang='lat' dir='ltr'><strong>ecclesiam,</strong></span> <span class='ocrx_word' id='word_1_33' title='bbox 886 597 968 649; x_wconf 83' lang='lat' dir='ltr'><strong>vel</strong></span> <span class='ocrx_word' id='word_1_34' title='bbox 1027 598 1076 650; x_wconf 93' lang='lat' dir='ltr'><strong>in</strong></span> <span class='ocrx_word' id='word_1_35' title='bbox 1130 599 1355 651; x_wconf 92' lang='lat' dir='ltr'><strong>transitu</strong></span> <span class='ocrx_word' id='word_1_36' title='bbox 1406 600 1622 652; x_wconf 82' lang='lat' dir='ltr'><strong>verbum</strong></span> <span class='ocrx_word' id='word_1_37' title='bbox 1655 599 1744 650; x_wconf 88' lang='lat' dir='ltr'><strong>Dei</strong></span> 
     </span>
    </p>
   </div>
   <div class='ocr_carea' id='block_1_6' title="bbox 213 683 1744 753">
    <p class='ocr_par' dir='ltr' id='par_1_6' title="bbox 213 683 1744 753">
     <span class='ocr_line' id='line_1_6' title="bbox 213 683 1744 753; baseline 0.001 -17"><span class='ocrx_word' id='word_1_38' title='bbox 213 683 415 745; x_wconf 87' lang='lat' dir='ltr'><strong>audiat,</strong></span> <span class='ocrx_word' id='word_1_39' title='bbox 455 683 776 750; x_wconf 79' lang='lat' dir='ltr'><strong>praecipuam</strong></span> <span class='ocrx_word' id='word_1_40' title='bbox 809 698 933 735; x_wconf 88' lang='lat' dir='ltr'><strong>vero</strong></span> <span class='ocrx_word' id='word_1_41' title='bbox 964 699 1145 736; x_wconf 90' lang='lat' dir='ltr'><strong>curam</strong></span> <span class='ocrx_word' id='word_1_42' title='bbox 1177 700 1297 753; x_wconf 84' lang='lat' dir='ltr'><strong>erga</strong></span> <span class='ocrx_word' id='word_1_43' title='bbox 1334 687 1744 740; x_wconf 77' lang='lat' dir='ltr'><strong>sollicitudinem</strong></span> 
     </span>
    </p>
   </div>
   <div class='ocr_carea' id='block_1_7' title="bbox 213 771 1741 842">
    <p class='ocr_par' dir='ltr' id='par_1_7' title="bbox 213 771 1741 842">
     <span class='ocr_line' id='line_1_7' title="bbox 213 771 1741 842; baseline 0.001 -17"><span class='ocrx_word' id='word_1_44' title='bbox 213 771 392 825; x_wconf 68' lang='lat' dir='ltr'><strong>smculi</strong></span> <span class='ocrx_word' id='word_1_45' title='bbox 425 779 479 824; x_wconf 90' lang='lat' dir='ltr'><strong>et</strong></span> <span class='ocrx_word' id='word_1_46' title='bbox 501 771 701 824; x_wconf 85' lang='lat' dir='ltr'><strong>ventris</strong></span> <span class='ocrx_word' id='word_1_47' title='bbox 735 772 1001 840; x_wconf 76' lang='lat' dir='ltr'><strong>expendet</strong></span> <span class='ocrx_word' id='word_1_48' title='bbox 1028 791 1041 826; x_wconf 89' lang='lat'>:</span> <span class='ocrx_word' id='word_1_49' title='bbox 1081 774 1179 826; x_wconf 88' lang='lat' dir='ltr'><strong>iste</strong></span> <span class='ocrx_word' id='word_1_50' title='bbox 1208 789 1310 826; x_wconf 90' lang='lat' dir='ltr'><strong>non</strong></span> <span class='ocrx_word' id='word_1_51' title='bbox 1344 775 1572 842; x_wconf 86' lang='lat' dir='ltr'><strong>complet</strong></span> <span class='ocrx_word' id='word_1_52' title='bbox 1595 791 1741 829; x_wconf 84' lang='lat' dir='ltr'><strong>ruan-</strong></span> 
     </span>
    </p>
   </div>
   <div class='ocr_carea' id='block_1_8' title="bbox 213 846 1743 953">
    <p class='ocr_par' dir='ltr' id='par_1_8' title="bbox 213 846 1743 953">
     <span class='ocr_line' id='line_1_8' title="bbox 213 846 1743 953; baseline 0.001 -35"><span class='ocrx_word' id='word_1_53' title='bbox 213 867 392 918; x_wconf 91' lang='lat' dir='ltr'><strong>datum</strong></span> <span class='ocrx_word' id='word_1_54' title='bbox 439 846 575 930; x_wconf 86' lang='lat' dir='ltr'><strong>quod</strong></span> <span class='ocrx_word' id='word_1_55' title='bbox 640 864 788 926; x_wconf 87' lang='lat' dir='ltr'><strong>dicit,</strong></span> <span class='ocrx_word' id='word_1_56' title='bbox 847 872 902 916; x_wconf 91' lang='lat' dir='ltr'><strong>ut</strong></span> <span class='ocrx_word' id='word_1_57' title='bbox 948 864 1106 917; x_wconf 89' lang='lat' dir='ltr'><strong>homo</strong></span> <span class='ocrx_word' id='word_1_58' title='bbox 1160 865 1450 926; x_wconf 86' lang='lat' dir='ltr'><strong>secundum</strong></span> <span class='ocrx_word' id='word_1_59' title='bbox 1505 868 1743 953; x_wconf 71' lang='lat' dir='ltr'><strong>ordinem</strong></span> 
     </span>
    </p>
   </div>
   <div class='ocr_carea' id='block_1_9' title="bbox 210 953 1742 1019">
    <p class='ocr_par' dir='ltr' id='par_1_9' title="bbox 210 953 1742 1019">
     <span class='ocr_line' id='line_1_9' title="bbox 210 953 1742 1019; baseline 0.002 -13"><span class='ocrx_word' id='word_1_60' title='bbox 210 969 362 1006; x_wconf 93' lang='lat' dir='ltr'><strong>suum</strong></span> <span class='ocrx_word' id='word_1_61' title='bbox 395 954 641 1017; x_wconf 90' lang='lat' dir='ltr'><strong>incedat,</strong></span> <span class='ocrx_word' id='word_1_62' title='bbox 677 953 759 1007; x_wconf 89' lang='lat' dir='ltr'><strong>vel</strong></span> <span class='ocrx_word' id='word_1_63' title='bbox 792 953 930 1019; x_wconf 90' lang='lat' dir='ltr'><strong>quod</strong></span> <span class='ocrx_word' id='word_1_64' title='bbox 965 953 1115 1014; x_wconf 87' lang='lat' dir='ltr'><strong>dicit,</strong></span> <span class='ocrx_word' id='word_1_65' title='bbox 1150 964 1208 1008; x_wconf 94' lang='lat' dir='ltr'><strong>ut</strong></span> <span class='ocrx_word' id='word_1_66' title='bbox 1237 957 1412 1008; x_wconf 80' lang='lat' dir='ltr'><strong>omnia</strong></span> <span class='ocrx_word' id='word_1_67' title='bbox 1453 959 1742 1010; x_wconf 89' lang='lat' dir='ltr'><strong>secundum</strong></span> 
     </span>
    </p>
   </div>
   <div class='ocr_carea' id='block_1_10' title="bbox 209 1042 1742 1110">
    <p class='ocr_par' dir='ltr' id='par_1_10' title="bbox 209 1042 1742 1110">
     <span class='ocr_line' id='line_1_10' title="bbox 209 1042 1742 1110; baseline 0.003 -14"><span class='ocrx_word' id='word_1_68' title='bbox 209 1044 449 1096; x_wconf 87' lang='lat' dir='ltr'><strong>ordinem</strong></span> <span class='ocrx_word' id='word_1_69' title='bbox 506 1042 656 1094; x_wconf 83' lang='lat' dir='ltr'><strong>ﬁant.</strong></span> <span class='ocrx_word' id='word_1_70' title='bbox 690 1043 830 1094; x_wconf 88' lang='lat' dir='ltr'><strong>Ordo</strong></span> <span class='ocrx_word' id='word_1_71' title='bbox 879 1050 960 1094; x_wconf 90' lang='lat' dir='ltr'><strong>est</strong></span> <span class='ocrx_word' id='word_1_72' title='bbox 993 1043 1133 1095; x_wconf 90' lang='lat' dir='ltr'><strong>enim</strong></span> <span class='ocrx_word' id='word_1_73' title='bbox 1163 1053 1394 1098; x_wconf 88' lang='lat' dir='ltr'><strong>statutus</strong></span> <span class='ocrx_word' id='word_1_74' title='bbox 1437 1061 1464 1098; x_wconf 89' lang='lat' dir='ltr'><strong>a</strong></span> <span class='ocrx_word' id='word_1_75' title='bbox 1507 1047 1742 1110; x_wconf 83' lang='lat' dir='ltr'><strong>Christo,</strong></span> 
     </span>
    </p>
   </div>
   <div class='ocr_carea' id='block_1_11' title="bbox 207 1131 1745 1201">
    <p class='ocr_par' dir='ltr' id='par_1_11' title="bbox 207 1131 1745 1201">
     <span class='ocr_line' id='line_1_11' title="bbox 207 1131 1745 1201; baseline 0.003 -16"><span class='ocrx_word' id='word_1_76' title='bbox 207 1146 447 1201; x_wconf 64' lang='lat' dir='ltr'><strong>quaerere</strong></span> <span class='ocrx_word' id='word_1_77' title='bbox 474 1134 619 1199; x_wconf 91' lang='lat' dir='ltr'><strong>prius</strong></span> <span class='ocrx_word' id='word_1_78' title='bbox 649 1147 867 1200; x_wconf 88' lang='lat' dir='ltr'><strong>regmnn</strong></span> <span class='ocrx_word' id='word_1_79' title='bbox 907 1131 996 1186; x_wconf 87' lang='lat' dir='ltr'><strong>Dei</strong></span> <span class='ocrx_word' id='word_1_80' title='bbox 1035 1143 1088 1185; x_wconf 91' lang='lat' dir='ltr'><strong>ct</strong></span> <span class='ocrx_word' id='word_1_81' title='bbox 1112 1131 1374 1199; x_wconf 86' lang='lat' dir='ltr'><strong>justitiam</strong></span> <span class='ocrx_word' id='word_1_82' title='bbox 1407 1133 1520 1201; x_wconf 87' lang='lat' dir='ltr'><strong>ejus</strong></span> <span class='ocrx_word' id='word_1_83' title='bbox 1551 1145 1603 1190; x_wconf 92' lang='lat' dir='ltr'><strong>et</strong></span> <span class='ocrx_word' id='word_1_84' title='bbox 1627 1151 1745 1190; x_wconf 88' lang='lat' dir='ltr'><strong>cre-</strong></span> 
     </span>
    </p>
   </div>
   <div class='ocr_carea' id='block_1_12' title="bbox 206 1220 1740 1290">
    <p class='ocr_par' dir='ltr' id='par_1_12' title="bbox 206 1220 1740 1290">
     <span class='ocr_line' id='line_1_12' title="bbox 206 1220 1740 1290; baseline 0.003 -18"><span class='ocrx_word' id='word_1_85' title='bbox 206 1225 332 1275; x_wconf 85' lang='lat' dir='ltr'><strong>dere</strong></span> <span class='ocrx_word' id='word_1_86' title='bbox 376 1222 515 1289; x_wconf 88' lang='lat' dir='ltr'><strong>quod</strong></span> <span class='ocrx_word' id='word_1_87' title='bbox 547 1220 779 1273; x_wconf 88' lang='lat' dir='ltr'><strong>secundo</strong></span> <span class='ocrx_word' id='word_1_88' title='bbox 817 1220 931 1272; x_wconf 90' lang='lat' dir='ltr'><strong>loco</strong></span> <span class='ocrx_word' id='word_1_89' title='bbox 962 1221 1070 1272; x_wconf 73' lang='lat' dir='ltr'><strong>lucc</strong></span> <span class='ocrx_word' id='word_1_90' title='bbox 1112 1221 1260 1274; x_wconf 90' lang='lat' dir='ltr'><strong>nobis</strong></span> <span class='ocrx_word' id='word_1_91' title='bbox 1303 1232 1634 1290; x_wconf 86' lang='lat' dir='ltr'><strong>apponantur</strong></span> <span class='ocrx_word' id='word_1_92' title='bbox 1674 1225 1740 1278; x_wconf 74' lang='grc'><strong>³³.</strong></span> 
     </span>
    </p>
   </div>
   <div class='ocr_carea' id='block_1_13' title="bbox 208 1309 1745 1378">
    <p class='ocr_par' dir='ltr' id='par_1_13' title="bbox 208 1309 1745 1378">
     <span class='ocr_line' id='line_1_13' title="bbox 208 1309 1745 1378; baseline 0.002 -15"><span class='ocrx_word' id='word_1_93' title='bbox 208 1313 374 1364; x_wconf 83' lang='lat' dir='ltr'><strong>llomo</strong></span> <span class='ocrx_word' id='word_1_94' title='bbox 400 1325 526 1378; x_wconf 85' lang='lat' dir='ltr'><strong>ergo</strong></span> <span class='ocrx_word' id='word_1_95' title='bbox 559 1310 845 1362; x_wconf 87' lang='lat' dir='ltr'><strong>secundum</strong></span> <span class='ocrx_word' id='word_1_96' title='bbox 892 1309 1132 1362; x_wconf 86' lang='lat' dir='ltr'><strong>ordinem</strong></span> <span class='ocrx_word' id='word_1_97' title='bbox 1169 1325 1319 1364; x_wconf 90' lang='lat' dir='ltr'><strong>suum</strong></span> <span class='ocrx_word' id='word_1_98' title='bbox 1367 1312 1594 1366; x_wconf 80' lang='lat' dir='ltr'><strong>incedat.</strong></span> <span class='ocrx_word' id='word_1_99' title='bbox 1641 1313 1745 1366; x_wconf 87' lang='lat' dir='ltr'><strong>Pu-</strong></span> 
     </span>
    </p>
   </div>
   <div class='ocr_carea' id='block_1_14' title="bbox 205 1396 1740 1466">
    <p class='ocr_par' dir='ltr' id='par_1_14' title="bbox 205 1396 1740 1466">
     <span class='ocr_line' id='line_1_14' title="bbox 205 1396 1740 1466; baseline 0.004 -16"><span class='ocrx_word' id='word_1_100' title='bbox 205 1410 355 1453; x_wconf 90' lang='lat' dir='ltr'><strong>tasne</strong></span> <span class='ocrx_word' id='word_1_101' title='bbox 399 1399 486 1466; x_wconf 91' lang='lat' dir='ltr'><strong>qui</strong></span> <span class='ocrx_word' id='word_1_102' title='bbox 543 1397 845 1450; x_wconf 89' lang='lat' dir='ltr'><strong>sacerdotio</strong></span> <span class='ocrx_word' id='word_1_103' title='bbox 896 1396 1210 1466; x_wconf 83' lang='lat' dir='ltr'><strong>funguntur,</strong></span> <span class='ocrx_word' id='word_1_104' title='bbox 1247 1399 1379 1453; x_wconf 87' lang='lat' dir='ltr'><strong>etin</strong></span> <span class='ocrx_word' id='word_1_105' title='bbox 1421 1401 1740 1456; x_wconf 87' lang='lat' dir='ltr'><strong>sacerdotali</strong></span> 
     </span>
    </p>
   </div>
   <div class='ocr_carea' id='block_1_15' title="bbox 202 1488 1742 1556">
    <p class='ocr_par' dir='ltr' id='par_1_15' title="bbox 202 1488 1742 1556">
     <span class='ocr_line' id='line_1_15' title="bbox 202 1488 1742 1556; baseline 0.004 -17"><span class='ocrx_word' id='word_1_106' title='bbox 202 1491 390 1544; x_wconf 81' lang='lat' dir='ltr'><strong>ordine</strong></span> <span class='ocrx_word' id='word_1_107' title='bbox 427 1489 742 1556; x_wconf 79' lang='lat' dir='ltr'><strong>gloriantur,</strong></span> <span class='ocrx_word' id='word_1_108' title='bbox 790 1488 1080 1541; x_wconf 89' lang='lat' dir='ltr'><strong>secundmu</strong></span> <span class='ocrx_word' id='word_1_109' title='bbox 1118 1489 1356 1542; x_wconf 90' lang='lat' dir='ltr'><strong>ordinem</strong></span> <span class='ocrx_word' id='word_1_110' title='bbox 1406 1506 1557 1544; x_wconf 90' lang='lat' dir='ltr'><strong>suum</strong></span> <span class='ocrx_word' id='word_1_111' title='bbox 1598 1492 1742 1546; x_wconf 89' lang='lat' dir='ltr'><strong>ince-</strong></span> 
     </span>
    </p>
   </div>
   <div class='ocr_carea' id='block_1_16' title="bbox 202 1579 1742 1650">
    <p class='ocr_par' dir='ltr' id='par_1_16' title="bbox 202 1579 1742 1650">
     <span class='ocr_line' id='line_1_16' title="bbox 202 1579 1742 1650; baseline 0.001 -16"><span class='ocrx_word' id='word_1_112' title='bbox 202 1582 352 1644; x_wconf 90' lang='lat' dir='ltr'><strong>dunt,</strong></span> <span class='ocrx_word' id='word_1_113' title='bbox 401 1587 644 1650; x_wconf 85' lang='lat' dir='ltr'><strong>et_agunt</strong></span> <span class='ocrx_word' id='word_1_114' title='bbox 670 1579 846 1632; x_wconf 90' lang='lat' dir='ltr'><strong>omnia</strong></span> <span class='ocrx_word' id='word_1_115' title='bbox 878 1593 994 1646; x_wconf 73' lang='lat' dir='ltr'><strong>quae</strong></span> <span class='ocrx_word' id='word_1_116' title='bbox 1029 1579 1117 1632; x_wconf 90' lang='lat' dir='ltr'><strong>illo</strong></span> <span class='ocrx_word' id='word_1_117' title='bbox 1149 1581 1338 1633; x_wconf 84' lang='lat' dir='ltr'><strong>ordine</strong></span> <span class='ocrx_word' id='word_1_118' title='bbox 1381 1581 1536 1650; x_wconf 88' lang='lat' dir='ltr'><strong>digna</strong></span> <span class='ocrx_word' id='word_1_119' title='bbox 1571 1585 1742 1636; x_wconf 87' lang='lat' dir='ltr'><strong>sunt?</strong></span> 
     </span>
    </p>
   </div>
   <div class='ocr_carea' id='block_1_17' title="bbox 202 1665 1737 1734">
    <p class='ocr_par' dir='ltr' id='par_1_17' title="bbox 202 1665 1737 1734">
     <span class='ocr_line' id='line_1_17' title="bbox 202 1665 1737 1734; baseline -0.001 -11"><span class='ocrx_word' id='word_1_120' title='bbox 202 1669 650 1723; x_wconf 88' lang='lat' dir='ltr'><strong>Similiterautem</strong></span> <span class='ocrx_word' id='word_1_121' title='bbox 680 1674 734 1720; x_wconf 91' lang='lat' dir='ltr'><strong>et</strong></span> <span class='ocrx_word' id='word_1_122' title='bbox 761 1665 971 1718; x_wconf 88' lang='lat' dir='ltr'><strong>diaconi</strong></span> <span class='ocrx_word' id='word_1_123' title='bbox 1003 1678 1169 1734; x_wconf 83' lang='lat' dir='ltr'><strong>putas-</strong></span> <span class='ocrx_word' id='word_1_124' title='bbox 1185 1668 1472 1721; x_wconf 91' lang='lat' dir='ltr'><strong>secundum</strong></span> <span class='ocrx_word' id='word_1_125' title='bbox 1497 1670 1737 1723; x_wconf 88' lang='lat' dir='ltr'><strong>ordinem</strong></span> 
     </span>
    </p>
   </div>
   <div class='ocr_carea' id='block_1_18' title="bbox 201 1755 1740 1829">
    <p class='ocr_par' dir='ltr' id='par_1_18' title="bbox 201 1755 1740 1829">
     <span class='ocr_line' id='line_1_18' title="bbox 201 1755 1740 1829; baseline 0.003 -18"><span class='ocrx_word' id='word_1_126' title='bbox 201 1757 481 1811; x_wconf 88' lang='lat' dir='ltr'><strong>ministerii</strong></span> <span class='ocrx_word' id='word_1_127' title='bbox 517 1756 598 1809; x_wconf 85' lang='lat' dir='ltr'><strong>sui</strong></span> <span class='ocrx_word' id='word_1_128' title='bbox 632 1755 924 1809; x_wconf 89' lang='lat' dir='ltr'><strong>incedunt?</strong></span> <span class='ocrx_word' id='word_1_129' title='bbox 978 1756 1044 1810; x_wconf 86' lang='lat' dir='ltr'><strong>Et</strong></span> <span class='ocrx_word' id='word_1_130' title='bbox 1099 1757 1237 1810; x_wconf 88' lang='lat' dir='ltr'><strong>unde</strong></span> <span class='ocrx_word' id='word_1_131' title='bbox 1293 1767 1371 1812; x_wconf 89' lang='lat' dir='ltr'><strong>est</strong></span> <span class='ocrx_word' id='word_1_132' title='bbox 1418 1759 1559 1825; x_wconf 90' lang='lat' dir='ltr'><strong>quod</strong></span> <span class='ocrx_word' id='word_1_133' title='bbox 1602 1774 1740 1829; x_wconf 59' lang='lat' dir='ltr'><strong>saepe</strong></span> 
     </span>
    </p>
   </div>
   <div class='ocr_carea' id='block_1_19' title="bbox 200 1845 1740 1914">
    <p class='ocr_par' dir='ltr' id='par_1_19' title="bbox 200 1845 1740 1914">
     <span class='ocr_line' id='line_1_19' title="bbox 200 1845 1740 1914; baseline 0.005 -16"><span class='ocrx_word' id='word_1_134' title='bbox 200 1848 444 1900; x_wconf 81' lang='lat' dir='ltr'><strong>audimus</strong></span> <span class='ocrx_word' id='word_1_135' title='bbox 490 1845 858 1912; x_wconf 88' lang='lat' dir='ltr'><strong>blasphemare</strong></span> <span class='ocrx_word' id='word_1_136' title='bbox 916 1846 1181 1911; x_wconf 85' lang='lat' dir='ltr'><strong>homines,</strong></span> <span class='ocrx_word' id='word_1_137' title='bbox 1235 1859 1288 1902; x_wconf 93' lang='lat' dir='ltr'><strong>et</strong></span> <span class='ocrx_word' id='word_1_138' title='bbox 1333 1849 1556 1914; x_wconf 89' lang='lat' dir='ltr'><strong>dicere,</strong></span> <span class='ocrx_word' id='word_1_139' title='bbox 1603 1850 1740 1906; x_wconf 86' lang='lat' dir='ltr'><strong>Ecce</strong></span> 
     </span>
    </p>
   </div>
   <div class='ocr_carea' id='block_1_20' title="bbox 199 1935 1739 2009">
    <p class='ocr_par' dir='ltr' id='par_1_20' title="bbox 199 1935 1739 2009">
     <span class='ocr_line' id='line_1_20' title="bbox 199 1935 1739 2009; baseline 0.005 -22"><span class='ocrx_word' id='word_1_140' title='bbox 199 1936 370 2002; x_wconf 83' lang='lat' dir='ltr'><strong>qualis</strong></span> <span class='ocrx_word' id='word_1_141' title='bbox 405 1935 686 2002; x_wconf 82' lang='lat' dir='ltr'><strong>cpiscopus</strong></span> <span class='ocrx_word' id='word_1_142' title='bbox 710 1974 724 1998; x_wconf 95' lang='lat'><strong>,</strong></span> <span class='ocrx_word' id='word_1_143' title='bbox 771 1944 862 1987; x_wconf 89' lang='lat' dir='ltr'><strong>aut</strong></span> <span class='ocrx_word' id='word_1_144' title='bbox 897 1935 1069 2004; x_wconf 81' lang='lat' dir='ltr'><strong>qualis</strong></span> <span class='ocrx_word' id='word_1_145' title='bbox 1113 1937 1414 2007; x_wconf 80' lang='lat' dir='ltr'><strong>presbyter,</strong></span> <span class='ocrx_word' id='word_1_146' title='bbox 1454 1941 1534 1994; x_wconf 90' lang='lat' dir='ltr'><strong>vel</strong></span> <span class='ocrx_word' id='word_1_147' title='bbox 1567 1942 1739 2009; x_wconf 87' lang='lat' dir='ltr'><strong>qualis</strong></span> 
     </span>
    </p>
   </div>
   <div class='ocr_carea' id='block_1_21' title="bbox 198 2023 1739 2089">
    <p class='ocr_par' dir='ltr' id='par_1_21' title="bbox 198 2023 1739 2089">
     <span class='ocr_line' id='line_1_21' title="bbox 198 2023 1739 2089; baseline 0.006 -14"><span class='ocrx_word' id='word_1_148' title='bbox 198 2025 494 2078; x_wconf 84' lang='lat' dir='ltr'><strong>diaconus?</strong></span> <span class='ocrx_word' id='word_1_149' title='bbox 539 2023 724 2076; x_wconf 82' lang='lat' dir='ltr'><strong>Nonne</strong></span> <span class='ocrx_word' id='word_1_150' title='bbox 777 2025 886 2076; x_wconf 75' lang='lat' dir='ltr'><strong>hmc</strong></span> <span class='ocrx_word' id='word_1_151' title='bbox 936 2025 1204 2089; x_wconf 87' lang='lat' dir='ltr'><strong>dicuntur,</strong></span> <span class='ocrx_word' id='word_1_152' title='bbox 1254 2028 1341 2080; x_wconf 93' lang='lat' dir='ltr'><strong>ubi</strong></span> <span class='ocrx_word' id='word_1_153' title='bbox 1377 2029 1456 2081; x_wconf 89' lang='lat' dir='ltr'><strong>vel</strong></span> <span class='ocrx_word' id='word_1_154' title='bbox 1489 2030 1739 2084; x_wconf 86' lang='lat' dir='ltr'><strong>sacerdos</strong></span> 
     </span>
    </p>
   </div>
   <div class='ocr_carea' id='block_1_22' title="bbox 198 2113 1735 2185">
    <p class='ocr_par' dir='ltr' id='par_1_22' title="bbox 198 2113 1735 2185">
     <span class='ocr_line' id='line_1_22' title="bbox 198 2113 1735 2185; baseline 0.007 -21"><span class='ocrx_word' id='word_1_155' title='bbox 198 2113 280 2165; x_wconf 87' lang='lat' dir='ltr'><strong>vel</strong></span> <span class='ocrx_word' id='word_1_156' title='bbox 311 2113 552 2166; x_wconf 89' lang='lat' dir='ltr'><strong>minister</strong></span> <span class='ocrx_word' id='word_1_157' title='bbox 586 2113 675 2166; x_wconf 88' lang='lat' dir='ltr'><strong>Dei</strong></span> <span class='ocrx_word' id='word_1_158' title='bbox 708 2127 866 2166; x_wconf 89' lang='lat' dir='ltr'><strong>ausus</strong></span> <span class='ocrx_word' id='word_1_159' title='bbox 897 2113 1056 2166; x_wconf 89' lang='lat' dir='ltr'><strong>fuerit</strong></span> <span class='ocrx_word' id='word_1_160' title='bbox 1083 2115 1135 2166; x_wconf 93' lang='lat' dir='ltr'><strong>in</strong></span> <span class='ocrx_word' id='word_1_161' title='bbox 1169 2115 1346 2185; x_wconf 85' lang='lat' dir='ltr'><strong>aliquo</strong></span> <span class='ocrx_word' id='word_1_162' title='bbox 1372 2129 1558 2172; x_wconf 91' lang='lat' dir='ltr'><strong>contra</strong></span> <span class='ocrx_word' id='word_1_163' title='bbox 1587 2121 1735 2174; x_wconf 91' lang='lat' dir='ltr'><strong>ordi-</strong></span> 
     </span>
    </p>
   </div>
   <div class='ocr_carea' id='block_1_23' title="bbox 201 2198 1736 2269">
    <p class='ocr_par' dir='ltr' id='par_1_23' title="bbox 201 2198 1736 2269">
     <span class='ocr_line' id='line_1_23' title="bbox 201 2198 1736 2269; baseline 0.007 -15"><span class='ocrx_word' id='word_1_164' title='bbox 201 2218 318 2256; x_wconf 84' lang='lat' dir='ltr'><strong>ncm</strong></span> <span class='ocrx_word' id='word_1_165' title='bbox 359 2217 510 2256; x_wconf 92' lang='lat' dir='ltr'><strong>suum</strong></span> <span class='ocrx_word' id='word_1_166' title='bbox 557 2203 758 2262; x_wconf 89' lang='lat' dir='ltr'><strong>venire,</strong></span> <span class='ocrx_word' id='word_1_167' title='bbox 791 2210 844 2254; x_wconf 90' lang='lat' dir='ltr'><strong>et</strong></span> <span class='ocrx_word' id='word_1_168' title='bbox 881 2198 1308 2269; x_wconf 35' lang='lat' dir='ltr'><strong>aliquid-contra</strong></span> <span class='ocrx_word' id='word_1_169' title='bbox 1351 2209 1736 2265; x_wconf 87' lang='lat' dir='ltr'><strong>sacerdotalem</strong></span> 
     </span>
    </p>
   </div>
   <div class='ocr_carea' id='block_1_24' title="bbox 200 2289 1737 2359">
    <p class='ocr_par' dir='ltr' id='par_1_24' title="bbox 200 2289 1737 2359">
     <span class='ocr_line' id='line_1_24' title="bbox 200 2289 1737 2359; baseline 0.008 -17"><span class='ocrx_word' id='word_1_170' title='bbox 200 2291 280 2344; x_wconf 85' lang='lat' dir='ltr'><strong>vel</strong></span> <span class='ocrx_word' id='word_1_171' title='bbox 328 2290 616 2344; x_wconf 83' lang='lat' dir='ltr'><strong>Leviticum</strong></span> <span class='ocrx_word' id='word_1_172' title='bbox 657 2289 896 2343; x_wconf 89' lang='lat' dir='ltr'><strong>ordinem</strong></span> <span class='ocrx_word' id='word_1_173' title='bbox 941 2291 1164 2359; x_wconf 81' lang='lat' dir='ltr'><strong>gerere?</strong></span> <span class='ocrx_word' id='word_1_174' title='bbox 1215 2293 1348 2359; x_wconf 84' lang='lat' dir='ltr'><strong>Quid</strong></span> <span class='ocrx_word' id='word_1_175' title='bbox 1379 2306 1552 2352; x_wconf 90' lang='lat' dir='ltr'><strong>autem</strong></span> <span class='ocrx_word' id='word_1_176' title='bbox 1594 2309 1647 2354; x_wconf 89' lang='lat' dir='ltr'><strong>et</strong></span> <span class='ocrx_word' id='word_1_177' title='bbox 1674 2303 1737 2356; x_wconf 85' lang='lat' dir='ltr'><strong>de</strong></span> 
     </span>
    </p>
   </div>
   <div class='ocr_carea' id='block_1_25' title="bbox 199 2379 1737 2449">
    <p class='ocr_par' dir='ltr' id='par_1_25' title="bbox 199 2379 1737 2449">
     <span class='ocr_line' id='line_1_25' title="bbox 199 2379 1737 2449; baseline 0.008 -18"><span class='ocrx_word' id='word_1_178' title='bbox 199 2379 491 2449; x_wconf 80' lang='lat' dir='ltr'><strong>virginibus</strong></span> <span class='ocrx_word' id='word_1_179' title='bbox 524 2379 720 2445; x_wconf 89' lang='lat' dir='ltr'><strong>dicam,</strong></span> <span class='ocrx_word' id='word_1_180' title='bbox 749 2387 843 2430; x_wconf 89' lang='lat' dir='ltr'><strong>aut</strong></span> <span class='ocrx_word' id='word_1_181' title='bbox 866 2379 930 2432; x_wconf 91' lang='lat' dir='ltr'><strong>de</strong></span> <span class='ocrx_word' id='word_1_182' title='bbox 957 2382 1356 2438; x_wconf 87' lang='lat' dir='ltr'><strong>continentibus</strong></span> <span class='ocrx_word' id='word_1_183' title='bbox 1384 2387 1466 2440; x_wconf 91' lang='lat' dir='ltr'><strong>vel</strong></span> <span class='ocrx_word' id='word_1_184' title='bbox 1489 2391 1737 2446; x_wconf 87' lang='lat' dir='ltr'><strong>omnibus</strong></span> 
     </span>
    </p>
   </div>
   <div class='ocr_carea' id='block_1_26' title="bbox 197 2458 1736 2539">
    <p class='ocr_par' dir='ltr' id='par_1_26' title="bbox 197 2458 1736 2539">
     <span class='ocr_line' id='line_1_26' title="bbox 197 2458 1736 2539; baseline 0.009 -17"><span class='ocrx_word' id='word_1_185' title='bbox 197 2470 289 2538; x_wconf 86' lang='lat' dir='ltr'><strong>qui</strong></span> <span class='ocrx_word' id='word_1_186' title='bbox 332 2470 385 2523; x_wconf 90' lang='lat' dir='ltr'><strong>in</strong></span> <span class='ocrx_word' id='word_1_187' title='bbox 444 2458 777 2536; x_wconf 85' lang='lat' dir='ltr'><strong>professione</strong></span> <span class='ocrx_word' id='word_1_188' title='bbox 813 2470 1086 2539; x_wconf 84' lang='lat' dir='ltr'><strong>religionis</strong></span> <span class='ocrx_word' id='word_1_189' title='bbox 1123 2474 1407 2530; x_wconf 89' lang='lat' dir='ltr'><strong>videntur?</strong></span> <span class='ocrx_word' id='word_1_190' title='bbox 1459 2479 1647 2534; x_wconf 88' lang='lat' dir='ltr'><strong>Nonne</strong></span> <span class='ocrx_word' id='word_1_191' title='bbox 1688 2484 1736 2537; x_wconf 87' lang='lat' dir='ltr'><strong>si</strong></span> 
     </span>
    </p>
   </div>
   <div class='ocr_carea' id='block_1_27' title="bbox 196 2557 1731 2635">
    <p class='ocr_par' dir='ltr' id='par_1_27' title="bbox 196 2557 1731 2635">
     <span class='ocr_line' id='line_1_27' title="bbox 196 2557 1731 2635; baseline 0.012 -27"><span class='ocrx_word' id='word_1_192' title='bbox 196 2557 322 2625; x_wconf 89' lang='lat' dir='ltr'><strong>quid</strong></span> <span class='ocrx_word' id='word_1_193' title='bbox 356 2557 795 2622; x_wconf 81' lang='lat' dir='ltr'><strong>iuverecundum,</strong></span> <span class='ocrx_word' id='word_1_194' title='bbox 821 2558 899 2610; x_wconf 89' lang='lat' dir='ltr'><strong>vel</strong></span> <span class='ocrx_word' id='word_1_195' title='bbox 920 2561 1244 2627; x_wconf 88' lang='lat' dir='ltr'><strong>petulans,si</strong></span> <span class='ocrx_word' id='word_1_196' title='bbox 1271 2566 1396 2631; x_wconf 89' lang='lat' dir='ltr'><strong>quid</strong></span> <span class='ocrx_word' id='word_1_197' title='bbox 1427 2581 1731 2635; x_wconf 76' lang='lat' dir='ltr'><strong>protervum</strong></span> 
     </span>
    </p>
   </div>
   <div class='ocr_carea' id='block_1_28' title="bbox 197 2648 1732 2726">
    <p class='ocr_par' dir='ltr' id='par_1_28' title="bbox 197 2648 1732 2726">
     <span class='ocr_line' id='line_1_28' title="bbox 197 2648 1732 2726; baseline 0.009 -26"><span class='ocrx_word' id='word_1_198' title='bbox 197 2648 499 2715; x_wconf 80' lang='lat' dir='ltr'><strong>gesserint,</strong></span> <span class='ocrx_word' id='word_1_199' title='bbox 553 2648 730 2713; x_wconf 78' lang='lat' dir='ltr'><strong>arguit</strong></span> <span class='ocrx_word' id='word_1_200' title='bbox 782 2663 873 2701; x_wconf 90' lang='lat' dir='ltr'><strong>eos</strong></span> <span class='ocrx_word' id='word_1_201' title='bbox 919 2652 1169 2705; x_wconf 85' lang='lat' dir='ltr'><strong>continuo</strong></span> <span class='ocrx_word' id='word_1_202' title='bbox 1214 2652 1423 2721; x_wconf 86' lang='lat' dir='ltr'><strong>Moyses</strong></span> <span class='ocrx_word' id='word_1_203' title='bbox 1468 2666 1520 2708; x_wconf 89' lang='lat' dir='ltr'><strong>et</strong></span> <span class='ocrx_word' id='word_1_204' title='bbox 1567 2660 1732 2726; x_wconf 89' lang='lat' dir='ltr'><strong>dicit,</strong></span> 
     </span>
    </p>
   </div>
   <div class='ocr_carea' id='block_1_29' title="bbox 200 2737 1733 2817">
    <p class='ocr_par' dir='ltr' id='par_1_29' title="bbox 200 2737 1733 2817">
     <span class='ocr_line' id='line_1_29' title="bbox 200 2737 1733 2817; baseline 0.01 -30"><span class='ocrx_word' id='word_1_205' title='bbox 200 2755 219 2787; x_wconf 77' lang='grc' dir='ltr'>ι</span> <span class='ocrx_word' id='word_1_206' title='bbox 262 2737 430 2792; x_wconf 87' lang='lat' dir='ltr'><strong>Homo</strong></span> <span class='ocrx_word' id='word_1_207' title='bbox 463 2740 750 2793; x_wconf 90' lang='lat' dir='ltr'><strong>secundum</strong></span> <span class='ocrx_word' id='word_1_208' title='bbox 776 2741 1014 2795; x_wconf 90' lang='lat' dir='ltr'><strong>ordinem</strong></span> <span class='ocrx_word' id='word_1_209' title='bbox 1049 2757 1198 2796; x_wconf 89' lang='lat' dir='ltr'><strong>suum</strong></span> <span class='ocrx_word' id='word_1_210' title='bbox 1227 2745 1476 2799; x_wconf 87' lang='lat' dir='ltr'><strong>incedat?</strong></span> <span class='ocrx_word' id='word_1_211' title='bbox 1498 2765 1520 2798; x_wconf 79' lang='grc' dir='ltr'><strong><em>ι</em></strong></span> <span class='ocrx_word' id='word_1_212' title='bbox 1551 2749 1733 2817; x_wconf 85' lang='lat' dir='ltr'><strong>Agno-</strong></span> 
     </span>
    </p>
   </div>
   <div class='ocr_carea' id='block_1_30' title="bbox 195 2829 1732 2908">
    <p class='ocr_par' dir='ltr' id='par_1_30' title="bbox 195 2829 1732 2908">
     <span class='ocr_line' id='line_1_30' title="bbox 195 2829 1732 2908; baseline 0.008 -27"><span class='ocrx_word' id='word_1_213' title='bbox 195 2837 309 2883; x_wconf 87' lang='lat' dir='ltr'><strong>scat</strong></span> <span class='ocrx_word' id='word_1_214' title='bbox 347 2829 506 2898; x_wconf 85' lang='lat' dir='ltr'><strong>igitur</strong></span> <span class='ocrx_word' id='word_1_215' title='bbox 542 2830 906 2898; x_wconf 81' lang='lat' dir='ltr'><strong>unusquisque</strong></span> <span class='ocrx_word' id='word_1_216' title='bbox 961 2832 1202 2886; x_wconf 87' lang='lat' dir='ltr'><strong>ordinem</strong></span> <span class='ocrx_word' id='word_1_217' title='bbox 1263 2848 1444 2899; x_wconf 89' lang='lat' dir='ltr'><strong>suum,</strong></span> <span class='ocrx_word' id='word_1_218' title='bbox 1483 2846 1543 2900; x_wconf 90' lang='lat' dir='ltr'><strong>_et</strong></span> <span class='ocrx_word' id='word_1_219' title='bbox 1605 2841 1732 2908; x_wconf 90' lang='lat' dir='ltr'><strong>quid</strong></span> 
     </span>
    </p>
   </div>
   <div class='ocr_carea' id='block_1_31' title="bbox 194 2918 1733 2995">
    <p class='ocr_par' dir='ltr' id='par_1_31' title="bbox 194 2918 1733 2995">
     <span class='ocr_line' id='line_1_31' title="bbox 194 2918 1733 2995; baseline 0.008 -25"><span class='ocrx_word' id='word_1_220' title='bbox 194 2918 412 2988; x_wconf 84' lang='lat' dir='ltr'><strong>dignum</strong></span> <span class='ocrx_word' id='word_1_221' title='bbox 450 2920 520 2972; x_wconf 88' lang='lat' dir='ltr'><strong>sit</strong></span> <span class='ocrx_word' id='word_1_222' title='bbox 564 2935 628 2972; x_wconf 87' lang='lat' dir='ltr'><strong>eo</strong></span> <span class='ocrx_word' id='word_1_223' title='bbox 653 2919 842 2973; x_wconf 91' lang='lat' dir='ltr'><strong>ordine</strong></span> <span class='ocrx_word' id='word_1_224' title='bbox 871 2933 1027 2987; x_wconf 82' lang='lat' dir='ltr'><strong>quem</strong></span> <span class='ocrx_word' id='word_1_225' title='bbox 1065 2923 1330 2990; x_wconf 89' lang='lat' dir='ltr'><strong>suscepit,</strong></span> <span class='ocrx_word' id='word_1_226' title='bbox 1371 2925 1650 2995; x_wconf 85' lang='lat' dir='ltr'><strong>intelligat,</strong></span> <span class='ocrx_word' id='word_1_227' title='bbox 1679 2938 1733 2983; x_wconf 89' lang='lat' dir='ltr'><strong>et</strong></span> 
     </span>
    </p>
   </div>
   <div class='ocr_carea' id='block_1_32' title="bbox 197 3008 1731 3078">
    <p class='ocr_par' dir='ltr' id='par_1_32' title="bbox 197 3008 1731 3078">
     <span class='ocr_line' id='line_1_32' title="bbox 197 3008 1731 3078; baseline 0.01 -20"><span class='ocrx_word' id='word_1_228' title='bbox 197 3009 266 3059; x_wconf 89' lang='lat' dir='ltr'><strong>ita</strong></span> <span class='ocrx_word' id='word_1_229' title='bbox 297 3008 450 3061; x_wconf 89' lang='lat' dir='ltr'><strong>Iibret</strong></span> <span class='ocrx_word' id='word_1_230' title='bbox 480 3019 628 3062; x_wconf 90' lang='lat' dir='ltr'><strong>actus</strong></span> <span class='ocrx_word' id='word_1_231' title='bbox 650 3023 795 3074; x_wconf 85' lang='lat' dir='ltr'><strong>suos,</strong></span> <span class='ocrx_word' id='word_1_232' title='bbox 829 3009 897 3062; x_wconf 91' lang='lat' dir='ltr'><strong>ita</strong></span> <span class='ocrx_word' id='word_1_233' title='bbox 923 3011 1085 3062; x_wconf 89' lang='lat' dir='ltr'><strong>etiam</strong></span> <span class='ocrx_word' id='word_1_234' title='bbox 1115 3025 1436 3078; x_wconf 90' lang='lat' dir='ltr'><strong>sermonem,</strong></span> <span class='ocrx_word' id='word_1_235' title='bbox 1463 3016 1731 3074; x_wconf 83' lang='lat' dir='ltr'><strong>incessum</strong></span> 
     </span>
    </p>
   </div>
   <div class='ocr_carea' id='block_1_33' title="bbox 194 3098 1732 3167">
    <p class='ocr_par' dir='ltr' id='par_1_33' title="bbox 194 3098 1732 3167">
     <span class='ocr_line' id='line_1_33' title="bbox 194 3098 1732 3167; baseline 0.013 -20"><span class='ocrx_word' id='word_1_236' title='bbox 194 3111 402 3164; x_wconf 90' lang='lat' dir='ltr'><strong>quoque</strong></span> <span class='ocrx_word' id='word_1_237' title='bbox 428 3098 669 3166; x_wconf 81' lang='lat' dir='ltr'><strong>ipsumet</strong></span> <span class='ocrx_word' id='word_1_238' title='bbox 697 3100 930 3152; x_wconf 90' lang='lat' dir='ltr'><strong>habitum</strong></span> <span class='ocrx_word' id='word_1_239' title='bbox 958 3101 1284 3165; x_wconf 86' lang='lat' dir='ltr'><strong>moderetur,</strong></span> <span class='ocrx_word' id='word_1_240' title='bbox 1311 3111 1502 3158; x_wconf 89' lang='lat' dir='ltr'><strong>utcum</strong></span> <span class='ocrx_word' id='word_1_241' title='bbox 1526 3110 1732 3167; x_wconf 92' lang='lat' dir='ltr'><strong>ordinis</strong></span> 
     </span>
    </p>
   </div>
   <div class='ocr_carea' id='block_1_34' title="bbox 194 3187 1732 3255">
    <p class='ocr_par' dir='ltr' id='par_1_34' title="bbox 194 3187 1732 3255">
     <span class='ocr_line' id='line_1_34' title="bbox 194 3187 1732 3255; baseline 0.011 -17"><span class='ocrx_word' id='word_1_242' title='bbox 194 3188 273 3239; x_wconf 87' lang='lat' dir='ltr'><strong>sui</strong></span> <span class='ocrx_word' id='word_1_243' title='bbox 305 3187 635 3255; x_wconf 88' lang='lat' dir='ltr'><strong>professione</strong></span> <span class='ocrx_word' id='word_1_244' title='bbox 675 3190 992 3254; x_wconf 82' lang='lat' dir='ltr'><strong>conveniat,</strong></span> <span class='ocrx_word' id='word_1_245' title='bbox 1043 3205 1109 3244; x_wconf 88' lang='lat' dir='ltr'><strong>ne</strong></span> <span class='ocrx_word' id='word_1_246' title='bbox 1156 3193 1334 3246; x_wconf 87' lang='lat' dir='ltr'><strong>audiat</strong></span> <span class='ocrx_word' id='word_1_247' title='bbox 1365 3193 1466 3249; x_wconf 92' lang='lat' dir='ltr'><strong>dici</strong></span> <span class='ocrx_word' id='word_1_248' title='bbox 1518 3199 1584 3252; x_wconf 88' lang='lat' dir='ltr'><strong>ad</strong></span> <span class='ocrx_word' id='word_1_249' title='bbox 1614 3215 1672 3254; x_wconf 91' lang='lat' dir='ltr'><strong>se</strong></span> <span class='ocrx_word' id='word_1_250' title='bbox 1702 3217 1732 3255; x_wconf 89' lang='lat' dir='ltr'><strong>a</strong></span> 
     </span>
    </p>
   </div>
   <div class='ocr_carea' id='block_1_35' title="bbox 198 3277 1731 3355">
    <p class='ocr_par' dir='ltr' id='par_1_35' title="bbox 198 3277 1731 3355">
     <span class='ocr_line' id='line_1_35' title="bbox 198 3277 1731 3355; baseline 0.013 -27"><span class='ocrx_word' id='word_1_251' title='bbox 198 3277 326 3340; x_wconf 88' lang='lat' dir='ltr'><strong>Deo,</strong></span> <span class='ocrx_word' id='word_1_252' title='bbox 353 3278 475 3346; x_wconf 89' lang='lat' dir='ltr'><strong>quia</strong></span> <span class='ocrx_word' id='word_1_253' title='bbox 505 3291 750 3348; x_wconf 69' lang='lat' dir='ltr'><strong>«propter</strong></span> <span class='ocrx_word' id='word_1_254' title='bbox 782 3296 874 3336; x_wconf 88' lang='lat' dir='ltr'><strong>vos</strong></span> <span class='ocrx_word' id='word_1_255' title='bbox 895 3296 1086 3337; x_wconf 90' lang='lat' dir='ltr'><strong>nomen</strong></span> <span class='ocrx_word' id='word_1_256' title='bbox 1119 3297 1295 3338; x_wconf 90' lang='lat' dir='ltr'><strong>meum</strong></span> <span class='ocrx_word' id='word_1_257' title='bbox 1326 3284 1731 3355; x_wconf 82' lang='lat' dir='ltr'><strong>blasphematur</strong></span> 
     </span>
    </p>
   </div>
   <div class='ocr_carea' id='block_1_36' title="bbox 194 3365 678 3432">
    <p class='ocr_par' dir='ltr' id='par_1_36' title="bbox 194 3365 678 3432">
     <span class='ocr_line' id='line_1_36' title="bbox 194 3365 678 3432; baseline 0.012 -17"><span class='ocrx_word' id='word_1_258' title='bbox 194 3365 332 3416; x_wconf 90' lang='lat' dir='ltr'><strong>inter</strong></span> <span class='ocrx_word' id='word_1_259' title='bbox 359 3375 542 3432; x_wconf 82' lang='lat' dir='ltr'><strong>gentes</strong></span> <span class='ocrx_word' id='word_1_260' title='bbox 569 3368 632 3420; x_wconf 70' lang='grc' dir='ltr'><strong>θ’.</strong></span> <span class='ocrx_word' id='word_1_261' title='bbox 659 3388 678 3420; x_wconf 72' lang='grc' dir='ltr'><strong><em>ι</em></strong></span> 
     </span>
    </p>
   </div>
   <div class='ocr_carea' id='block_1_37' title="bbox 259 3477 1730 3554">
    <p class='ocr_par' dir='ltr' id='par_1_37' title="bbox 259 3477 1730 3554">
     <span class='ocr_line' id='line_1_37' title="bbox 259 3477 1730 3554; baseline 0.016 -25"><span class='ocrx_word' id='word_1_262' title='bbox 259 3477 316 3530; x_wconf 75' lang='lat'><strong>9..</strong></span> <span class='ocrx_word' id='word_1_263' title='bbox 355 3478 490 3544; x_wconf 87' lang='lat' dir='ltr'><strong>Quid</strong></span> <span class='ocrx_word' id='word_1_264' title='bbox 537 3489 714 3535; x_wconf 92' lang='lat' dir='ltr'><strong>autem</strong></span> <span class='ocrx_word' id='word_1_265' title='bbox 768 3483 837 3537; x_wconf 90' lang='lat' dir='ltr'><strong>sit</strong></span> <span class='ocrx_word' id='word_1_266' title='bbox 884 3484 1027 3552; x_wconf 92' lang='lat' dir='ltr'><strong>quod</strong></span> <span class='ocrx_word' id='word_1_267' title='bbox 1074 3486 1235 3554; x_wconf 91' lang='lat' dir='ltr'><strong>dicit,</strong></span> <span class='ocrx_word' id='word_1_268' title='bbox 1290 3499 1382 3545; x_wconf 72' lang='lat' dir='ltr'><strong>ret</strong></span> <span class='ocrx_word' id='word_1_269' title='bbox 1439 3497 1730 3552; x_wconf 87' lang='lat' dir='ltr'><strong>secundum</strong></span> 
     </span>
    </p>
   </div>
   <div class='ocr_carea' id='block_1_38' title="bbox 192 3566 1730 3653">
    <p class='ocr_par' dir='ltr' id='par_1_38' title="bbox 192 3566 1730 3653">
     <span class='ocr_line' id='line_1_38' title="bbox 192 3566 1730 3653; baseline 0.015 -33"><span class='ocrx_word' id='word_1_270' title='bbox 192 3566 339 3636; x_wconf 85' lang='lat' dir='ltr'><strong>signa</strong></span> <span class='ocrx_word' id='word_1_271' title='bbox 370 3584 529 3634; x_wconf 63' lang='lat' dir='ltr'><strong>sua,»</strong></span> <span class='ocrx_word' id='word_1_272' title='bbox 580 3571 873 3627; x_wconf 88' lang='lat' dir='ltr'><strong>videamus.</strong></span> <span class='ocrx_word' id='word_1_273' title='bbox 927 3576 1038 3644; x_wconf 85' lang='lat' dir='ltr'><strong>Ego</strong></span> <span class='ocrx_word' id='word_1_274' title='bbox 1088 3588 1214 3648; x_wconf 90' lang='lat' dir='ltr'><strong>puto</strong></span> <span class='ocrx_word' id='word_1_275' title='bbox 1269 3582 1422 3649; x_wconf 85' lang='lat' dir='ltr'><strong>signa</strong></span> <span class='ocrx_word' id='word_1_276' title='bbox 1473 3601 1592 3641; x_wconf 88' lang='lat' dir='ltr'><strong>esse</strong></span> <span class='ocrx_word' id='word_1_277' title='bbox 1646 3605 1730 3653; x_wconf 89' lang='lat' dir='ltr'><strong>ea,</strong></span> 
     </span>
    </p>
   </div>
   <div class='ocr_carea' id='block_1_39' title="bbox 194 3655 1728 3741">
    <p class='ocr_par' dir='ltr' id='par_1_39' title="bbox 194 3655 1728 3741">
     <span class='ocr_line' id='line_1_39' title="bbox 194 3655 1728 3741; baseline 0.019 -36"><span class='ocrx_word' id='word_1_278' title='bbox 194 3655 384 3723; x_wconf 83' lang='lat' dir='ltr'><strong>quibus</strong></span> <span class='ocrx_word' id='word_1_279' title='bbox 409 3659 824 3729; x_wconf 87' lang='lat' dir='ltr'><strong>uniuscujusque</strong></span> <span class='ocrx_word' id='word_1_280' title='bbox 851 3667 1151 3733; x_wconf 86' lang='lat' dir='ltr'><strong>proprietas</strong></span> <span class='ocrx_word' id='word_1_281' title='bbox 1196 3670 1507 3741; x_wconf 75' lang='lat' dir='ltr'><strong>designatur</strong></span> <span class='ocrx_word' id='word_1_282' title='bbox 1537 3691 1552 3730; x_wconf 89' lang='lat'><strong>:</strong></span> <span class='ocrx_word' id='word_1_283' title='bbox 1580 3679 1728 3733; x_wconf 85' lang='lat' dir='ltr'><strong>verbi</strong></span> 
     </span>
    </p>
   </div>
   <div class='ocr_carea' id='block_1_40' title="bbox 195 3747 1730 3832">
    <p class='ocr_par' dir='ltr' id='par_1_40' title="bbox 195 3747 1730 3832">
     <span class='ocr_line' id='line_1_40' title="bbox 195 3747 1730 3832; baseline 0.016 -35"><span class='ocrx_word' id='word_1_284' title='bbox 195 3747 386 3812; x_wconf 76' lang='lat' dir='ltr'><strong>gratia,</strong></span> <span class='ocrx_word' id='word_1_285' title='bbox 416 3761 600 3802; x_wconf 89' lang='lat' dir='ltr'><strong>omnes</strong></span> <span class='ocrx_word' id='word_1_286' title='bbox 629 3749 840 3817; x_wconf 85' lang='lat' dir='ltr'><strong>quidem</strong></span> <span class='ocrx_word' id='word_1_287' title='bbox 884 3753 1125 3810; x_wconf 85' lang='lat' dir='ltr'><strong>homines</strong></span> <span class='ocrx_word' id='word_1_288' title='bbox 1157 3758 1360 3816; x_wconf 85' lang='lat' dir='ltr'><strong>similes</strong></span> <span class='ocrx_word' id='word_1_289' title='bbox 1397 3777 1610 3832; x_wconf 90' lang='lat' dir='ltr'><strong>sumus,</strong></span> <span class='ocrx_word' id='word_1_290' title='bbox 1637 3769 1730 3822; x_wconf 89' lang='lat' dir='ltr'><strong>sed</strong></span> 
     </span>
    </p>
   </div>
   <div class='ocr_carea' id='block_1_41' title="bbox 192 3835 1729 3920">
    <p class='ocr_par' dir='ltr' id='par_1_41' title="bbox 192 3835 1729 3920">
     <span class='ocr_line' id='line_1_41' title="bbox 192 3835 1729 3920; baseline 0.016 -34"><span class='ocrx_word' id='word_1_291' title='bbox 192 3843 274 3887; x_wconf 79' lang='lat' dir='ltr'><strong>est</strong></span> <span class='ocrx_word' id='word_1_292' title='bbox 304 3835 514 3902; x_wconf 89' lang='lat' dir='ltr'><strong>propria</strong></span> <span class='ocrx_word' id='word_1_293' title='bbox 541 3839 781 3904; x_wconf 65' lang='lat' dir='ltr'><strong>quaedam</strong></span> <span class='ocrx_word' id='word_1_294' title='bbox 828 3841 1244 3915; x_wconf 85' lang='lat' dir='ltr'><strong>uniuscujusque</strong></span> <span class='ocrx_word' id='word_1_295' title='bbox 1285 3853 1589 3920; x_wconf 89' lang='lat' dir='ltr'><strong>distinctio,</strong></span> <span class='ocrx_word' id='word_1_296' title='bbox 1647 3858 1729 3911; x_wconf 87' lang='lat' dir='ltr'><strong>vel</strong></span> 
     </span>
    </p>
   </div>
   <div class='ocr_carea' id='block_1_42' title="bbox 193 3923 1728 4010">
    <p class='ocr_par' dir='ltr' id='par_1_42' title="bbox 193 3923 1728 4010">
     <span class='ocr_line' id='line_1_42' title="bbox 193 3923 1728 4010; baseline 0.018 -35"><span class='ocrx_word' id='word_1_297' title='bbox 193 3923 246 3976; x_wconf 80' lang='lat' dir='ltr'><strong>in</strong></span> <span class='ocrx_word' id='word_1_298' title='bbox 276 3923 387 3990; x_wconf 90' lang='lat' dir='ltr'><strong>ipso</strong></span> <span class='ocrx_word' id='word_1_299' title='bbox 410 3924 579 3989; x_wconf 87' lang='lat' dir='ltr'><strong>vultu,</strong></span> <span class='ocrx_word' id='word_1_300' title='bbox 609 3927 691 3981; x_wconf 87' lang='lat' dir='ltr'><strong>vel</strong></span> <span class='ocrx_word' id='word_1_301' title='bbox 719 3928 772 3981; x_wconf 89' lang='lat' dir='ltr'><strong>in</strong></span> <span class='ocrx_word' id='word_1_302' title='bbox 806 3939 1023 3997; x_wconf 89' lang='lat' dir='ltr'><strong>statura,</strong></span> <span class='ocrx_word' id='word_1_303' title='bbox 1056 3936 1137 3990; x_wconf 88' lang='lat' dir='ltr'><strong>vel</strong></span> <span class='ocrx_word' id='word_1_304' title='bbox 1170 3939 1224 3991; x_wconf 87' lang='lat' dir='ltr'><strong>in</strong></span> <span class='ocrx_word' id='word_1_305' title='bbox 1251 3942 1530 4010; x_wconf 88' lang='lat' dir='ltr'><strong>positione,</strong></span> <span class='ocrx_word' id='word_1_306' title='bbox 1564 3947 1642 4000; x_wconf 90' lang='lat' dir='ltr'><strong>vel</strong></span> <span class='ocrx_word' id='word_1_307' title='bbox 1677 3949 1728 4002; x_wconf 87' lang='lat' dir='ltr'><strong>in</strong></span> 
     </span>
    </p>
   </div>
   <div class='ocr_carea' id='block_1_43' title="bbox 195 4012 1730 4100">
    <p class='ocr_par' dir='ltr' id='par_1_43' title="bbox 195 4012 1730 4100">
     <span class='ocr_line' id='line_1_43' title="bbox 195 4012 1730 4100; baseline 0.021 -39"><span class='ocrx_word' id='word_1_308' title='bbox 195 4012 399 4100; x_wconf 79' lang='lat' dir='ltr'><strong>habitu,</strong></span> <span class='ocrx_word' id='word_1_309' title='bbox 431 4029 523 4080; x_wconf 88' lang='lat' dir='ltr'><strong>per</strong></span> <span class='ocrx_word' id='word_1_310' title='bbox 553 4030 689 4082; x_wconf 65' lang='lat' dir='ltr'><strong>qua),</strong></span> <span class='ocrx_word' id='word_1_311' title='bbox 733 4020 880 4073; x_wconf 89' lang='lat' dir='ltr'><strong>verbi</strong></span> <span class='ocrx_word' id='word_1_312' title='bbox 909 4023 1101 4090; x_wconf 90' lang='lat' dir='ltr'><strong>gratia,</strong></span> <span class='ocrx_word' id='word_1_313' title='bbox 1148 4026 1342 4084; x_wconf 84' lang='lat' dir='ltr'><strong>Paulus</strong></span> <span class='ocrx_word' id='word_1_314' title='bbox 1380 4032 1502 4100; x_wconf 91' lang='lat' dir='ltr'><strong>quia</strong></span> <span class='ocrx_word' id='word_1_315' title='bbox 1534 4035 1730 4094; x_wconf 84' lang='lat' dir='ltr'><strong>Paulus</strong></span> 
     </span>
    </p>
   </div>
   <div class='ocr_carea' id='block_1_44' title="bbox 197 4098 1730 4183">
    <p class='ocr_par' dir='ltr' id='par_1_44' title="bbox 197 4098 1730 4183">
     <span class='ocr_line' id='line_1_44' title="bbox 197 4098 1730 4183; baseline 0.019 -32"><span class='ocrx_word' id='word_1_316' title='bbox 197 4098 266 4151; x_wconf 65' lang='lat' dir='ltr'><strong>sit</strong></span> <span class='ocrx_word' id='word_1_317' title='bbox 290 4098 616 4168; x_wconf 84' lang='lat' dir='ltr'><strong>designatur,</strong></span> <span class='ocrx_word' id='word_1_318' title='bbox 642 4112 695 4156; x_wconf 88' lang='lat' dir='ltr'><strong>et</strong></span> <span class='ocrx_word' id='word_1_319' title='bbox 720 4104 907 4161; x_wconf 86' lang='lat' dir='ltr'><strong>Petrus</strong></span> <span class='ocrx_word' id='word_1_320' title='bbox 933 4110 1057 4176; x_wconf 86' lang='lat' dir='ltr'><strong>quia</strong></span> <span class='ocrx_word' id='word_1_321' title='bbox 1085 4113 1273 4169; x_wconf 83' lang='lat' dir='ltr'><strong>Petrus</strong></span> <span class='ocrx_word' id='word_1_322' title='bbox 1302 4098 1410 4183; x_wconf 74' lang='lat' dir='ltr'><strong>sit,</strong></span> <span class='ocrx_word' id='word_1_323' title='bbox 1442 4128 1495 4173; x_wconf 89' lang='lat' dir='ltr'><strong>et</strong></span> <span class='ocrx_word' id='word_1_324' title='bbox 1524 4138 1626 4176; x_wconf 89' lang='lat' dir='ltr'><strong>non</strong></span> <span class='ocrx_word' id='word_1_325' title='bbox 1660 4126 1730 4180; x_wconf 88' lang='lat' dir='ltr'><strong>sit</strong></span> 
     </span>
    </p>
   </div>
   <div class='ocr_carea' id='block_1_45' title="bbox 192 4185 1731 4272">
    <p class='ocr_par' dir='ltr' id='par_1_45' title="bbox 192 4185 1731 4272">
     <span class='ocr_line' id='line_1_45' title="bbox 192 4185 1731 4272; baseline 0.02 -32"><span class='ocrx_word' id='word_1_326' title='bbox 192 4185 406 4242; x_wconf 83' lang='lat' dir='ltr'><strong>Paulus.</strong></span> <span class='ocrx_word' id='word_1_327' title='bbox 469 4191 736 4247; x_wconf 87' lang='lat' dir='ltr'><strong>Interdum</strong></span> <span class='ocrx_word' id='word_1_328' title='bbox 802 4208 977 4252; x_wconf 91' lang='lat' dir='ltr'><strong>autem</strong></span> <span class='ocrx_word' id='word_1_329' title='bbox 1032 4205 1190 4258; x_wconf 87' lang='lat' dir='ltr'><strong>etiam</strong></span> <span class='ocrx_word' id='word_1_330' title='bbox 1260 4222 1362 4262; x_wconf 89' lang='lat' dir='ltr'><strong>non</strong></span> <span class='ocrx_word' id='word_1_331' title='bbox 1424 4212 1731 4272; x_wconf 85' lang='lat' dir='ltr'><strong>videntibus</strong></span> 
     </span>
    </p>
   </div>
   <div class='ocr_carea' id='block_1_46' title="bbox 196 4277 1732 4362">
    <p class='ocr_par' dir='ltr' id='par_1_46' title="bbox 196 4277 1732 4362">
     <span class='ocr_line' id='line_1_46' title="bbox 196 4277 1732 4362; baseline 0.023 -36"><span class='ocrx_word' id='word_1_332' title='bbox 196 4277 612 4347; x_wconf 85' lang='lat' dir='ltr'><strong>uniuscujusque</strong></span> <span class='ocrx_word' id='word_1_333' title='bbox 645 4283 778 4352; x_wconf 88' lang='lat' dir='ltr'><strong>signi</strong></span> <span class='ocrx_word' id='word_1_334' title='bbox 825 4288 1108 4348; x_wconf 88' lang='lat' dir='ltr'><strong>diversitas</strong></span> <span class='ocrx_word' id='word_1_335' title='bbox 1141 4295 1315 4362; x_wconf 91' lang='lat' dir='ltr'><strong>datur,</strong></span> <span class='ocrx_word' id='word_1_336' title='bbox 1350 4307 1407 4351; x_wconf 90' lang='lat' dir='ltr'><strong>ut</strong></span> <span class='ocrx_word' id='word_1_337' title='bbox 1429 4314 1491 4354; x_wconf 75' lang='lat' dir='ltr'><strong>ex</strong></span> <span class='ocrx_word' id='word_1_338' title='bbox 1515 4318 1648 4358; x_wconf 90' lang='lat' dir='ltr'><strong>voce</strong></span> <span class='ocrx_word' id='word_1_339' title='bbox 1677 4316 1732 4360; x_wconf 92' lang='lat' dir='ltr'><strong>et</strong></span> 
     </span>
    </p>
   </div>
   <div class='ocr_carea' id='block_1_47' title="bbox 200 4365 1805 4458">
    <p class='ocr_par' dir='ltr' id='par_1_47' title="bbox 200 4365 1805 4458">
     <span class='ocr_line' id='line_1_47' title="bbox 200 4365 1805 4458; baseline 0.021 -43"><span class='ocrx_word' id='word_1_340' title='bbox 200 4365 405 4432; x_wconf 86' lang='lat' dir='ltr'><strong>loquela</strong></span> <span class='ocrx_word' id='word_1_341' title='bbox 429 4379 680 4434; x_wconf 81' lang='lat' dir='ltr'><strong>agnoscat</strong></span> <span class='ocrx_word' id='word_1_342' title='bbox 710 4373 854 4427; x_wconf 91' lang='lat' dir='ltr'><strong>illum</strong></span> <span class='ocrx_word' id='word_1_343' title='bbox 885 4393 1004 4432; x_wconf 77' lang='lat' dir='ltr'><strong>esse</strong></span> <span class='ocrx_word' id='word_1_344' title='bbox 1034 4381 1112 4434; x_wconf 88' lang='lat' dir='ltr'><strong>vel</strong></span> <span class='ocrx_word' id='word_1_345' title='bbox 1136 4382 1284 4437; x_wconf 92' lang='lat' dir='ltr'><strong>illum</strong></span> <span class='ocrx_word' id='word_1_346' title='bbox 1323 4387 1412 4455; x_wconf 91' lang='lat' dir='ltr'><strong>qui</strong></span> <span class='ocrx_word' id='word_1_347' title='bbox 1443 4388 1685 4458; x_wconf 86' lang='lat' dir='ltr'><strong>loquitur</strong></span> <span class='ocrx_word' id='word_1_348' title='bbox 1712 4411 1726 4446; x_wconf 91' lang='lat'><strong>:</strong></span> <span class='ocrx_word' id='word_1_349' title='bbox 1761 4381 1805 4434; x_wconf 74' lang='grc' dir='ltr'>Β</span> 
     </span>
    </p>
   </div>
   <div class='ocr_carea' id='block_1_48' title="bbox 198 4456 1732 4553">
    <p class='ocr_par' dir='ltr' id='par_1_48' title="bbox 198 4456 1732 4553">
     <span class='ocr_line' id='line_1_48' title="bbox 198 4456 1732 4553; baseline 0.023 -47"><span class='ocrx_word' id='word_1_350' title='bbox 198 4456 562 4553; x_wconf 52' lang='lat' dir='ltr'><strong>etsecuudum</strong></span> <span class='ocrx_word' id='word_1_351' title='bbox 594 4474 701 4514; x_wconf 69' lang='lat' dir='ltr'><strong>sum</strong></span> <span class='ocrx_word' id='word_1_352' title='bbox 738 4471 1077 4535; x_wconf 88' lang='lat' dir='ltr'><strong>proprietatis</strong></span> <span class='ocrx_word' id='word_1_353' title='bbox 1113 4475 1324 4541; x_wconf 82' lang='lat' dir='ltr'><strong>signum</strong></span> <span class='ocrx_word' id='word_1_354' title='bbox 1367 4456 1732 4553; x_wconf 75' lang='lat' dir='ltr'><strong>unusquisque</strong></span> 
     </span>
    </p>
   </div>
   <div class='ocr_carea' id='block_1_49' title="bbox 197 4543 1731 4630">
    <p class='ocr_par' dir='ltr' id='par_1_49' title="bbox 197 4543 1731 4630">
     <span class='ocr_line' id='line_1_49' title="bbox 197 4543 1731 4630; baseline 0.02 -34"><span class='ocrx_word' id='word_1_355' title='bbox 197 4543 357 4597; x_wconf 87' lang='lat' dir='ltr'><strong>etiam</strong></span> <span class='ocrx_word' id='word_1_356' title='bbox 382 4543 499 4597; x_wconf 90' lang='lat' dir='ltr'><strong>sine</strong></span> <span class='ocrx_word' id='word_1_357' title='bbox 525 4551 784 4614; x_wconf 87' lang='lat' dir='ltr'><strong>corporali</strong></span> <span class='ocrx_word' id='word_1_358' title='bbox 824 4557 1027 4614; x_wconf 84' lang='lat' dir='ltr'><strong>visione</strong></span> <span class='ocrx_word' id='word_1_359' title='bbox 1051 4567 1408 4630; x_wconf 85' lang='lat' dir='ltr'><strong>cognoscitur.</strong></span> <span class='ocrx_word' id='word_1_360' title='bbox 1432 4543 1544 4624; x_wconf 78' lang='lat' dir='ltr'><strong>Hoc</strong></span> <span class='ocrx_word' id='word_1_361' title='bbox 1573 4543 1731 4628; x_wconf 76' lang='lat' dir='ltr'><strong>modo</strong></span> 
     </span>
    </p>
   </div>
   <div class='ocr_carea' id='block_1_50' title="bbox 198 4631 1734 4719">
    <p class='ocr_par' dir='ltr' id='par_1_50' title="bbox 198 4631 1734 4719">
     <span class='ocr_line' id='line_1_50' title="bbox 198 4631 1734 4719; baseline 0.02 -36"><span class='ocrx_word' id='word_1_362' title='bbox 198 4631 432 4686; x_wconf 86' lang='lat' dir='ltr'><strong>arbitror</strong></span> <span class='ocrx_word' id='word_1_363' title='bbox 446 4647 565 4689; x_wconf 88' lang='lat' dir='ltr'><strong>esse</strong></span> <span class='ocrx_word' id='word_1_364' title='bbox 591 4638 749 4692; x_wconf 86' lang='lat' dir='ltr'><strong>etiam</strong></span> <span class='ocrx_word' id='word_1_365' title='bbox 779 4641 829 4696; x_wconf 91' lang='lat' dir='ltr'><strong>in</strong></span> <span class='ocrx_word' id='word_1_366' title='bbox 855 4648 1049 4704; x_wconf 88' lang='lat' dir='ltr'><strong>animis</strong></span> <span class='ocrx_word' id='word_1_367' title='bbox 1072 4653 1220 4719; x_wconf 84' lang='lat' dir='ltr'><strong>signa</strong></span> <span class='ocrx_word' id='word_1_368' title='bbox 1253 4653 1482 4709; x_wconf 87' lang='lat' dir='ltr'><strong>diversa.</strong></span> <span class='ocrx_word' id='word_1_369' title='bbox 1514 4658 1581 4712; x_wconf 89' lang='lat' dir='ltr'><strong>Et</strong></span> <span class='ocrx_word' id='word_1_370' title='bbox 1601 4661 1734 4715; x_wconf 88' lang='lat' dir='ltr'><strong>alte-</strong></span> 
     </span>
    </p>
   </div>
   <div class='ocr_carea' id='block_1_51' title="bbox 198 4721 1730 4818">
    <p class='ocr_par' dir='ltr' id='par_1_51' title="bbox 198 4721 1730 4818">
     <span class='ocr_line' id='line_1_51' title="bbox 198 4721 1730 4818; baseline 0.02 -45"><span class='ocrx_word' id='word_1_371' title='bbox 198 4721 308 4774; x_wconf 86' lang='lat' dir='ltr'><strong>rius</strong></span> <span class='ocrx_word' id='word_1_372' title='bbox 333 4721 544 4788; x_wconf 91' lang='lat' dir='ltr'><strong>quidem</strong></span> <span class='ocrx_word' id='word_1_373' title='bbox 574 4727 733 4781; x_wconf 89' lang='lat' dir='ltr'><strong>auimi</strong></span> <span class='ocrx_word' id='word_1_374' title='bbox 759 4744 933 4788; x_wconf 89' lang='lat' dir='ltr'><strong>motus</strong></span> <span class='ocrx_word' id='word_1_375' title='bbox 956 4737 1127 4792; x_wconf 88' lang='lat' dir='ltr'><strong>lenior</strong></span> <span class='ocrx_word' id='word_1_376' title='bbox 1150 4749 1251 4804; x_wconf 91' lang='lat' dir='ltr'><strong>est,</strong></span> <span class='ocrx_word' id='word_1_377' title='bbox 1287 4741 1451 4811; x_wconf 84' lang='lat' dir='ltr'><strong>mitis,</strong></span> <span class='ocrx_word' id='word_1_378' title='bbox 1471 4744 1730 4818; x_wconf 88' lang='lat' dir='ltr'><strong>placidus,</strong></span> 
     </span>
    </p>
   </div>
   <div class='ocr_carea' id='block_1_52' title="bbox 201 4811 1734 4908">
    <p class='ocr_par' dir='ltr' id='par_1_52' title="bbox 201 4811 1734 4908">
     <span class='ocr_line' id='line_1_52' title="bbox 201 4811 1734 4908; baseline 0.022 -46"><span class='ocrx_word' id='word_1_379' title='bbox 201 4811 535 4908; x_wconf 79' lang='lat' dir='ltr'><strong>tranquillus,</strong></span> <span class='ocrx_word' id='word_1_380' title='bbox 562 4819 812 4886; x_wconf 64' lang='lat' dir='ltr'><strong>aequalis;</strong></span> <span class='ocrx_word' id='word_1_381' title='bbox 837 4827 1055 4883; x_wconf 86' lang='lat' dir='ltr'><strong>alterius</strong></span> <span class='ocrx_word' id='word_1_382' title='bbox 1081 4831 1344 4894; x_wconf 90' lang='lat' dir='ltr'><strong>turbidus,</strong></span> <span class='ocrx_word' id='word_1_383' title='bbox 1363 4811 1555 4901; x_wconf 87' lang='lat' dir='ltr'><strong>elatus,</strong></span> <span class='ocrx_word' id='word_1_384' title='bbox 1579 4811 1734 4908; x_wconf 56' lang='lat' dir='ltr'><strong>aspe;</strong></span> 
     </span>
    </p>
   </div>
   <div class='ocr_carea' id='block_1_53' title="bbox 201 4901 1730 4997">
    <p class='ocr_par' dir='ltr' id='par_1_53' title="bbox 201 4901 1730 4997">
     <span class='ocr_line' id='line_1_53' title="bbox 201 4901 1730 4997; baseline 0.023 -46"><span class='ocrx_word' id='word_1_385' title='bbox 201 4902 330 4962; x_wconf 87' lang='lat' dir='ltr'><strong>rior,</strong></span> <span class='ocrx_word' id='word_1_386' title='bbox 369 4901 660 4972; x_wconf 78' lang='lat' dir='ltr'><strong>inritatior,</strong></span> <span class='ocrx_word' id='word_1_387' title='bbox 711 4915 1053 4979; x_wconf 85' lang='lat' dir='ltr'><strong>petulantior.</strong></span> <span class='ocrx_word' id='word_1_388' title='bbox 1096 4921 1246 4974; x_wconf 85' lang='lat' dir='ltr'><strong>Alius</strong></span> <span class='ocrx_word' id='word_1_389' title='bbox 1279 4901 1730 4997; x_wconf 78' lang='lat' dir='ltr'><strong>circumspectus,</strong></span> 
     </span>
    </p>
   </div>
   <div class='ocr_carea' id='block_1_54' title="bbox 197 4997 1727 5079">
    <p class='ocr_par' dir='ltr' id='par_1_54' title="bbox 197 4997 1727 5079">
     <span class='ocr_line' id='line_1_54' title="bbox 197 4997 1727 5079; baseline 0.023 -39"><span class='ocrx_word' id='word_1_390' title='bbox 197 4999 407 5054; x_wconf 80' lang='lat' dir='ltr'><strong>cautus,</strong></span> <span class='ocrx_word' id='word_1_391' title='bbox 432 4997 699 5066; x_wconf 83' lang='lat' dir='ltr'><strong>providus,</strong></span> <span class='ocrx_word' id='word_1_392' title='bbox 732 5003 1016 5073; x_wconf 89' lang='lat' dir='ltr'><strong>sollicitus,</strong></span> <span class='ocrx_word' id='word_1_393' title='bbox 1041 5011 1281 5079; x_wconf 84' lang='lat' dir='ltr'><strong>impiger.</strong></span> <span class='ocrx_word' id='word_1_394' title='bbox 1309 5010 1455 5066; x_wconf 82' lang='lat' dir='ltr'><strong>Alius</strong></span> <span class='ocrx_word' id='word_1_395' title='bbox 1486 5016 1727 5074; x_wconf 86' lang='lat' dir='ltr'><strong>desidio-</strong></span> 
     </span>
    </p>
   </div>
   <div class='ocr_carea' id='block_1_55' title="bbox 199 5090 1734 5172">
    <p class='ocr_par' dir='ltr' id='par_1_55' title="bbox 199 5090 1734 5172">
     <span class='ocr_line' id='line_1_55' title="bbox 199 5090 1734 5172; baseline 0.022 -35"><span class='ocrx_word' id='word_1_396' title='bbox 199 5101 307 5148; x_wconf 85' lang='lat' dir='ltr'><strong>sus,</strong></span> <span class='ocrx_word' id='word_1_397' title='bbox 342 5090 616 5162; x_wconf 88' lang='lat' dir='ltr'><strong>remissus,</strong></span> <span class='ocrx_word' id='word_1_398' title='bbox 652 5099 941 5170; x_wconf 85' lang='lat' dir='ltr'><strong>negligens,</strong></span> <span class='ocrx_word' id='word_1_399' title='bbox 991 5105 1256 5159; x_wconf 85' lang='lat' dir='ltr'><strong>incautus.</strong></span> <span class='ocrx_word' id='word_1_400' title='bbox 1309 5105 1373 5158; x_wconf 87' lang='lat' dir='ltr'><strong>Et</strong></span> <span class='ocrx_word' id='word_1_401' title='bbox 1399 5107 1452 5161; x_wconf 90' lang='lat' dir='ltr'><strong>in</strong></span> <span class='ocrx_word' id='word_1_402' title='bbox 1484 5110 1568 5165; x_wconf 92' lang='lat' dir='ltr'><strong>his</strong></span> <span class='ocrx_word' id='word_1_403' title='bbox 1596 5115 1734 5172; x_wconf 88' lang='lat' dir='ltr'><strong>alius</strong></span> 
     </span>
    </p>
   </div>
   <div class='ocr_carea' id='block_1_56' title="bbox 201 5175 1729 5270">
    <p class='ocr_par' dir='ltr' id='par_1_56' title="bbox 201 5175 1729 5270">
     <span class='ocr_line' id='line_1_56' title="bbox 201 5175 1729 5270; baseline 0.02 -45"><span class='ocrx_word' id='word_1_404' title='bbox 201 5175 336 5270; x_wconf 80' lang='lat' dir='ltr'><strong>plus,</strong></span> <span class='ocrx_word' id='word_1_405' title='bbox 390 5178 525 5234; x_wconf 89' lang='lat' dir='ltr'><strong>alius</strong></span> <span class='ocrx_word' id='word_1_406' title='bbox 574 5187 770 5241; x_wconf 91' lang='lat' dir='ltr'><strong>minus.</strong></span> <span class='ocrx_word' id='word_1_407' title='bbox 815 5190 879 5244; x_wconf 85' lang='lat' dir='ltr'><strong>Et</strong></span> <span class='ocrx_word' id='word_1_408' title='bbox 937 5193 1106 5245; x_wconf 81' lang='lat' dir='ltr'><strong>audeo</strong></span> <span class='ocrx_word' id='word_1_409' title='bbox 1163 5197 1542 5262; x_wconf 86' lang='lat' dir='ltr'><strong>pronuntiare,</strong></span> <span class='ocrx_word' id='word_1_410' title='bbox 1605 5208 1729 5270; x_wconf 84' lang='lat' dir='ltr'><strong>quia</strong></span> 
     </span>
    </p>
   </div>
   <div class='ocr_carea' id='block_1_57' title="bbox 201 5265 1872 5351">
    <p class='ocr_par' dir='ltr' id='par_1_57' title="bbox 201 5265 1872 5351">
     <span class='ocr_line' id='line_1_57' title="bbox 201 5265 1872 5351; baseline 0.022 -35"><span class='ocrx_word' id='word_1_411' title='bbox 201 5265 443 5324; x_wconf 78' lang='lat' dir='ltr'><strong>fortassis</strong></span> <span class='ocrx_word' id='word_1_412' title='bbox 483 5285 677 5340; x_wconf 87' lang='lat' dir='ltr'><strong>quanta</strong></span> <span class='ocrx_word' id='word_1_413' title='bbox 720 5279 772 5331; x_wconf 88' lang='lat' dir='ltr'><strong>in</strong></span> <span class='ocrx_word' id='word_1_414' title='bbox 815 5284 991 5348; x_wconf 89' lang='lat' dir='ltr'><strong>specie</strong></span> <span class='ocrx_word' id='word_1_415' title='bbox 1031 5284 1207 5336; x_wconf 89' lang='lat' dir='ltr'><strong>vultus</strong></span> <span class='ocrx_word' id='word_1_416' title='bbox 1267 5285 1409 5338; x_wconf 77' lang='lat' dir='ltr'><strong>inest</strong></span> <span class='ocrx_word' id='word_1_417' title='bbox 1449 5265 1732 5351; x_wconf 83' lang='lat' dir='ltr'><strong>diversitas</strong></span> <span class='ocrx_word' id='word_1_418' title='bbox 1812 5265 1872 5351; x_wconf 68' lang='lat' dir='ltr'><strong>&#39;;i</strong></span> 
     </span>
    </p>
   </div>
   <div class='ocr_carea' id='block_1_58' title="bbox 273 5360 1782 5454">
    <p class='ocr_par' dir='ltr' id='par_1_58' title="bbox 273 5360 1782 5454">
     <span class='ocr_line' id='line_1_58' title="bbox 273 5360 1782 5454; baseline 0.025 -43"><span class='ocrx_word' id='word_1_419' title='bbox 273 5360 314 5390; x_wconf 88' lang='grc'><strong>⁸¹</strong></span> <span class='ocrx_word' id='word_1_420' title='bbox 340 5361 524 5421; x_wconf 84' lang='lat' dir='ltr'><strong>Matth.</strong></span> <span class='ocrx_word' id='word_1_421' title='bbox 555 5387 625 5436; x_wconf 75' lang='lat' dir='ltr'><strong>vr,</strong></span> <span class='ocrx_word' id='word_1_422' title='bbox 654 5374 739 5427; x_wconf 80' lang='grc'><strong>53.</strong></span> <span class='ocrx_word' id='word_1_423' title='bbox 815 5376 858 5407; x_wconf 82' lang='grc'><strong>⁸²</strong></span> <span class='ocrx_word' id='word_1_424' title='bbox 889 5377 1040 5431; x_wconf 85' lang='lat' dir='ltr'><strong>Rom.</strong></span> <span class='ocrx_word' id='word_1_425' title='bbox 1072 5395 1130 5441; x_wconf 81' lang='grc' dir='ltr'><strong>ιι,</strong></span> <span class='ocrx_word' id='word_1_426' title='bbox 1159 5380 1246 5432; x_wconf 70' lang='grc'><strong>24.</strong></span> <span class='ocrx_word' id='word_1_427' title='bbox 1321 5380 1364 5411; x_wconf 86' lang='grc'><strong>⁸³</strong></span> <span class='ocrx_word' id='word_1_428' title='bbox 1394 5380 1414 5432; x_wconf 84' lang='grc' dir='ltr'><strong>Ι</strong></span> <span class='ocrx_word' id='word_1_429' title='bbox 1443 5381 1563 5437; x_wconf 88' lang='lat' dir='ltr'><strong>Cor.</strong></span> <span class='ocrx_word' id='word_1_430' title='bbox 1599 5405 1668 5454; x_wconf 80' lang='lat' dir='ltr'><strong>Ix,</strong></span> <span class='ocrx_word' id='word_1_431' title='bbox 1697 5393 1782 5449; x_wconf 74' lang='lat'><strong>27.</strong></span> 
     </span>
    </p>
   </div>
   <div class='ocr_carea' id='block_1_59' title="bbox 279 5488 1703 5587">
    <p class='ocr_par' dir='ltr' id='par_1_59' title="bbox 279 5488 1703 5587">
     <span class='ocr_line' id='line_1_59' title="bbox 279 5488 1703 5587; baseline 0.025 -45"><span class='ocrx_word' id='word_1_432' title='bbox 279 5488 382 5554; x_wconf 79' lang='lat'><strong>(58)</strong></span> <span class='ocrx_word' id='word_1_433' title='bbox 414 5492 558 5564; x_wconf 83' lang='lat' dir='ltr'><strong>Mss.,</strong></span> <span class='ocrx_word' id='word_1_434' title='bbox 590 5521 608 5552; x_wconf 86' lang='grc'><strong><em>‹</em></strong></span> <span class='ocrx_word' id='word_1_435' title='bbox 645 5505 853 5576; x_wconf 90' lang='lat' dir='ltr'><strong>subjici.</strong></span> <span class='ocrx_word' id='word_1_436' title='bbox 888 5529 906 5562; x_wconf 72' lang='grc' dir='ltr'><strong><em>ι</em></strong></span> <span class='ocrx_word' id='word_1_437' title='bbox 941 5509 1090 5566; x_wconf 89' lang='lat' dir='ltr'><strong>Libb.</strong></span> <span class='ocrx_word' id='word_1_438' title='bbox 1127 5513 1272 5580; x_wconf 90' lang='lat' dir='ltr'><strong>editi,</strong></span> <span class='ocrx_word' id='word_1_439' title='bbox 1311 5533 1328 5566; x_wconf 70' lang='grc' dir='ltr'><em>α</em></span> <span class='ocrx_word' id='word_1_440' title='bbox 1361 5515 1642 5587; x_wconf 87' lang='lat' dir='ltr'><strong>subjicere.</strong></span> <span class='ocrx_word' id='word_1_441' title='bbox 1684 5545 1703 5577; x_wconf 75' lang='grc' dir='ltr'><strong><em>ι</em></strong></span> 
     </span>
    </p>
   </div>
   <div class='ocr_carea' id='block_1_60' title="bbox 1743 4865 2185 4938">
    <p class='ocr_par' dir='ltr' id='par_1_60' title="bbox 1743 4865 2185 4938">
     <span class='ocr_line' id='line_1_60' title="bbox 1743 4865 2185 4938; baseline 0.018 -23"><span class='ocrx_word' id='word_1_442' title='bbox 1743 4903 1749 4908; x_wconf 89' lang='grc'>.</span> <span class='ocrx_word' id='word_1_443' title='bbox 1830 4865 2014 4934; x_wconf 87' lang='lat' dir='ltr'><strong>utique</strong></span> <span class='ocrx_word' id='word_1_444' title='bbox 2041 4872 2185 4938; x_wconf 89' lang='lat' dir='ltr'><strong>quod</strong></span> 
     </span>
    </p>
   </div>
   <div class='ocr_carea' id='block_1_61' title="bbox 1853 494 3679 574">
    <p class='ocr_par' dir='ltr' id='par_1_61' title="bbox 1853 494 3679 574">
     <span class='ocr_line' id='line_1_61' title="bbox 1853 494 3679 574; baseline -0.007 -16"><span class='ocrx_word' id='word_1_445' title='bbox 1853 508 2046 560; x_wconf 88' lang='lat' dir='ltr'><strong>rentia.</strong></span> <span class='ocrx_word' id='word_1_446' title='bbox 2075 505 2219 558; x_wconf 91' lang='lat' dir='ltr'><strong>Sicut</strong></span> <span class='ocrx_word' id='word_1_447' title='bbox 2247 515 2300 559; x_wconf 92' lang='lat' dir='ltr'><strong>et</strong></span> <span class='ocrx_word' id='word_1_448' title='bbox 2335 506 2850 574; x_wconf 86' lang='lat' dir='ltr'><strong>sapientissimum</strong></span> <span class='ocrx_word' id='word_1_449' title='bbox 2886 500 3366 554; x_wconf 79' lang='lat' dir='ltr'><strong>Salomonem</strong></span> <span class='ocrx_word' id='word_1_450' title='bbox 3409 494 3679 547; x_wconf 76' lang='lat' dir='ltr'><strong>tuemini</strong></span> 
     </span>
    </p>
   </div>
   <div class='ocr_carea' id='block_1_62' title="bbox 1848 583 3685 663">
    <p class='ocr_par' dir='ltr' id='par_1_62' title="bbox 1848 583 3685 663">
     <span class='ocr_line' id='line_1_62' title="bbox 1848 583 3685 663; baseline -0.007 -15"><span class='ocrx_word' id='word_1_451' title='bbox 1848 597 2077 663; x_wconf 83' lang='lat' dir='ltr'><strong>quodam</strong></span> <span class='ocrx_word' id='word_1_452' title='bbox 2114 595 2232 648; x_wconf 92' lang='lat' dir='ltr'><strong>loco</strong></span> <span class='ocrx_word' id='word_1_453' title='bbox 2268 596 2550 649; x_wconf 88' lang='lat' dir='ltr'><strong>dicentem</strong></span> <span class='ocrx_word' id='word_1_454' title='bbox 2595 610 2610 646; x_wconf 89' lang='lat'><strong>:</strong></span> <span class='ocrx_word' id='word_1_455' title='bbox 2656 611 2675 643; x_wconf 82' lang='grc'><strong>‹</strong></span> <span class='ocrx_word' id='word_1_456' title='bbox 2707 592 2888 644; x_wconf 86' lang='lat' dir='ltr'><strong>Sicut</strong></span> <span class='ocrx_word' id='word_1_457' title='bbox 2928 585 3215 642; x_wconf 81' lang='lat' dir='ltr'><strong>diversi</strong></span> <span class='ocrx_word' id='word_1_458' title='bbox 3265 590 3435 636; x_wconf 76' lang='lat' dir='ltr'><strong>sunt</strong></span> <span class='ocrx_word' id='word_1_459' title='bbox 3469 583 3685 635; x_wconf 78' lang='lat' dir='ltr'><strong>vultus</strong></span> 
     </span>
    </p>
   </div>
   <div class='ocr_carea' id='block_1_63' title="bbox 1847 671 3684 752">
    <p class='ocr_par' dir='ltr' id='par_1_63' title="bbox 1847 671 3684 752">
     <span class='ocr_line' id='line_1_63' title="bbox 1847 671 3684 752; baseline -0.008 -14"><span class='ocrx_word' id='word_1_460' title='bbox 1847 686 2102 752; x_wconf 85' lang='lat' dir='ltr'><strong>vultibus,</strong></span> <span class='ocrx_word' id='word_1_461' title='bbox 2129 686 2199 738; x_wconf 90' lang='lat' dir='ltr'><strong>ita</strong></span> <span class='ocrx_word' id='word_1_462' title='bbox 2232 695 2288 738; x_wconf 89' lang='lat' dir='ltr'><strong>et</strong></span> <span class='ocrx_word' id='word_1_463' title='bbox 2320 685 2546 737; x_wconf 86' lang='lat' dir='ltr'><strong>diversa</strong></span> <span class='ocrx_word' id='word_1_464' title='bbox 2586 691 2735 736; x_wconf 84' lang='lat' dir='ltr'><strong>sunt</strong></span> <span class='ocrx_word' id='word_1_465' title='bbox 2775 679 2978 734; x_wconf 87' lang='lat' dir='ltr'><strong>corda</strong></span> <span class='ocrx_word' id='word_1_466' title='bbox 3007 675 3443 731; x_wconf 78' lang='lat' dir='ltr'><strong>hominum.</strong></span> <span class='ocrx_word' id='word_1_467' title='bbox 3489 690 3515 723; x_wconf 68' lang='grc' dir='ltr'><strong><em>ι</em></strong></span> <span class='ocrx_word' id='word_1_468' title='bbox 3558 671 3684 726; x_wconf 84' lang='lat' dir='ltr'><strong>Sed</strong></span> 
     </span>
    </p>
   </div>
   <div class='ocr_carea' id='block_1_64' title="bbox 1848 765 3684 844">
    <p class='ocr_par' dir='ltr' id='par_1_64' title="bbox 1848 765 3684 844">
     <span class='ocr_line' id='line_1_64' title="bbox 1848 765 3684 844; baseline -0.006 -16"><span class='ocrx_word' id='word_1_469' title='bbox 1848 777 2240 844; x_wconf 84' lang='lat' dir='ltr'><strong>unusquisque,</strong></span> <span class='ocrx_word' id='word_1_470' title='bbox 2297 784 2358 826; x_wconf 91' lang='lat' dir='ltr'><strong>ut</strong></span> <span class='ocrx_word' id='word_1_471' title='bbox 2392 775 2469 826; x_wconf 89' lang='lat' dir='ltr'><strong>ait</strong></span> <span class='ocrx_word' id='word_1_472' title='bbox 2503 773 2768 842; x_wconf 78' lang='lat' dir='ltr'><strong>Moyses,</strong></span> <span class='ocrx_word' id='word_1_473' title='bbox 2828 769 3239 825; x_wconf 84' lang='lat' dir='ltr'><strong>secundum</strong></span> <span class='ocrx_word' id='word_1_474' title='bbox 3311 765 3513 834; x_wconf 78' lang='lat' dir='ltr'><strong>signa</strong></span> <span class='ocrx_word' id='word_1_475' title='bbox 3571 781 3684 818; x_wconf 84' lang='lat' dir='ltr'><strong>sua</strong></span> 
     </span>
    </p>
   </div>
   <div class='ocr_carea' id='block_1_65' title="bbox 1847 856 3686 937">
    <p class='ocr_par' dir='ltr' id='par_1_65' title="bbox 1847 856 3686 937">
     <span class='ocr_line' id='line_1_65' title="bbox 1847 856 3686 937; baseline -0.008 -19"><span class='ocrx_word' id='word_1_476' title='bbox 1847 866 2083 927; x_wconf 85' lang='lat' dir='ltr'><strong>incedat,</strong></span> <span class='ocrx_word' id='word_1_477' title='bbox 2135 865 2187 918; x_wconf 91' lang='lat' dir='ltr'><strong>id</strong></span> <span class='ocrx_word' id='word_1_478' title='bbox 2225 873 2332 930; x_wconf 90' lang='lat' dir='ltr'><strong>est,</strong></span> <span class='ocrx_word' id='word_1_479' title='bbox 2371 879 2442 918; x_wconf 89' lang='lat' dir='ltr'><strong>ne</strong></span> <span class='ocrx_word' id='word_1_480' title='bbox 2475 865 2523 916; x_wconf 91' lang='lat' dir='ltr'><strong>is</strong></span> <span class='ocrx_word' id='word_1_481' title='bbox 2553 902 2570 926; x_wconf 91' lang='lat'><strong>,</strong></span> <span class='ocrx_word' id='word_1_482' title='bbox 2608 859 3132 937; x_wconf 84' lang='lat' dir='ltr'><strong>cujus_humilia</strong></span> <span class='ocrx_word' id='word_1_483' title='bbox 3211 864 3288 910; x_wconf 83' lang='lat' dir='ltr'><strong>ct.</strong></span> <span class='ocrx_word' id='word_1_484' title='bbox 3365 856 3686 921; x_wconf 82' lang='lat' dir='ltr'><strong>despecta</strong></span> 
     </span>
    </p>
   </div>
   <div class='ocr_carea' id='block_1_66' title="bbox 1847 943 3686 1020">
    <p class='ocr_par' dir='ltr' id='par_1_66' title="bbox 1847 943 3686 1020">
     <span class='ocr_line' id='line_1_66' title="bbox 1847 943 3686 1020; baseline -0.006 -13"><span class='ocrx_word' id='word_1_485' title='bbox 1847 963 1971 1007; x_wconf 87' lang='lat' dir='ltr'><strong>sunt</strong></span> <span class='ocrx_word' id='word_1_486' title='bbox 2018 954 2196 1020; x_wconf 88' lang='lat' dir='ltr'><strong>signa,</strong></span> <span class='ocrx_word' id='word_1_487' title='bbox 2233 953 2434 1007; x_wconf 90' lang='lat' dir='ltr'><strong>elatior</strong></span> <span class='ocrx_word' id='word_1_488' title='bbox 2463 951 2729 1014; x_wconf 88' lang='lat' dir='ltr'><strong>incedat,</strong></span> <span class='ocrx_word' id='word_1_489' title='bbox 2791 950 2890 1004; x_wconf 90' lang='lat' dir='ltr'><strong>vel</strong></span> <span class='ocrx_word' id='word_1_490' title='bbox 2945 947 3182 1002; x_wconf 79' lang='lat' dir='ltr'><strong>altior</strong></span> <span class='ocrx_word' id='word_1_491' title='bbox 3250 960 3475 1014; x_wconf 85' lang='lat' dir='ltr'><strong>quam</strong></span> <span class='ocrx_word' id='word_1_492' title='bbox 3545 943 3686 997; x_wconf 85' lang='lat' dir='ltr'><strong>ani-</strong></span> 
     </span>
    </p>
   </div>
   <div class='ocr_carea' id='block_1_67' title="bbox 1847 1037 3690 1113">
    <p class='ocr_par' dir='ltr' id='par_1_67' title="bbox 1847 1037 3690 1113">
     <span class='ocr_line' id='line_1_67' title="bbox 1847 1037 3690 1113; baseline -0.003 -18"><span class='ocrx_word' id='word_1_493' title='bbox 1847 1059 2059 1096; x_wconf 92' lang='lat' dir='ltr'><strong>morum</strong></span> <span class='ocrx_word' id='word_1_494' title='bbox 2125 1059 2350 1098; x_wconf 90' lang='lat' dir='ltr'><strong>suorum</strong></span> <span class='ocrx_word' id='word_1_495' title='bbox 2409 1044 2573 1113; x_wconf 84' lang='lat' dir='ltr'><strong>signa</strong></span> <span class='ocrx_word' id='word_1_496' title='bbox 2632 1043 3025 1111; x_wconf 84' lang='lat' dir='ltr'><strong>deposcunt.</strong></span> <span class='ocrx_word' id='word_1_497' title='bbox 3137 1038 3235 1091; x_wconf 80' lang='lat' dir='ltr'><strong>Et</strong></span> <span class='ocrx_word' id='word_1_498' title='bbox 3328 1047 3408 1090; x_wconf 77' lang='lat' dir='ltr'><strong>ut</strong></span> <span class='ocrx_word' id='word_1_499' title='bbox 3483 1037 3690 1090; x_wconf 70' lang='lat' dir='ltr'><strong>adhuc</strong></span> 
     </span>
    </p>
   </div>
   <div class='ocr_carea' id='block_1_68' title="bbox 1847 1129 3691 1203">
    <p class='ocr_par' dir='ltr' id='par_1_68' title="bbox 1847 1129 3691 1203">
     <span class='ocr_line' id='line_1_68' title="bbox 1847 1129 3691 1203; baseline -0.001 -19"><span class='ocrx_word' id='word_1_500' title='bbox 1847 1134 2081 1201; x_wconf 90' lang='lat' dir='ltr'><strong>amplius</strong></span> <span class='ocrx_word' id='word_1_501' title='bbox 2110 1133 2449 1188; x_wconf 90' lang='lat' dir='ltr'><strong>diversitatis</strong></span> <span class='ocrx_word' id='word_1_502' title='bbox 2482 1135 2798 1203; x_wconf 69' lang='lat' dir='ltr'><strong>signorum</strong></span> <span class='ocrx_word' id='word_1_503' title='bbox 2828 1132 3010 1185; x_wconf 86' lang='lat' dir='ltr'><strong>ratio</strong></span> <span class='ocrx_word' id='word_1_504' title='bbox 3047 1129 3459 1194; x_wconf 83' lang='lat' dir='ltr'><strong>clarescat,</strong></span> <span class='ocrx_word' id='word_1_505' title='bbox 3495 1129 3691 1183; x_wconf 85' lang='lat' dir='ltr'><strong>adde-</strong></span> 
     </span>
    </p>
   </div>
   <div class='ocr_carea' id='block_1_69' title="bbox 1851 1219 3694 1292">
    <p class='ocr_par' dir='ltr' id='par_1_69' title="bbox 1851 1219 3694 1292">
     <span class='ocr_line' id='line_1_69' title="bbox 1851 1219 3694 1292; baseline 0 -20"><span class='ocrx_word' id='word_1_506' title='bbox 1851 1236 1971 1276; x_wconf 89' lang='lat' dir='ltr'><strong>mus</strong></span> <span class='ocrx_word' id='word_1_507' title='bbox 2016 1224 2182 1276; x_wconf 90' lang='lat' dir='ltr'><strong>etiam</strong></span> <span class='ocrx_word' id='word_1_508' title='bbox 2225 1224 2360 1276; x_wconf 65' lang='lat' dir='ltr'><strong>haec.</strong></span> <span class='ocrx_word' id='word_1_509' title='bbox 2389 1225 2607 1277; x_wconf 90' lang='lat' dir='ltr'><strong>Omnes</strong></span> <span class='ocrx_word' id='word_1_510' title='bbox 2659 1223 2765 1292; x_wconf 91' lang='lat' dir='ltr'><strong>qui</strong></span> <span class='ocrx_word' id='word_1_511' title='bbox 2825 1223 3121 1276; x_wconf 83' lang='lat' dir='ltr'><strong>litteras</strong></span> <span class='ocrx_word' id='word_1_512' title='bbox 3158 1230 3466 1282; x_wconf 84' lang='lat' dir='ltr'><strong>norunt,</strong></span> <span class='ocrx_word' id='word_1_513' title='bbox 3495 1219 3694 1288; x_wconf 74' lang='grc'><strong>279</strong></span> 
     </span>
    </p>
   </div>
   <div class='ocr_carea' id='block_1_70' title="bbox 1845 1306 3692 1379">
    <p class='ocr_par' dir='ltr' id='par_1_70' title="bbox 1845 1306 3692 1379">
     <span class='ocr_line' id='line_1_70' title="bbox 1845 1306 3692 1379; baseline 0.001 -19"><span class='ocrx_word' id='word_1_514' title='bbox 1845 1316 2056 1360; x_wconf 88' lang='lat' dir='ltr'><strong>certum</strong></span> <span class='ocrx_word' id='word_1_515' title='bbox 2096 1315 2180 1359; x_wconf 88' lang='lat' dir='ltr'><strong>est</strong></span> <span class='ocrx_word' id='word_1_516' title='bbox 2209 1311 2353 1374; x_wconf 87' lang='lat' dir='ltr'><strong>quod</strong></span> <span class='ocrx_word' id='word_1_517' title='bbox 2387 1309 2585 1376; x_wconf 89' lang='lat' dir='ltr'><strong>viginti</strong></span> <span class='ocrx_word' id='word_1_518' title='bbox 2640 1316 2922 1376; x_wconf 88' lang='lat' dir='ltr'><strong>quatuor</strong></span> <span class='ocrx_word' id='word_1_519' title='bbox 2964 1307 3029 1360; x_wconf 88' lang='lat' dir='ltr'><strong>si</strong></span> <span class='ocrx_word' id='word_1_520' title='bbox 3098 1306 3401 1373; x_wconf 69' lang='lat' dir='ltr'><strong>Graeca,</strong></span> <span class='ocrx_word' id='word_1_521' title='bbox 3465 1307 3692 1379; x_wconf 75' lang='lat' dir='ltr'><strong>viginti</strong></span> 
     </span>
    </p>
   </div>
   <div class='ocr_carea' id='block_1_71' title="bbox 1846 1393 3694 1460">
    <p class='ocr_par' dir='ltr' id='par_1_71' title="bbox 1846 1393 3694 1460">
     <span class='ocr_line' id='line_1_71' title="bbox 1846 1393 3694 1460; baseline 0.002 -14"><span class='ocrx_word' id='word_1_522' title='bbox 1846 1395 1949 1446; x_wconf 89' lang='lat' dir='ltr'><strong>tria</strong></span> <span class='ocrx_word' id='word_1_523' title='bbox 1991 1395 2036 1448; x_wconf 92' lang='lat' dir='ltr'><strong>si</strong></span> <span class='ocrx_word' id='word_1_524' title='bbox 2083 1393 2279 1448; x_wconf 83' lang='lat' dir='ltr'><strong>Latina</strong></span> <span class='ocrx_word' id='word_1_525' title='bbox 2315 1395 2630 1449; x_wconf 85' lang='lat' dir='ltr'><strong>litterarum</strong></span> <span class='ocrx_word' id='word_1_526' title='bbox 2671 1396 2999 1450; x_wconf 85' lang='lat' dir='ltr'><strong>elementa</strong></span> <span class='ocrx_word' id='word_1_527' title='bbox 3043 1398 3482 1460; x_wconf 78' lang='lat' dir='ltr'><strong>didicerint,</strong></span> <span class='ocrx_word' id='word_1_528' title='bbox 3520 1408 3585 1451; x_wconf 88' lang='lat' dir='ltr'><strong>et</strong></span> <span class='ocrx_word' id='word_1_529' title='bbox 3617 1413 3694 1450; x_wconf 79' lang='lat' dir='ltr'><strong>ex</strong></span> 
     </span>
    </p>
   </div>
   <div class='ocr_carea' id='block_1_72' title="bbox 1845 1483 3693 1556">
    <p class='ocr_par' dir='ltr' id='par_1_72' title="bbox 1845 1483 3693 1556">
     <span class='ocr_line' id='line_1_72' title="bbox 1845 1483 3693 1556; baseline 0.006 -21"><span class='ocrx_word' id='word_1_530' title='bbox 1845 1483 1932 1537; x_wconf 87' lang='lat' dir='ltr'><strong>his</strong></span> <span class='ocrx_word' id='word_1_531' title='bbox 2004 1483 2187 1538; x_wconf 88' lang='lat' dir='ltr'><strong>onmia</strong></span> <span class='ocrx_word' id='word_1_532' title='bbox 2240 1499 2588 1554; x_wconf 55' lang='lat' dir='ltr'><strong>quaecunque</strong></span> <span class='ocrx_word' id='word_1_533' title='bbox 2651 1488 3005 1542; x_wconf 85' lang='lat' dir='ltr'><strong>scribenda</strong></span> <span class='ocrx_word' id='word_1_534' title='bbox 3082 1498 3296 1556; x_wconf 83' lang='lat' dir='ltr'><strong>sunt,</strong></span> <span class='ocrx_word' id='word_1_535' title='bbox 3357 1490 3693 1546; x_wconf 87' lang='lat' dir='ltr'><strong>scribunt.</strong></span> 
     </span>
    </p>
   </div>
   <div class='ocr_carea' id='block_1_73' title="bbox 1843 1570 3698 1648">
    <p class='ocr_par' dir='ltr' id='par_1_73' title="bbox 1843 1570 3698 1648">
     <span class='ocr_line' id='line_1_73' title="bbox 1843 1570 3698 1648; baseline 0.006 -25"><span class='ocrx_word' id='word_1_536' title='bbox 1843 1570 2004 1624; x_wconf 86' lang='lat' dir='ltr'><strong>Aliud</strong></span> <span class='ocrx_word' id='word_1_537' title='bbox 2040 1581 2221 1625; x_wconf 88' lang='lat' dir='ltr'><strong>tamen</strong></span> <span class='ocrx_word' id='word_1_538' title='bbox 2255 1573 2499 1643; x_wconf 84' lang='lat' dir='ltr'><strong>signum,</strong></span> <span class='ocrx_word' id='word_1_539' title='bbox 2541 1574 2706 1627; x_wconf 87' lang='lat' dir='ltr'><strong>verbi</strong></span> <span class='ocrx_word' id='word_1_540' title='bbox 2745 1577 2996 1642; x_wconf 83' lang='lat' dir='ltr'><strong>gratia,</strong></span> <span class='ocrx_word' id='word_1_541' title='bbox 3043 1577 3280 1646; x_wconf 78' lang='lat' dir='ltr'><strong>alpha</strong></span> <span class='ocrx_word' id='word_1_542' title='bbox 3313 1581 3508 1648; x_wconf 79' lang='lat' dir='ltr'><strong>quod</strong></span> <span class='ocrx_word' id='word_1_543' title='bbox 3537 1580 3698 1637; x_wconf 75' lang='lat' dir='ltr'><strong>Pau-</strong></span> 
     </span>
    </p>
   </div>
   <div class='ocr_carea' id='block_1_74' title="bbox 1845 1658 3697 1734">
    <p class='ocr_par' dir='ltr' id='par_1_74' title="bbox 1845 1658 3697 1734">
     <span class='ocr_line' id='line_1_74' title="bbox 1845 1658 3697 1734; baseline 0.008 -24"><span class='ocrx_word' id='word_1_544' title='bbox 1845 1658 1928 1712; x_wconf 89' lang='lat' dir='ltr'><strong>lus</strong></span> <span class='ocrx_word' id='word_1_545' title='bbox 1962 1659 2278 1727; x_wconf 88' lang='lat' dir='ltr'><strong>scripserit,</strong></span> <span class='ocrx_word' id='word_1_546' title='bbox 2317 1662 2509 1724; x_wconf 74' lang='lat' dir='ltr'><strong>liabel,</strong></span> <span class='ocrx_word' id='word_1_547' title='bbox 2557 1673 2615 1714; x_wconf 89' lang='lat' dir='ltr'><strong>et</strong></span> <span class='ocrx_word' id='word_1_548' title='bbox 2662 1662 2832 1716; x_wconf 84' lang='lat' dir='ltr'><strong>aliud</strong></span> <span class='ocrx_word' id='word_1_549' title='bbox 2873 1665 3082 1732; x_wconf 82' lang='lat' dir='ltr'><strong>quod</strong></span> <span class='ocrx_word' id='word_1_550' title='bbox 3131 1665 3452 1734; x_wconf 85' lang='lat' dir='ltr'><strong>Petrus;</strong></span> <span class='ocrx_word' id='word_1_551' title='bbox 3505 1675 3572 1722; x_wconf 88' lang='lat' dir='ltr'><strong>et</strong></span> <span class='ocrx_word' id='word_1_552' title='bbox 3605 1669 3697 1724; x_wconf 86' lang='lat' dir='ltr'><strong>sic</strong></span> 
     </span>
    </p>
   </div>
   <div class='ocr_carea' id='block_1_75' title="bbox 1845 1747 3697 1818">
    <p class='ocr_par' dir='ltr' id='par_1_75' title="bbox 1845 1747 3697 1818">
     <span class='ocr_line' id='line_1_75' title="bbox 1845 1747 3697 1818; baseline 0.008 -19"><span class='ocrx_word' id='word_1_553' title='bbox 1845 1761 1942 1811; x_wconf 88' lang='lat' dir='ltr'><strong>per</strong></span> <span class='ocrx_word' id='word_1_554' title='bbox 1966 1747 2213 1814; x_wconf 86' lang='lat' dir='ltr'><strong>singulos</strong></span> <span class='ocrx_word' id='word_1_555' title='bbox 2257 1749 2540 1813; x_wconf 87' lang='lat' dir='ltr'><strong>homines,</strong></span> <span class='ocrx_word' id='word_1_556' title='bbox 2584 1750 2685 1818; x_wconf 92' lang='lat' dir='ltr'><strong>qui</strong></span> <span class='ocrx_word' id='word_1_557' title='bbox 2718 1750 2985 1806; x_wconf 86' lang='lat' dir='ltr'><strong>litteras</strong></span> <span class='ocrx_word' id='word_1_558' title='bbox 3055 1766 3371 1818; x_wconf 87' lang='lat' dir='ltr'><strong>norunt,</strong></span> <span class='ocrx_word' id='word_1_559' title='bbox 3437 1757 3697 1813; x_wconf 80' lang='lat' dir='ltr'><strong>diversa</strong></span> 
     </span>
    </p>
   </div>
   <div class='ocr_carea' id='block_1_76' title="bbox 1845 1835 3696 1919">
    <p class='ocr_par' dir='ltr' id='par_1_76' title="bbox 1845 1835 3696 1919">
     <span class='ocr_line' id='line_1_76' title="bbox 1845 1835 3696 1919; baseline 0.009 -31"><span class='ocrx_word' id='word_1_560' title='bbox 1845 1835 2114 1888; x_wconf 88' lang='lat' dir='ltr'><strong>scribendi</strong></span> <span class='ocrx_word' id='word_1_561' title='bbox 2152 1851 2248 1904; x_wconf 89' lang='lat' dir='ltr'><strong>per</strong></span> <span class='ocrx_word' id='word_1_562' title='bbox 2287 1837 2539 1903; x_wconf 79' lang='lat' dir='ltr'><strong>singulas</strong></span> <span class='ocrx_word' id='word_1_563' title='bbox 2571 1853 2856 1908; x_wconf 84' lang='lat' dir='ltr'><strong>quasque</strong></span> <span class='ocrx_word' id='word_1_564' title='bbox 2890 1841 3209 1898; x_wconf 80' lang='lat' dir='ltr'><strong>litteras</strong></span> <span class='ocrx_word' id='word_1_565' title='bbox 3261 1846 3465 1916; x_wconf 81' lang='lat' dir='ltr'><strong>signa</strong></span> <span class='ocrx_word' id='word_1_566' title='bbox 3509 1863 3696 1919; x_wconf 84' lang='lat' dir='ltr'><strong>repe-</strong></span> 
     </span>
    </p>
   </div>
   <div class='ocr_carea' id='block_1_77' title="bbox 1847 1923 3698 2002">
    <p class='ocr_par' dir='ltr' id='par_1_77' title="bbox 1847 1923 3698 2002">
     <span class='ocr_line' id='line_1_77' title="bbox 1847 1923 3698 2002; baseline 0.011 -25"><span class='ocrx_word' id='word_1_567' title='bbox 1847 1925 1976 1978; x_wconf 91' lang='lat' dir='ltr'><strong>ries.</strong></span> <span class='ocrx_word' id='word_1_568' title='bbox 2039 1923 2195 1979; x_wconf 87' lang='lat' dir='ltr'><strong>Unde</strong></span> <span class='ocrx_word' id='word_1_569' title='bbox 2251 1936 2305 1978; x_wconf 94' lang='lat' dir='ltr'><strong>et</strong></span> <span class='ocrx_word' id='word_1_570' title='bbox 2356 1928 2753 1997; x_wconf 78' lang='lat' dir='ltr'><strong>chirographa</strong></span> <span class='ocrx_word' id='word_1_571' title='bbox 2831 1934 3315 2002; x_wconf 82' lang='lat' dir='ltr'><strong>singulorum</strong></span> <span class='ocrx_word' id='word_1_572' title='bbox 3393 1943 3698 1998; x_wconf 81' lang='lat' dir='ltr'><strong>manibus</strong></span> 
     </span>
    </p>
   </div>
   <div class='ocr_carea' id='block_1_78' title="bbox 1843 2012 3699 2104">
    <p class='ocr_par' dir='ltr' id='par_1_78' title="bbox 1843 2012 3699 2104">
     <span class='ocr_line' id='line_1_78' title="bbox 1843 2012 3699 2104; baseline 0.012 -40"><span class='ocrx_word' id='word_1_573' title='bbox 1843 2012 2070 2080; x_wconf 90' lang='lat' dir='ltr'><strong>scripta,</strong></span> <span class='ocrx_word' id='word_1_574' title='bbox 2096 2015 2336 2082; x_wconf 86' lang='lat' dir='ltr'><strong>propriis</strong></span> <span class='ocrx_word' id='word_1_575' title='bbox 2364 2017 2720 2083; x_wconf 87' lang='lat' dir='ltr'><strong>quibusdam</strong></span> <span class='ocrx_word' id='word_1_576' title='bbox 2764 2021 2985 2091; x_wconf 85' lang='lat' dir='ltr'><strong>signis</strong></span> <span class='ocrx_word' id='word_1_577' title='bbox 3035 2035 3116 2078; x_wconf 86' lang='lat' dir='ltr'><strong>et</strong></span> <span class='ocrx_word' id='word_1_578' title='bbox 3159 2027 3455 2084; x_wconf 86' lang='lat' dir='ltr'><strong>iudiciis</strong></span> <span class='ocrx_word' id='word_1_579' title='bbox 3506 2047 3699 2104; x_wconf 81' lang='lat' dir='ltr'><strong>agno-</strong></span> 
     </span>
    </p>
   </div>
   <div class='ocr_carea' id='block_1_79' title="bbox 1847 2105 3698 2182">
    <p class='ocr_par' dir='ltr' id='par_1_79' title="bbox 1847 2105 3698 2182">
     <span class='ocr_line' id='line_1_79' title="bbox 1847 2105 3698 2182; baseline 0.013 -29"><span class='ocrx_word' id='word_1_580' title='bbox 1847 2111 2102 2165; x_wconf 87' lang='lat' dir='ltr'><strong>scuntur;</strong></span> <span class='ocrx_word' id='word_1_581' title='bbox 2138 2113 2192 2155; x_wconf 88' lang='lat' dir='ltr'><strong>et</strong></span> <span class='ocrx_word' id='word_1_582' title='bbox 2220 2118 2345 2156; x_wconf 91' lang='lat' dir='ltr'><strong>cum</strong></span> <span class='ocrx_word' id='word_1_583' title='bbox 2366 2105 2481 2157; x_wconf 85' lang='lat' dir='ltr'><strong>sint</strong></span> <span class='ocrx_word' id='word_1_584' title='bbox 2510 2106 2820 2161; x_wconf 87' lang='lat' dir='ltr'><strong>elementa</strong></span> <span class='ocrx_word' id='word_1_585' title='bbox 2850 2112 3159 2182; x_wconf 85' lang='lat' dir='ltr'><strong>eadem,</strong></span> <span class='ocrx_word' id='word_1_586' title='bbox 3198 2126 3315 2170; x_wconf 86' lang='lat' dir='ltr'><strong>est</strong></span> <span class='ocrx_word' id='word_1_587' title='bbox 3363 2128 3588 2176; x_wconf 82' lang='lat' dir='ltr'><strong>tamen</strong></span> <span class='ocrx_word' id='word_1_588' title='bbox 3636 2122 3698 2177; x_wconf 89' lang='lat' dir='ltr'><strong>in</strong></span> 
     </span>
    </p>
   </div>
   <div class='ocr_carea' id='block_1_80' title="bbox 1842 2188 3698 2266">
    <p class='ocr_par' dir='ltr' id='par_1_80' title="bbox 1842 2188 3698 2266">
     <span class='ocr_line' id='line_1_80' title="bbox 1842 2188 3698 2266; baseline 0.015 -27"><span class='ocrx_word' id='word_1_589' title='bbox 1842 2188 1957 2256; x_wconf 90' lang='lat' dir='ltr'><strong>ipsa</strong></span> <span class='ocrx_word' id='word_1_590' title='bbox 1987 2188 2347 2244; x_wconf 89' lang='lat' dir='ltr'><strong>similitudine</strong></span> <span class='ocrx_word' id='word_1_591' title='bbox 2379 2191 2713 2247; x_wconf 88' lang='lat' dir='ltr'><strong>litterarum</strong></span> <span class='ocrx_word' id='word_1_592' title='bbox 2756 2199 2971 2252; x_wconf 81' lang='lat' dir='ltr'><strong>multa</strong></span> <span class='ocrx_word' id='word_1_593' title='bbox 3032 2203 3575 2264; x_wconf 83' lang='lat' dir='ltr'><strong>dissimilitudo</strong></span> <span class='ocrx_word' id='word_1_594' title='bbox 3606 2212 3698 2266; x_wconf 88' lang='lat' dir='ltr'><strong>si-</strong></span> 
     </span>
    </p>
   </div>
   <div class='ocr_carea' id='block_1_81' title="bbox 1841 2277 3700 2370">
    <p class='ocr_par' dir='ltr' id='par_1_81' title="bbox 1841 2277 3700 2370">
     <span class='ocr_line' id='line_1_81' title="bbox 1841 2277 3700 2370; baseline 0.016 -44"><span class='ocrx_word' id='word_1_595' title='bbox 1841 2292 2088 2344; x_wconf 83' lang='lat' dir='ltr'><strong>gnorum.</strong></span> <span class='ocrx_word' id='word_1_596' title='bbox 2123 2277 2296 2348; x_wconf 85' lang='lat' dir='ltr'><strong>Igitur</strong></span> <span class='ocrx_word' id='word_1_597' title='bbox 2342 2281 2386 2334; x_wconf 92' lang='lat' dir='ltr'><strong>si</strong></span> <span class='ocrx_word' id='word_1_598' title='bbox 2422 2281 2654 2352; x_wconf 81' lang='lat' dir='ltr'><strong>integre</strong></span> <span class='ocrx_word' id='word_1_599' title='bbox 2707 2287 2822 2341; x_wconf 90' lang='lat' dir='ltr'><strong>tibi</strong></span> <span class='ocrx_word' id='word_1_600' title='bbox 2867 2295 3297 2359; x_wconf 58' lang='lat' dir='ltr'><strong>proposita</strong></span> <span class='ocrx_word' id='word_1_601' title='bbox 3343 2301 3444 2354; x_wconf 87' lang='lat' dir='ltr'><strong>rei</strong></span> <span class='ocrx_word' id='word_1_602' title='bbox 3498 2305 3700 2370; x_wconf 82' lang='lat' dir='ltr'><strong>patuit</strong></span> 
     </span>
    </p>
   </div>
   <div class='ocr_carea' id='block_1_82' title="bbox 1840 2367 3701 2446">
    <p class='ocr_par' dir='ltr' id='par_1_82' title="bbox 1840 2367 3701 2446">
     <span class='ocr_line' id='line_1_82' title="bbox 1840 2367 3701 2446; baseline 0.015 -27"><span class='ocrx_word' id='word_1_603' title='bbox 1840 2367 2169 2433; x_wconf 83' lang='lat' dir='ltr'><strong>exemplum,</strong></span> <span class='ocrx_word' id='word_1_604' title='bbox 2197 2369 2324 2422; x_wconf 91' lang='lat' dir='ltr'><strong>veni</strong></span> <span class='ocrx_word' id='word_1_605' title='bbox 2359 2386 2511 2424; x_wconf 90' lang='lat' dir='ltr'><strong>nunc</strong></span> <span class='ocrx_word' id='word_1_606' title='bbox 2567 2375 2642 2426; x_wconf 88' lang='lat' dir='ltr'><strong>ad</strong></span> <span class='ocrx_word' id='word_1_607' title='bbox 2703 2387 2929 2432; x_wconf 87' lang='lat' dir='ltr'><strong>motus</strong></span> <span class='ocrx_word' id='word_1_608' title='bbox 2999 2387 3302 2443; x_wconf 84' lang='lat' dir='ltr'><strong>mentis</strong></span> <span class='ocrx_word' id='word_1_609' title='bbox 3341 2401 3416 2444; x_wconf 87' lang='lat' dir='ltr'><strong>et</strong></span> <span class='ocrx_word' id='word_1_610' title='bbox 3453 2367 3701 2446; x_wconf 61' lang='lat' dir='ltr'><strong>animm</strong></span> 
     </span>
    </p>
   </div>
   <div class='ocr_carea' id='block_1_83' title="bbox 1841 2456 3700 2546">
    <p class='ocr_par' dir='ltr' id='par_1_83' title="bbox 1841 2456 3700 2546">
     <span class='ocr_line' id='line_1_83' title="bbox 1841 2456 3700 2546; baseline 0.019 -43"><span class='ocrx_word' id='word_1_611' title='bbox 1841 2469 1982 2518; x_wconf 91' lang='lat' dir='ltr'><strong>rum,</strong></span> <span class='ocrx_word' id='word_1_612' title='bbox 2014 2456 2216 2522; x_wconf 88' lang='lat' dir='ltr'><strong>quibus</strong></span> <span class='ocrx_word' id='word_1_613' title='bbox 2263 2457 2332 2509; x_wconf 90' lang='lat' dir='ltr'><strong>ad</strong></span> <span class='ocrx_word' id='word_1_614' title='bbox 2367 2458 2587 2527; x_wconf 86' lang='lat' dir='ltr'><strong>aliquid</strong></span> <span class='ocrx_word' id='word_1_615' title='bbox 2638 2466 3101 2525; x_wconf 83' lang='lat' dir='ltr'><strong>concitantur</strong></span> <span class='ocrx_word' id='word_1_616' title='bbox 3137 2484 3560 2546; x_wconf 81' lang='lat' dir='ltr'><strong>gerendum.</strong></span> <span class='ocrx_word' id='word_1_617' title='bbox 3599 2483 3700 2538; x_wconf 79' lang='lat' dir='ltr'><strong>ln-</strong></span> 
     </span>
    </p>
   </div>
   <div class='ocr_carea' id='block_1_84' title="bbox 1842 2545 3697 2646">
    <p class='ocr_par' dir='ltr' id='par_1_84' title="bbox 1842 2545 3697 2646">
     <span class='ocr_line' id='line_1_84' title="bbox 1842 2545 3697 2646; baseline 0.017 -48"><span class='ocrx_word' id='word_1_618' title='bbox 1842 2556 1993 2598; x_wconf 91' lang='lat' dir='ltr'><strong>tuere</strong></span> <span class='ocrx_word' id='word_1_619' title='bbox 2015 2545 2354 2614; x_wconf 86' lang='lat' dir='ltr'><strong>singulorum</strong></span> <span class='ocrx_word' id='word_1_620' title='bbox 2396 2553 2654 2606; x_wconf 88' lang='lat' dir='ltr'><strong>virorum</strong></span> <span class='ocrx_word' id='word_1_621' title='bbox 2691 2545 3189 2633; x_wconf 79' lang='lat' dir='ltr'><strong>chirographa</strong></span> <span class='ocrx_word' id='word_1_622' title='bbox 3239 2578 3317 2623; x_wconf 86' lang='lat' dir='ltr'><strong>et.</strong></span> <span class='ocrx_word' id='word_1_623' title='bbox 3358 2575 3514 2628; x_wconf 83' lang='lat' dir='ltr'><strong>vide</strong></span> <span class='ocrx_word' id='word_1_624' title='bbox 3537 2591 3697 2646; x_wconf 88' lang='lat' dir='ltr'><strong>quo-</strong></span> 
     </span>
    </p>
   </div>
   <div class='ocr_carea' id='block_1_85' title="bbox 1840 2635 3696 2730">
    <p class='ocr_par' dir='ltr' id='par_1_85' title="bbox 1840 2635 3696 2730">
     <span class='ocr_line' id='line_1_85' title="bbox 1840 2635 3696 2730; baseline 0.014 -44"><span class='ocrx_word' id='word_1_625' title='bbox 1840 2635 2017 2700; x_wconf 92' lang='lat' dir='ltr'><strong>modo,</strong></span> <span class='ocrx_word' id='word_1_626' title='bbox 2055 2637 2204 2689; x_wconf 89' lang='lat' dir='ltr'><strong>verbi</strong></span> <span class='ocrx_word' id='word_1_627' title='bbox 2241 2640 2447 2706; x_wconf 86' lang='lat' dir='ltr'><strong>gratia,</strong></span> <span class='ocrx_word' id='word_1_628' title='bbox 2485 2642 2730 2700; x_wconf 90' lang='lat' dir='ltr'><strong>animus</strong></span> <span class='ocrx_word' id='word_1_629' title='bbox 2782 2647 2982 2706; x_wconf 85' lang='lat' dir='ltr'><strong>Pauli</strong></span> <span class='ocrx_word' id='word_1_630' title='bbox 3069 2666 3465 2730; x_wconf 62' lang='lat' dir='ltr'><strong>proposui;</strong></span> <span class='ocrx_word' id='word_1_631' title='bbox 3501 2635 3696 2724; x_wconf 57' lang='grc' dir='ltr'><strong>οέειῑ-</strong></span> 
     </span>
    </p>
   </div>
   <div class='ocr_carea' id='block_1_86' title="bbox 1840 2727 3694 2828">
    <p class='ocr_par' dir='ltr' id='par_1_86' title="bbox 1840 2727 3694 2828">
     <span class='ocr_line' id='line_1_86' title="bbox 1840 2727 3694 2828; baseline 0.023 -53"><span class='ocrx_word' id='word_1_632' title='bbox 1840 2733 2096 2828; x_wconf 78' lang='lat' dir='ltr'><strong>tatem,et</strong></span> <span class='ocrx_word' id='word_1_633' title='bbox 2128 2727 2777 2828; x_wconf 50' lang='lat' dir='ltr'><strong>animusliihilominus</strong></span> <span class='ocrx_word' id='word_1_634' title='bbox 2803 2739 3001 2799; x_wconf 86' lang='lat' dir='ltr'><strong>Petri</strong></span> <span class='ocrx_word' id='word_1_635' title='bbox 3041 2765 3063 2813; x_wconf 89' lang='lat'><strong>;</strong></span> <span class='ocrx_word' id='word_1_636' title='bbox 3112 2727 3247 2807; x_wconf 66' lang='lat' dir='ltr'><strong>seti</strong></span> <span class='ocrx_word' id='word_1_637' title='bbox 3289 2767 3401 2811; x_wconf 80' lang='lat' dir='ltr'><strong>est</strong></span> <span class='ocrx_word' id='word_1_638' title='bbox 3439 2748 3694 2828; x_wconf 68' lang='lat' dir='ltr'><strong>prepria</strong></span> 
     </span>
    </p>
   </div>
   <div class='ocr_carea' id='block_1_87' title="bbox 1837 2814 3696 2914">
    <p class='ocr_par' dir='ltr' id='par_1_87' title="bbox 1837 2814 3696 2914">
     <span class='ocr_line' id='line_1_87' title="bbox 1837 2814 3696 2914; baseline 0.024 -49"><span class='ocrx_word' id='word_1_639' title='bbox 1837 2814 2078 2879; x_wconf 67' lang='lat' dir='ltr'><strong>quaedam</strong></span> <span class='ocrx_word' id='word_1_640' title='bbox 2111 2818 2341 2873; x_wconf 88' lang='lat' dir='ltr'><strong>castitas</strong></span> <span class='ocrx_word' id='word_1_641' title='bbox 2358 2820 2611 2887; x_wconf 86' lang='lat' dir='ltr'><strong>Petri,et</strong></span> <span class='ocrx_word' id='word_1_642' title='bbox 2643 2827 2768 2882; x_wconf 85' lang='lat' dir='ltr'><strong>alia</strong></span> <span class='ocrx_word' id='word_1_643' title='bbox 2801 2839 3130 2896; x_wconf 81' lang='lat' dir='ltr'><strong>castitas</strong></span> <span class='ocrx_word' id='word_1_644' title='bbox 3168 2843 3412 2914; x_wconf 81' lang='lat' dir='ltr'><strong>Pauli,</strong></span> <span class='ocrx_word' id='word_1_645' title='bbox 3440 2814 3696 2911; x_wconf 58' lang='lat' dir='ltr'><strong>etiamsi</strong></span> 
     </span>
    </p>
   </div>
   <div class='ocr_carea' id='block_1_88' title="bbox 1837 2906 3692 3012">
    <p class='ocr_par' dir='ltr' id='par_1_88' title="bbox 1837 2906 3692 3012">
     <span class='ocr_line' id='line_1_88' title="bbox 1837 2906 3692 3012; baseline 0.025 -58"><span class='ocrx_word' id='word_1_646' title='bbox 1837 2917 1944 2956; x_wconf 87' lang='lat' dir='ltr'><strong>una</strong></span> <span class='ocrx_word' id='word_1_647' title='bbox 1975 2906 2277 2976; x_wconf 89' lang='lat' dir='ltr'><strong>eademque</strong></span> <span class='ocrx_word' id='word_1_648' title='bbox 2307 2911 2595 2969; x_wconf 88' lang='lat' dir='ltr'><strong>videatur.</strong></span> <span class='ocrx_word' id='word_1_649' title='bbox 2637 2918 2941 2992; x_wconf 85' lang='lat' dir='ltr'><strong>Denique</strong></span> <span class='ocrx_word' id='word_1_650' title='bbox 3003 2933 3347 2995; x_wconf 83' lang='lat' dir='ltr'><strong>alterius</strong></span> <span class='ocrx_word' id='word_1_651' title='bbox 3397 2906 3692 3012; x_wconf 61' lang='lat' dir='ltr'><strong>ipsorum</strong></span> 
     </span>
    </p>
   </div>
   <div class='ocr_carea' id='block_1_89' title="bbox 1841 2994 3694 3109">
    <p class='ocr_par' dir='ltr' id='par_1_89' title="bbox 1841 2994 3694 3109">
     <span class='ocr_line' id='line_1_89' title="bbox 1841 2994 3694 3109; baseline 0.024 -65"><span class='ocrx_word' id='word_1_652' title='bbox 1841 2994 1968 3049; x_wconf 89' lang='lat' dir='ltr'><strong>talis</strong></span> <span class='ocrx_word' id='word_1_653' title='bbox 2023 2999 2249 3052; x_wconf 90' lang='lat' dir='ltr'><strong>castitas</strong></span> <span class='ocrx_word' id='word_1_654' title='bbox 2301 3012 2407 3066; x_wconf 92' lang='lat' dir='ltr'><strong>est,</strong></span> <span class='ocrx_word' id='word_1_655' title='bbox 2443 3021 2574 3073; x_wconf 64' lang='lat' dir='ltr'><strong>quae</strong></span> <span class='ocrx_word' id='word_1_656' title='bbox 2618 3016 2919 3081; x_wconf 83' lang='lat' dir='ltr'><strong>requirat</strong></span> <span class='ocrx_word' id='word_1_657' title='bbox 2995 3035 3392 3088; x_wconf 79' lang='lat' dir='ltr'><strong>macerari</strong></span> <span class='ocrx_word' id='word_1_658' title='bbox 3428 2994 3694 3109; x_wconf 68' lang='lat' dir='ltr'><strong>rcorpus</strong></span> 
     </span>
     <span class='ocr_line' id='line_1_90' title="bbox 1844 3089 2839 3109; baseline 0.025 -11"><span class='ocrx_word' id='word_1_659' title='bbox 1844 3100 1995 3109; x_wconf 51' lang='grc' dir='ltr'><strong>μνη,</strong></span> <span class='ocrx_word' id='word_1_660' title='bbox 2052 3096 2096 3109; x_wconf 83' lang='lat'><strong>_.</strong></span> <span class='ocrx_word' id='word_1_661' title='bbox 2133 3089 2327 3109; x_wconf 53' lang='grc' dir='ltr'><strong>,ηας-ς</strong></span> <span class='ocrx_word' id='word_1_662' title='bbox 2369 3093 2485 3109; x_wconf 61' lang='grc' dir='ltr'><strong>...ιη</strong></span> <span class='ocrx_word' id='word_1_663' title='bbox 2693 3104 2708 3109; x_wconf 86' lang='grc'><strong><em>-</em></strong></span> <span class='ocrx_word' id='word_1_664' title='bbox 2826 3107 2839 3109; x_wconf 93' lang='grc'><strong>-</strong></span> 
     </span>
    </p>
   </div>
   <div class='ocr_carea' id='block_1_90' title="bbox 1843 3089 3698 3186">
    <p class='ocr_par' dir='ltr' id='par_1_90' title="bbox 1843 3089 3698 3186">
     <span class='ocr_line' id='line_1_91' title="bbox 1843 3089 3698 3186; baseline 0.028 -49"><span class='ocrx_word' id='word_1_665' title='bbox 1843 3100 2016 3186; x_wconf 54' lang='lat' dir='ltr'><strong>suum:</strong></span> <span class='ocrx_word' id='word_1_666' title='bbox 2048 3096 2102 3139; x_wconf 91' lang='lat' dir='ltr'><strong>et</strong></span> <span class='ocrx_word' id='word_1_667' title='bbox 2132 3089 2328 3186; x_wconf 66' lang='lat' dir='ltr'><strong>subjici</strong></span> <span class='ocrx_word' id='word_1_668' title='bbox 2366 3093 2490 3163; x_wconf 81' lang='lat'><strong>(58)</strong></span> <span class='ocrx_word' id='word_1_669' title='bbox 2542 3104 2873 3172; x_wconf 85' lang='lat' dir='ltr'><strong>servituti,</strong></span> <span class='ocrx_word' id='word_1_670' title='bbox 2940 3122 3025 3167; x_wconf 75' lang='lat' dir='ltr'><strong>et</strong></span> <span class='ocrx_word' id='word_1_671' title='bbox 3091 3133 3269 3186; x_wconf 69' lang='lat' dir='ltr'><strong>qua:</strong></span> <span class='ocrx_word' id='word_1_672' title='bbox 3310 3089 3698 3185; x_wconf 58' lang='lat' dir='ltr'><strong>adhuerdi;</strong></span> 
     </span>
    </p>
   </div>
   <div class='ocr_carea' id='block_1_91' title="bbox 1841 3174 3700 3292">
    <p class='ocr_par' dir='ltr' id='par_1_91' title="bbox 1841 3174 3700 3292">
     <span class='ocr_line' id='line_1_92' title="bbox 1841 3174 3700 3292; baseline -0.007 0"><span class='ocrx_word' id='word_1_673' title='bbox 1841 3182 1928 3292; x_wconf 50' lang='lat' dir='ltr'><strong>gat</strong></span> <span class='ocrx_word' id='word_1_674' title='bbox 1961 3174 2006 3205; x_wconf 58' lang='lat' dir='ltr'><strong><em>u</em></strong></span> <span class='ocrx_word' id='word_1_675' title='bbox 2040 3190 2056 3228; x_wconf 65' lang='lat'><strong>:</strong></span> <span class='ocrx_word' id='word_1_676' title='bbox 2095 3194 2113 3226; x_wconf 45' lang='grc' dir='ltr'>ί</span> <span class='ocrx_word' id='word_1_677' title='bbox 2149 3177 2374 3246; x_wconf 53' lang='lat' dir='ltr'><strong>casum</strong></span> <span class='ocrx_word' id='word_1_678' title='bbox 2419 3200 2638 3253; x_wconf 49' lang='lat' dir='ltr'><strong>corpus</strong></span> <span class='ocrx_word' id='word_1_679' title='bbox 2667 3207 2928 3265; x_wconf 54' lang='lat' dir='ltr'><strong>meum.</strong></span> <span class='ocrx_word' id='word_1_680' title='bbox 2973 3219 3076 3259; x_wconf 79' lang='lat' dir='ltr'><strong>ne</strong></span> <span class='ocrx_word' id='word_1_681' title='bbox 3120 3174 3328 3267; x_wconf 60' lang='lat' dir='ltr'><strong>}0rte</strong></span> <span class='ocrx_word' id='word_1_682' title='bbox 3358 3174 3700 3292; x_wconf 34' lang='lat' dir='ltr'><strong>aliis};</strong></span> 
     </span>
     <span class='ocr_line' id='line_1_93' title="bbox 1876 3263 2776 3292; baseline 0 0"><span class='ocrx_word' id='word_1_683' title='bbox 1876 3263 2023 3292; x_wconf 67' lang='grc' dir='ltr'><strong>ἵησι-ιο</strong></span> <span class='ocrx_word' id='word_1_684' title='bbox 2075 3265 2187 3292; x_wconf 65' lang='grc' dir='ltr'><strong>ξηρη</strong></span> <span class='ocrx_word' id='word_1_685' title='bbox 2224 3273 2489 3292; x_wconf 32' lang='grc' dir='ltr'><strong>-.ι---ιηκ</strong></span> <span class='ocrx_word' id='word_1_686' title='bbox 2562 3278 2576 3290; x_wconf 76' lang='grc' dir='ltr'><strong>ο</strong></span> <span class='ocrx_word' id='word_1_687' title='bbox 2763 3284 2776 3292; x_wconf 87' lang='grc'><strong>.</strong></span> 
     </span>
    </p>
   </div>
   <div class='ocr_carea' id='block_1_92' title="bbox 1839 3262 3695 3368">
    <p class='ocr_par' dir='ltr' id='par_1_92' title="bbox 1839 3262 3695 3368">
     <span class='ocr_line' id='line_1_94' title="bbox 1839 3262 3695 3368; baseline 0.017 -54"><span class='ocrx_word' id='word_1_688' title='bbox 1839 3262 2026 3364; x_wconf 66' lang='lat' dir='ltr'><strong>dicatis</strong></span> <span class='ocrx_word' id='word_1_689' title='bbox 2075 3265 2188 3368; x_wconf 74' lang='lat' dir='ltr'><strong>ipse</strong></span> <span class='ocrx_word' id='word_1_690' title='bbox 2224 3273 2498 3338; x_wconf 82' lang='lat' dir='ltr'><strong>reprobus</strong></span> <span class='ocrx_word' id='word_1_691' title='bbox 2561 3278 2864 3340; x_wconf 87' lang='lat' dir='ltr'><strong>inveniar</strong></span> <span class='ocrx_word' id='word_1_692' title='bbox 2892 3262 2921 3354; x_wconf 22' lang='lat' dir='ltr'><strong>;V</strong></span> <span class='ocrx_word' id='word_1_693' title='bbox 2983 3312 3015 3346; x_wconf 68' lang='grc' dir='ltr'><strong><em>ι</em></strong></span> <span class='ocrx_word' id='word_1_694' title='bbox 3098 3262 3695 3368; x_wconf 55' lang='grc' dir='ltr'><strong>διιετῖυέηξξίξη</strong></span> 
     </span>
    </p>
   </div>
   <div class='ocr_carea' id='block_1_93' title="bbox 1838 3354 3702 3461">
    <p class='ocr_par' dir='ltr' id='par_1_93' title="bbox 1838 3357 3702 3461">
     <span class='ocr_line' id='line_1_95' title="bbox 1838 3357 3702 3461; baseline 0.004 0"><span class='ocrx_word' id='word_1_695' title='bbox 1838 3357 2354 3461; x_wconf 51' lang='grc' dir='ltr'><strong>Ῐῖῗῗῗῖίῖῗίίῗῖἷῗθεξν</strong></span> <span class='ocrx_word' id='word_1_696' title='bbox 2389 3378 2523 3461; x_wconf 51' lang='lat' dir='ltr'><strong>ﬁt“</strong></span> <span class='ocrx_word' id='word_1_697' title='bbox 2550 3373 2710 3461; x_wconf 53' lang='lat' dir='ltr'><strong>{and</strong></span> <span class='ocrx_word' id='word_1_698' title='bbox 2741 3374 2929 3433; x_wconf 68' lang='grc' dir='ltr'><strong>τοι-ιε</strong></span> <span class='ocrx_word' id='word_1_699' title='bbox 2964 3401 3126 3446; x_wconf 79' lang='lat' dir='ltr'><strong>non</strong></span> <span class='ocrx_word' id='word_1_700' title='bbox 3203 3395 3483 3456; x_wconf 60' lang='lat' dir='ltr'><strong>timeat.</strong></span> <span class='ocrx_word' id='word_1_701' title='bbox 3514 3401 3702 3461; x_wconf 63' lang='lat' dir='ltr'><strong>sum.</strong></span> 
     </span>
    </p>
   </div>
   <div class='ocr_carea' id='block_1_94' title="bbox 1837 3439 3322 3542">
    <p class='ocr_par' dir='ltr' id='par_1_94' title="bbox 1837 3439 3322 3542">
     <span class='ocr_line' id='line_1_96' title="bbox 1837 3439 3322 3542; baseline 0.018 -50"><span class='ocrx_word' id='word_1_702' title='bbox 1837 3439 1959 3542; x_wconf 71' lang='lat' dir='ltr'><strong>liter</strong></span> <span class='ocrx_word' id='word_1_703' title='bbox 1984 3443 2269 3542; x_wconf 65' lang='lat' dir='ltr'><strong>etjustitia</strong></span> <span class='ocrx_word' id='word_1_704' title='bbox 2313 3451 2482 3505; x_wconf 83' lang='lat' dir='ltr'><strong>habet</strong></span> <span class='ocrx_word' id='word_1_705' title='bbox 2515 3455 2754 3526; x_wconf 83' lang='lat' dir='ltr'><strong>aliquid</strong></span> <span class='ocrx_word' id='word_1_706' title='bbox 2804 3439 3322 3542; x_wconf 48' lang='lat' dir='ltr'><strong>proprigla-l-i:</strong></span> 
     </span>
    </p>
   </div>
   <div class='ocr_carea' id='block_1_95' title="bbox 1838 3527 3700 3642">
    <p class='ocr_par' dir='ltr' id='par_1_95' title="bbox 1838 3527 3700 3642">
     <span class='ocr_line' id='line_1_97' title="bbox 1838 3527 3700 3642; baseline 0.035 -63"><span class='ocrx_word' id='word_1_707' title='bbox 1838 3527 1999 3581; x_wconf 91' lang='lat' dir='ltr'><strong>habet</strong></span> <span class='ocrx_word' id='word_1_708' title='bbox 2028 3539 2089 3632; x_wconf 42' lang='lat' dir='ltr'><strong>et.</strong></span> <span class='ocrx_word' id='word_1_709' title='bbox 2115 3532 2165 3584; x_wconf 90' lang='lat' dir='ltr'><strong>in</strong></span> <span class='ocrx_word' id='word_1_710' title='bbox 2202 3533 2388 3590; x_wconf 88' lang='lat' dir='ltr'><strong>Petro.</strong></span> <span class='ocrx_word' id='word_1_711' title='bbox 2418 3539 2639 3599; x_wconf 87' lang='lat' dir='ltr'><strong>Eodem</strong></span> <span class='ocrx_word' id='word_1_712' title='bbox 2679 3527 2882 3609; x_wconf 79' lang='lat' dir='ltr'><strong>modo</strong></span> <span class='ocrx_word' id='word_1_713' title='bbox 2927 3527 3017 3617; x_wconf 11' lang='lat' dir='ltr'><strong>et,</strong></span> <span class='ocrx_word' id='word_1_714' title='bbox 3048 3527 3065 3531; x_wconf 26' lang='grc' dir='ltr'><strong>Ἴ</strong></span> <span class='ocrx_word' id='word_1_715' title='bbox 3084 3527 3497 3642; x_wconf 34' lang='lat' dir='ltr'><strong>sapienti:</strong></span> 
     </span>
    </p>
   </div>
   <div class='ocr_carea' id='block_1_96' title="bbox 1839 3622 3702 3747">
    <p class='ocr_par' dir='ltr' id='par_1_96' title="bbox 1839 3622 3702 3747">
     <span class='ocr_line' id='line_1_98' title="bbox 1839 3622 3702 3747; baseline 0.014 -76"><span class='ocrx_word' id='word_1_716' title='bbox 1839 3633 2016 3686; x_wconf 71' lang='lat' dir='ltr'><strong>rmque</strong></span> <span class='ocrx_word' id='word_1_717' title='bbox 2034 3622 2286 3747; x_wconf 82' lang='lat' dir='ltr'><strong>lvirtutes.</strong></span> <span class='ocrx_word' id='word_1_718' title='bbox 2313 3627 2472 3693; x_wconf 83' lang='lat' dir='ltr'><strong>Quod</strong></span> <span class='ocrx_word' id='word_1_719' title='bbox 2500 3633 2547 3686; x_wconf 90' lang='lat' dir='ltr'><strong>si</strong></span> <span class='ocrx_word' id='word_1_720' title='bbox 2583 3638 2776 3694; x_wconf 84' lang='lat' dir='ltr'><strong>etiam</strong></span> <span class='ocrx_word' id='word_1_721' title='bbox 2818 3645 2892 3702; x_wconf 82' lang='lat' dir='ltr'><strong>in</strong></span> <span class='ocrx_word' id='word_1_722' title='bbox 2942 3652 3074 3712; x_wconf 77' lang='lat' dir='ltr'><strong>his</strong></span> <span class='ocrx_word' id='word_1_723' title='bbox 3113 3622 3702 3747; x_wconf 50' lang='grc' dir='ltr'><strong>ηξιξῖίξιξῐυξξιξζ</strong></span> 
     </span>
     <span class='ocr_line' id='line_1_99' title="bbox 1839 3714 2980 3747; baseline 0 0"><span class='ocrx_word' id='word_1_724' title='bbox 1839 3714 2066 3747; x_wconf 72' lang='lat' dir='ltr'><strong>ovomni</strong></span> <span class='ocrx_word' id='word_1_725' title='bbox 2101 3728 2259 3747; x_wconf 68' lang='grc' dir='ltr'><strong>ιηιιιβα</strong></span> <span class='ocrx_word' id='word_1_726' title='bbox 2301 3721 2596 3747; x_wconf 58' lang='grc' dir='ltr'><strong>πλη-ΞΜ.--</strong></span> <span class='ocrx_word' id='word_1_727' title='bbox 2668 3745 2678 3747; x_wconf 69' lang='lat'><strong><em>_</em></strong></span> <span class='ocrx_word' id='word_1_728' title='bbox 2725 3741 2772 3747; x_wconf 62' lang='lat'><strong>,-</strong></span> <span class='ocrx_word' id='word_1_729' title='bbox 2881 3746 2884 3747; x_wconf 67' lang='lat'><strong>,</strong></span> <span class='ocrx_word' id='word_1_730' title='bbox 2953 3743 2980 3747; x_wconf 76' lang='lat'><strong><em>_</em></strong></span> 
     </span>
    </p>
   </div>
   <div class='ocr_carea' id='block_1_97' title="bbox 1839 3711 3252 3809">
    <p class='ocr_par' dir='ltr' id='par_1_97' title="bbox 1839 3711 3252 3809">
     <span class='ocr_line' id='line_1_100' title="bbox 1839 3711 3252 3809; baseline 0.029 -45"><span class='ocrx_word' id='word_1_731' title='bbox 1839 3711 2067 3809; x_wconf 55' lang='lat' dir='ltr'><strong>esempli</strong></span> <span class='ocrx_word' id='word_1_732' title='bbox 2100 3728 2259 3809; x_wconf 62' lang='lat' dir='ltr'><strong>causa</strong></span> <span class='ocrx_word' id='word_1_733' title='bbox 2301 3721 2622 3790; x_wconf 91' lang='lat' dir='ltr'><strong>posuimus,</strong></span> <span class='ocrx_word' id='word_1_734' title='bbox 2668 3741 2894 3797; x_wconf 86' lang='lat' dir='ltr'><strong>potest</strong></span> <span class='ocrx_word' id='word_1_735' title='bbox 2943 3711 3252 3809; x_wconf 46' lang='lat' dir='ltr'><strong>ﬁeri—ui</strong></span> 
     </span>
    </p>
   </div>
   <div class='ocr_carea' id='block_1_98' title="bbox 1838 3799 3310 3907">
    <p class='ocr_par' dir='ltr' id='par_1_98' title="bbox 1838 3799 3310 3907">
     <span class='ocr_line' id='line_1_101' title="bbox 1838 3799 3310 3907; baseline 0.039 -62"><span class='ocrx_word' id='word_1_736' title='bbox 1838 3799 1952 3898; x_wconf 70' lang='lat' dir='ltr'><strong>sint</strong></span> <span class='ocrx_word' id='word_1_737' title='bbox 1975 3813 2071 3867; x_wconf 91' lang='lat' dir='ltr'><strong>per</strong></span> <span class='ocrx_word' id='word_1_738' title='bbox 2099 3800 2368 3905; x_wconf 70' lang='lat' dir='ltr'><strong>Spiritum</strong></span> <span class='ocrx_word' id='word_1_739' title='bbox 2395 3806 2523 3874; x_wconf 86' lang='lat' dir='ltr'><strong>Dei,</strong></span> <span class='ocrx_word' id='word_1_740' title='bbox 2543 3814 2624 3903; x_wconf 85' lang='lat' dir='ltr'><strong>sit</strong></span> <span class='ocrx_word' id='word_1_741' title='bbox 2651 3825 2873 3878; x_wconf 90' lang='lat' dir='ltr'><strong>tamen</strong></span> <span class='ocrx_word' id='word_1_742' title='bbox 2917 3799 3310 3907; x_wconf 52' lang='lat' dir='ltr'><strong>aliqua;</strong></span> 
     </span>
    </p>
   </div>
   <div class='ocr_carea' id='block_1_99' title="bbox 3362 3490 3695 3557">
    <p class='ocr_par' dir='ltr' id='par_1_99' title="bbox 3362 3490 3695 3557">
     <span class='ocr_line' id='line_1_102' title="bbox 3362 3490 3695 3557; baseline 0.012 -12"><span class='ocrx_word' id='word_1_743' title='bbox 3362 3490 3436 3545; x_wconf 87' lang='lat' dir='ltr'><strong>in</strong></span> <span class='ocrx_word' id='word_1_744' title='bbox 3472 3495 3695 3557; x_wconf 86' lang='lat' dir='ltr'><strong>Paulo.</strong></span> 
     </span>
    </p>
   </div>
   <div class='ocr_carea' id='block_1_100' title="bbox 1833 4601 2756 4694">
    <p class='ocr_par' dir='ltr' id='par_1_100' title="bbox 1833 4601 2756 4694">
     <span class='ocr_line' id='line_1_103' title="bbox 1833 4601 2756 4694; baseline 0.036 -45"><span class='ocrx_word' id='word_1_745' title='bbox 1833 4609 1939 4662; x_wconf 90' lang='lat' dir='ltr'><strong>est,</strong></span> <span class='ocrx_word' id='word_1_746' title='bbox 1987 4601 2311 4658; x_wconf 71' lang='lat' dir='ltr'><strong>haec‘omnia</strong></span> <span class='ocrx_word' id='word_1_747' title='bbox 2344 4623 2472 4677; x_wconf 71' lang='lat' dir='ltr'><strong>qua:</strong></span> <span class='ocrx_word' id='word_1_748' title='bbox 2524 4616 2580 4671; x_wconf 90' lang='lat' dir='ltr'><strong>in</strong></span> <span class='ocrx_word' id='word_1_749' title='bbox 2619 4620 2756 4694; x_wconf 87' lang='lat' dir='ltr'><strong>lege</strong></span> 
     </span>
    </p>
   </div>
   <div class='ocr_carea' id='block_1_101' title="bbox 1833 4689 3401 4787">
    <p class='ocr_par' dir='ltr' id='par_1_101' title="bbox 1833 4689 3401 4787">
     <span class='ocr_line' id='line_1_104' title="bbox 1833 4689 3401 4787; baseline 0.036 -52"><span class='ocrx_word' id='word_1_750' title='bbox 1833 4700 1954 4740; x_wconf 90' lang='lat' dir='ltr'><strong>esse</strong></span> <span class='ocrx_word' id='word_1_751' title='bbox 1985 4689 2294 4787; x_wconf 78' lang='lat' dir='ltr'><strong>futurorum</strong></span> <span class='ocrx_word' id='word_1_752' title='bbox 2327 4697 2608 4761; x_wconf 90' lang='lat' dir='ltr'><strong>bonorum</strong></span> <span class='ocrx_word' id='word_1_753' title='bbox 2635 4689 2711 4782; x_wconf 58' lang='lat'><strong>3‘,</strong></span> <span class='ocrx_word' id='word_1_754' title='bbox 2739 4731 2802 4773; x_wconf 84' lang='lat' dir='ltr'><strong>et.</strong></span> <span class='ocrx_word' id='word_1_755' title='bbox 2832 4689 3401 4787; x_wconf 43' lang='grc' dir='ltr'><strong>ἱΙίῑλΓέέςΣΪῘιξ.</strong></span> 
     </span>
    </p>
   </div>
   <div class='ocr_carea' id='block_1_102' title="bbox 1834 4783 3085 4887">
    <p class='ocr_par' dir='ltr' id='par_1_102' title="bbox 1834 4783 3085 4887">
     <span class='ocr_line' id='line_1_105' title="bbox 1834 4783 3085 4887; baseline 0.045 -63"><span class='ocrx_word' id='word_1_756' title='bbox 1834 4783 2232 4876; x_wconf 77' lang='lat' dir='ltr'><strong>resurrectione</strong></span> <span class='ocrx_word' id='word_1_757' title='bbox 2287 4803 2645 4856; x_wconf 82' lang='lat' dir='ltr'><strong>mortuorum</strong></span> <span class='ocrx_word' id='word_1_758' title='bbox 2700 4783 3085 4887; x_wconf 44' lang='lat' dir='ltr'><strong>sperauisse</strong></span> 
     </span>
    </p>
   </div>
   <div class='ocr_carea' id='block_1_103' title="bbox 1831 4954 2138 5025">
    <p class='ocr_par' dir='ltr' id='par_1_103' title="bbox 1831 4954 2138 5025">
     <span class='ocr_line' id='line_1_106' title="bbox 1831 4954 2138 5025; baseline 0.026 -20"><span class='ocrx_word' id='word_1_759' title='bbox 1831 4954 2138 5025; x_wconf 87' lang='lat' dir='ltr'><strong>meliorum,</strong></span> 
     </span>
    </p>
   </div>
  </div>
