3838 6198
228 227 338 301 s93
1469 233 1542 286 IN
1581 227 1853 288 summa

1959 226 2217 311 lOMlLIA
2250 228 2336 286 ιιι.
3375 222 3478 279 set

254 351 471 414 meliora
499 345 654 418 signa
682 354 738 399 et
773 344 1133 426 lulgeu’tiora
1169 352 1483 420 transferri,
1517 365 1574 409 et
1611 354 1844 425 splendi-
1870 354 1916 411 Α
1945 352 2093 409 crisi.
2144 352 2334 409 Melius
2399 360 2574 406 autem
2634 349 2860 404 dicimus
2911 352 2975 404 ad
3024 344 3476 417 comparationem

267 444 493 506 dioribus
515 440 790 497 sideribus
817 446 1142 511 exequari.
1176 450 1361 518 Atque
1383 448 1649 502 intantum
1672 455 1846 516 potest

274 550 460 594 natura
501 535 739 590 humana
774 534 831 587 in
864 533 980 590 hac
1014 536 1133 591 vita
1178 540 1464 607 proiicere,
1495 547 1552 591 ut
1575 539 1627 592 in
1660 553 1843 591 resurc

272 627 511 683 rectione
535 634 879 681 mortuorum
925 641 1043 681 non
1100 629 1279 683 solum
1314 629 1588 684 stellarum
1640 629 1842 698 gloriae.

270 720 361 776 sed
413 729 477 774 et
520 717 651 773 solis
680 717 966 786 splendori
1002 720 1187 774 valeat
1234 720 1526 787 exaequari,
1553 720 1843 773 secundum

268 810 409 878 quod
438 811 703 880 scriptum
735 818 821 863 est
846 810 922 872 ⁸⁸,
953 812 1089 878 quia
1126 830 1145 863 ι
1198 812 1333 881 justi
1372 809 1645 881 fulgebunt
1674 811 1724 862 in
1759 821 1845 860 re-

264 915 368 971 gno
397 899 499 956 Dei
538 901 681 955 sicut
710 900 816 955 sol.
848 918 867 951 ι
904 899 1046 955 llinc
1077 916 1210 970 ergo
1231 910 1334 969 cst,
1375 901 1517 970 quod
1542 908 1596 954 et
1627 900 1679 953 in
1712 896 1849 952 infe-

267 990 521 1044 rioribus
547 990 685 1045 dicit
710 989 755 1021 "
791 1007 809 1043 :
851 1008 871 1040 ι
906 990 1211 1045 secundum
1239 992 1391 1061 signa
1417 1005 1644 1058 sua,per
1663 988 1849 1042 domos

262 1079 615 1134 familiarum
640 1095 886 1134 suarum.
932 1098 951 1132 ι
981 1079 1136 1146 Quod
1161 1081 1309 1143 dicit,
1348 1099 1370 1132 ι
1415 1096 1513 1149 per
1553 1080 1739 1134 domos
1768 1077 1850 1130 fa-

261 1168 557 1222 miliarum
587 1183 834 1229 suarum,
874 1187 894 1218 ι
930 1169 986 1221 in
1028 1167 1223 1224 Graeco
1273 1169 1414 1222 idem
1445 1181 1621 1221 sermo
1646 1166 1850 1234 positus

257 1263 363 1322 est,
394 1270 577 1324 quem
608 1265 666 1308 et
695 1256 765 1308 ibi
795 1256 1085 1324 Apostolus
1113 1256 1261 1316 dicit,
1282 1255 1371 1308 ubi
1393 1254 1467 1307 ait
1492 1254 1538 1286 ⁸⁸
1568 1271 1582 1306 :
1624 1272 1644 1304 ι
1686 1252 1849 1319 llnjus

262 1345 330 1400 rei
354 1346 554 1413 gratia
586 1360 764 1400 curvo
789 1360 965 1413 genua
1003 1359 1120 1399 mea
1145 1344 1211 1396 ad
1238 1343 1451 1397 Patrem
1494 1341 1705 1396 Domini
1752 1355 1850 1394 uo-

265 1435 371 1490 stri
398 1434 537 1489 Jesu
583 1433 820 1498 Christi,
850 1448 916 1488 ex
942 1447 1047 1502 quo
1077 1434 1253 1486 omnis
1286 1433 1578 1500 paternitas
1610 1432 1662 1486 in
1714 1429 1851 1485 coelo

268 1538 328 1580 et
359 1528 410 1578 iu
455 1535 618 1579 terra
652 1522 991 1578 nominatur.
1033 1543 1052 1575 ι
1082 1524 1224 1590 Quas
1253 1536 1381 1590 ergo
1413 1523 1500 1576 hic
1529 1521 1721 1575 Paulus
1757 1536 1852 1590 pa-

276 1616 570 1670 ternitates
604 1615 767 1680 dicit,
794 1615 868 1668 ibi
917 1613 1154 1668 familias
1193 1613 1371 1680 posuit
1413 1611 1638 1665 Latinus
1683 1613 1850 1663 inter-

274 1719 422 1776 pres,
451 1707 556 1758 sed
576 1719 726 1758 unus
742 1712 906 1772 atque
935 1705 1077 1758 idem
1110 1718 1286 1758 sermo
1313 1703 1542 1756 habetur
1565 1702 1616 1754 in
1641 1698 1844 1754 Graeco.

274 1794 396 1849 Istae
415 1802 557 1848 sunt
584 1807 723 1863 ergo
750 1793 1129 1862 pa‘ternitates,
1156 1793 1239 1847 vel
1267 1791 1483 1844 familize
1504 1805 1635 1858 quas
1662 1788 1854 1842 Paulus

274 1887 494 1955 quidem
526 1885 650 1953 jam
705 1884 949 1938 ostendit
997 1882 1051 1936 in
1094 1881 1266 1944 caelis,
1298 1879 1504 1949 Moyses
1549 1887 1723 1933 autem
1755 1878 1854 1932 sub

276 1977 470 2046 ﬁguris
523 1976 716 2029 adhuc
760 1972 1034 2041 legalibus
1067 1971 1321 2027 describit
1365 1971 1417 2024 in
1449 1970 1639 2033 terris;
1668 1982 1856 2022 secun-

276 2070 402 2118 dum
434 2078 582 2132 quas
606 2062 871 2116 incedere
907 2074 1007 2114 nos
1030 2068 1230 2123 monet,
1262 2068 1320 2111 ut
1369 2058 1633 2127 possimus
1690 2056 1851 2110 coele-

271 2156 456 2209 stibus
488 2151 926 2221 paternitatibus
967 2150 1189 2205 sociari.
1218 2146 1355 2202 Sunt
1391 2148 1553 2208 enim,
1589 2145 1854 2201 utPaulus

274 2242 532 2311 superius
547 2239 951 2310 pronuntiavit,
973 2238 1085 2292 sive
1100 2236 1312 2291 familia:
1329 2237 1442 2290 ista:
1459 2236 1695 2289 dicenda:
1711 2245 1852 2296 sunt,

273 2335 393 2387 sive
410 2333 628 2400 paterni
640 2338 780 2383 tates
793 2329 848 2382 in
865 2329 1022 2391 caelo,
1042 2342 1105 2381 ex
1121 2325 1310 2394 quibus
1326 2327 1461 2379 forte
1473 2333 1554 2379 est
1571 2324 1679 2389 illa,
1698 2337 1855 2390 quam

274 2424 333 2476 in
364 2422 477 2476 alio
512 2420 638 2475 loco
676 2418 932 2472 nominat
961 2418 1103 2470 idem
1133 2416 1330 2471 Paulus
1352 2415 1644 2468 Ecclesium
1672 2412 1855 2481 primi-

272 2513 515 2571 tivorum
558 2510 867 2577 aScriptam
936 2507 989 2559 in
1045 2506 1197 2559 cmlis
1222 2507 1302 2569 '9;
1371 2505 1459 2557 cui
1506 2519 1605 2557 nos
1640 2500 1852 2556 eveniet

272 2602 506 2664 sociari,
539 2600 586 2655 si
629 2598 939 2653 secundum
968 2593 1212 2651 ordinem
1248 2594 1558 2648 incedamus
1592 2599 1646 2643 et
1678 2591 1855 2643 omnia

271 2694 585 2748 secundum
609 2690 867 2744 ordinem
902 2702 1173 2755 geramus.
1215 2684 1271 2739 Si
1304 2684 1434 2737 nihil
1475 2682 1855 2745 inordinatum,

274 2782 416 2838 nihil
463 2781 823 2849 inquietum,
868 2776 1009 2830 nihil
1059 2776 1397 2829 inhonestum
1442 2771 1748 2826 inveniatur
1801 2768 1858 2824 in

274 2874 462 2934 nobis,
500 2881 644 2925 tunc
675 2879 733 2924 et
766 2869 912 2922 sicut
960 2866 1358 2919 ﬁrmamentum
1383 2862 1856 2931 resplendebimus,
1883 2871 1891 2888 ‘

1943 446 2223 500 malorum.
2257 443 2397 497 Vere
2439 451 2616 497 autem
2658 443 2869 505 melius,
2915 452 2968 496 et
2998 454 3123 493 vero
3169 438 3383 499 rectius,
3414 449 3477 489 ac

1944 534 2235 605 perfectius
2287 542 2388 597 cst,
2442 540 2502 586 ut
2533 532 2622 600 qni
2671 533 2817 585 audit
2862 531 3081 584 verbum
3128 531 3242 594 Dei,
3288 524 3476 582 audiat

1945 628 2106 682 corde
2138 629 2276 682 bono
2317 634 2370 681 et
2410 625 2662 694 simplici,
2686 618 2869 677 audiat
2898 624 3056 678 corde
3084 631 3229 675 recto
3274 628 3329 674 et
3379 633 3477 687 pa-

1946 726 2088 782 rato,
2113 724 2168 768 ut
2196 713 2346 784 quasi
2375 712 2427 766 in
2471 721 2617 767 terra
2648 712 2788 766 bona
2819 710 3106 764 fructiﬁcet
3147 715 3200 761 et
3246 714 3475 759 crescat.

1946 808 2068 863 Haec
2099 809 2151 862 in
2178 805 2488 876 praefatione
2502 804 2732 858 diximus
2749 810 2964 870 propter
2989 796 3272 851 nonnullos
3293 809 3475 849 eorum

1946 890 2037 970 qui
2070 898 2137 952 ad
2185 895 2504 949 andiendmn
2539 908 2640 946 non
2680 890 2936 959 simplici,
2984 903 3080 943 nec
3116 885 3255 959 ﬁdeli
3303 892 3480 937 mente

1946 984 2292 1039 conveniunt.
2325 982 2486 1051 280
2533 979 2605 1034 De
2631 978 2945 1048 quibusdam
2991 976 3111 1030 dico
3152 973 3487 1028 catechume-

1950 1078 2051 1140 nis,
2085 1074 2280 1144 quibus
2310 1074 2541 1127 fortasse
2568 1069 2807 1124 nonnulli
2842 1068 3003 1122 etiam
3043 1079 3227 1120 eorum
3258 1061 3346 1129 qui
3369 1061 3478 1128 jam

1949 1169 2276 1236 baptismum
2316 1164 2587 1220 consecuti
2622 1170 2765 1227 sunt,
2796 1159 3093 1213 sociantur.
3132 1173 3150 1205 ι
3187 1154 3302 1208 Non
3338 1152 3480 1206 enim

1952 1272 2138 1311 omnes
2171 1256 2260 1325 qui
2303 1271 2365 1309 ex
2405 1252 2593 1312 Israel,
2628 1252 2661 1304 ii
2692 1258 2814 1304 sum
2841 1246 3096 1302 Israelita:
3115 1245 3201 1308 ";
3248 1260 3266 1292 ι
3311 1252 3485 1308 neque
3562 1292 3573 1301 ,

1948 1361 2136 1401 omnes
2186 1344 2277 1412 qui
2318 1343 2409 1396 loti
2461 1349 2582 1394 sunt
2634 1352 2792 1405 aqua,
2851 1334 3105 1389 continuo
3153 1331 3310 1385 etiam
3361 1340 3486 1382 san-

1950 1445 2037 1489 cto
2070 1432 2270 1501 Spiritu
2303 1430 2394 1484 loti
2433 1437 2591 1483 sunt:
2639 1427 2776 1480 sicut
2799 1421 3102 1478 econtrario
3147 1434 3253 1473 non
3300 1428 3486 1470 omnes

1949 1523 2039 1592 qui
2081 1523 2134 1576 in
2198 1516 2601 1575 catechumenis
2634 1519 3009 1574 numerantur,
3048 1507 3207 1561 alieni
3259 1510 3383 1558 sunt
3428 1509 3485 1554 et

1951 1591 2196 1682 expertes
2238 1609 2472 1679 Spiritus
2501 1604 2696 1660 sancti.
2726 1599 2949 1655 lnvenio
2976 1596 3116 1651 enim
3154 1595 3206 1648 in
3239 1591 3485 1658 Scriptu-

1955 1705 2030 1758 ris
2051 1701 2248 1756 divinis
2280 1696 2565 1752 nonnullos
2587 1693 3095 1748 catechumenorum
3122 1683 3309 1752 dignos
3331 1676 3485 1733 babi-

1955 1806 2035 1851 tos
2062 1793 2265 1864 Spiritu
2311 1801 2520 1851 sancto,
2549 1796 2602 1841 et
2646 1784 2778 1839 alios
2804 1787 3023 1847 accepto
3052 1774 3318 1844 baptismo
3341 1768 3486 1823 indi-

1952 1901 2082 1957 gnos
2108 1863 2279 1936 fuisse
2333 1878 2504 1933 sancti
2535 1876 2764 1944 Spiritus
2819 1871 3010 1937 gratia.
3035 1863 3309 1922 Cornelius
3340 1865 3486 1913 cate-

1953 1950 2246 2028 chumenns
2277 1976 2395 2023 erat
2420 1967 2489 2030 ",
2525 1975 2577 2018 ct
2621 1971 2906 2028 antequam
2949 1956 3012 2011 ad
3040 1968 3230 2023 aquam
3259 1950 3483 2009 veniret.

1954 2062 2150 2115 meruit
2177 2059 2421 2127 accipere
2469 2054 2727 2122 Spiritum
2773 2056 3039 2103 sanctum.
3079 2043 3264 2097 Simon
3315 2038 3488 2107 bapti-

1954 2166 2126 2205 smum
2147 2154 2447 2215 acceperat,
2479 2143 2571 2199 sed
2593 2140 2843 2210 quoniam
2867 2151 2985 2190 cum
3014 2129 3280 2204 hypocrisi
3307 2141 3486 2181 acces-

1954 2242 2021 2297 sit
2042 2242 2107 2294 ad
2135 2239 2385 2308 gratiam,
2432 2235 2746 2302 repudiatur
2772 2248 2801 2285 a
2834 2232 2970 2283 dono
3023 2226 3256 2290 Spiritus
3286 2220 3481 2276 sancti.

1953 2334 2089 2388 Nolo
2122 2333 2331 2385 dubites
2364 2337 2418 2381 et
2457 2338 2599 2380 nunc
2642 2337 2762 2376 esse
2809 2320 2861 2373 in
2908 2315 3102 2385 popqu
3148 2310 3488 2367 catechume-

1955 2436 2143 2477 norum
2178 2420 2383 2487 aliquos
2406 2414 2707 2475 Cornelios,
2739 2412 2805 2464 ad
2842 2423 2977 2477 quos
3006 2404 3108 2458 dici
3141 2401 3336 2472 possit,
3362 2398 3486 2466 quia

1957 2504 2342 2566 misericordiae
2372 2515 2425 2560 et
2461 2504 2735 2560 orationes
2764 2510 2866 2552 tua:
2892 2493 3245 2551 ascenderunt
3282 2489 3335 2542 in
3382 2498 3494 2539 θαι-

1956 2602 2063 2656 ιιιιιι
2096 2600 2236 2669 (59);
2279 2609 2334 2653 et
2387 2610 2595 2651 rursum
2631 2595 2680 2646 in
2729 2587 2923 2658 populo
2955 2584 3184 2639 ﬁdelium
3215 2593 3336 2634 esse
3389 2574 3491 2669 ali-

1956 2667 2112 2762 quos
2143 2689 2405 2753 Simones,
2434 2686 2627 2754 quibus
2656 2680 2988 2736 confidenter
3004 2673 3284 2729 dicendum
3317 2667 3489 2723 sit”:

1964 2759 1987 2834 ἑ
2022 2781 2065 2835 Ο
2099 2780 2249 2848 plene
2287 2776 2430 2832 omni
2479 2775 2602 2829 dolo
2648 2781 2700 2825 et
2749 2769 2976 2832 fallacia,
3012 2767 3083 2818 [ili
3113 2759 3331 2823 diaboli,
3386 2769 3492 2810 mt-

1961 2878 2096 2931 mice
2123 2871 2298 2929 omnis
2345 2866 2588 2936 iustitiae.
2628 2882 2646 2913 ι
2684 2860 2808 2914 llaec
2842 2871 2940 2927 ego
2987 2855 3051 2908 ad
3099 2848 3490 2916 correptionem

271 2972 339 3016 et
380 2963 528 3017 sicut
578 2959 760 3014 stellae
786 2967 841 3012 et
885 2957 967 3011 sol
1014 2955 1128 3024 ipse
1179 2952 1559 3023 refulgebimus
1600 2950 1652 3004 in
1696 2965 1856 3020 regno
1884 2950 1924 3006 C
1959 2969 2061 3024 mei
2115 2968 2280 3036 ipsius
2330 2963 2555 3031 ιοιμιοτ,
2605 2969 2714 3009 non
2762 2950 2932 3007 solum
2977 2946 3295 3001 auditorum.
3346 2937 3493 2993 Unus

276 3049 431 3117 IJei,
515 3064 622 3118 per
691 3047 973 3101 Christum
1055 3043 1334 3097 Dominum
1399 3050 1640 3094 nostrum
1682 3078 1698 3102 ,
1772 3042 1857 3091 cui

274 3149 371 3194 est
428 3137 617 3209 gloria
687 3145 745 3189 et
808 3133 1103 3203 imperium
1163 3132 1213 3185 in
1278 3130 1471 3185 saecula
1526 3131 1857 3185 surculorum.

268 3231 478 3288 Amen.

886 3312 1169 3370 HOMILIA
1200 3313 1289 3366 lll.

292 3433 368 3489 De
389 3451 451 3488 eo
476 3410 630 3504 quad
656 3432 920 3504 scriptum
938 3438 1012 3504 est
1039 3428 1084 3458 ⁹⁰
1109 3441 1175 3504 ξι(
1214 3425 1324 3494 Ego
1359 3425 1617 3504 assumpsi
1661 3424 1862 3504 Levites

360 3506 424 3556 de
456 3495 638 3556 medio
680 3495 921 3567 ﬁliorum
969 3495 1140 3549 Israel
1207 3511 1300 3567 pro
1339 3495 1477 3547 omni
1527 3495 1863 3562 primogenita

360 3574 452 3641 1ui
486 3564 744 3638 adaperit
776 3567 1012 3627 vulvam,
1040 3583 1059 3615 ι
1091 3573 1141 3615 et
1165 3564 1386 3631 reliqua.

358 3686 414 3739 1.
448 3682 741 3747 Scriptum
778 3660 864 3730 est
896 3676 963 3729 de
1000 3688 1216 3740 manna,
1260 3673 1384 3740 quia
1415 3673 1703 3727 secundum
1736 3683 1865 3726 tem-

277 3789 390 3845 pus
420 3773 560 3827 illud
585 3769 635 3824 si
669 3767 796 3836 quis
826 3766 880 3820 id
913 3764 986 3818 ita
1014 3763 1391 3830 assumpsisset
1442 3771 1498 3815 ut
1539 3771 1865 3831 praeceperat
1902 3777 1909 3785 '

276 3867 457 3929 Deus,
513 3861 834 3916 nutriretur
884 3872 950 3911 ex
992 3868 1057 3907 eo
1083 3871 1098 3916 ;
1129 3853 1175 3906 si
1202 3854 1326 3921 quis
1359 3866 1487 3906 vero
1509 3860 1696 3905 contra
1731 3868 1866 3920 prte-

272 3968 510 4026 ceptum
558 3953 685 4014 Dei,
717 3960 773 4004 et
819 3954 1004 4002 contra
1054 3952 1314 3998 statutum
1360 3942 1621 3996 divinitus
1653 3944 1864 3996 modum

271 4047 559 4102 voluisset
592 4051 903 4100 assumere,
923 4050 1027 4089 non
1047 4034 1319 4089 frueretur
1351 4048 1437 4098 eo,
1470 4042 1528 4086 ut
1556 4032 1698 4086 vitali
1724 4033 1865 4096 cibo,

272 4137 378 4193 sed
406 4148 639 4190 vermes
676 4128 970 4185 ebullirent
1010 4139 1075 4178 ex
1116 4138 1203 4178 eo.
1233 4122 1301 4176 Et
1350 4123 1421 4176 ita
1452 4123 1634 4185 (lebat,
1666 4132 1723 4176 ut
1761 4137 1863 4176 una

273 4237 451 4296 atque
506 4225 714 4279 eadem
766 4217 974 4286 species
1006 4228 1215 4268 manna:
1251 4211 1372 4266 aliis
1404 4212 1618 4279 quidem
1657 4226 1864 4266 vermes
1896 4248 1942 4305 η

273 4327 332 4371 et
358 4313 707 4385 putredines
745 4317 1052 4378 generaret,
1091 4303 1210 4356 aliis
1239 4315 1366 4354 vero
1402 4300 1664 4383 salubrem
1691 4301 1862 4354 cibum

270 4408 597 4466 conferret,
640 4409 695 4454 et
748 4398 872 4451 vitae
905 4393 1298 4450 necessarium.
1326 4372 1502 4459 Igitur
1544 4399 1596 4444 et
1623 4400 1863 4445 nostrum

271 4511 486 4553 manna
524 4492 765 4545 verbum
814 4485 909 4540 Dei
956 4493 1062 4547 est,
1113 4492 1168 4535 et
1210 4479 1346 4548 apud
1403 4494 1499 4532 nos
1534 4493 1661 4546 ergo
1688 4496 1866 4534 serum

273 4588 369 4642 De;
401 4584 547 4638 aliis
572 4577 813 4633 edicitur
835 4574 899 4626 ad
925 4572 1181 4635 salutem,
1213 4568 1332 4622 aliis
1374 4567 1514 4619 cedit
1544 4569 1606 4619 ad
1633 4583 1862 4635 poenam.

270 4677 335 4732 Et
362 4680 621 4745 propter
651 4668 758 4720 hoc
783 4664 1017 4718 arbitror
1044 4660 1187 4728 quod
1228 4658 1341 4727 ipse
1372 4657 1628 4711 Dominus
1661 4666 1713 4711 et
1750 4657 1868 4711 Sal—

269 4779 467 4828 vator,
494 4760 598 4830 qui
631 4765 720 4812 est
751 4756 933 4807 vivum
982 4750 1078 4805 Dei
1118 4748 1369 4813 verbum,
1400 4747 1611 4801 dicebat
1641 4749 1683 4781 ⁹¹
1712 4768 1724 4802 :
1757 4768 1775 4799 ‹
1809 4749 1866 4803 ιιι

176 4865 197 4878 ⁵
258 4855 559 4924 indicium
585 4862 690 4916 ego
721 4844 842 4899 veni
868 4843 922 4897 in
948 4843 1096 4896 hunc
1130 4837 1408 4898 mundum,
1440 4846 1495 4888 ut
1546 4853 1649 4891 non
1678 4838 1865 4894 viden-

266 4958 345 5003 les
390 4942 667 5005 videant,
713 4947 769 4990 et
806 4935 1053 4988 videntes
1092 4928 1223 4982 εαξθί
1264 4925 1415 4978 ﬁant.
1452 4943 1471 4975 ι
1504 4925 1710 4991 Quanto
1758 4944 1867 4983 me-

260 5035 373 5090 lius
416 5039 590 5087 esset
616 5024 894 5081 nonnullis
917 5021 1149 5076 omnino
1180 5034 1278 5072 nec
1303 5019 1486 5072 audire
1517 5022 1731 5072 verbum
1752 5018 1868 5081 Dei.

1959 3061 2098 3113 enim
2124 3069 2178 3112 et
2199 3072 2298 3127 ego
2343 3071 2458 3110 sum
2487 3070 2550 3108 ex
2606 3054 2690 3114 iis,
2719 3050 2808 3119 qui
2862 3047 3085 3103 audiunt
3124 3041 3344 3096 verbum
3379 3035 3494 3090 Dei.

2005 3144 2079 3197 .2.
2114 3145 2217 3197 Sed
2244 3126 2532 3196 audiamus
2555 3141 2665 3209 jam
2698 3138 2827 3206 quid
2857 3149 3033 3189 sermo
3071 3130 3280 3185 divinus
3308 3126 3498 3192 loqua-

1961 3243 2047 3285 tnr
2069 3232 2134 3285 ad
2172 3230 2409 3300 Moysen.
2439 3246 2455 3278 ι
2491 3226 2557 3281 Ει
2595 3226 2801 3279 locutus
2820 3233 2920 3289 est,
2951 3220 3125 3289 inquit
3147 3219 3215 3282 θ’,
3243 3213 3497 3268 Dominus

1960 3324 2024 3375 ad
2059 3322 2295 3391 Moysen,
2328 3320 2510 3372 dicens
2540 3334 2554 3369 :
2585 3315 2726 3369 Ecce
2755 3329 2852 3382 ego
2890 3308 3152 3376 assumpsi
3186 3305 3399 3360 Levitas
3427 3300 3497 3353 de

1962 3411 2136 3464 medio
2184 3409 2411 3462 filiorum
2463 3404 2647 3464 Israel,
2689 3417 2784 3471 pro
2825 3400 2970 3453 omni
3016 3392 3370 3465 primogenito
3403 3385 3496 3458 qui

1963 3497 2204 3567 adaperit
2232 3496 2441 3550 vulvam
2490 3509 2555 3547 ex
2591 3491 2713 3545 ﬁliis
2762 3488 2948 3552 Israel,
2993 3482 3381 3550 redemptiones
3405 3492 3498 3532 eo-

1963 3603 2080 3643 rum
2115 3595 2290 3645 ernnt,
2322 3593 2378 3638 et
2421 3591 2579 3637 erunt
2625 3580 2752 3634 mihi
2798 3577 3015 3632 Levitze.
3043 3573 3215 3627 Meum
3244 3578 3326 3624 est
3352 3569 3495 3621 enim

1962 3691 2121 3733 omne
2171 3673 2600 3745 primogenitum.
2648 3670 2722 3722 Ex
2760 3666 2847 3721 die
2888 3656 2991 3732 qua
3050 3658 3285 3730 percussi
3338 3669 3496 3709 omne

1965 3765 2370 3839 primogenitum
2420 3764 2472 3817 in
2530 3770 2668 3815 terra
2717 3757 2955 3828 Egypti,
2987 3749 3320 3810 sanctiﬁcavi
3359 3747 3496 3839 .lltilli

1966 3820 2040 3839 τη
2090 3820 2168 3836 η..
2792 3820 2874 3828 ---

1966 3872 2122 3913 omne
2168 3853 2578 3924 primogenitum
2644 3848 2827 3909 Israel.
2877 3845 2943 3898 ab
2977 3842 3190 3897 homine
3236 3820 3406 3905 usqu'e
3433 3837 3498 3888 ad

1966 3963 2126 4019 pecus
2180 3960 2351 3999 meum
2399 3943 2527 4005 erit,
2582 3954 2680 4009 ego
2719 3938 2994 3992 Dominus.
3048 3952 3067 3985 ι
3105 3930 3302 3985 Levitae
3348 3940 3499 3979 assu-

1967 4015 2184 4091 muntur
2210 4048 2306 4103 pro
2340 4028 2730 4099 primogenitis,
2762 4023 3084 4090 cumulique
3118 4034 3220 4073 ιιοιι
3259 4018 3366 4071 sint
3392 4015 3500 4083 pri-

1966 4124 2234 4193 mogeniti.
2265 4119 2391 4173 Levi
2434 4118 2574 4171 enim
2620 4113 2806 4169 tertius
2851 4111 3090 4166 nascitur
3114 4124 3177 4160 ex
3207 4106 3319 4160 Lia.
3376 4103 3497 4157 Pri-

1968 4230 2085 4268 mus
2133 4225 2362 4279 namque
2387 4216 2472 4262 est
2496 4205 2715 4268 Ruben;
2746 4202 2961 4258 Simeou
2995 4198 3282 4260 secundus,
3316 4193 3498 4249 tertius

1970 4303 2136 4368 Levi;
2169 4310 2223 4356 et
2253 4305 2600 4354 assumuntur
2630 4295 2685 4349 in
2720 4286 3286 4363 primogenitosii,qui
3314 4293 3497 4339 natura

1971 4412 2076 4450 non
2131 4402 2255 4449 sunt
2301 4388 2660 4460 primogeniti.
2710 4383 2960 4453 Nunquid
3013 4383 3124 4436 bzec
3170 4380 3220 4433 in
3249 4378 3363 4447 lege
3410 4373 3497 4430 Dei

1970 4488 2140 4543 otiose
2163 4486 2361 4551 scripta
2390 4494 2512 4534 esse
2539 4475 2865 4533 credendum
2896 4472 3015 4527 est?
3045 4472 3123 4525 An
3171 4470 3297 4523 illud
3321 4469 3496 4522 edoceI

1973 4592 2093 4640 nos,
2122 4575 2261 4644 quod
2296 4574 2432 4641 apud
2459 4572 2621 4625 Deum
2648 4583 2753 4621 non
2781 4565 2854 4619 illi
2891 4561 3226 4633 primogeniti
3266 4560 3496 4614 habean-

1973 4671 2077 4717 tur.
2101 4661 2188 4728 qui
2214 4672 2467 4726 corporea
2497 4655 2779 4711 nativitate
2821 4650 3150 4720 przecedunt,
3174 4649 3267 4702 sed
3299 4648 3334 4701 ii
3364 4660 3498 4715 quos

1971 4751 2245 4820 proposito
2279 4746 2472 4802 mentis
2516 4746 2778 4813 inspecto,
2817 4741 2959 4795 Deus
3010 4740 3122 4807 ipse
3165 4739 3218 4792 in
3262 4736 3498 4792 ordinem

1972 4839 2359 4907 primitivorum
2386 4834 2591 4904 judicat
2631 4820 3026 4887 assumendos?
3074 4827 3162 4881 Sic
3193 4825 3335 4880 enim
3365 4824 3499 4891 apud

1971 4932 2134 4985 Deum
2158 4929 2322 4984 Jacob
2348 4928 2612 4996 posterior
2645 4934 2771 4979 natu
2813 4922 3198 4993 primogenitus
3236 4918 3499 4988 iudicatus

1974 5029 2077 5084 est,
2117 5029 2170 5074 et
2211 5018 2609 5075 lenedictiones
2659 5017 3017 5084 primittvatns
3061 5010 3168 5077 (60)
3221 5012 3498 5076 procurata

259 5118 688 5205 questraudire
723 5131 847 5171 cum
907 5110 1145 5173 malitia,
1202 5108 1284 5161 vel
1331 5106 1513 5160 audire
1557 5122 1677 5161 cum
1702 5108 1870 5177 hypo-
1974 5109 2227 5164 divinitus
2254 5108 2494 5177 parentis
2519 5106 2760 5162 caecitate
2783 5101 3101 5171 suscepit".
3128 5098 3205 5150 Ex
3229 5094 3496 5166 proposito

318 5222 378 5252 ⁸ο
432 5211 636 5267 Matth.
674 5226 796 5273 xm,
841 5206 934 5260 45.

246 5287 285 5323 ’³
324 5288 521 5341 Rom.
552 5297 625 5347 ιι,
657 5279 712 5334 6.
793 5274 842 5308 ’⁸
874 5274 1006 5327 Act.
1041 5284 1097 5320 Χ.

957 5365 1139 5419 Codd.
1185 5361 1510 5418 Ebroicensis
1536 5372 1591 5417 et
1624 5365 1857 5434 Turon.,

238 5471 257 5509 t
304 5452 390 5508 au
418 5452 748 5511 Dominum.
800 5460 821 5491 ι
864 5505 878 5511 _
1038 5499 1052 5511 ν

307 5494 1111 5603 ῑῶἰῶῖῖιποίωιιιὶε,
1149 5494 1483 5566 Turonensis,
1521 5498 1861 5558 Bellovaoen-

1014 5203 1060 5233 ⁸⁷
1103 5199 1265 5266 Num.
1301 5212 1356 5260 ιι,
1395 5198 1446 5249 2.
1518 5199 1560 5229 ⁸⁸
1600 5200 1795 5266 Ephes.
1831 5213 1846 5250 ι

1959 5201 2026 5254 [4.
2100 5202 2142 5232 ’δν
2173 5202 2333 5255 llebr.
2362 5213 2456 5262 xu,
2482 5198 2568 5250 ‘25.
2642 5201 2688 5232 9°
2712 5201 2868 5253 Num.
2902 5215 2980 5254 ιιι.
3056 5202 3096 5231 ⁹¹
3124 5198 3275 5250 Joan.
3308 5212 3379 5260 rx,
3408 5195 3495 5251 59.

1173 5265 1219 5297 ⁸⁵
1245 5238 1361 5317 Λοιῖ
1389 5281 1499 5329 ιιιιι,
1535 5237 1921 5322 ιοῗνῖῖῖίιιὶἱὶἶ.
2062 5271 2119 5324 il
2157 5237 2663 5339 €E°squf"":"tien.
3124 5237 3275 5250 "um
3310 5237 3379 5260 Μ’

1962 5372 2056 5435 sis,
2080 5390 2100 5425 ι
2140 5372 2474 5441 primitivas.
2505 5387 2533 5441 r_
2560 5367 2679 5419 Mox
2728 5367 2894 5441 code;
2930 5355 3490 5441 Sanctifl‘beodorici,

1983 5459 2000 5492 ι
2029 5428 2347 5510 procurante
2371 5437 2649 5494 divinitate
2678 5433 2915 5500 parentis
2936 5428 3192 5489 caecitate,
3230 5441 3249 5475 ι
3284 5435 3393 5482 etc,
