3838 6244
371 236 470 290 595

1775 220 2088 284 ORIGENIS

3657 202 3771 255 536

365 348 566 405 etenim
592 346 770 401 cordis
815 345 955 415 quod
1003 347 1112 399 Deo
1153 344 1342 413 patuit,
1390 343 1552 397 etiam
1589 342 1894 410 priusquam
1926 344 1970 397 A
1997 345 2047 390 et
2077 336 2351 395 Manassc;
2383 333 2438 386 in
2470 329 2753 400 aquilone
2805 337 2963 380 vero
3001 323 3150 377 Dan
3188 331 3344 373 cum
3383 313 3765 380 NePhlhali'“

369 437 424 490 in
449 438 549 489 hoc
583 436 780 488 mundo
802 444 1174 496 nascerentur,
1209 443 1300 486 aut
1321 433 1516 500 aliquid
1542 429 1899 499 agerentboni

368 525 450 579 vel
482 527 629 592 mali,
657 527 963 596 pronuntiat
1001 525 1254 578 Dominus
1298 525 1361 578 de
1389 524 1469 578 eis
1496 525 1561 586 ’⁷,
1603 523 1723 590 quia
1755 540 1773 573 ι
1809 521 1901 574 Ja-

364 613 464 670 cob
495 616 674 681 dilexi,
718 617 856 670 Esau
912 623 1086 668 autem
1129 613 1250 666 odio
1296 613 1480 666 habui.
1538 631 1557 664 ι
1610 611 1728 664 Filii
1771 625 1898 678 ergo

365 701 490 755 Levi
522 703 864 770 primogeniti
897 702 1110 770 quidem
1143 717 1246 755 non
1284 709 1410 754 sunt
1437 700 1726 754 secundum
1773 713 1895 751 car-

364 805 507 853 nem,
537 791 628 843 sed
655 805 751 858 pro
790 791 1156 860 primogenitis
1193 799 1567 852 assumuntur;
1601 799 1658 841 ut
1683 789 1750 842 sit
1783 803 1896 840 am-

361 878 499 941 plius
551 879 751 947 aliquid
798 895 896 947 pro
936 879 1288 947 primogenita
1321 879 1538 940 assumi,
1576 893 1734 946 quam
1787 878 1895 945 pri-

360 967 685 1036 mogenitum
710 971 878 1022 nasci.
913 986 930 1019 ‹
973 969 1129 1032 Ecce,
1163 969 1356 1036 inquit,
1390 967 1649 1035 assumpsi
1683 967 1894 1020 Levitas

351 1063 420 1106 ex
477 1057 648 1109 medio
683 1057 914 1112 ﬁliorum
971 1057 1156 1112 Israel.
1215 1075 1235 1112 ι
1277 1057 1374 1111 Dic
1419 1056 1751 1124 simpliciter,
1791 1066 1892 1110 As-

353 1142 557 1208 Sumpsi
583 1142 794 1198 Levitas
820 1160 882 1199 ex
919 1145 1044 1199 ﬁliis
1080 1144 1257 1198 lsrael.
1282 1143 1418 1209 Quid
1445 1153 1528 1198 est
1553 1146 1696 1212 quod
1717 1143 1890 1206 addis,

352 1237 410 1281 et
447 1229 512 1284 de
563 1232 737 1285 medio
768 1233 992 1286 ﬁliorum
1031 1232 1232 1286 Israel?
1262 1234 1328 1286 de
1359 1247 1464 1300 quo
1491 1232 1664 1285 medio
1692 1231 1714 1283 ?
1763 1230 1887 1286 Ter-

356 1318 462 1372 tius
497 1329 580 1372 est
609 1319 755 1387 Levi,
801 1331 857 1374 ut
883 1338 1040 1390 supra
1073 1322 1326 1388 diximus,
1363 1323 1500 1374 inter
1535 1321 1674 1374 ﬁlios
1703 1320 1886 1376 Israel.

356 1407 426 1460 De
455 1423 561 1476 quo
607 1425 734 1478 ergo
778 1412 953 1467 medio
997 1421 1339 1467 assumantur
1399 1411 1597 1465 Levitae
1642 1425 1886 1479 cuperem

350 1497 511 1550 scire.
538 1496 758 1554 Invenio
783 1501 832 1554 in
859 1501 1150 1570 Scriptnris
1190 1503 1396 1557 beatam
1422 1502 1562 1555 illam
1598 1501 1890 1555 Sunamiti-

348 1586 468 1638 dem
505 1603 623 1655 quae
647 1589 1156 1658 aluerataliquando
1186 1593 1519 1661 prophetam,
1561 1592 1883 1658 responden-

2003 435 2054 481 et
2085 427 2241 479 Aser.
2275 423 2349 476 Ex
2391 423 2478 476 his
2527 421 2812 474 omnibus
2860 415 3047 484 quasi
3119 426 3251 482 per
3289 418 3568 478 quatuor
3601 418 3769 462 terra:

2002 516 2250 570 cardines
2302 513 2357 566 in
2401 511 2648 565 circuitu
2707 506 3048 564 collocatis
3083 543 3106 568 ,
3178 503 3250 557 in
3329 499 3542 554 medio
3567 513 3764 551 eorum

2004 613 2187 672 utpote
2221 603 2329 656 Deo
2357 599 2603 670 proximi
2633 599 2797 652 circa
2837 599 3048 664 ipsum
3116 589 3622 648 tabernaculum
3670 589 3764 644 Dei

2000 693 2408 748 constituuntur
2442 691 2680 746 Levitm.
2713 691 2777 743 In
2834 688 3074 744 castris
3138 683 3426 752 quidem
3460 681 3614 734 Juda
3643 695 3767 749 quae

1991 791 2126 851 sunt
2175 784 2242 836 ab
2269 782 2513 847 oriente,
2541 780 2777 850 Moyses
2816 789 2881 833 et
2934 779 3167 830 Aaron
3199 791 3216 839 ;
3271 773 3337 826 in
3375 771 3605 826 castris
3635 786 3767 825 vero

2003 870 2228 935 Ruben,
2283 868 2560 932 Gerson;
2631 867 2686 920 in
2759 865 2995 918 castris
3090 872 3331 915 autem
3399 857 3763 924 Benjamin,

1999 959 2158 1028 281
2195 958 2406 1020 Caath;
2453 957 2546 1011 ubi
2601 971 2740 1010 vero
2774 956 2905 1008 Dan
2949 962 3178 1008 castra
3242 947 3618 1010 constituit,
3666 946 3767 1000 kle-

2000 1031 2111 1101 rari
2144 1047 2410 1102 scribitur
2467 1046 2824 1108 collocatus;
2872 1053 2940 1098 et
2975 1045 3063 1098 ita
3132 1043 3209 1094 in
3251 1041 3476 1094 medio
3517 1038 3764 1091 ﬁliorum

1995 1137 2164 1192 Israel
2195 1152 2259 1190 ex
2310 1135 2461 1190 omni
2493 1143 2677 1202 parte,
2731 1144 2792 1188 et
2844 1148 2958 1202 per
3021 1128 3431 1189 circuitum,
3469 1127 3642 1196 quasi
3683 1127 3764 1181 in-

1996 1227 2126 1281 serti
2155 1227 2373 1280 caeteris
2401 1235 2458 1280 et
2488 1225 2684 1278 innexi
2721 1224 3012 1277 videntur
3044 1236 3214 1275 esse
3262 1219 3382 1272 lilii
3432 1217 3606 1271 Levi.
3639 1217 3764 1272 [late

1996 1325 2121 1370 sunt
2147 1331 2271 1384 qua:
2319 1314 2476 1368 nobis
2499 1314 2686 1368 littera
2736 1313 2892 1382 legis
2942 1311 3261 1380 exponit,
3314 1319 3390 1360 ut
3439 1323 3517 1361 ex
3558 1309 3651 1362 his
3681 1325 3766 1363 sae

1993 1413 2398 1457 cramentorum
2424 1402 2638 1458 semina
2667 1402 3070 1470 colligentes,
3111 1409 3453 1468 tanquam
3489 1401 3765 1468 gradibus

1992 1492 2319 1563 quibusdam
2351 1492 2420 1546 ab
2456 1491 2767 1545 humilibus
2796 1494 2871 1546 ad
2909 1490 3184 1546 excelsa
3212 1528 3235 1554 ,
3297 1499 3369 1542 et
3431 1504 3468 1541 a
3511 1489 3763 1542 terrenis

1993 1580 2060 1633 ad
2101 1579 2349 1633 cmlestia
2396 1581 2871 1636 conscendamus.
2938 1579 3267 1635 Ascendc
3305 1594 3468 1648 ergo
3522 1594 3698 1642 nunc,
3729 1594 3764 1629 ο

352 1683 596 1728 temcum
630 1677 821 1732 ﬁducia
859 1681 1150 1748 regilsracl
1187 1681 1381 1735 volenti
1406 1679 1509 1733 sibi
1538 1681 1737 1750 aliquid
1763 1695 1868 1734 con

2277 1669 2322 1721 si
2367 1678 2547 1736 potes,
2601 1677 2659 1723 et
2709 1685 2740 1722 a
2817 1670 3106 1724 terrenis
3173 1670 3493 1723 sensibus
3556 1667 3759 1721 intuitu

348 1762 492 1818 ferre
525 1764 790 1832 beneﬁt-ii,
839 1779 894 1824 et
940 1770 1202 1824 dicentem
1227 1773 1271 1804 ³⁸
1303 1791 1316 1827 :
1354 1791 1372 1823 ι
1407 1773 1462 1826 1η
1498 1772 1674 1826 medio
1703 1771 1883 1839 p0puli

349 1852 452 1905 mei
492 1868 590 1921 ego
636 1855 839 1911 habito.
896 1877 916 1910 ι
951 1859 1192 1927 Amplius
1239 1871 1502 1916 autemet
1546 1861 1885 1929 magniﬁcen-

347 1941 452 1994 tius
515 1943 568 1994 in
609 1943 896 2014 Evangelio
951 1948 1104 2001 video
1156 1950 1411 2017 scriptum
1467 1951 1532 2004 de
1577 1950 1800 2003 Domino
1830 1957 1884 2003 et

347 2029 625 2088 Salvatore
658 2044 862 2101 nostro,
892 2035 1106 2091 dicente
1131 2037 1335 2094 Joanne
1354 2041 1398 2072 ⁹⁹
1430 2059 1443 2094 :
1481 2058 1498 2091 ι
1536 2041 1738 2095 Medius
1791 2055 1881 2094 ve-

345 2127 514 2176 strum
559 2131 684 2186 stat,
719 2140 875 2192 quem
911 2141 1004 2179 vos
1061 2129 1301 2182 nescitis.
1347 2147 1364 2180 ι
1399 2129 1534 2184 Puto
1571 2145 1700 2198 ergo
1756 2145 1877 2183 eum

348 2210 439 2274 qui
472 2225 742 2279 nunquam
784 2213 1131 2267 declinaverit
1183 2217 1248 2269 ad
1293 2215 1566 2281 dextram,
1606 2232 1775 2284 neque
1814 2219 1876 2271 ad

342 2295 757 2362 sinistram,dici
785 2315 942 2368 posse
975 2303 1204 2356 medium
1233 2312 1397 2364 stare.
1423 2323 1442 2355 ‹
1483 2306 1568 2373 qui
1602 2315 1876 2370 peccatum

342 2399 444 2437 non
477 2385 621 2445 fecit,
653 2401 748 2442 nec
793 2389 1040 2444 inventus
1075 2401 1158 2443 est
1187 2391 1338 2444 dolus
1375 2391 1427 2444 in
1479 2407 1572 2445 ore
1610 2392 1724 2458 ejus
1760 2391 1800 2444 ¹.
1854 2411 1872 2442 ι

340 2475 406 2528 Ει
441 2475 558 2529 ideo
604 2477 693 2530 ille
742 2478 995 2544 quidem,
1050 2481 1172 2546 quia
1224 2495 1436 2549 semper
1493 2491 1622 2543 stat,
1670 2484 1876 2536 medius

340 2574 484 2618 stare
522 2565 739 2622 dicitur.
781 2567 836 2622 Si
875 2570 996 2636 quis
1030 2585 1157 2624 vero
1203 2570 1442 2624 imitator
1471 2571 1586 2638 ejus
1614 2581 1715 2636 est,
1738 2573 1876 2626 sicut

338 2667 525 2707 omnes
553 2655 744 2716 sancti,
795 2665 850 2709 et
885 2657 974 2709 illa
1011 2656 1167 2711 beata
1197 2657 1406 2722 mulier,
1445 2657 1596 2724 cujus
1628 2660 1873 2728 superius

338 2739 564 2797 fecimus
588 2745 941 2810 mentionem,
971 2753 1112 2799 stare
1140 2747 1350 2814 quidem
1385 2762 1488 2800 non
1520 2748 1732 2802 dicitur.
1757 2748 1871 2802 Non

335 2836 480 2885 enim
509 2841 685 2901 potest
710 2835 848 2899 ﬁeri,
876 2845 933 2889 ut
957 2850 1059 2888 non
1083 2835 1387 2903 aliquando,
1426 2847 1517 2890 aut
1538 2840 1603 2890 ad
1630 2841 1869 2892 dextram

335 2921 463 2988 quis.
493 2923 775 2980 inclinatus
801 2925 888 2990 sit,
925 2934 1018 2978 aut
1046 2924 1113 2978 ad
1145 2925 1442 2981 sinistram.
1479 2944 1499 2976 ‹
1535 2927 1704 2982 Nemo
1727 2931 1868 2983 enim

1993 1758 2191 1813 mentis
2236 1771 2292 1813 et
2333 1759 2679 1828 perspicacia
2735 1761 2947 1814 cordis
3009 1760 3323 1814 elevare.
3384 1759 3760 1815 Obliviscere

1991 1849 2263 1917 paulisper
2296 1859 2537 1915 terrena,
2568 1867 2737 1921 supra
2775 1853 2977 1906 nubes
3022 1862 3098 1906 et
3145 1867 3361 1920 supra
3411 1852 3614 1920 ipsum
3643 1866 3759 1906 cce-

1990 1940 2096 1992 lum
2127 1955 2314 2008 gressu
2349 1941 2554 1996 mentis
2589 1942 2814 1999 incede.
2869 1943 2966 1998 Ibi
3032 1944 3328 2011 require
3394 1944 3753 1997 tabernacu-

1989 2031 2096 2084 lum
2131 2031 2248 2096 Dei,
2277 2033 2366 2087 ubi
2397 2049 2714 2102 praecursor
2747 2027 2858 2105 pro
2891 2037 3096 2091 nobis
3131 2035 3448 2089 introivit
3478 2033 3678 2097 Jcsus,
3699 2045 3754 2088 et

1987 2122 2194 2175 assistit
2226 2138 2371 2177 nunc
2405 2124 2576 2179 vultui
2609 2126 2705 2178 Dei
2762 2125 3215 2193 interpellans
3253 2141 3377 2196 pro
3407 2129 3611 2181 nobis.
3651 2127 3748 2190 lbi,

1987 2211 2229 2281 inquam,
2270 2214 2491 2281 require
2541 2225 2868 2283 quaternos
2921 2217 3107 2272 istos
3178 2219 3486 2282 ordines,
3544 2219 3748 2271 statio-

1987 2315 2186 2370 nesque
2212 2313 2543 2358 castrorum.
2598 2305 2678 2359 Ibi
2714 2305 3082 2361 Israelitica
3149 2308 3426 2378 agmina
3459 2317 3520 2362 et
3570 2324 3746 2362 excu-

1986 2391 2100 2444 bias
2126 2406 2288 2446 cerne
2312 2400 2657 2459 sanctorum,
2684 2404 2743 2449 et
2771 2397 2853 2450 ibi
2897 2397 3013 2451 illa
3054 2413 3221 2468 qua:
3257 2399 3367 2454 hic
3399 2415 3565 2453 nunc
3594 2415 3746 2467 quae-

1986 2478 2149 2532 rimus
2187 2480 2592 2547 primitivorum
2646 2495 3064 2542 sacramenta
3140 2488 3425 2544 rimare.
3483 2489 3602 2543 Sed
3638 2504 3736 2558 ego

1985 2581 2088 2620 non
2121 2569 2290 2622 audeo
2321 2569 2452 2624 illuc
2481 2571 2636 2626 solus
2669 2575 3052 2641 ascendere,
3108 2594 3250 2634 non
3308 2581 3518 2634 audeo
3571 2596 3662 2635 me
3685 2582 3737 2632 in

1980 2653 2081 2708 bos
2131 2663 2238 2707 tam
2278 2666 2522 2712 secretos
2572 2662 3004 2728 mysteriorum
3082 2681 3408 2722 secessus
3465 2667 3596 2722 sine
3636 2683 3733 2722 au-

1981 2742 2226 2796 ctoritate
2260 2745 2442 2813 magni
2485 2747 2725 2816 alicujus
2773 2750 3076 2810 doctoris
3146 2758 3566 2830 immergere.
3612 2761 3732 2817 Non

1981 2847 2197 2900 possum
2223 2834 2350 2888 illuc
2379 2839 2710 2902 ascendere,
2740 2840 2851 2894 nisi
2885 2847 3256 2909 praecedat
3287 2865 3394 2906 me
3427 2851 3729 2918 Panlus,et

1979 2920 2093 2988 ipse
2124 2922 2250 2975 ntihi
2285 2923 2427 2975 viam
2457 2925 2585 2978 novi
2637 2925 2814 2994 hujus
2847 2939 2909 2986 et
2967 2937 3191 2991 ardui
3259 2941 3512 2996 itineris
3541 2954 3728 2997 osten-

336 3014 567 3067 mundus
610 3031 638 3068 a
681 3017 873 3081 sorde;
932 3029 1032 3070 nec
1080 3015 1124 3069 si
1180 3017 1339 3071 unius
1401 3017 1508 3070 diei
1558 3018 1720 3072 fuerit
1765 3021 1852 3073 vit:

2209 3025 2258 3064 se
2304 3027 2434 3082 ergo
2465 3016 2861 3083 apostolorum
2919 3025 3332 3093 maximus,
3391 3032 3497 3099 qni
3563 3033 3725 3086 sciret

333 3096 449 3165 ejus
476 3100 519 3157 '.,
556 3118 574 3150 ι
611 3100 866 3157 Habitare
891 3113 1066 3157 tamen
1094 3102 1294 3158 dicitur
1336 3105 1386 3159 in
1434 3105 1609 3158 medio
1638 3109 1814 3174 papnli
1856 3124 1870 3160 :

331 3197 385 3238 et
417 3187 614 3242 Levita:
661 3206 790 3260 ergo
822 3204 1169 3249 assumuntur
1199 3196 1264 3249 de
1307 3195 1480 3249 medio
1520 3195 1754 3250 ﬁliorum
1797 3197 1873 3250 ls-

334 3273 465 3326 rael.
492 3275 689 3337 Levita:
714 3289 839 3334 sunt
864 3283 1006 3335 enim
1053 3283 1143 3352 qui
1191 3299 1293 3337 non
1334 3294 1700 3352 cognoverunt
1738 3286 1869 3339 dex-

335 3369 468 3413 tram
501 3373 554 3415 et
593 3365 862 3422 sinistram
891 3385 1064 3437 suam,
1097 3373 1186 3425 sed
1215 3381 1499 3440 sequentes
1537 3372 1777 3443 Moysen,
1820 3376 1870 3429 id

333 3454 420 3501 est
452 3445 617 3524 legem
658 3453 769 3516 Dei,
803 3470 906 3508 non
965 3470 1322 3525 pepercerunt
1375 3461 1514 3529 patri
1554 3477 1650 3515 nec
1687 3463 1868 3518 matri.

337 3530 402 3584 Et
436 3543 489 3587 tu
532 3551 660 3606 ergo
705 3541 748 3594 si
789 3543 1037 3597 veniente
1075 3547 1390 3612 tentatione,
1433 3549 1477 3602 si
1511 3551 1758 3603 veniente
1787 3551 1868 3605 ira

333 3625 542 3693 peccati
573 3643 676 3684 non
707 3630 980 3686 inclineris
1035 3633 1100 3687 ad
1147 3635 1442 3702 dexteram,
1497 3653 1670 3708 neque
1701 3641 1767 3694 ad
1793 3640 1865 3694 si-

334 3710 582 3778 nistram,
619 3731 716 3773 nec
761 3724 1141 3788 praevaricatus
1182 3727 1350 3781 fueris
1395 3727 1563 3798 legem
1615 3730 1730 3792 Dei,
1774 3731 1866 3784 sed

334 3807 442 3854 stes
472 3802 523 3856 in
555 3807 732 3864 medio
780 3808 921 3864 ﬁxus
964 3824 1020 3868 et
1065 3814 1293 3881 stabilis,
1329 3825 1381 3870 et
1431 3832 1536 3871 non
1570 3817 1866 3884 inclineris,

331 3904 502 3958 neque
527 3906 718 3959 curves
739 3911 911 3966 genua
935 3909 1020 3954 tua
1048 3911 1292 3970 peccato,
1323 3919 1419 3960 nec
1438 3908 1660 3974 pecudis
1683 3918 1864 3977 caput,

331 3979 384 4034 id
430 3991 515 4040 est.
563 3985 802 4042 stultitiae
825 3993 1072 4058 sequaris
1118 3995 1427 4065 imaginem,
1459 4001 1752 4053 assumeris
1801 4001 1866 4055 de

331 4069 508 4122 medio
535 4071 763 4134 ﬁliorum
810 4075 994 4143 Israel,
1026 4088 1080 4133 et
1128 4080 1181 4134 in
1217 4084 1608 4150 primitivorum
1642 4103 1864 4143 numero

327 4155 695 4216 collocaberis.
729 4163 851 4219 Haec
877 4181 974 4234 pro
1009 4181 1075 4221 eo
1101 4171 1241 4234 quod
1287 4173 1546 4240 scriptum
1596 4184 1697 4236 est,
1733 4193 1752 4225 ι
1810 4185 1864 4231 et

327 4255 593 4302 assumam
623 4249 840 4305 Levitas
865 4255 931 4308 de
965 4259 1140 4312 medio
1164 4259 1394 4314 ﬁliorum
1427 4259 1613 4315 Israel.
1655 4280 1674 4314 ι

394 4333 448 4386 5.
498 4335 714 4406 Verum,
742 4340 789 4394 si
813 4341 1043 4410 videtur,
1093 4361 1435 4404 recurramus
1485 4350 1658 4404 adhuc
1685 4355 1750 4405 ad
1783 4354 1861 4417 ip-
1892 4325 1935 4376 θ

325 4438 439 4479 sum
473 4431 710 4490 ordinem
740 4433 1000 4501 historiae,
1035 4439 1124 4506 qui
1154 4441 1387 4494 refertur
1432 4440 1485 4494 in
1510 4441 1778 4509 Nnmeris,
1805 4455 1858 4498 et

321 4527 388 4568 ex
419 4517 534 4585 ipso
578 4525 884 4590 mysterium
919 4527 1336 4596 primitivorum,
1365 4531 1454 4585 ubi
1485 4531 1566 4586 vel
1595 4536 1858 4601 quomodo

325 4609 527 4673 requiri
554 4613 765 4675 debeat,
793 4620 1235 4687 contemplemur.
1280 4622 1446 4692 Igitur
1482 4639 1860 4681 recenseamus

323 4699 600 4766 attentius,
646 4705 910 4775 quomodo
951 4709 1344 4780 distribuuntur
1370 4711 1650 4764 duodecim
1690 4713 1860 4767 tribus

322 4798 418 4850 per
447 4798 628 4844 ternas
677 4793 728 4846 in
755 4805 982 4862 quatuor
1002 4807 1201 4865 partes,
1233 4809 1285 4852 et
1303 4814 1398 4866 per
1425 4798 1667 4868 singulas
1699 4815 1862 4867 quas-

321 4887 426 4938 ιιυθ
449 4878 567 4932 οωιί
606 4881 786 4950 plagas
813 4894 960 4938 certa
988 4886 1222 4942 statione
1266 4887 1547 4940 considunt
1581 4904 1594 4940 :
1625 4895 1679 4939 et
1715 4889 1862 4942 inre-

320 4963 526 5019 niemus
558 4965 750 5023 ludam
789 4974 1000 5039 quidem
1033 4975 1099 5028 ab
1127 4977 1333 5030 oriente
1374 4975 1534 5028 statui
1581 4991 1701 5028 cum
1726 4977 1859 5032 Issa-

319 5053 453 5104 char
486 5066 540 5110 et
570 5060 841 5126 Z‘abulon;
892 5063 1076 5117 Ruben
1117 5081 1242 5120 vero
1286 5065 1352 5118 ab
1391 5066 1684 5127 occidente,
1737 5083 1853 5120 cum

319 5136 533 5196 Sintcon
559 5157 614 5200 et
650 5147 794 5213 God;
822 5151 874 5203 in
912 5153 1135 5206 meridie
1167 5153 1394 5220 Ephrem
1422 5168 1541 5205 cum
1577 5153 1853 5220 Benjamin

387 5317 681 5400 r’ldlulach.
705 5326 884 5400 .52.},
935 5328 1004 5400 A9:
1025 5326 1109 5378 IV.
1141 5330 1267 5397 Reg.
1298 5344 1372 5391 IV,
1403 5329 1485 5381 15.
1560 5329 1603 5362 ’⁸
1627 5327 1778 5384 Joan.
1817 5348 1854 5400 ι,
1889 5335 1980 5389 26.

318 5381 515 5437 ‘Ilehr.
557 5400 657 5450 xu,
699 5391 781 5452 18,
815 5393 901 5457 22,
932 5393 1021 5448 93.

389 5489 499 5557 (δι)
531 5492 693 5556 Codd.
724 5500 947 5568 'I‘uron.,
978 5503 1318 5562 Bclraccnsis
1348 5517 1396 5560 ct
1424 5506 1606 5561 Sancti
1639 5505 1678 5558 Τ

1977 3099 2170 3154 multas
2205 3115 2329 3156 esse
2376 3118 2483 3157 non
2519 3105 2703 3161 solum
2756 3109 2813 3162 in
2869 3115 3119 3183 terris,
3187 3121 3307 3173 sed
3371 3133 3436 3177 et
3475 3123 3535 3176 in
3574 3125 3725 3179 caelis

1975 3187 2262 3254 Ecclesias,
2307 3205 2375 3244 ex
2422 3194 2626 3261 quibus
2671 3208 2730 3250 et
2778 3211 3028 3266 septem
3093 3212 3429 3275 quasdam
3478 3212 3722 3270 Joannes

1973 3289 2253 3332 enumerat
2291 3279 2313 3310 ³
2349 3298 2364 3336 :
2395 3281 2511 3350 ipse
2541 3294 2736 3338 tamen
2793 3287 3042 3347 Paulus
3109 3302 3477 3358 ostendere
3534 3305 3720 3360 volens

1971 3379 2089 3419 esse
2111 3369 2394 3434 quamdam
2430 3381 2633 3440 praeter
2660 3389 2762 3428 eas
2797 3379 2996 3433 etiam
3075 3387 3569 3454 primitivorum
3617 3394 3718 3448 Ec-

1969 3454 2210 3518 clesium,
2238 3457 2371 3510 dicit
2396 3460 2460 3510 ad
2491 3459 2764 3517 Hebraeos
2795 3468 3118 3528 scribens
3170 3476 3200 3508 ‘
3235 3492 3253 3529 :
3328 3498 3352 3533 ι
3400 3481 3533 3537 Non
3569 3486 3713 3538 enim

1969 3545 2274 3600 accessistis
2315 3549 2382 3601 ad
2421 3550 2710 3606 ardentem
2761 3565 2820 3608 et
2866 3566 3322 3624 tractabilem
3359 3572 3588 3644 ignem,
3621 3577 3715 3632 sed

1969 3637 2274 3691 accessistis
2300 3641 2364 3691 ad
2393 3651 2635 3695 montem
2672 3643 2837 3712 Sion,
2876 3659 2943 3703 et
2972 3653 3350 3718 civitatem
3385 3637 3494 3722 ἶ)θί
3528 3637 3717 3724 viven-

1970 3723 2035 3775 tis
2062 3721 2362 3778 Jerusalem
2395 3727 2700 3795 cmlestem,
2727 3743 2785 3786 et
2819 3739 3343 3805 multitudinem
3377 3721 3715 3826 angelorum

1967 3813 2409 3880 collaudantium,
2460 3826 2515 3870 et
2557 3817 2878 3878 Ecclesiatn
2945 3813 3493 3899 primitivorun;
3535 3850 3716 3902 agni-

1967 3909 2118 3998 ptam
2139 3901 2190 3954 in
2219 3902 2451 3998 coal-ists
2480 3905 2953 3998 ‘lgiturMoyses
2987 3934 3138 3988 per
3207 3942 3497 3998 quatuor
3531 3901 3714 3991 c451“

1965 3991 2210 4097 populum
2245 3991 2336 4045 Dei
2385 3992 2624 4097 divisum
2672 3997 2972 4060 describit
3017 4010 3100 4067 in
3159 3991 3367 4077 terris
3411 4043 3429 4078 :
3475 4035 3537 4082 et
3564 4029 3712 4097 Apo-

1965 4080 2136 4179 stolus
2164 4091 2398 4179 quatuor
2428 4087 2653 4142 ordines
2689 4103 3069 4154 sanctorum
3126 4108 3280 4179 (61)
3339 4080 3640 4172 describitr
3656 4080 3706 4172 in

1967 4171 2136 4234 cmlis,
2165 4173 2230 4224 ad
2257 4187 2491 4240 quorum
2520 4177 2772 4247 singulos
2811 4171 3389 4273 unumquemque
3448 4171 3707 4265 nosti-uni

1965 4261 2095 4315 dicit
2125 4263 2402 4318 accedere.
2445 4265 2563 4322 Non
2613 4270 2768 4323 enim
2821 4287 3066 4336 omnes
3147 4293 3236 4344 ad
3276 4261 3705 4357 ὀηιηέξέξξὲῖ

1965 4353 2117 4459 dunt,
2143 4353 2235 4406 sed
2266 4365 2318 4407 et
2351 4355 2444 4410 alii
2479 4358 2702 4459 quidem
2734 4368 3054 4425 accedunt
3094 4381 3191 4434 ad
3229 4353 3519 4444 ιηοηιεης
3549 4353 3707 4459 δὼς.

1965 4441 2154 4495 horum
2190 4454 2367 4498 autem
2399 4449 2566 4514 paulo
2598 4451 2864 4508 meliores
2892 4468 3256 4528 accedunt
3289 4481 3371 4532 ad

1967 4533 2057 4586 Dei
2089 4535 2317 4590 viventis
2345 4535 2651 4596 Jerusalem
2688 4547 3001 4609 emlestem
3032 4577 3056 4625 ;
3121 4571 3247 4636 qui
3296 4533 3710 4636 ευιξῶηέί

1965 4625 2354 4724 eiriinetttiores
2388 4641 2536 4696 sunt,
2569 4637 2848 4694 accedunt
2899 4648 2982 4699 ad
3061 4625 3706 4724 .anm‘JQQQQQ:

1963 4714 2201 4783 gelorum
2256 4717 2714 4790 collaudantium;

1963 5081 2392 5186 iitrilylf-Iitulll,
2423 5101 2667 5186 praepara
2698 5104 2768 5156 te,
2821 5107 2878 5150 0|.
2910 5103 3183 5167 enitere
3231 5132 3555 5186 quantum
3599 5142 3701 5182 V3-

1961 5157 2056 5220 Ies,
2088 5162 2133 5214 si
2169 5164 2317 5226 forte
2345 5179 2580 5250 actibus,
2621 5185 2752 5253 vita,
2790 5191 3093 5263 moribus,
3145 5157 3703 5276 nd2:"{,,:,';;u:;_

2062 5343 2075 5372 ³
2112 5345 2126 5396 Ι
2163 5348 2324 5414 Petr.
2361 5381 2424 5437 ιι,
2469 5374 2564 5432 22.
2638 5378 2657 5409 ⁸
2688 5373 2804 5432 Job.
2839 5378 3036 5444 xtv,£,
3072 5383 3137 5436 5.
