3838 6250
365 246 466 300 599

367 446 610 507 Domino,
651 453 705 499 et
736 443 1074 512 primogeniti
1121 443 1349 497 ﬁliorum
1398 443 1560 497 Israel
1602 441 1898 495 admirabili

363 537 465 590 hoc
491 544 544 588 et
583 544 794 589 sacrato
835 548 1058 587 numero
1104 533 1408 586 titulantur.
1459 532 1610 597 Quod
1641 541 1814 584 autem
1847 531 1899 583 in

363 624 485 676 ﬁliis
511 621 672 676 Israel
700 624 965 676 adduntur
1009 620 1225 674 ducenti
1272 621 1609 688 septuaginta
1657 629 1783 680 tres,
1816 631 1902 670 ne-

363 727 469 779 que
489 713 718 766 otiosum
749 711 878 764 mihi
906 710 1135 772 videtur,
1174 724 1346 775 neque
1377 707 1724 762 absolutionis
1758 707 1898 758 viam

359 801 516 855 facile
546 814 724 864 cerno,
772 799 873 853 nisi
923 799 1180 852 Dominus
1229 798 1467 851 velamen
1513 797 1648 849 istud
1685 794 1901 863 imposi-

362 899 475 942 tum
502 904 530 939 a
562 887 740 957 Moyse
767 887 834 941 iis
877 887 1070 940 litteris
1108 886 1389 952 adaperire
1425 884 1576 937 nobis
1623 883 1898 952 dignetur,

359 985 416 1030 et
443 975 674 1029 auferre.
707 976 871 1044 Igitur
895 975 1113 1028 humani
1151 972 1364 1040 generis
1395 970 1447 1023 in
1491 985 1650 1024 carne
1677 984 1901 1038 genera-

363 1068 439 1121 tio
471 1066 630 1129 (sicut
650 1074 895 1120 asserunt
923 1065 1012 1133 qui
1046 1065 1101 1117 in-
1125 1063 1320 1118 talibus
1352 1063 1504 1132 periti
1530 1061 1676 1130 sunt)
1707 1075 1899 1114 novem

362 1156 577 1223 quidem
599 1154 870 1209 mensibus
892 1155 1193 1209 continetur
1218 1155 1269 1206 in
1299 1152 1476 1215 vulva,
1505 1152 1594 1205 sed
1624 1166 1728 1204 non
1754 1151 1900 1217 prius

361 1244 561 1296 moveri
593 1243 761 1297 fertur
799 1244 862 1296 ad
893 1252 1105 1312 partum
1139 1259 1294 1310 quam
1325 1243 1482 1295 etiam
1529 1241 1719 1294 decimi
1749 1256 1897 1293 meu-

362 1331 438 1385 sis
477 1331 703 1384 triduum
738 1340 1010 1385 transeat:
1049 1338 1104 1384 et
1140 1331 1209 1383 ita
1240 1330 1508 1382 invenitur
1543 1329 1683 1396 quod
1716 1342 1901 1380 nume-

361 1433 454 1474 rus
478 1418 597 1482 iste,
627 1419 677 1472 id
712 1428 815 1484 est,
855 1420 1069 1473 ducenti
1116 1419 1449 1487 septuaginta
1488 1427 1596 1480 tres
1633 1418 1744 1471 dies
1783 1417 1902 1468 illos

362 1509 615 1574 indicent,
643 1509 734 1576 qui
764 1523 825 1562 ex
860 1523 1048 1562 novem
1079 1510 1351 1562 mensibus
1371 1545 1386 1570 ,
1418 1516 1471 1561 et
1505 1507 1677 1560 triduo
1704 1506 1902 1558 mensis

362 1598 552 1650 decimi
596 1596 934 1665 colliguntur,
983 1607 1036 1650 et
1079 1597 1208 1648 ﬁunt
1239 1595 1396 1650 simul
1441 1596 1650 1649 ducenti
1684 1603 1896 1662 septua-

363 1682 504 1748 ginta
538 1689 646 1734 tres
681 1683 794 1734 dies
824 1683 936 1746 isti,
965 1683 1158 1751 quibus
1189 1682 1424 1736 humano
1465 1683 1644 1750 generi
1677 1682 1728 1734 in
1762 1682 1901 1736 hunc

363 1771 614 1822 utundum
644 1773 910 1838 prtebetur
944 1771 1241 1839 ingressus.
1280 1771 1344 1823 Et
1373 1771 1446 1824 ita
1481 1771 1531 1824 in
1562 1772 1750 1839 viginti
1778 1773 1898 1837 qui-

361 1859 480 1910 dem
503 1867 556 1912 et
585 1860 789 1914 duobus
812 1862 1066 1928 numeris,
1089 1861 1324 1915 omnium
1353 1861 1509 1913 simul
1530 1869 1897 1914 creaturarum

308 2013 312 2020 ’
363 1949 658 2003 rationibus
707 1951 950 2018 mysticis
990 1966 1195 2004 summa
1237 1950 1526 2018 colligitur.
1568 1948 1624 2002 In
1654 1952 1738 2004 his
1771 1964 1900 2003 vero

358 2053 477 2104 quae
522 2053 587 2091 ex
641 2040 928 2093 abundanti
1006 2042 1058 2092 in
1129 2040 1488 2107 primogenitis
1555 2040 1901 2093 inveniuntur

361 2128 541 2192 Israel,
574 2128 732 2182 etiam
764 2130 1077 2198 mysterium
1120 2132 1362 2183 humana:
1395 2130 1752 2199 generationis
1801 2145 1899 2182 ex-

361 2218 625 2283 primitur.
661 2219 783 2272 Post
828 2219 941 2273 haec
969 2234 1088 2272 cum
1125 2220 1175 2271 in
1215 2227 1323 2272 tres
1359 2220 1574 2274 ordines
1619 2219 1770 2272 divisi
1808 2233 1898 2273 es-

360 2319 481 2360 sent
508 2309 600 2359 lilii
645 2308 792 2370 Levi,
823 2319 876 2362 et
927 2323 990 2362 ex
1041 2308 1209 2362 tribus
1261 2309 1561 2362 nominibus
1601 2309 1896 2376 principum

360 2395 550 2464 singuli
590 2397 788 2464 quique
829 2396 1044 2450 ordines
1086 2405 1434 2472 censerentur
1463 2395 1596 2464 (65),
1646 2397 1809 2449 etiam
1844 2395 1896 2447 in

361 2488 488 2552 ipsis
509 2487 844 2541 diversitates
871 2488 1110 2552 quaedam
1143 2504 1244 2540 non
1268 2488 1382 2540 sine
1419 2486 1694 2556 mysteriis
1726 2486 1897 2538 ascri-

361 2577 576 2628 buntur.
612 2575 742 2629 Nam
771 2575 994 2629 ﬁliorum
1026 2575 1204 2628 ‘Caatlr
1241 2575 1444 2642 primus
1473 2575 1607 2628 ordo
1638 2574 1898 2628 describi-

363 2672 469 2724 tur,
496 2672 549 2716 et
588 2665 777 2718 merito
817 2681 833 2718 :
870 2679 932 2717 ex
963 2664 1076 2730 ipso
1113 2665 1255 2719 enim
1290 2665 1563 2719 descemlit
1597 2664 1804 2733 Moyses
1846 2673 1900 2717 et

360 2755 557 2813 Aaron,
589 2754 789 2820 quibus
824 2753 1106 2807 sacerdOtii
1150 2767 1354 2806 summa
1396 2752 1773 2806 committitur.
1819 2752 1893 2805 Ex

361 2845 476 2912 ipso
534 2843 674 2897 enim
724 2843 958 2896 nascitur
1011 2841 1244 2895 Amram.
1305 2842 1383 2895 Ex
1436 2842 1655 2896 Amram
1720 2853 1896 2897 autem

359 2934 589 3004 Moyses.
635 2944 688 2987 et
718 2932 918 2989 Aaron.
951 2932 1228 2987 Secundus
1276 2946 1404 3000 ergo
1457 2943 1541 2986 est
1569 2933 1894 3001 Gerson,qui

361 3025 562 3091 primus
587 3024 795 3092 quidem
831 3023 884 3075 in
915 3022 1208 3080 nativitate.
1259 3026 1352 3076 sed
1381 3029 1644 3075 secundus
1672 3021 1896 3075 habetur

362 3115 413 3165 in
438 3114 645 3168 ordine.
680 3111 769 3166 Sic
807 3112 950 3165 enim
985 3112 1258 3180 Scriptura
1291 3111 1418 3164 dicit
1447 3111 1490 3142 ¹⁰
1525 3125 1538 3160 :
1582 3127 1600 3161 ι
1636 3109 1752 3162 Filii
1797 3125 1896 3161 au-

361 3213 464 3255 tem
496 3202 644 3264 Levi,
671 3201 898 3264 Gerson,
933 3201 1099 3254 Caath
1149 3210 1202 3255 et
1229 3201 1442 3254 Merari.
1479 3220 1498 3251 ι
1539 3199 1642 3253 Sed
1675 3214 1740 3253 ex
1775 3198 1898 3254 ﬁliis

360 3290 524 3342 Caatlt
555 3290 655 3341 duo
693 3305 876 3343 rursus
918 3290 1133 3342 ordines
1162 3289 1492 3357 diriguntur,
1544 3296 1598 3342 et
1623 3289 1658 3340 ii
1682 3288 1897 3355 quidem
1936 3305 1938 3307 ‘

359 3378 448 3445 qui
479 3391 543 3430 ex
569 3378 747 3430 Aaron
785 3378 1132 3438 descendunt,
1177 3375 1470 3429 sacerdotio
1502 3375 1894 3443 mancipantur,

363 3482 485 3536 pars
522 3483 651 3522 vero
688 3471 888 3538 reliqua
936 3471 1001 3523 ad
1052 3470 1464 3523 ministrandum-
1528 3470 1898 3524 sacerdotibus

359 3557 655 3621 ordinatur,
700 3568 754 3613 et
788 3559 988 3613 ideirco
1039 3560 1092 3612 in
1121 3569 1352 3627 quatuor
1377 3567 1554 3626 partes
1590 3558 1896 3611 Levitarum

359 3647 666 3701 dividuntur
695 3648 889 3713 olIicia,
919 3658 976 3702 ut
1017 3651 1314 3704 sacerdotio
1340 3649 1554 3718 quidem
1608 3647 1898 3718 fungantur

359 3737 536 3790 Aaron
584 3746 638 3792 et
670 3737 765 3790 ﬁlii
801 3737 951 3807 ejus,
1012 3738 1208 3792 Sancta
1242 3748 1418 3791 autem
1474 3746 1780 3792 sanctorum
1841 3749 1897 3790 ut

361 3833 571 3892 portent
609 3825 661 3879 in
712 3827 948 3880 humeris
986 3827 1095 3878 suis
1129 3826 1162 3877 ii
1192 3825 1512 3894 qui'rcliqui
1545 3833 1668 3879 sunt
1709 3839 1774 3880 ex
1805 3840 1896 3893 po—

361 3913 484 3983 pulo
508 3913 673 3968 Caath
705 3913 834 3985 (66).
867 3914 994 3980 Qua:
1025 3927 1203 3968 autem
1235 3915 1302 3968 ad
1337 3910 1736 3969 tabernaculum
1778 3929 1896 3982 per-

360 4008 532 4060 tinent
579 4007 863 4060 testimonii
912 4008 994 4060 vel
1037 4009 1101 4059 ad
1148 4008 1282 4061 atria
1318 4006 1454 4075 ejus,
1493 4017 1547 4062 et
1587 4007 1773 4076 pelles,
1815 4008 1894 4061 vel

358 4095 518 4148 etiam
547 4095 865 4156 velamenta,
896 4105 948 4148 et
988 4111 1314 4164 quaecunque
1354 4108 1478 4152 sunt
1516 4098 1694 4152 minus
1739 4100 1895 4162 dura,

359 4192 414 4237 et
444 4185 510 4238 ad
535 4198 668 4237 onus
699 4184 854 4246 levia,
879 4192 935 4236 ut
964 4196 1247 4251 procurent
1275 4186 1368 4240 ﬁlii
1408 4187 1633 4241 Gersou.
1683 4187 1899 4242 Colum-

3581 184 3678 235 ῦίὶει

1718 297 1725 302 _
1749 229 2074 290 ORIGENIS-

366 357 588 424 Pmpter
613 356 714 409 hoc
739 369 866 424 ergo
889 363 942 408 et
964 354 1184 415 Levitaa,
1227 353 1277 406 id
1311 363 1413 417 est,
1460 353 1552 420 qui
1599 353 1910 406 deserviunt
1938 352 1985 406 Α
2013 339 2511 400 constructionibus
2565 348 2740 390 exem

2747 328 2908 400 plari
2969 331 3042 377 et.
3103 315 3332 372 umbrae
3379 305 3682 361 caelestium

2005 398 2352 490 deservierit.
2380 430 2449 483 Et
2477 429 2599 482 haec
2634 398 2914 481 aud—iens,
2954 408 3288 472 considera
3325 417 3396 456 ne
3425 403 3563 453 forte
3596 398 3678 450 isti

2003 536 2235 596 quatuor
2267 521 2490 575 ordines
2521 525 2855 570 castrorum
2915 499 3283 569 exemplum
3322 494 3531 596 siintﬂetl
3569 504 3682 538 mn-

2003 580 2100 673 lira
2152 615 2362 669 illorum
2413 617 2664 676 quatuor
2719 601 3049 660 ordinum,
3105 601 3266 660 quos
3316 580 3683 637 adHebrwos

2003 708 2246 763 scribens
2295 675 2503 756 Paulus
2556 690 2934 750 enumeravit
3001 679 3076 738 in'
3125 677 3329 734 cmlis.
3386 675 3456 727 Et
3508 684 3685 722 rursus

2001 794 2313 854 Israeliticis
2341 799 2584 859 quatuor
2612 783 2923 838 ordinibus
2961 781 3358 830 castrorum,
3392 773 3685 859 quaternos

2003 884 2177 951 adiice
2221 854 2576 939 Levitarum;
2613 886 2745 940 qua:
2798 883 2904 923 nos
2943 878 3072 918 non
3119 854 3688 951 tam-explanareet

2003 946 2245 1044 aperire,
2293 983 2461 1038 quant
2503 962 2820 1031 contigisse
2850 946 3354 1044 ttauturnmodo,
3407 951 3464 995 et
3514 946 3690 1044 purio-

2005 1031 2156 1118 ribus
2192 1031 2448 1115 sensibus
2483 1054 2552 1126 (si
2614 1051 2709 1119 qui
2766 1059 2966 1101 tamen
3011 1051 3160 1095 sunt
3220 1035 3324 1105 qui
3358 1045 3548 1126 puros
3592 1031 3689 1083 huc

2003 1163 2056 1208 et
2091 1152 2292 1204 liberos
2319 1163 2352 1201 a
2386 1119 2756 1201 saecularibus
2810 1127 3314 1204 cogitationibus
3349 1119 3472 1192 (68)
3505 1132 3691 1208 sensus

2003 1240 2315 1308 detulerint)
2361 1237 2662 1296 indicasse,
2693 1241 2753 1285 et
2806 1226 3032 1282 leviter
3069 1214 3511 1308 perstrinxisse
3546 1207 3689 1308 διε-Πί-

2003 1335 2132 1387 ciat.
2165 1349 2183 1382 ι
2211 1298 2436 1396 Accipe,
2465 1325 2644 1394 inquit
2669 1323 2741 1385 η,
2775 1326 3116 1372 numerum
3164 1307 3430 1359 liliorum
3463 1298 3685 1354 Caath.»

2002 1425 2144 1478 Ecce
2193 1422 2393 1474 iterum
2428 1417 2571 1470 alius
2630 1407 3046 1466 introducitur
3081 1398 3244 1455 ordo
3303 1408 3687 1448 numerorum.

2002 1511 2284 1566 Numerati
2320 1517 2449 1562 sunt
2481 1506 2596 1575 jam
2643 1503 2742 1556 ﬁlii
2787 1497 2932 1554 Levi
2977 1491 3062 1547 ab
3107 1503 3237 1543 uno
3275 1498 3483 1538 mense
3510 1493 3565 1535 et
3596 1496 3692 1575 su-

2004 1618 2099 1671 pra
2137 1600 2287 1669 (69),
2336 1574 2492 1650 nunc,
2533 1600 2918 1648 numerantur
2986 1584 3102 1639 ﬁlii
3162 1578 3312 1634 Levi
3365 1592 3398 1629 a
3435 1574 3692 1671 vicesimo

2007 1664 2199 1758 quinto
2229 1664 2397 1749 anno,
2436 1685 2532 1740 sed
2571 1699 2680 1736 non
2718 1689 2779 1734 ut
2811 1680 2869 1732 in
2909 1672 3177 1732 cmteris
3219 1681 3435 1758 supra,
3484 1664 3577 1718 sed
3609 1676 3693 1758 us-

2006 1753 2114 1851 que
2152 1781 2217 1832 ad
2256 1774 2785 1846 quinquagesimum
2827 1779 3100 1825 annum,
3148 1772 3210 1814 et
3251 1756 3318 1810 ﬁt
3356 1757 3463 1851 iste
3509 1753 3695 1851 praeci-

2008 1842 2144 1938 puus
2178 1842 2438 1924 numerus
2469 1874 2525 1920 et
2551 1863 2790 1915 electus.
2827 1855 3118 1909 Additur
3155 1851 3325 1938 enim
3366 1847 3438 1899 iis
3521 1864 3539 1894 ι
3569 1842 3692 1938 Om:

2008 1933 2121 2020 nis,
2168 1954 2341 2020 inquit
2370 1952 2432 2019 η,
2482 1950 2574 2018 qui
2625 1945 2892 2016 procedit
2957 1941 3041 1995 ad
3113 1935 3576 1993 ministrandurn
3625 1933 3688 1985 ad

2007 2062 2170 2115 opera
2215 2040 2554 2097 tabernaculi
2607 2034 2968 2091 testimonii.
2998 2051 3019 2082 ι
3070 2030 3181 2084 Isti
3250 2035 3395 2082 sunt
3448 2025 3542 2092 qui
3590 2038 3687 2075 nu-

2009 2143 2290 2188 Inerantur
2341 2131 2574 2184 meliore
2622 2125 2903 2194 quodam,
2961 2129 3029 2175 et.
3085 2116 3404 2188 praecipuo
3435 2127 3684 2168 numero.

2009 2226 2159 2278 Sicut
2188 2223 2331 2275 enim
2365 2221 2417 2272 in
2463 2219 2594 2271 ﬁliis
2634 2214 2814 2268 Israel
2852 2213 3202 2267 dicebatur
3238 2227 3254 2262 :
3295 2227 3316 2258 ι
3350 2205 3552 2260 Omnis
3594 2202 3678 2270 qui

2007 2312 2246 2381 procedit
2272 2311 2338 2366 ad
2380 2307 2637 2377 prwlium
2682 2306 2738 2358 in
2774 2304 2914 2357 ﬁliis
2954 2301 3190 2364 Israel;
3220 2317 3241 2351 ι
3284 2301 3365 2353 ita
3403 2307 3462 2353 et
3498 2296 3583 2350 hic
3613 2293 3685 2347 di-

2006 2405 2178 2458 citur:
2208 2421 2227 2454 ‹
2256 2399 2444 2456 Omnis
2476 2399 2572 2465 qui
2608 2394 2871 2465 procedit
2905 2395 2988 2446 ad
3043 2390 3480 2452 ministerium,
3523 2394 3579 2438 ut
3611 2385 3682 2436 fa-

2004 2496 2110 2548 ciat
2154 2507 2318 2560 opera
2356 2490 2410 2543 in
2449 2485 2819 2542 tabernaculo
2881 2483 3269 2538 testimonii.
3296 2499 3317 2532 ι
3379 2479 3517 2534 Post
3573 2479 3678 2530 [πως

2004 2584 2199 2636 dicitur
2233 2595 2352 2648 quae
2386 2579 2498 2632 sint
2537 2590 2709 2645 Opera
2747 2575 3021 2628 ﬁliorum
3074 2572 3277 2626 Caath
3316 2572 3373 2624 in
3412 2568 3592 2622 medio
3621 2565 3678 2618 li-

2004 2674 2194 2726 liorum
2227 2670 2354 2724 Levi
2400 2669 2706 2722 secundum
2756 2667 2969 2735 plebes
3024 2681 3180 2720 suas
3228 2666 3289 2718 in
3326 2659 3673 2717 tabernaculo

2006 2761 2319 2818 testimonii.
2355 2778 2372 2810 ε
2404 2757 2680 2820 Introibit,
2714 2757 2915 2825 inquit
2945 2758 3027 2822 “*,
3065 2758 3284 2811 Aaron
3323 2765 3383 2809 et
3417 2752 3514 2806 ﬁlii
3544 2749 3671 2817 ejus,

2005 2865 2123 2904 cum
2154 2849 2359 2902 elevata
2390 2847 2597 2902 fuerint
2625 2855 2844 2908 castra,
2874 2857 2939 2900 et
2973 2847 3308 2915 deponent
3335 2843 3543 2905 velum,
3569 2854 3668 2908 quo

2007 2948 2260 3008 teguntur
2293 2946 2505 3000 sancta,
2548 2947 2606 2990 et
2654 2938 2933 3004 operient
2989 2953 3072 2992 ex
3116 2938 3253 3006 ipso
3315 2934 3446 2989 velo
3499 2947 3669 2986 arcam

2006 3028 2328 3082 testamenti.
2353 3047 2371 3078 ι
2406 3027 2473 3080 Et
2503 3037 2628 3094 post
2666 3025 2794 3078 haec
2832 3037 3085 3093 septem
3149 3028 3430 3097 quaedam
3473 3023 3668 3092 species

2002 3124 2412 3178 enumerantur,
2442 3129 2564 3182 qua:
2595 3114 3042 3182 praecipiuntur
3084 3115 3347 3184 operiri.
3403 3113 3584 3165 Primo
3618 3109 3666 3160 in

2003 3205 2151 3266 loco,
2189 3213 2246 3256 ut
2292 3205 2536 3257 omnium
2584 3191 2903 3271 pretiosior
2963 3205 3106 3270 ipsa
3157 3219 3305 3257 arca
3362 3197 3664 3256 testamenti

2002 3294 2277 3362 operiatur
2303 3291 2423 3346 velo
2448 3307 2555 3360 quo
2590 3293 2750 3362 prius
2782 3292 3146 3357 velabatur,
3185 3293 3293 3347 sed
3328 3301 3386 3346 et
3421 3290 3556 3360 pelle
3580 3288 3664 3341 de-

2002 3398 2160 3452 soper
2213 3381 2564 3443 hyacinthina
2621 3392 2871 3452 tegatur.
2934 3384 3222 3438 Additur
3292 3385 3473 3438 etiam
3532 3380 3663 3434 aliud

2001 3474 2241 3527 velamen
2291 3473 2522 3540 desuper
2580 3473 3077 3541 hyacinthiuum.
3137 3455 3419 3529 Secundo
3457 3473 3511 3526 in
3553 3471 3664 3523 loco

2003 3573 2184 3613 mensa
2227 3560 2490 3626 operitur.
2542 3559 2737 3613 Tertio
2793 3562 3285 3617 candelabrum.
3333 3561 3545 3628 Quarto
3590 3558 3661 3610 al-

2005 3661 2117 3702 tare
2149 3663 2394 3702 aureum.
2434 3648 2638 3713 Quinto
2673 3663 2810 3702 vasa
2846 3651 3226 3708 ministerii.
3264 3653 3445 3708 Sexto
3493 3649 3661 3720 operi-

2003 3747 2240 3790 mentum
2281 3735 2470 3788 altaris
2503 3751 2625 3788 cum
2670 3737 3040 3804 quibusdam
3099 3743 3462 3797 velamentis
3506 3755 3663 3808 appo-

2004 3827 2164 3878 nitur.
2197 3824 2439 3892 Seplimo
2468 3825 2520 3876 in
2567 3826 2693 3878 loco
2725 3828 3002 3893 operitur
3035 3839 3101 3884 et.
3162 3832 3426 3894 labrum,
3452 3842 3508 3885 et
3540 3829 3660 3882 nihil

2005 3913 2195 3964 horum
2226 3911 2465 3964 omnium
2496 3912 2702 3964 nudum
2741 3914 3152 3984 relinquitur,
3188 3930 3296 3973 aut
3334 3920 3660 3974 revelatum.

2004 4001 2242 4068 Denique
2267 4001 2484 4053 additur
2508 4003 2678 4054 etiam
2709 4018 3081 4074 praeceptum
3127 4010 3501 4077 huiusmodi:
3527 4027 3544 4059 ι
3571 4007 3664 4060 Νυ-

2005 4092 2121 4162 lite,
2168 4091 2341 4160 inquit
2383 4091 2456 4154 ³⁵,
2501 4093 2897 4149 exterminare
2937 4098 3014 4150 de
3069 4102 3242 4154 tribu
3303 4116 3406 4156 sua
3463 4098 3658 4167 plebem

2001 4181 2192 4233 Caath.
2220 4198 2239 4229 ι
2279 4178 2395 4243 Quo
2444 4180 2661 4234 scilicet
2712 4187 3228 4244 exterminandas
3277 4205 3410 4245 esse
3454 4204 3516 4243 se
3558 4187 3657 4240 sci-

358 4286 458 4332 nqas
503 4287 628 4325 vero
661 4271 1010 4333 tabernaculi,
1057 4280 1110 4324 et
1151 4271 1303 4328 bases
1341 4275 1475 4343 ejus,
1505 4286 1558 4329 ct
1584 4290 1732 4328 seras
1759 4276 1894 4343 (67),
1928 4304 1972 4355 D
2004 4279 2143 4332 rent,
2178 4269 2221 4322 si
2259 4268 2399 4323 forte
2427 4271 2493 4323 ad
2539 4270 2663 4326 haec
2699 4277 2994 4332 movenda
3037 4295 3266 4338 manus
3316 4297 3454 4338 suas
3488 4279 3660 4333 mitte-

361 4368 419 4410 ut
442 4365 653 4426 portent
686 4356 776 4410 ﬁlii
809 4356 1017 4410 Merari.
1047 4357 1251 4415 Idcirco
1281 4372 1335 4415 et
1361 4362 1413 4415 in
1451 4363 1794 4416 recensendis
1815 4365 1897 4418 eis

361 4449 700 4516 designanter
729 4445 1006 4515 Scriptura
1062 4461 1474 4516 commemorat,
1520 4461 1579 4506 ut
1615 4467 1896 4508 recensea-

360 4549 446 4590 tur
477 4539 646 4589 virtus
686 4534 878 4591 Merari
913 4554 926 4589 :
960 4537 1155 4594 virtute
1193 4542 1334 4596 enim
1376 4557 1509 4611 opus
1541 4551 1622 4598 est
1661 4543 1730 4596 ad
1769 4559 1895 4612 por-

362 4627 548 4680 tandas
581 4625 874 4694 hujusmodi
915 4629 1172 4687 sarcinas.

426 4716 480 4770 2.
511 4715 616 4769 Sed
634 4716 905 4769 redeamus
931 4718 1215 4786 aliquando
1236 4721 1300 4774 ad
1329 4720 1628 4788 apostolum
1653 4720 1895 4785 Paulum,

359 4802 448 4870 qui
476 4803 588 4858 brec
638 4803 812 4857 omnia
855 4805 1020 4861 libero
1049 4808 1157 4877 jam
1187 4816 1240 4861 et
1291 4808 1522 4860 revelato
1553 4807 1712 4874 283
1740 4810 1896 4862 oculo

363 4897 556 4950 mentis
605 4894 903 4963 aspiciens,
940 4907 993 4949 et
1039 4897 1233 4951 veteris
1274 4895 1600 4950 Testameuti
1652 4894 1892 4951 velamen

360 4982 639 5050 abjiciens,
673 4985 746 5037 ait
772 4985 836 5050 “,
882 4986 1004 5054 quia
1041 4989 1186 5052 prior
1221 4985 1442 5056 populus
1484 4985 1534 5036 in
1588 4983 1890 5050 huiusmodi

428 5113 472 5146 ⁸⁸
499 5111 653 5167 Num.
685 5131 764 5175 Ill,
796 5117 882 5170 I7.
957 5119 1000 5149 ¹²
1034 5119 1192 5172 Hebr.
1235 5119 1360 5182 vur',
1387 5118 1440 5171 5.

454 5226 541 5306 95)
565 5227 741 5306 podex
777 5230 954 5306 Sancti
983 5231 1320 5295 Theoderici,
1355 5252 1373 5284 ε
1408 5233 1758 5301 principatum
1783 5233 1895 5288 sin-

365 5299 688 5366 guliquique
717 5299 930 5350 ordines
959 5311 1426 5366 consequerentur.
1461 5319 1478 5351 ι

435 5361 544 5433 (ἓξ)
573 5361 715 5433 Idem
739 5366 922 5433 codex,
959 5383 976 5413 ι
1011 5361 1253 5433 exeritplo
1280 5366 1465 5422 Caatlt.
1506 5386 1526 5418 ι

435 5426 546 5491 (67)
568 5427 736 5505 _Codd.
775 5431 1109 5505 Ebroicensis
1138 5426 1191 5488 et
1222 5435 1493 5505 Sagieusis
1517 5450 1632 5504 pro,
1663 5453 1681 5486 ι
1720 5447 1772 5492 et
1800 5453 1886 5492 se-

367 5498 482 5548 ras,
518 5511 536 5540 ι
568 5493 761 5558 legunt,
792 5516 808 5547 ι
843 5513 904 5552 ac
937 5503 1209 5556 semissas.
1251 5519 1270 5552 ι

1517 5119 1561 5149 ¹²
1597 5116 1751 5169 Num.
1796 5131 1866 5182 tv,
1898 5119 1952 5172 2.

2004 4370 2145 4422 rent,
2179 4361 2279 4414 nisi
2333 4365 2769 4431 unumquodque
2817 4382 3033 4423 eorum
3095 4374 3278 4442 prius
3324 4391 3356 4428 ει
3409 4374 3657 4429 sacerdo-

2004 4449 2145 4503 tibus
2177 4448 2360 4502 l'uissel
2392 4451 2696 4506 obtectum.

2072 4539 2126 4593 ὅ.
2167 4539 2318 4592 Nunc
2363 4555 2494 4608 ergo
2533 4545 2836 4600 redeamus
2869 4549 2946 4602 ad
3003 4551 3167 4608 istud
3232 4552 3650 4610 tabernaculum

2006 4629 2259 4683 Ecclesiae
2306 4629 2398 4682 Dei
2442 4632 2714 4700 viventis,
2743 4645 2800 4691 et
2847 4640 3162 4700 videamus
3213 4649 3511 4716 quomodo
3546 4646 3652 4698 lucc

2005 4718 2210 4787 singula
2245 4719 2535 4777 observari
2575 4740 2836 4794 oporteat
2868 4732 2926 4784 in
2964 4733 3236 4792 Ecclesia
3270 4739 3374 4792 Dei
3414 4757 3444 4792 a
3478 4751 3651 4791 sacer-

2005 4809 2222 4862 dotibus
2253 4809 2486 4867 Christi.
2527 4815 2594 4872 Si
2623 4822 2754 4890 quis
2787 4837 2924 4879 vero
2963 4833 3246 4885 sacerdos
3277 4843 3370 4887 est
3399 4833 3489 4887 cui
3527 4843 3646 4883 vasa

2004 4913 2182 4964 8³0³⁸³»
2211 4900 2261 4950 ίιί
2299 4910 2407 4965 εει,
2445 4915 2852 4977 mysteriorum
2901 4920 3206 4988 sapientiae
3242 4935 3470 4978 secreta
3507 4934 3646 4975 corn-

2003 4989 2163 5041 missa
2210 4999 2376 5056 sum,
2423 4995 2619 5058 discat
2669 5007 2865 5072 exiis,
2917 5019 2974 5064 et
3016 5010 3324 5076 observet,
3371 5009 3644 5082 quomodo

2032 5121 2073 5152 "
2112 5123 2267 5189 ibid.,
2298 5123 2357 5180 '5.
2442 5131 2495 5164 “
2539 5137 2713 5200 Num.
2740 5158 2815 5212 tv,
2844 5143 2900 5198 5.
2981 5145 3026 5176 ³⁸
3066 5143 3231 5210 ibid.,
3269 5146 3364 5200 18.

2004 5239 2187 5360 Pagi?
2229 5239 2424 5341 Cofl‘ix
2465 5255 2684 5325 Sancti
2725 5267 3073 5331 Theoderici,
3107 5283 3126 5317 ι
3158 5266 3631 5347 tentationibusn

2215 5325 2343 5376 Ιδθδι
2395 5334 2619 5376 Olnnpe
2675 5357 2785 5376 mu
2879 5339 3108 5376 .nm-inn
3179 5343 3362 5376 ιηηηιι
3447 5348 3631 5376 mrum-

2395 5334 2620 5406 °'“‘_‘_es
2675 5357 2835 5402 mss.,
2879 5358 2896 5391 ι
2926 5339 3133 5406 accipe,
3179 5336 3397 5403 inquit,
3446 5348 3631 5388 nurne-

2003 5390 2189 5480 rum-u:
2452 5402 2606 5480 editi
2625 5450 2642 5474 ,
2677 5379 2995 5480 IFZanJC,
3043 5379 3240 5480 inquit,
3260 5379 3583 5456 |nuu'ternm.
3604 5421 3622 5452 ι

2072 5445 2189 5514 (69)
2231 5448 2439 5516 Codex
2461 5445 2642 5526 'g‘Hs
2682 5445 2699 5496 ξ
2734 5445 3010 5502 αιιοιΙνΙΛιν,
3045 5445 3240 5490 inqu",

1999 5524 2183 5576 supra.
2213 5536 2234 5569 δ
2537 5490 2701 5538 auctr
2741 5483 3090 5546 Theudorici,
3119 5498 3136 5530 ι
3169 5476 3230 5530 ab
3260 5489 3375 5527 uno
3412 5490 3554 5527 anno
3578 5481 3631 5525 et

3496 6223 3682 6236 ..ζὴ
3743 6223 3778 6228 _
