3838 6222
307 533 404 571 nec
445 514 582 571 lacile
600 514 800 583 Ὼτ⁸³¹Ῠ¹Ὓ
824 514 1042 583 itif“:

310 605 567 670 Ρτῦῧπτθι
589 603 635 653 εί
655 564 1000 674 Μωοῖὼὶῖᾓ
1027 571 1100 631 Μ
1138 600 1286 660 es"
1330 564 1776 674 imperitioribtis
1805 619 1908 661 tra-

317 695 466 756 dere,
512 709 574 747 ne
597 683 715 744 nuda
739 660 983 768 vlgem!"
1013 681 1097 768 “f3
1143 692 1386 750 δῦθι-ιδ
1427 660 1702 762 ostendat,
1735 707 1787 751 et
1817 713 1907 766 pe-

320 779 464 834 nitus
511 775 740 848 patentia,
777 757 1000 853 alioquin
1057 761 1488 840 homicidium
1527 757 1760 853 facit,'et
1804 757 1901 844 ex-

317 871 587 924 terminat
631 849 1332 948 plebettt.ul5-Xlem\lnatur
1397 877 1546 930 enim
1594 849 1769 932 omnis
1812 881 1900 948 qui

297 968 537 1011 secreta
567 967 618 1012 et
654 942 914 1008 ineliab'lllil
963 955 1362 1013 Sacramenta
1406 965 1718 1032 contigerit,
1767 942 1900 1020 ιιοή-

291 1045 448 1099 dum
485 1044 696 1102 meriti's
719 1053 768 1100 et
793 1035 1015 1096 scientia
1047 1037 1108 1094 in
1155 1051 1475 1106 sacerdotii
1505 1056 1746 1110 ordinem
1781 1073 1899 1125 gra-

290 1137 573 1203 du‘mque
603 1136 890 1190 translatus.
917 1127 1066 1184 Solis
1095 1135 1263 1189 enim
1316 1140 1453 1196 (iliis
1489 1143 1691 1206 Aaron,
1723 1160 1901 1200 sacer-

288 1225 551 1278 dotibus
599 1227 815 1286 scilicet,
849 1222 1014 1291 ipsam
1049 1235 1250 1280 arcam
1287 1235 1624 1295 testamenti.
1650 1243 1705 1288 et
1747 1251 1900 1291 men-

289 1327 468 1378 sam,
523 1325 586 1368 et
627 1313 1022 1377 candelabrum,
1068 1321 1128 1366 et.
1173 1315 1223 1368 si
1262 1317 1397 1385 quid
1436 1328 1517 1373 est
1556 1335 1738 1375 eorum
1781 1338 1898 1389 qua:

287 1415 484 1469 supra
540 1402 1082 1471 comprehendimus,
1132 1406 1282 1458 nuda
1319 1420 1382 1460 ac
1433 1408 1664 1462 revelata
1714 1410 1896 1464 videre

286 1508 654 1550 concessum
678 1506 780 1550 est.
803 1497 903 1550 Alii
940 1505 1124 1548 autem
1158 1507 1348 1564 operta
1379 1501 1490 1553 haec
1521 1502 1754 1565 videant,
1787 1505 1895 1558 imo

287 1587 507 1650 potius
544 1587 728 1640 velata
774 1587 885 1640 hac
914 1587 965 1640 in
999 1588 1249 1642 humeris
1291 1591 1403 1643 suis
1432 1601 1664 1658 portent.
1699 1595 1762 1646 Et
1801 1595 1892 1648 lilii

287 1678 546 1742 quidem
590 1678 789 1743 Caatb,
822 1681 1078 1748 quoniam
1121 1682 1222 1750 ipsi
1266 1679 1391 1737 licet
1431 1700 1532 1737 non
1564 1687 1673 1739 sint
1717 1703 1893 1741 sacer-

287 1766 493 1830 dotes,
528 1777 669 1821 sunt
711 1770 940 1836 proximi
986 1773 1388 1836 sacerdotibus,
1431 1775 1482 1827 in
1517 1775 1752 1829 humeris
1781 1778 1893 1831 suis

293 1867 552 1922 possunt
595 1857 703 1910 ista
756 1871 1012 1926 portare;
1058 1861 1150 1914 alii
1195 1877 1324 1916 vero
1374 1865 1609 1918 sarcinas
1649 1881 1794 1929 suas,
1839 1877 1894 1920 et

312 1947 627 2002 ministeria
669 1963 771 2002 nec
803 1949 855 2002 in
887 1950 1148 2015 humeris,
1177 1954 1269 2005 sed
1301 1955 1356 2006 in
1393 1954 1643 2020 plaustris
1665 1969 1888 2022 ponunt.

322 2034 384 2090 Ut
422 2037 582 2091 enim
623 2041 1026 2105 praevenientes
1091 2042 1378 2096 lectionem
1427 2045 1666 2100 dicamus
1713 2047 1887 2113 aliqua

318 2127 476 2178 etiam
509 2127 581 2179 de
612 2128 684 2181 iis
725 2143 852 2196 quae
880 2129 1031 2182 locus
1077 2131 1377 2196 admonuit,
1412 2147 1530 2185 cmn
1567 2133 1891 2188 offerrentur

320 2229 347 2266 a
380 2214 618 2281 singulis
687 2217 996 2283 quibusque
1045 2217 1293 2270 tribubus
1343 2219 1609 2285 plaustra,
1661 2231 1890 2288 quatuor

319 2315 380 2353 ex
425 2302 496 2354 iis
542 2313 884 2370 acceperunt
937 2306 1029 2357 lilii
1074 2305 1299 2368 Merari,
1330 2307 1435 2361 duo
1463 2315 1638 2362 autem
1681 2311 1884 2365 Gerson

322 2391 430 2444 lilii.
468 2392 550 2445 llli
602 2407 739 2446 vero
785 2396 878 2460 qui
919 2395 1110 2447 horum
1161 2395 1406 2450 meliores
1441 2385 1602 2461 Sunt,
1647 2402 1884 2468 plaustra

321 2496 417 2534 non
460 2482 770 2550 accipiunt.
811 2482 1032 2536 Intuere
1085 2500 1215 2551 ergo
1263 2504 1402 2540 nunc
1447 2490 1745 2556 cuiusmodi
1805 2493 1885 2544 di-

316 2571 446 2624 visio
485 2570 736 2625 elIicitur
766 2572 822 2625 in
857 2571 1050 2625 olliciis
1095 2574 1380 2630 ministerii
1427 2578 1616 2641 divini,
1658 2588 1713 2632 et
1747 2595 1878 2646 quo.

321 2659 469 2712 modo
516 2661 612 2713 illa
663 2661 890 2729 quidem
942 2677 1064 2730 qua:
1115 2673 1298 2718 sancta
1355 2675 1510 2730 sunt,
1554 2683 1656 2721 non
1709 2669 1880 2738 impo-

322 2759 512 2802 nuntur
556 2752 835 2817 portanda
890 2752 1218 2807 animalibus
1269 2757 1458 2818 ntutis,
1503 2758 1594 2810 sed
1645 2759 1881 2812 rationa-

319 2837 437 2893 biles
467 2854 594 2894 esse
626 2841 835 2894 debent
865 2842 1138 2906 homines,
1167 2854 1218 2896 et
1250 2843 1302 2896 in
1343 2845 1578 2900 humeris
1608 2849 1718 2901 suis
1759 2863 1881 2916 por-

319 2936 417 2984 tare
450 2944 610 2993 vasa,
649 2931 855 2998 quibus
886 2933 1275 2987 ministrantur
1312 2933 1507 2988 Sancta
1543 2946 1872 2990 sanctorum.

312 3017 380 3071 Ea
417 3036 552 3077 vero
594 3037 724 3089 qua:
760 3023 1013 3090 graviora
1064 3033 1190 3077 sunt
1231 3034 1284 3076 et
1335 3026 1568 3091 duriora,
1617 3042 1717 3079 non
1768 3036 1874 3078 tam
1903 3047 1943 3102 ρ

315 3111 732 3166 rationabilibus
796 3125 962 3178 quam
1015 3113 1176 3165 mutis
1226 3115 1487 3180 portanda
1554 3114 1876 3168 animalibus

316 3197 685 3266 imponuntur.
733 3199 844 3254 Sed
874 3210 927 3254 et
965 3202 1018 3252 in
1051 3202 1180 3270 ipsis
1207 3211 1288 3254 est
1325 3203 1505 3270 aliqua
1554 3202 1872 3257 dill‘et'entia.

311 3285 428 3343 Nam
469 3292 546 3345 illi
590 3293 691 3360 qui
743 3291 1000 3359 graviora
1034 3301 1085 3344 et
1135 3293 1352 3345 duriora
1388 3294 1676 3344 observant
1715 3295 1871 3346 mini-

306 3382 482 3445 steria,
518 3381 680 3449 plura
731 3382 940 3434 habent
975 3381 1251 3436 animalia.
1279 3385 1520 3446 Quatuor
1549 3382 1690 3434 enim
1725 3385 1873 3448 plau-

303 3477 402 3520 stra
438 3469 650 3523 dantur
681 3470 818 3523 ﬁliis
855 3469 1074 3524 Merari.
1113 3470 1262 3523 Filiis
1290 3479 1466 3523 autem
1499 3471 1704 3524 Gerson
1746 3473 1871 3538 quia

297 3567 446 3613 erant
479 3576 659 3630 prope
699 3561 848 3613 lilios
877 3559 1052 3614 Caath
1103 3560 1210 3613 duo
1257 3569 1460 3613 tantum
1493 3561 1726 3627 plaustra
1766 3560 1875 3613 suf-

296 3641 500 3714 ﬁciunt,
528 3668 600 3705 ex
633 3651 843 3718 quibus
874 3649 1178 3702 ostenditur
1207 3650 1347 3716 quod
1383 3648 1634 3716 operibus
1654 3648 1867 3715 quidem

288 3732 629 3800 durioribus,
661 3748 752 3803 et,
787 3749 848 3791 ut
894 3739 966 3790 ita
1021 3738 1226 3801 dicant,
1273 3738 1654 3802 crassioribus,
1693 3740 1869 3806 plures

280 3835 440 3894 sunt,
484 3830 582 3897 qui
621 3829 783 3880 velut
837 3827 1094 3880 animalia
1145 3827 1440 3879 inserviunt
1476 3842 1490 3879 :
1538 3829 1602 3881 ad
1644 3843 1704 3882 ea
1739 3843 1868 3881 vero

273 3923 401 3976 qua:
449 3918 891 3972 rationabilibus
926 3926 1306 3984 procurantur,
1353 3917 1510 3984 pauci
1559 3932 1624 3969 ex
1667 3918 1734 3970 iis
1775 3919 1866 3986 qui

265 3997 324 4050 ἱυ
359 4006 450 4061 bis
477 4006 749 4061 instructi
775 4015 872 4057 aut
895 4005 1091 4058 eruditi
1124 4005 1392 4068 videntur,
1420 4005 1700 4063 accedunt.
1731 4005 1862 4060 Nam

261 4091 336 4143 ad
382 4099 474 4150 illa
511 4111 646 4165 quae
694 4095 930 4164 mystica
963 4106 1106 4160 sunt,
1136 4105 1184 4148 et
1223 4095 1276 4147 in
1313 4096 1534 4149 secretis
1565 4097 1862 4162 recondita,

266 4188 323 4234 el
363 4187 501 4239 solis
540 4186 934 4240 sacerdotibus
963 4185 1173 4253 patent,
1203 4200 1308 4238 non
1342 4185 1509 4238 solum
1547 4185 1720 4239 nullus
1749 4187 1865 4240 ani-

274 4273 442 4328 malis
472 4277 646 4329 homo
693 4275 949 4336 accedit,
999 4274 1090 4327 sed
1122 4289 1190 4327 ne
1227 4275 1330 4341 ipsi
1375 4275 1586 4341 quidem
1627 4277 1717 4343 qui
1764 4278 1860 4329 ha-

282 4361 421 4415 bere
463 4363 672 4430 aliquid
705 4362 961 4416 exercitii
1005 4371 1060 4414 et
1089 4363 1403 4416 eruditi0nis
1431 4362 1695 4427 videntur,
1728 4379 1860 4418 non-
1894 4349 1935 4402 Ῐ)

302 4451 425 4502 dum
466 4460 651 4506 tamen
705 4452 918 4506 meritis
947 4458 1003 4504 et
1032 4451 1141 4502 vita
1179 4452 1245 4503 ad
1298 4453 1680 4508 sacerdotalem
1731 4471 1856 4524 gra-

316 4543 436 4592 tiam
473 4545 943 4597 conscenderunt;
977 4544 1093 4596 Non
1143 4542 1312 4596 solum
1367 4562 1462 4616 per
1491 4548 1763 4616 speculum
1795 4562 1857 4601 ea

326 4633 452 4680 etin
480 4633 754 4700 aenigmate
783 4635 996 4694 vident,
1025 4635 1120 4687 sed
1146 4647 1198 4687 et
1235 4647 1414 4704 aperta
1446 4646 1500 4692 et
1533 4639 1704 4690 velata
1743 4651 1860 4691 sus-

328 4715 528 4782 cipiunt,
563 4731 614 4774 et
646 4723 696 4774 in
729 4723 988 4774 humeris
1027 4731 1262 4789 portant,
1305 4741 1409 4794 quo
1440 4726 1648 4780 scilicet
1693 4727 1859 4795 magis

314 4814 376 4850 εει
400 4819 505 4863 actu
536 4827 786 4879 operum,
819 4826 994 4877 quam
1037 4813 1270 4867 scientiae
1305 4817 1631 4871 revelatioue
1661 4833 1858 4886 cogno-

300 4899 463 4982 sf'alit.
485 4902 614 4966 Quia
650 4904 822 4968 igitur
857 4899 1174 4964 huiusmodi
1212 4905 1527 4972 dispensatio
1561 4916 1641 4959 est
1663 4917 1858 4976 mystea

285 4985 486 5062 "f'rurtt
523 4992 614 5043 Dei
649 5000 705 5042 et
737 4991 1050 5042 ministerii
1088 4994 1222 5056 quod
1266 4995 1487 5049 habetur
1533 4996 1584 5047 in
1635 4998 1852 5062 sanctis,

265 5057 412 5150 ales
461 5096 558 5134 nos
600 5080 882 5133 exhibere
930 5078 1224 5144 debemus,
1269 5094 1320 5135 ut
1367 5085 1511 5150 digni
1568 5084 1854 5139 elliciamnr

241 5144 431 5236 ω
481 5167 676 5219 ordine
731 5163 1081 5225 sacerdotii,
1124 5182 1186 5221 ne
1219 5169 1354 5222 velut
1397 5172 1854 5229 irrationabilibus

230 5237 418 5326 ξὀιιεε
449 5268 622 5308 onera
671 5251 873 5319 gravia
925 5250 1296 5318 imponantur,
1334 5259 1424 5312 sed
1476 5241 1727 5326 tanquam
1764 5278 1851 5314 ra-

212 5321 549 5396 uo‘labilcs
588 5350 645 5395 et
679 5338 872 5392 sancti
933 5343 1365 5400 sacerdotalibus
1408 5321 1848 5418 ciliciis-depute-

241 5425 363 5486 ἰ’
398 5455 417 5508 Ι
455 5454 576 5506 Pet.
611 5468 686 5512 ll,
724 5450 782 5502 9.
873 5448 918 5478 "’
940 5446 1104 5506 Num.
1133 5471 1202 5524 tv,
1244 5460 1329 5513 18.

1580 309 1645 366 IN
1683 309 2010 366 NUMEROS
2043 307 2318 363 HOMILIA
2353 310 2418 365 ν.

1935 433 1982 488 Α
2011 442 2128 480 mur
2160 427 2292 496 (70).
2338 427 2482 481 Gens
2523 424 2667 477 enim
2706 431 2924 487 sancta,
2973 425 3153 494 regale
3196 427 3553 480 sacerdotium

3451 313 3557 365 602

2007 532 2190 572 sumus
2233 527 2288 570 et
2332 515 2555 583 populus
2597 515 2650 567 in
2697 512 3108 579 acquisitionem
3137 516 3205 578 “,
3247 523 3451 569 tantum
3497 524 3554 569 nt

2006 614 2280 673 acceptam
2332 605 2558 672 gratiam
2597 604 2720 656 vitae
2751 601 2955 656 meritis
2997 613 3372 670 exsequentes,
3403 605 3549 673 digni

2006 696 2301 749 habeamur
2326 705 2512 747 sancto
2543 691 2846 746 ministerio
2869 707 2884 743 :
2918 698 2975 743 ut
3001 705 3121 744 cum
3149 691 3551 745 discesserimus

2011 785 2077 840 de
2113 787 2212 838 hac
2241 785 2373 848 vita,
2400 797 2706 837 mereamur
2737 781 2967 844 assumi,
3011 790 3067 832 ut
3099 794 3255 847 supra
3295 781 3548 844 diximus,

2006 873 2150 928 inter
2185 873 2492 927 sacerdotes
2543 871 2658 934 Dei,
2699 878 2751 924 et
2794 868 3166 922 ministrantes
3202 881 3340 920 arcae
3389 877 3553 920 testan

2004 963 2192 1024 menti,
2235 963 2286 1016 in
2318 963 2529 1015 arcanis
2563 961 2771 1016 scilicet
2809 965 2866 1011 et
2909 955 3200 1010 reconditis
3246 957 3536 1024 mysteriis,

2002 1051 2235 1105 revelata
2281 1051 2416 1104 faeie
2460 1050 2681 1118 gloriam
2730 1046 2934 1101 Domini
2984 1045 3346 1111 speculemur,
3379 1054 3433 1098 et
3465 1047 3564 1100 iit--

1997 1141 2175 1206 gredia
2185 1156 2302 1194 mur
2326 1151 2522 1194 terram
2543 1149 2809 1198 sanctam,
2829 1138 2981 1205 cujus
3012 1137 3375 1190 bmreditatem
3393 1137 3546 1191 nobis

1997 1229 2277 1294 praestabit
2315 1227 2568 1280 Dominus
2615 1233 2799 1278 noster
2843 1223 3000 1278 Jcsus
3044 1224 3314 1285 Christus,
3348 1224 3432 1276 cui
3462 1233 3554 1277 est

1996 1314 2158 1386 gloria
2189 1327 2241 1370 et
2273 1317 2552 1384 imperium
2585 1318 2634 1368 iu
2668 1315 2863 1368 stecula
2893 1314 3439 1368 saaculorum.Amenc

2583 1402 2862 1457 HOMILIA
2906 1400 2966 1457 ν.

1997 1495 2070 1549 De
2098 1509 2158 1547 eo
2203 1495 2341 1562 quod
2376 1495 2622 1557 scriptum
2663 1506 2735 1562 est
2774 1507 2795 1562 ς
2831 1509 2849 1541 ι
2899 1489 3077 1562 1_Volite
3112 1492 3456 1545 exterminare
3479 1493 3546 1544 de

2404 1563 2539 1614 tribu
2560 1578 2654 1612 sua
2683 1560 2872 1627 plebem
2893 1558 3078 1613 Caatlt.
3107 1581 3125 1609 ι

2064 1653 2112 1705 i.
2154 1651 2425 1718 Responsa
2457 1648 2588 1700 dans
2626 1645 2874 1698 Dominus
2909 1648 2973 1696 ad
3007 1643 3222 1713 Moysen
3250 1653 3302 1696 et
3332 1645 3542 1708 Aaron,

1927 1738 1965 1791 Β
1994 1739 2121 1791 dicit
2147 1739 2189 1768 ¹⁷
2219 1752 2234 1790 :
2276 1756 2294 1788 ι
2328 1735 2498 1788 Nolite
2537 1731 2896 1786 exterminare
2923 1730 2990 1783 de
3021 1731 3158 1784 tribu
3196 1746 3290 1784 sua
3333 1729 3537 1797 plebem

1994 1828 2158 1882 Caath
2189 1828 2254 1880 de
2287 1826 2458 1878 medio
2493 1825 2716 1876 ﬁliorum
2767 1822 2927 1885 Levi,
2978 1823 3069 1874 sed
3114 1822 3213 1874 hoc
3247 1819 3404 1872 facile
3437 1820 3539 1882 eis,

1992 1929 2042 1970 et
2078 1918 2258 1970 vivent
2284 1927 2333 1969 et
2370 1930 2475 1968 non
2504 1914 2800 1967 morientur
2820 1927 2939 1965 cum
2966 1913 3220 1964 accedent
3244 1911 3308 1962 ad
3339 1910 3534 1962 Sancta

1991 2014 2378 2068 sanctorum,»
2433 2013 2486 2058 et
2533 2003 2759 2086 reliqua.
2809 2001 2992 2053 Primo
3043 1999 3402 2067 intelligamus
3447 2013 3532 2060 ea,

1989 2109 2106 2161 qum
2153 2094 2440 2146 secundum
2493 2092 2727 2144 litteram
2796 2089 3123 2151 referuntur,
3174 2099 3226 2143 et
3267 2090 3338 2142 ita
3393 2104 3550 2155 prae--

1988 2190 2160 2235 stante
2195 2180 2414 2233 Domino
2445 2179 2511 2232 ab
2537 2181 2806 2233 inteliectu
2849 2178 3042 2232 litterae
3089 2179 3436 2230 ascendemus
3463 2177 3532 2229 ad

1988 2266 2392 2334 intelligentiam
2419 2265 2736 2333 spiritalem.
2766 2267 2998 2332 lntellige
3027 2280 3155 2333 ergo
3183 2267 3328 2332 prius
3359 2266 3525 2329 ipsam

1985 2357 2389 2410 collocationem
2443 2354 2771 2408 tabernaculi
2830 2355 3160 2417 testimonii,
3203 2354 3432 2422 intellige
3473 2363 3528 2407 et

1985 2448 2176 2514 Sancta
2225 2457 2564 2508 sanctorum,
2609 2459 2725 2513 quae
2775 2444 3051 2512 interiecto
3087 2458 3117 2496 a
3151 2443 3349 2496 sanctis
3385 2443 3528 2495 vela-

1983 2538 2125 2591 mine
2159 2537 2503 2596 dirimttntur,
2528 2550 2645 2601 qua:
2685 2534 2871 2600 inspici
2908 2548 3009 2585 non
3051 2533 3171 2585 licet
3201 2533 3268 2584 ab
3300 2531 3406 2583 ullo
3432 2531 3527 2584 lto-

1981 2625 2202 2690 tninnm,
2231 2625 2332 2677 nisi
2357 2640 2384 2676 a
2411 2621 2780 2676 sacerdotibus
2801 2621 2945 2674 solis.
2978 2619 3103 2673 Post
3133 2621 3242 2673 haec
3271 2619 3522 2684 lntellige,

1978 2715 2242 2782 quomodo
2274 2714 2362 2766 ubi
2399 2722 2613 2766 ventum
2655 2711 2815 2765 fuerit
2842 2720 2898 2762 ιιι
2927 2719 3101 2763 castra
3146 2717 3391 2761 moveant
3427 2708 3523 2761 lilii

1982 2803 2164 2867 Israel,
2191 2802 2418 2856 solvitur
2450 2799 2871 2861 tabernaculum,
2896 2807 2946 2850 et
2980 2798 3156 2850 Aaron
3192 2812 3252 2848 ar.
3284 2795 3370 2846 lilii
3408 2793 3524 2860 ejus

1978 2889 2280 2942 sacerdotes
2307 2889 2444 2941 intra
2477 2888 2672 2940 Sancta
2702 2894 3005 2940 sanctormn
3035 2885 3284 2951 operiunt
3314 2881 3521 2949 singula

1975 2991 2197 3044 qumque
2222 2976 2570 3044 operimentis
2597 2989 2658 3026 ac
2689 2971 3039 3024 velaminibns
3071 2973 3200 3031 suis,
3228 2979 3283 3022 et
3309 2971 3518 3022 obtecta

1976 3077 2036 3114 ea
2075 3063 2436 3130 relinquentes
2482 3063 2534 3114 in
2578 3061 2761 3114 eodem
2808 3074 2912 3127 quo
2947 3058 3156 3110 fuerant
3189 3058 3323 3121 loco,
3356 3058 3522 3110 intro-

1976 3153 2173 3204 ducunt
2203 3150 2337 3204 lilios
2374 3149 2563 3212 Caath,
2596 3149 2686 3214 qui
2723 3150 2786 3200 ad
2830 3149 2964 3200 istud
3008 3145 3237 3199 ollicium
3281 3146 3520 3212 deputati

1974 3246 2127 3301 sunt,
2155 3246 2207 3291 et
2234 3238 2434 3290 faciunt
2465 3251 2557 3289 eos
2580 3237 2789 3288 elevare
2814 3235 3051 3287 humeris
3089 3234 3200 3287 suis
3226 3233 3400 3286 omnia
3431 3232 3516 3285 illa

1974 3343 2089 3388 quae
2122 3343 2310 3379 manus
2339 3325 2686 3380 sacerdotalis
2727 3325 3025 3378 obtexerat.
3069 3325 3133 3378 Et
3174 3333 3388 3392 propter
3420 3324 3519 3376 hoc

1973 3416 2164 3468 dicitur
2189 3432 2218 3468 a
2253 3415 2512 3468 Domino:
2555 3431 2573 3464 ι
2599 3413 2674 3467 Ne
2715 3413 3084 3467 exterminetis
3128 3413 3193 3465 de
3243 3413 3379 3465 tribu
3418 3426 3514 3464 sua

1971 3503 2179 3570 plebem
2209 3501 2405 3567 Caath;
2430 3521 2450 3554 ι
2487 3501 2638 3569 quasi
2684 3501 2733 3552 in
2765 3515 2828 3553 eo
2871 3499 3254 3553 exterminandi
3305 3507 3514 3563 essmtt,

1971 3589 2014 3643 si
2051 3589 2242 3642 Sancta
2273 3600 2577 3642 sanctorum
2607 3589 2746 3642 nuda
2789 3598 2842 3644 et
2875 3590 3110 3658 patentia
3143 3588 3515 3655 contigissent,

1969 3692 2087 3744 qua:
2140 3693 2242 3730 non
2294 3677 2465 3730 solum
2516 3693 2618 3730 non
2667 3678 3011 3745 contingere,
3058 3679 3150 3730 sed
3199 3690 3264 3727 ne
3319 3675 3512 3726 intueri

1969 3768 2176 3832 quidem
2228 3768 2307 3819 las
2355 3775 2470 3819 erat
2521 3781 2623 3819 non
2671 3767 2863 3820 velata.
2914 3768 2970 3819 Si
3025 3765 3328 3817 intelleiustt
3385 3763 3510 3828 quid

1968 3853 2199 3905 historia:
2244 3853 2374 3906 ordo
2416 3853 2719 3918 contineat,
2762 3853 2989 3907 ascende
3035 3866 3174 3904 nunc
3217 3851 3281 3903 ad
3332 3852 3508 3918 splen-

1966 3941 2146 3994 dorem
2177 3942 2409 4010 mysterii
2438 3959 2451 3993 :
2483 3950 2535 3994 et
2565 3942 2695 4010 legis
2736 3941 2990 4010 spiritalis
3023 3940 3219 4001 lumen,
3255 3940 3299 3992 si
3347 3953 3514 4006 purus

1967 4029 2059 4081 tibi
2094 4039 2175 4082 est
2205 4029 2395 4083 mentis
2428 4030 2634 4092 oculus,
2658 4041 2931 4084 contuere.
2964 4027 3018 4080 Si
3058 4029 3178 4096 quis
3217 4027 3406 4094 dignus
3443 4041 3513 4079 ett

1964 4118 2026 4170 iis
2049 4119 2139 4186 qui
2181 4119 2286 4171 Deo
2325 4120 2652 4182 ministrant,
2681 4119 2856 4172 divina
2889 4132 3081 4186 capere
3108 4125 3160 4170 et
3195 4117 3370 4170 videre
3397 4129 3506 4184 my~

1962 4209 2154 4270 steria,
2203 4209 2267 4260 ad
2310 4223 2428 4276 qua:
2485 4212 2785 4264 contuenda
2833 4211 3007 4264 cmteri
3065 4210 3237 4262 minus
3283 4221 3508 4276 capaces

1963 4306 2114 4360 sunt,
2143 4297 2228 4350 ltic
2261 4298 2461 4362 Aaron,
2492 4299 2572 4351 vel
2612 4299 2750 4353 ﬁlius
2791 4301 2966 4353 Aaron
3011 4312 3126 4352 esse
3173 4298 3503 4366 intelligitur,
3534 4350 3537 4352 .

1964 4388 2054 4455 qui
2101 4387 2302 4455 ingredi
2345 4398 2518 4456 potest
2558 4391 2623 4442 ad
2669 4406 2729 4444 ea
2762 4406 2877 4457 quae
2922 4390 3071 4442 adire
3119 4389 3238 4440 aliis
3276 4388 3354 4440 las
3401 4404 3502 4441 non

1963 4486 2062 4530 est.
2091 4478 2147 4530 Si
2180 4477 2300 4544 quis
2329 4492 2453 4546 ergo
2498 4479 2618 4533 talis
2653 4490 2757 4544 est,
2798 4482 2920 4534 huic
2959 4481 3055 4533 soli
3098 4479 3326 4533 revelata
3360 4486 3500 4546 patet

1964 4581 2088 4618 arca
2144 4568 2475 4633 testamenti,
2524 4569 2609 4621 hic
2657 4569 2796 4622 videt
2857 4584 3044 4622 urnam
3103 4570 3244 4620 intra
3291 4583 3349 4620 se
3404 4566 3510 4619 ham

1966 4652 2174 4706 bentem
2229 4669 2442 4721 manna,
2480 4656 2565 4709 hic
2602 4658 2906 4712 considerat
2933 4667 2985 4710 et.
3036 4657 3285 4724 intelligit
3325 4655 3496 4723 propi-

1966 4743 2256 4795 tiatorium.
2302 4743 2398 4797 llic
2446 4745 2686 4799 intuetur
2750 4756 2805 4800 et
2871 4747 3147 4800 cherubim
3195 4757 3498 4813 utrumque,

1962 4837 2016 4881 et
2059 4845 2294 4883 mensam
2339 4842 2608 4898 sanctam,
2655 4845 2709 4887 et
2755 4835 3134 4888 candelabrum
3182 4834 3416 4899 luminis,
3446 4843 3498 4886 et

1962 4917 2131 4972 altare
2181 4920 2405 4974 incensi.
2455 4925 2557 4976 Iste
2631 4925 2742 4976 hinc
2798 4924 3102 4976 considerat
3155 4933 3209 4977 ct
3253 4922 3503 4990 intelligit

1961 5008 2294 5075 spiritaliter,
2324 5010 2374 5064 id
2403 5019 2484 5064 est
2522 5013 2611 5080 qtti
2643 5014 2802 5066 verbo
2843 5013 2932 5066 Dei
2969 5021 3025 5066 et
3063 5013 3336 5079 sapientiae
3383 5025 3494 5078 my~

1960 5098 2138 5152 steriis
2177 5113 2390 5165 Operam
2439 5102 2556 5163 dat,
2593 5111 2645 5154 et
2677 5101 2785 5155 Deo
2825 5102 2922 5154 soli
2975 5103 3025 5154 in
3069 5101 3267 5153 sanctis
3317 5106 3494 5150 vacat.

1960 5184 2104 5240 Sciat
2146 5203 2274 5242 sane
2318 5191 2399 5243 cui
2443 5192 2553 5244 lucc
2597 5191 2919 5253 revelantur,
2966 5199 3020 5242 et
3061 5187 3371 5255 spiritaliter
3415 5186 3488 5237 iu-

1956 5276 2220 5342 spicienda
2248 5279 2676 5343 creduntur,non
2699 5279 2798 5332 sibi
2833 5287 3001 5330 tntum
3029 5291 3147 5330 esse
3173 5276 3380 5342 aperire
3405 5287 3498 5336 ea,

1955 5372 2008 5414 et
2056 5364 2284 5431 pandere
2338 5367 2530 5433 quibus
2580 5380 2682 5417 non
2729 5363 2852 5416 licet
2892 5359 3086 5425 patuli,
3131 5356 3221 5409 sed
3282 5353 3495 5422 aperire

235 5567 433 5665 (Ἴθι
463 5593 665 5648 Codex
714 5587 916 5640 δευιοιί
968 5585 1302 5657 TlleOdorici
1320 5639 1334 5667 ,
1388 5618 1404 5653 I
1433 5605 1614 5660 ordine
1650 5609 1940 5668 sacerdotii
1968 5617 2156 5682 sancti,
2184 5634 2246 5671 ne
2279 5615 2360 5669 vel
2390 5607 2840 5667 irrationabillbus
2866 5605 3200 5670 deputentur.
3227 5623 3262 5657 ι.
