3838 6218
1542 309 1609 364 lN
1648 308 1972 364 NUMEROS
2008 308 2283 365 ﬂOMlLlA
2322 309 2387 364 v.
3437 324 3541 381 ao,

315 425 454 482 ehi.“
493 409 825 504 quinlmagniu:c
846 409 1088 504 Ξιζέιιιη.
1159 411 1592 492 quingentos.
1622 431 1725 484 Sed
1765 440 1816 483 et
1849 445 1912 483 ex
1943 434 1986 488 Α
2013 429 2615 496 niunt,propitiatorium
2650 427 3004 486 nominentur.
3029 435 3202 504 Atqui
3248 446 3539 497 meruerint

321 521 420 570 alia
465 520 595 586 parte
616 510 1355 599 "limati":inituralus
1394 517 1487 573 lit.
1520 521 1732 588 Septem
1765 523 1909 574 enim
2013 519 2399 599 multitudinem
2443 515 2698 579 scientiaa,
2745 529 2798 569 et
2852 521 3184 578 abundantes
3233 527 3450 583 divitias
3483 534 3534 584 in

324 569 614 674 septiiiiattis
636 587 673 645 si
695 569 890 679 “alia?”
918 569 1110 679 “2".“3
1139 600 1416 658 humeri
1444 569 1730 674 perfectio,
1756 611 1910 676 quin-
2009 593 2281 675 agnitione
2325 608 2448 671 Dei,
2482 607 2754 660 cherubim
2789 609 3008 677 intelligi
3049 628 3287 679 possunt.
3333 621 3536 675 Cheru-

1762 659 1808 676 τ
1853 659 1879 661 7-
2016 659 2087 675 νυν
2166 659 2197 660 77
2344 659 2351 660 7
2393 659 2396 660 7
2435 659 2448 671 ,
2494 659 2499 660 7
2562 659 2573 660 7
3050 659 3287 679 ..-η-η...
3335 659 3536 675 νη...-

329 659 574 759 qliaginta
606 675 775 766 (achilli
803 659 934 766 ὧδε·
967 659 1306 766 similiter
1346 703 1413 747 et
1442 659 1783 765 septuaginta
1833 712 1910 749 se-
2008 699 2115 752 bim
2148 711 2369 764 namque
2399 698 2449 749 in
2487 706 2668 750 nostra
2699 696 2875 766 lingua
2916 702 3190 756 multitudo
3211 712 3432 763 scientia!
3461 715 3536 766 in-

330 758 584 846 pungui,
622 777 661 830 si
693 761 897 823 addatur
925 758 1119 868 \unitIs
1183 773 1450 838 decadm
1499 758 1905 850 consummatio,
2009 795 2350 853 terprctatur.
2381 785 2482 838 Sed
2527 787 2622 839 hos
2667 801 2878 851 omnes,
2927 790 3015 855 qui
3052 805 3145 854 per
3175 795 3282 848 haec
3326 794 3530 868 singula

325 869 546 925 ιειεωηι
579 863 876 939 quingentos.
908 848 1069 916 Quod
1109 869 1175 912 et
1224 867 1280 920 si
1337 875 1712 929 abundantius
1738 848 1909 929 adhuc
2007 891 2122 944 qua:
2171 891 2327 944 supra
2385 885 2692 929 enumerata
2747 887 2868 930 sunt
2918 881 3280 949 designantur,
3334 893 3530 956 portari

306 972 667 1015 sacramenta
692 945 1069 1025 quinquaginta
1106 961 1172 1004 et
1215 963 1656 1031 quingentorum
1701 967 1903 1019 numeri
2006 979 2222 1020 necesse
2242 976 2342 1029 est,
2381 976 2434 1019 et
2467 969 2665 1034 portari
2699 967 2748 1020 in
2783 968 3033 1024 humeris.
3063 972 3209 1025 Unde
3252 976 3530 1048 fortassis,

305 1051 516 1116 placet
546 1050 796 1118 colligere,
818 1037 1081 1094 habemus
1113 1052 1180 1097 et
1219 1047 1282 1103 in
1311 1053 1421 1108 hoc
1457 1056 1574 1122 ipso
1601 1056 1688 1122 qui
1721 1055 1772 1108 in
1796 1071 1906 1108 ma-
2007 1066 2063 1108 ut
2098 1072 2195 1124 ego
2243 1060 2451 1126 opinor,
2497 1059 2669 1128 angeli
2718 1064 2806 1128 qni
2859 1065 3091 1117 ordinati
3144 1079 3266 1122 sunt
3319 1086 3534 1142 propter

305 1139 499 1194 nibus
524 1149 612 1193 est
643 1139 970 1192 Numerorum
1003 1130 1155 1188 libro
1191 1139 1266 1204 ‘9,
1299 1143 1392 1196 ubi
1423 1146 1490 1197 de
1525 1145 1752 1199 hostium
1781 1160 1902 1210 spo-
2003 1161 2116 1208 eos,
2157 1147 2247 1212 qui
2292 1148 2655 1201 btereditatetn
2703 1154 2918 1218 capiunt
2953 1154 3137 1209 salutis
3167 1159 3236 1220 η,
3272 1163 3369 1229 ipsi
3399 1165 3527 1228 sint,

301 1225 412 1280 “is
446 1229 682 1295 quidam
707 1225 904 1296 quidem
936 1221 1185 1280 alterum
1233 1230 1293 1282 in
1337 1232 1479 1284 dona
1515 1233 1606 1286 Dei
1644 1234 1903 1300 quinqua-
2001 1234 2092 1301 qui
2141 1235 2382 1302 singulos
2407 1251 2590 1288 eorum
2641 1253 2775 1306 quos
2825 1255 2978 1308 supra
3027 1245 3260 1302 diximus
3292 1221 3526 1319 portant.

299 1319 606 1386 gesintam
677 1317 962 1386 portionem
989 1353 1006 1377 ,
1086 1319 1182 1384 qui
1244 1336 1356 1374 non
1415 1331 1787 1389 processerunt
1836 1323 1900 1374 ad
2001 1320 2132 1372 Cum
2162 1321 2300 1373 enim
2323 1322 2551 1375 solutum
2581 1325 2738 1379 fuerit
2768 1331 3165 1387 tabernaculum
3191 1338 3307 1402 hoc,
3340 1351 3390 1393 et
3417 1356 3528 1394 coe-

301 1405 560 1469 bellutn,
583 1409 798 1474 quidam
821 1419 944 1458 vero
959 1405 1486 1474 quingentesimam;
1515 1419 1568 1462 et
1593 1411 1771 1477 utique
1798 1425 1899 1463 non
1999 1409 2232 1474 perimus
2261 1410 2369 1478 (72)
2403 1411 2604 1478 ingredi
2648 1417 2712 1467 ad
2742 1403 2829 1469 illa
2867 1431 3047 1472 sancta
3074 1459 3086 1484 ,
3130 1433 3183 1477 et
3211 1442 3430 1496 pergere
3459 1435 3525 1485 ad

301 1498 579 1553 inaniter
599 1501 768 1553 etiam
787 1500 872 1553 hic
909 1499 1394 1567 quinquagesimus
1435 1511 1485 1555 et
1531 1503 1894 1570 quingentesi-
1995 1493 2168 1549 locum
2203 1500 2652 1568 τερτοιηῖεείοηίεο
2675 1505 2710 1556 ῖῖ
2737 1507 2825 1571 qui
2849 1523 2975 1562 vere
3009 1515 3178 1566 δεηιεῑί
3205 1526 3346 1578 sunt.
3376 1528 3429 1570 οι
3469 1520 3522 1572 in

299 1599 446 1637 ntus
481 1601 763 1640 numerus
792 1587 1038 1640 habetur.
1092 1587 1201 1640 Sed
1234 1598 1288 1640 et
1323 1589 1375 1641 in
1407 1588 1601 1643 Genesi
1639 1591 1724 1643 ubi
1759 1591 1897 1644 Deus
1995 1585 2194 1638 sanctis
2223 1595 2526 1641 sanclorum
2557 1591 2836 1659 habentur,
2858 1600 3058 1666 angelis
3080 1602 3192 1654 sine
3217 1604 3373 1658 dubio
3399 1610 3522 1661 sub-

300 1673 618 1728 tractabat
663 1676 730 1729 de
782 1675 1115 1743 indulgentia
1148 1677 1504 1732 Sodomorum
1530 1680 1575 1733 si
1605 1679 1742 1733 forte
1776 1695 1894 1748 pos~
1931 1749 1964 1759 _
1997 1675 2332 1728 νθοικηιίιὶυε
2361 1676 2633 1742 incedunt
2657 1690 2709 1735 οι
2735 1699 3008 1754 usquequo
3027 1693 3318 1759 requiescat
3347 1697 3524 1750 taber—

296 1773 445 1816 sent
469 1765 548 1817 ad
581 1778 688 1820 ven
719 1780 801 1818 am
831 1767 1140 1832 pervenire,
1167 1769 1468 1835 huiusmodi
1517 1771 1888 1839 mysteriorum
1925 1749 1966 1801 Β
1995 1768 2234 1822 naculum
2268 1773 2376 1838 Dei,
2401 1783 2681 1840 portantur
2704 1777 2755 1828 in
2781 1778 3017 1831 humeris
3041 1789 3094 1831 et
3117 1784 3445 1840 extolluntur
3468 1790 3519 1842 in

305 1851 593 1904 conscius
623 1854 936 1918 patriarcha
967 1855 1238 1908 Abraham
1279 1872 1308 1909 a
1331 1858 1767 1936 quinquagesimo
1799 1875 1889 1911 nn.
1993 1858 2252 1914 manibus.
2277 1861 2428 1925 Quod
2452 1867 2778 1930 prospiciens
2805 1868 2855 1919 in
2882 1869 3068 1935 Spiritu
3091 1871 3353 1941 Propheta
3377 1877 3524 1931 dice-

307 304 406 366 ωδ

597 381 799 474 quaginta
842 366 1002 474 iaci“
1009 398 1088 444 ιιι

616 467 830 553 humerus
846 467 965 528 iste
1011 493 1134 544 Sac

315 1952 476 1994 luero
510 1939 717 2008 incipit
768 1956 867 2009 pro
911 1942 1242 2012 indulgentia
1281 1945 1628 1999 Sodomorum
1665 1947 1890 2001 Domino

325 2027 666 2095 supplicare,
694 2040 750 2082 et
779 2031 914 2084 dicit
940 2030 987 2062 "
1023 2045 1038 2082 :
1073 2050 1090 2082 ι
1127 2032 1184 2084 Si
1237 2033 1434 2085 inventi
1487 2034 1683 2086 fuerint
1730 2037 1887 2102 quin-

323 2117 587 2184 quaginta
630 2117 685 2170 in
713 2118 954 2186 civitate,
986 2135 1091 2175 non
1125 2121 1358 2175 salvabis
1383 2109 1601 2190 propier
1631 2125 1889 2192 quinqua-

323 2205 467 2272 ginta
499 2205 821 2260 civitatem?
856 2226 876 2258 ι

316 2321 318 2326 ι
387 2295 441 2348 5.
468 2297 581 2349 Sed
613 2299 682 2348 ad
714 2300 1055 2367 propositunt
1105 2312 1453 2356 revertamur.
1499 2303 1721 2373 Oportet
1761 2319 1887 2374 ergo

321 2383 536 2449 operari
569 2383 800 2439 Levitas
847 2388 902 2439 in
955 2390 1158 2442 sanctis
1185 2405 1352 2457 usque
1401 2393 1465 2444 ad
1499 2393 1882 2461 quinquaginta

323 2487 509 2536 annos,
528 2473 829 2529 inferiores
853 2478 1073 2544 quidem
1098 2493 1280 2546 Opera,
1305 2481 1554 2535 meliores
1575 2496 1702 2534 vero
1723 2497 1882 2549 opera

323 2575 540 2625 operum
594 2581 610 2616 :
655 2565 853 2620 horum
908 2578 1087 2622 autem
1141 2572 1488 2637 superiores,
1552 2573 1882 2640 spiritalibus

326 2649 511 2706 ciliciis
533 2652 850 2720 deservire,
884 2665 938 2710 et
970 2658 1196 2712 introire
1230 2661 1283 2712 in
1319 2660 1513 2714 Sancta
1551 2671 1880 2726 sanctorum,

326 2737 497 2807 ibique
526 2745 757 2809 operire
787 2759 910 2811 qua:
931 2748 1222 2809 operienda
1247 2758 1388 2811 sunt,
1433 2759 1487 2802 et
1521 2751 1730 2806 tradere
1759 2752 1880 2804 ﬁliis

325 2826 478 2883 Caath
510 2833 796 2898 portanda
833 2835 1096 2898 lmmeris,
1119 2844 1172 2888 et
1194 2838 1438 2891 manibus
1467 2839 1878 2896 evehenda.Sed

323 2925 370 2969 et
396 2920 631 2988 reliquis
666 2922 966 2990 unicuique
997 2926 1288 2978 secundum
1317 2942 1377 2980 ea
1417 2943 1536 2996 quae
1578 2928 1685 2995 jam
1719 2945 1879 2997 supe-

324 3006 418 3061 rius
447 3024 603 3077 stepe
621 3011 860 3064 disserta
888 3021 1016 3064 sunt
1037 3015 1370 3070 ordinantur.
1404 3015 1599 3069 Verum
1623 3033 1688 3069 ne
1717 3018 1876 3071 nimia
1906 3050 1948 3108 Ο

311 3096 422 3151 σιιωο
459 3100 941 3168 operimentorum
975 3103 1504 3172 velamentorumque
1541 3107 1744 3160 cautela
1789 3109 1880 3160 de-

313 3172 684 3252 Isperationem
717 3191 1015 3258 quamdam
1041 3201 1092 3245 et
1123 3195 1431 3248 mmstitiam
1471 3205 1688 3262 generet
1726 3195 1878 3250 audi-

295 3277 537 3343 ‘toribus,
587 3292 768 3344 pauca
810 3278 988 3345 aliqua
1020 3295 1134 3345 qua:
1159 3289 1213 3334 et
1255 3283 1406 3335 nobis
1434 3283 1667 3350 pandere
1704 3293 1872 3337 tutum

316 3363 393 3426 sit,
423 3377 481 3420 et
515 3367 682 3420 vobis
715 3365 802 3420 fas
844 3368 918 3419 sit
956 3368 1217 3434 aspicere,
1263 3372 1518 3439 quoniam
1549 3373 1782 3440 quidem,
1817 3383 1876 3426 ut

316 3454 452 3517 prius
491 3458 774 3518 diximus,
817 3470 989 3524 genus
1023 3458 1196 3524 regale
1238 3469 1294 3512 et
1336 3460 1708 3523 sacerdotium,
1743 3477 1872 3530 gens

310 3555 484 3600 sancta
532 3557 592 3600 et
647 3546 890 3615 populus
939 3547 992 3598 in
1025 3548 1377 3614 acquisitione
1416 3550 1541 3603 dicti
1589 3565 1770 3604 sumus
1801 3552 1870 3614 η,

304 3636 512 3694 aperire
564 3635 939 3689 tentabimus.
973 3632 1341 3704 lntelliga‘mus
1382 3650 1510 3705 ergo
1553 3639 1868 3692 tabernacu-

298 3714 402 3775 lum
434 3724 753 3778 testimoiiii
803 3735 996 3776 omnes
1035 3733 1274 3786 sanctos,
1302 3725 1394 3790 qui
1423 3725 1520 3777 sub
1552 3734 1868 3780 testamento

1987 1943 2080 1996 bat
2108 1946 2152 1976 ³³
2181 1963 2197 1999 :
2235 1964 2258 1997 ι
2286 1949 2542 2012 Quoniam
2573 1955 2776 2021 angelis
2809 1957 2921 2009 suis
2969 1961 3236 2016 mandavit
3269 1965 3331 2018 de
3361 1976 3431 2030 te,
3463 1978 3520 2020 ut

1988 2031 2308 2089 inmanibus
2336 2037 2520 2093 tollant
2549 2050 2619 2106 te,
2655 2060 2720 2098 ne
2759 2045 2895 2099 forte
2937 2045 3175 2103 oﬂ‘endas
3195 2055 3258 2107 ad
3289 2055 3516 2122 lapidem

1987 2121 2171 2187 pedem
2197 2132 2361 2178 tuum.
2394 2144 2414 2179 ι
2445 2127 2594 2193 Quod
2626 2135 2834 2199 quidem
2874 2139 3068 2190 dictum
3100 2143 3302 2206 putavit
3334 2121 3521 2200 diabo-

1985 2206 2160 2280 lnsgde
2195 2211 2470 2270 Salvatore
2498 2220 2886 2286 accipiendum,
2913 2228 3002 2278 sed
3038 2238 3264 2282 caecatos
3292 2233 3516 2297 malitia,

1985 2311 2091 2350 non
2118 2300 2382 2356 intellexit
2413 2305 2622 2374 eloquia
2650 2309 2859 2364 Domini
2885 2315 3134 2381 mystica.
3171 2317 3351 2386 Neque
3375 2323 3513 2374 enim

1985 2385 2230 2467 Salvator
2259 2406 2407 2447 meus
2428 2397 2630 2462 angelis
2667 2399 2956 2468 indigebat,
2998 2415 3054 2456 ut
3087 2421 3189 2459 non
3224 2385 3516 2465 offenderet

1983 2475 2048 2527 ad
2081 2475 2306 2543 lapidem
2329 2481 2515 2547 pedem
2555 2499 2731 2538 suum.
2756 2487 2993 2556 Namque
3023 2493 3377 2549 calumniatur
3401 2499 3515 2551 dia-

1981 2560 2133 2616 holus
2149 2564 2478 2631 Scripturam
2495 2570 2750 2634 divinam,
2766 2575 2856 2641 qui
2873 2576 2981 2630 lucc
2998 2579 3060 2631 de
3080 2577 3232 2633 Salva
3244 2593 3353 2636 tore
3371 2585 3512 2639 dicta

1979 2655 2298 2720 protulerit:
2333 2672 2439 2711 non
2465 2662 2530 2713 de
2557 2661 2668 2725 illo,
2703 2665 2793 2716 sed
2827 2667 2892 2718 de
2908 2669 3152 2723 omnibus
3185 2675 3383 2728 sanctis
3414 2678 3515 2732 hoc.

1979 2740 2193 2803 dicitur,
2221 2744 2344 2811 quia
2370 2747 2575 2813 angelis
2606 2750 2716 2803 suis
2746 2754 3017 2806 mandavit
3047 2757 3294 2828 Deuspro
3320 2767 3514 2832 populo

1978 2844 2095 2894 suo,
2127 2841 2184 2884 ut
2213 2849 2316 2886 non
2340 2834 2571 2890 offendat
2596 2842 2662 2892 ad
2699 2838 2924 2909 lapidem
2962 2848 3149 2913 pedem
3189 2859 3364 2905 situm.
3405 2853 3512 2909 Sed

1977 2927 2032 2971 et
2063 2922 2241 2972 omnia
2274 2937 2390 2989 quae
2418 2925 2468 2977 in
2504 2926 2605 2978 hoc
2653 2930 2856 2994 psalmo
2903 2935 3100 3002 scripta
3154 2949 3298 3004 stunt,
3344 2942 3510 3007 jnstis

1979 3009 2283 3077 quibusque
2311 3013 2480 3080 magis
2507 3029 2664 3081 quam
2699 3019 2960 3074 Salvatori
2987 3029 3330 3082 conveniunt.
3354 3031 3511 3086 Libe-

1983 3101 2222 3150 ratenitn
2258 3101 2510 3158 Dominus
2535 3121 2562 3156 a
2599 3106 2774 3170 ruina,
2816 3119 2870 3164 et
2924 3113 3189 3169 daemonio
3216 3122 3513 3180 meridiano

1983 3199 2087 3238 non
2121 3186 2480 3253 Salvatorem,
2513 3196 2654 3260 quod
2687 3196 2824 3251 absit
2853 3213 2881 3250 a
2911 3202 3062 3256 nobis
3092 3205 3163 3257 ita
3195 3206 3506 3278 intelligere,

1974 3272 2066 3324 sed
2099 3287 2308 3328 omnem
2337 3278 2562 3344 justum.
2607 3281 2746 3336 Justi
2773 3287 2912 3339 enim
2965 3300 3108 3353 sunt,
3136 3296 3226 3362 qui
3274 3272 3509 3368 indigent

1975 3361 2240 3428 adjutorio
2269 3369 2576 3433 angelorum
2611 3372 2722 3436 Dei,
2761 3376 2836 3428 uti
2869 3393 2936 3431 ne
2964 3393 2992 3431 a
3021 3361 3350 3442 diemonibus
3384 3361 3510 3442 sub-

1975 3461 2224 3516 ruantur,
2279 3463 2331 3506 et
2384 3470 2452 3509 ne
2499 3459 2658 3511 corda
2719 3476 2902 3517 eorum
2953 3472 3144 3538 sagitta
3194 3475 3402 3530 volante
3450 3480 3502 3532 in

1974 3540 2206 3594 tenebris
2236 3545 2588 3598 terebrentur.
2619 3549 2718 3602 Per
2751 3551 2896 3619 ipsos
2936 3561 3152 3626 angelos
3181 3566 3281 3618 sub
3317 3571 3502 3623 eodem

1971 3631 2221 3696 mysterio
2244 3631 2440 3687 Paulus
2463 3638 2752 3700 portandus
2782 3656 2899 3697 esse
2929 3650 3186 3712 quosdam
3222 3655 3504 3712 conﬁrmat

1969 3716 2022 3768 in
2055 3718 2282 3772 nubibus
2307 3735 2425 3773 cum
2454 3724 2584 3777 dicit
2611 3725 2696 3778 ’δε
2740 3745 2760 3778 ‹
2793 3728 2896 3784 Sed
2925 3743 2980 3785 et
3012 3751 3109 3789 nos
3133 3739 3223 3804 qui
3254 3743 3500 3809 vivimus,

1969 3806 2058 3871 qui
2091 3805 2278 3873 reliqui
2310 3823 2516 3874 sumus,
2543 3813 2701 3868 simul
2729 3832 2850 3871 cum
2879 3821 2988 3874 illis
3033 3827 3300 3892 rapientur
3330 3832 3380 3883 in
3411 3850 3506 3886 nu-

1966 3897 2120 3951 bibus
2146 3899 2354 3952 obviam
2393 3902 2606 3959 Christo
2639 3905 2688 3958 in
2716 3921 2861 3961 aera.
2895 3927 2914 3960 ι
2954 3911 3254 3979 Rapiumur
3286 3935 3411 3990 ergo
3432 3924 3500 3976 ab

1967 3986 2165 4053 angelis
2194 3989 2226 4040 ii
2253 3989 2339 4055 qui
2363 3991 2574 4056 penitus
2602 3998 2809 4062 purgati
2861 4009 2914 4052 et
2948 4001 3088 4056 leves
3118 4005 3287 4060 cll'ecti
3315 3986 3437 4064 sunt
3470 4028 3500 4065 a

1967 4078 2190 4133 delictis.
2219 4079 2508 4136 Portantur
2545 4102 2672 4140 vero
2697 4089 2733 4142 ii
2758 4093 2846 4159 qui
2881 4093 3148 4162 aliquibus
3177 4102 3349 4156 adhuc
3371 4104 3497 4158 reli-

295 3803 384 3863 Dei
414 3820 727 3866 censentur
755 3827 770 3860 :
807 3820 863 3862 et
887 3811 940 3862 in
977 3809 1076 3862 hoc
1099 3810 1442 3864 tabernaculo
1463 3824 1582 3866 esse
1610 3814 1864 3879 quosdam

282 3897 558 3953 celsiores
583 3899 812 3952 meritis
833 3907 885 3950 et
918 3897 1090 3964 gratia
1120 3898 1461 3965 superiores:
1496 3907 1552 3952 et
1577 3913 1642 3952 ex
1671 3901 1734 3953 iis
1771 3902 1868 3953 ali-

281 3990 428 4045 quos
467 3988 705 4056 quidem
749 3986 1134 4039 candelabrum
1165 3985 1292 4049 dici,
1327 3986 1468 4052 ipsos
1499 3985 1636 4040 forte
1661 3997 1868 4055 aposto-

275 4064 391 4138 los,
419 4077 515 4142 qui
553 4073 879 4126 illuminant
905 4074 1227 4127 accedentes
1269 4074 1336 4126 ad
1371 4074 1557 4126 Deum.
1586 4074 1694 4129 Sed
1725 4085 1778 4128 et
1819 4076 1861 4128 si

273 4164 380 4225 qui
411 4164 504 4216 alii
548 4173 704 4226 sunt,
739 4163 833 4230 qui
863 4163 916 4215 in
962 4163 1064 4216 hoc
1110 4163 1454 4217 tabernaculo
1491 4164 1583 4218 Dei
1619 4166 1864 4219 omnibus
1965 4169 2102 4234 quiis
2130 4184 2549 4239 praegravantur.
2577 4175 2867 4234 Portantur
2889 4196 3016 4237 vero
3041 4193 3094 4238 et
3117 4187 3377 4244 columna:
3417 4202 3500 4246 ta-

278 4246 738 4318 ingredientibus
771 4251 1017 4304 scientia:
1060 4260 1114 4304 et
1155 4252 1414 4305 doctrinae
1463 4252 1640 4307 lumen
1684 4265 1863 4308 osten-
1967 4258 2233 4312 bernaculi
2260 4276 2289 4313 a
2318 4263 2660 4328 quihusdam,
2687 4276 2743 4320 et
2788 4269 3031 4343 alria,get
3059 4285 3250 4330 caetera
3299 4294 3416 4346 quae
3463 4297 3494 4334 a

292 4344 451 4406 dust,
489 4357 693 4396 omnes
724 4343 816 4396 isti
846 4342 1228 4396 candelabrum
1268 4344 1549 4410 mysticum
1585 4346 1856 4399 nominen-
1890 4347 1932 4399 D
1961 4347 2235 4413 Scriptura
2286 4349 2618 4405 referuntur.
2680 4342 2972 4412 Portantur
3032 4374 3206 4416 autem
3267 4383 3367 4420 non
3427 4371 3497 4423 ab

308 4439 416 4482 tur.
441 4431 543 4484 Alii
570 4433 683 4484 sint
715 4446 905 4484 mensa
963 4445 1138 4494 sacra,
1179 4432 1394 4487 scilicet
1431 4434 1734 4500 quicunque
1764 4437 1862 4488 ha-
1959 4433 2235 4498 lsraelitis,
2267 4439 2357 4490 sed
2386 4454 2412 4490 a
2459 4437 2681 4505 Levitis,
2739 4450 3034 4502 secundum
3092 4453 3232 4506 hunc
3275 4470 3492 4511 sensum

321 4520 439 4571 bent
458 4534 622 4587 panes
661 4521 775 4585 Dei,
800 4530 858 4574 et
879 4520 1134 4575 reficiunt
1157 4536 1220 4574 ac
1247 4533 1470 4590 pascunt
1503 4525 1706 4580 animas
1739 4541 1863 4582 esu-
1957 4537 2112 4589 Quem
2138 4525 2187 4577 in
2223 4535 2531 4581 transcursu
2561 4532 2801 4586 videmur
2828 4535 2974 4590 brevi
3007 4543 3313 4608 contigisse,
3337 4547 3500 4600 relin-

333 4609 520 4664 rieates
554 4611 846 4677 justitiam.
875 4612 985 4665 Alii
1019 4612 1127 4665 sint
1165 4614 1331 4669 altare
1380 4616 1608 4683 incensi,
1639 4617 1862 4684 quicun-
1955 4623 2182 4680 quentes
2208 4618 2455 4672 sensibus
2479 4622 2801 4688 auditorum,
2828 4636 2884 4681 ut
2909 4632 2952 4683 si
2973 4633 3092 4699 quis
3110 4634 3173 4686 de
3203 4634 3267 4687 iis
3291 4636 3492 4703 majore

333 4709 428 4760 que
455 4701 786 4754 orationibus
819 4710 877 4754 et
915 4701 1142 4768 jejunjis
1175 4703 1259 4756 die
1289 4719 1350 4759 ac
1387 4714 1546 4760 nocte
1588 4717 1780 4761 vacant,
1809 4708 1858 4761 in
1956 4702 2218 4758 desiderio
2243 4704 2571 4774 flagraverit,
2606 4715 2862 4768 accendat
2887 4717 2986 4771 sibi
3027 4720 3198 4775 lumen
3235 4701 3488 4788 scientiae,

325 4789 500 4857 templo
521 4788 634 4852 Dei,
656 4799 893 4844 orantes
926 4805 1039 4842 non
1065 4792 1222 4860 286
1241 4793 1408 4848 solum
1433 4810 1528 4864 pro
1545 4798 1866 4868 semetipsis,

310 4874 399 4922 εει]
426 4888 472 4931 et
517 4894 614 4943 pro
662 4870 935 4932 universo
984 4880 1201 4943 pupula.
1223 4879 1260 4932 li
1295 4896 1419 4936 vero
1455 4881 1648 4950 quibus
1673 4899 1866 4938 arcana

290 4967 541 5021 "'Jsteria
559 4967 800 5022 credidit
818 4965 1384 5025 Deus,etoccultorum
1399 4970 1740 5038 providentia:
1756 4989 1864 5028 sua:

264 5035 600 5110 judiciorum
655 5062 883 5110 secreta
949 5055 1241 5120 commisit,
1274 5071 1394 5111 arca
1431 5061 1730 5112 testamenti
1770 5061 1858 5114 Dei

254 5139 630 5207 δρῃεηεηιυτ.
662 5146 846 5198 Porro
878 5139 981 5206 qui
1008 5156 1133 5194 cutn
1157 5146 1293 5197 omni
1324 5147 1514 5200 litlucia
1543 5161 1634 5214 per
1655 5148 1857 5203 hostias

235 5222 518 5300 "ﬁcum,
579 5230 1179 5300 supplicationumque
1207 5230 1446 5285 victimas
1478 5233 1640 5285 Deum
1693 5235 1854 5288 homi-

221 5297 424 5379 ιιίιιυε
457 5297 860 5390 νέρτορίίίειηι,
909 5325 967 5368 el
1001 5331 1104 5382 pro
1147 5319 1352 5374 delictis
1387 5321 1562 5388 populi
1612 5321 1845 5376 interve-

1965 4801 2020 4846 et
2069 4793 2267 4861 majora
2339 4797 2524 4853 horum
2572 4804 2726 4858 oculo
2780 4811 3169 4876 perspicaciore
3223 4813 3488 4879 conjiciat.

1965 4880 2129 4936 Nobis
2167 4893 2343 4938 autem
2371 4889 2633 4942 concedat
2663 4891 2938 4959 Dominus,
2987 4907 3041 4948 ut
3071 4914 3098 4950 a
3153 4899 3344 4951 talibus
3367 4916 3494 4965 ope-

1964 4971 2116 5024 rariis
2148 4975 2342 5039 portati
2369 4985 2421 5028 et
2440 4977 2728 5041 sublevati.
2757 4981 3049 5036 liberemur
3073 4993 3125 5038 et
3148 4986 3493 5040 defendamur

1958 5073 1988 5110 a
2018 5061 2204 5127 sagitta
2231 5063 2442 5118 volante
2473 5067 2525 5118 itt
2561 5070 2825 5133 tenebris,
2873 5081 2927 5123 et
2955 5087 2982 5124 a
3011 5075 3183 5138 ruina,
3217 5085 3270 5127 et
3293 5077 3489 5130 dtento-

1954 5151 2044 5204 nio
2068 5152 2379 5220 meridiano,
2421 5171 2486 5209 ne
2513 5155 2648 5212 forte
2677 5159 3010 5215 offendamus
3039 5163 3104 5215 ad
3130 5164 3352 5229 lapidem
3388 5178 3487 5230 pe-

1952 5240 2068 5292 dem
2098 5252 2361 5308 nostrum,
2397 5261 2670 5314 usquequo
2697 5254 3068 5315 perveniamus
3105 5253 3168 5303 ad
3208 5253 3379 5305 locum
3410 5267 3488 5304 rea

1949 5331 2321 5395 promissionis
2369 5346 2700 5401 sanctorum,
2746 5353 2840 5407 per
2877 5339 3145 5393 Christum
3198 5343 3479 5396 Dominum

293 5459 372 5488 λ’
398 5454 564 5508 Nunt.
598 5464 762 5502 xxxi.
851 5445 900 5476 ³ο
935 5443 1078 5496 Gen.
1103 5449 1378 5511 “111,24.
1447 5451 1492 5481 ’⁸
1530 5451 1710 5505 lPetr.
1735 5454 1869 5518 ",9.
1942 5460 1984 5491 ¹¹
2017 5460 2174 5520 Hebr.
2209 5467 2350 5531 1,14.
2426 5468 2627 5522 "l‘sal.
2663 5483 2764 5528 χει,
2804 5467 2884 5518 ll.
2963 5468 3007 5497 "
3038 5467 3055 5518 l
3086 5467 3273 5527 Thess.
3302 5487 3372 5537 tv,
3401 5472 3484 5531 lii.

269 5590 439 5658 ‘72)
483 5586 660 5646 Μέθη
706 5600 726 5631 t
776 5576 1139 5648 «aperimus,
1178 5607 1200 5645 ι
1240 5586 1402 5646 Libb.
1437 5589 1592 5653 editi,
1639 5609 1654 5642 ι
1692 5595 1969 5664 cwpimus.
2009 5619 2031 5654 ι
