3838 6222
289 275 388 325 607

1705 257 2018 314 ORIGENIS

3543 213 3658 267 θοι

291 396 550 446 nostrum,
584 400 665 439 cut
695 393 778 438 est
801 385 973 438 honor
996 391 1052 439 et
1073 383 1355 453 imperium
1399 381 1508 450 (73)
1549 381 1600 434 in
1641 379 1807 434 saecul:

2147 371 2186 431 ⁸,
2230 379 2400 434 super
2457 376 2559 416 eos
2606 355 2878 425 spiritus,
2919 341 3502 453 prophetauerun:l
3525 346 3660 434 orn.-

287 471 626 525 swcnlurum.
654 474 842 526 Amen.

860 583 1135 639 HOMILIA
1167 582 1254 636 Vl.

289 672 365 726 De
403 691 461 727 eo
498 677 636 742 quod
663 677 909 742 scriptum
941 687 1015 726 est
1051 690 1067 726 :
1103 694 1119 724 ι
1156 674 1298 726 Exiit
1336 673 1541 742 Moyses
1565 678 1822 742 adpopu-

356 744 484 802 lum,
511 741 535 793 ⁷ο
574 753 620 794 et
654 748 715 796 de
743 741 1064 809 septuaginta
1101 741 1503 809 presbyterisct
1531 743 1593 795 de
1614 741 1830 794 (Ethio-

361 813 524 879 pissa,
571 829 726 874 qttam
757 811 961 880 Moyses
984 813 1174 878 accepit
1212 827 1445 863 uxorem.

359 918 410 972 l.
440 917 600 971 Plura
623 918 774 971 nobis
797 917 955 971 simul
994 919 1214 972 recitata
1245 927 1387 978 sunt,
1417 927 1468 971 et
1493 919 1557 972 de
1585 919 1831 974 omnibus

291 1006 357 1060 iis
389 1007 590 1068 dicere.
624 1023 722 1062 nec
752 1008 1011 1076 temporis
1045 1008 1299 1073 brevitas,
1329 1022 1425 1063 nec
1456 1011 1827 1077 mysteriorum

291 1096 600 1162 magnitudo
631 1099 914 1164 permittit.
960 1096 1168 1150 Licebit
1211 1106 1389 1150 tamen
1427 1111 1491 1149 ex
1523 1099 1829 1167 ingentibus

289 1185 494 1254 campis
537 1201 737 1254 paucos
771 1187 1018 1242 ﬂosculos
1057 1187 1253 1256 legere,
1309 1197 1362 1242 et
1419 1204 1524 1241 non
1571 1199 1827 1256 quanttnn

291 1287 418 1340 ager
451 1276 731 1340 exuberat,
761 1276 853 1330 sed
882 1285 1142 1344 quantum
1169 1277 1415 1330 odoratui
1462 1276 1686 1330 suﬂiciat
1714 1293 1831 1332 car-

290 1377 438 1431 pere.
473 1362 698 1418 Sicutet
723 1380 840 1418 cum
869 1366 988 1432 quis
1035 1365 1244 1419 accedit
1286 1364 1353 1416 ad
1405 1363 1623 1428 fontem,
1650 1382 1752 1420 non
1781 1367 1828 1420 ei

294 1461 498 1504 tantum
536 1452 755 1507 haurire
797 1469 1016 1509 necesse
1064 1464 1177 1519 est,
1221 1465 1478 1526 quantmn
1515 1472 1646 1510 vena
1683 1458 1830 1511 dives

292 1537 562 1605 effuderit,
593 1542 685 1593 sed
719 1553 975 1608 quantum
1021 1554 1232 1598 arentes
1260 1543 1348 1598 siti
1392 1545 1596 1612 mitiget
1625 1544 1827 1604 fauces,

296 1643 362 1681 ne
416 1629 554 1683 forte
585 1629 704 1698 plus
729 1628 876 1697 justo
917 1642 1147 1699 sumpta,
1196 1634 1288 1686 liat
1356 1635 1558 1700 potanti
1603 1633 1830 1687 salubris

295 1719 436 1770 unda
461 1720 744 1787 pernicies.
769 1738 788 1771 r
807 1721 872 1774 Et
892 1722 1044 1783 exiit,
1065 1723 1234 1788 inquit
1259 1724 1324 1786 ³⁵,
1350 1723 1556 1791 Moyses
1583 1721 1646 1773 ad
1666 1736 1831 1789 popu-

298 1808 426 1872 lum,
448 1819 501 1861 et
536 1809 744 1863 locutus
769 1819 849 1862 est
883 1811 947 1862 ad
976 1825 1096 1863 eum
1125 1811 1286 1865 verba
1332 1810 1562 1863 Domini.
1609 1827 1628 1861 ι
1660 1811 1834 1864 Donec

298 1900 458 1954 verba
477 1900 681 1954 Domini
711 1903 857 1954 audit
886 1901 1092 1971 Moyses
1114 1910 1168 1954 et
1195 1902 1261 1954 ab
1282 1903 1398 1969 ipso
1431 1903 1667 1966 docetur,
1694 1903 1837 1955 intus

294 2000 399 2058 est,
419 1999 471 2043 et
488 1991 539 2044 in
568 1992 910 2044 interioribus
926 1991 1171 2045 consistit
1189 2000 1350 2057 atque
1368 1991 1418 2043 in
1442 1991 1648 2044 intimis
1669 2003 1838 2043 secre-

301 2079 370 2133 tis
425 2079 673 2132 ltabetur.
716 2079 813 2142 Ubi
867 2095 992 2133 vero
1028 2078 1204 2131 turbis
1257 2079 1492 2146 loquitur
1524 2086 1578 2128 et
1610 2075 1836 2143 populis,

299 2168 566 2222 ministrat
595 2170 640 2223 ci
674 2172 761 2236 qui
803 2169 946 2222 intus
975 2185 1078 2222 non
1113 2178 1288 2237 potest
1339 2181 1504 2230 Stare,
1533 2167 1682 2221 exire
1709 2165 1840 2218 dici-

302 2268 388 2312 tur
433 2259 598 2313 foras.
633 2260 768 2324 Quid
809 2274 935 2327 ergo
983 2260 1168 2312 fornae
1205 2258 1326 2311 talis
1356 2259 1592 2310 continet
1627 2255 1838 2309 sermo?

288 2347 450 2413 Quod
481 2350 656 2402 omnis
677 2350 888 2410 doctor,
918 2359 971 2401 et
993 2350 1245 2417 magister
1269 2346 1519 2401 Ecclesia:
1547 2347 1591 2398 si
1629 2346 1694 2398 de
1719 2359 1843 2411 pro-

303 2437 635 2491 fundioribus
685 2439 956 2507 mysteriis
991 2438 1190 2505 aliquid
1220 2447 1462 2500 moveat,
1510 2435 1553 2489 si
1589 2448 1840 2487 arcanum

303 2527 428 2594 quid
459 2537 513 2580 et
549 2529 877 2581 reconditum
906 2528 972 2582 de
1006 2528 1094 2582 Dei
1143 2528 1402 2594 sapientia
1442 2524 1670 2594 proferat
1705 2525 1844 2577 inter

305 2620 593 2686 perfectos,
632 2619 801 2672 donec
855 2619 907 2671 in
959 2619 1236 2687 profundis
1285 2616 1534 2669 sensibus
1574 2626 1841 2678 versatur,

306 2710 449 2762 intus
477 2721 616 2772 esse,
648 2719 704 2763 et
752 2708 804 2760 in
855 2707 1200 2761 interioribus
1243 2707 1538 2760 consistere
1591 2706 1845 2759 dicendus

305 2807 406 2852 est.
433 2798 563 2852 Cum
593 2813 718 2852 vero
742 2798 975 2865 loquitur
995 2797 1060 2850 ad
1106 2797 1308 2861 turbas,
1335 2805 1391 2849 et
1416 2809 1474 2847 ea
1502 2793 1702 2862 profert
1729 2808 1846 2861 quae

305 2890 573 2944 cumciant
607 2890 670 2944 iis
697 2889 786 2958 qui
830 2888 961 2940 foris
1005 2896 1151 2951 sunt,
1183 2896 1238 2940 et
1279 2900 1396 2954 quae
1435 2894 1610 2953 putest
1658 2885 1845 2952 vulgus

2147 421 2506 525 Quod-dixit,
2537 421 2678 519 quia
2710 452 3036 500 assumens
3063 437 3132 488 de
3165 429 3413 499 spiritu
3444 421 3661 528 .bloysi,

1928 557 2072 610 dedit
2107 551 2456 620 septuaginta
2492 540 2835 598 senioribus
2883 528 3207 600 spiritum,
3250 535 3384 574 non
3444 527 3530 568 ita
3576 531 3665 565 m-

1931 643 2137 709 telligas
2169 617 2330 706 quasi
2397 628 2760 686 materialem
2823 621 3094 686 aliquam
3143 617 3668 709 corporeamque

1929 705 2290 785 substantiam
2321 724 2590 778 auferens
2623 719 2778 771 Deus
2817 728 2849 764 a
2883 709 3098 778 Moyse
3141 705 3212 757 in
3275 705 3668 766 septuaginta

1929 820 2163 875 secuerit
2191 817 2504 886 portiones,
2546 821 2604 864 et
2640 809 2718 861 ita
2758 802 3097 868 unicuique
3144 794 3504 886 seniorum
3539 786 3669 886 esi-

1930 926 2090 978 gnam
2121 878 2458 976 particulam
2497 900 2744 956 dederit.
2803 893 3066 961 Impium
3126 895 3242 978 est
3306 884 3399 936 ita
3431 878 3675 978 intelli-

1930 966 2059 1071 gere
2097 966 2352 1051 naturam
2393 991 2639 1061 Spiritus
2683 985 2906 1041 sancti.
2947 978 3071 1034 Sed
3112 977 3258 1046 _hoc
3297 969 3492 1071 III-0110
3525 966 3674 1036 ﬁgu-

1930 1059 2045 1142 ram
2079 1085 2297 1152 mystici
2335 1059 2498 1149 hujus
2523 1074 2813 1133 sermonis
2849 1071 3136 1129 adverte,
3169 1061 3371 1152 quasi
3413 1059 3672 1152 bioyses,

1931 1186 1981 1230 et
2011 1146 2240 1244 spiritus
2268 1171 2364 1241 qui
2397 1146 2519 1224 erat
2559 1167 2614 1220 iu
2657 1163 2905 1233 Moyse,
2957 1151 3320 1212 clarissimi
3363 1146 3676 1244 cujusdam

1933 1240 2150 1320 luminis
2214 1240 2386 1316 fuerit
2448 1261 2718 1319 lucerna,
2781 1268 2858 1307 ex
2899 1264 3025 1319 qua
3062 1246 3238 1300 alias
3285 1240 3678 1308 septuaginta

1932 1358 2187 1409 lucernas
2232 1348 2558 1405 accenderit
2601 1346 2756 1398 Deus
2789 1381 2807 1407 ,
2847 1341 2924 1393 ad
2955 1351 3125 1406 quas
3167 1335 3261 1388 ita
3319 1326 3679 1401 principalis

1931 1447 2080 1500 illius
2127 1441 2356 1496 luminis
2409 1437 2682 1506 splendor
2742 1428 3108 1502 pervenerit
3137 1465 3160 1492 ,
3216 1433 3294 1477 ut
3343 1421 3526 1489 origo
3559 1420 3680 1487 ipsa

1932 1533 2154 1587 luminis
2185 1529 2324 1584 nihil
2357 1525 2542 1581 damni
2578 1538 2649 1577 ex
2679 1517 3066 1576 commercio
3099 1509 3546 1568 derivationis
3579 1521 3680 1563 ae-

1932 1621 2159 1689 ceperit.
2187 1620 2256 1672 Et
2291 1619 2395 1671 hoc
2424 1613 2591 1669 modo
2620 1611 2712 1680 pie
2743 1607 3131 1676 intelligitur
3163 1601 3348 1671 quod
3387 1599 3681 1689 scripturn

1935 1688 2017 1766 est
2058 1712 2140 1774 ³³,
2175 1727 2196 1760 ι
2233 1708 2361 1776 quia
2406 1704 2637 1759 abstulit
2675 1699 2977 1754 Dominus
3031 1696 3115 1750 de
3170 1693 3415 1762 spiritu
3469 1688 3679 1760 Moysi,

1936 1810 1990 1855 ct
2023 1800 2178 1853 dedit
2214 1797 2568 1866 septuaginta
2601 1791 2971 1848 senioribus.
3002 1805 3028 1840 ι

2006 1891 2059 1942 5.
2087 1888 2192 1944 Sed
2221 1888 2512 1941 videamus
2555 1883 2692 1954 quid
2734 1889 2829 1935 est
2861 1877 3034 1946 quod
3065 1878 3165 1932 ait
3197 1877 3266 1931 in
3300 1887 3683 1943 consequen-

1940 1981 2124 2034 tibus:
2155 1999 2173 2030 ι
2207 1977 2276 2031 Ει
2310 1977 2610 2046 requievit,
2648 1975 2842 2043 inquit
2879 1972 2934 2004 ³⁵
2957 2011 2974 2036 ,
3014 1985 3226 2038 super
3255 1984 3371 2023 eos
3407 1969 3677 2037 spiritus,

1938 2081 1994 2124 et
2021 2069 2420 2139 prophetarum
2441 2081 2663 2120 onmes.
2696 2083 2717 2115 ι
2755 2063 3203 2131 Requiescere
3236 2060 3535 2128 spiritum
3569 2074 3676 2110 non

1941 2164 1994 2216 in
2023 2161 2441 2230 quibuscunque
2465 2157 2799 2210 hominibus
2834 2154 3116 2222 legimus
3159 2169 3178 2205 :
3216 2151 3333 2206 sed
3365 2152 3427 2204 in
3460 2149 3678 2204 sanctis

1939 2264 1996 2308 et
2042 2253 2239 2306 beatis.
2283 2249 2608 2318 Requiescit
2641 2250 2802 2300 enim
2863 2247 3146 2314 spiritus
3189 2245 3306 2298 Dei
3358 2244 3420 2296 in
3477 2242 3551 2293 iis
3582 2240 3677 2308 qui

1944 2344 2142 2397 modo
2173 2349 2299 2394 sunt
2334 2342 2501 2393 corde
2524 2380 2539 2404 ,
2573 2349 2631 2392 et
2667 2338 2725 2391 in
2761 2338 2982 2405 iis’qui
3047 2336 3413 2405 puriﬁcant
3455 2333 3679 2387 animas

1943 2447 2068 2485 suas
2101 2446 2131 2484 a
2173 2439 2400 2497 peccato
2439 2445 2453 2481 :
2489 2429 2640 2482 sicut
2679 2428 3046 2482 econtrario
3087 2443 3228 2481 non
3271 2426 3579 2480 inhabitat
3623 2425 3679 2475 iu

1943 2537 2170 2591 corpore
2225 2519 2449 2574 subdito
2502 2518 2799 2587 peccatis,
2868 2518 3144 2572 etiamsi
3199 2517 3518 2572 habitavit
3573 2514 3678 2569 alio

1944 2612 2160 2679 quando
2183 2610 2235 2663 in
2253 2623 2338 2663 eo.
2358 2607 2478 2661 Non
2506 2608 2656 2660 enim
2693 2615 2896 2675 potest
2935 2605 3244 2675 Spiritus
3285 2615 3542 2660 sanctus
3565 2601 3678 2674 (74)

1945 2699 2279 2754 consortium
2326 2697 2437 2764 pati
2485 2704 2542 2751 et
2592 2697 2950 2750 societatem
3002 2699 3304 2766 spiritus
3341 2697 3511 2751 mali.
3543 2695 3678 2750 Cer-

1951 2799 2059 2842 tum
2092 2798 2178 2842 est
2215 2788 2363 2842 enim
2422 2787 2636 2856 peccati
2702 2795 2985 2854 tempore
3070 2790 3318 2844 adesse
3387 2791 3447 2842 in
3514 2792 3679 2842 corde

1948 2877 2374 2944 uniuscujusque
2429 2877 2688 2943 spiritum
2750 2877 3034 2943 malum,
3113 2888 3188 2933 et
3243 2895 3439 2950 agere
3489 2890 3680 2950 partes

307 2980 514 3042 audire,
549 2979 694 3032 [oras
723 2979 918 3031 dicitur
954 2977 1154 3040 exisse,
1191 2986 1245 3029 et
1291 2976 1432 3042 loqui
1483 2975 1548 3027 ad
1593 2975 1842 3042 populum
1872 2986 1914 3040 (ς
1947 2981 2097 3020 suas.
2133 2967 2231 3019 Cui
2263 2967 2455 3033 utique
2488 2980 2615 3019 cum
2649 2965 2821 3020 locus
2853 2969 3058 3020 datur
3088 3008 3109 3034 ,
3171 2980 3242 3024 et
3309 2971 3597 3040 recipitur
3649 2985 3676 3020 a

307 3072 466 3124 verba
497 3070 722 3125 Domini.
760 3069 871 3121 Hoc
902 3068 1058 3121 video
1086 3078 1140 3121 et
1189 3067 1410 3120 Paulum
1447 3067 1656 3132 fecisse,
1687 3076 1741 3120 et
1765 3068 1847 3120 in-

312 3170 396 3214 tus
442 3162 656 3228 quidem
711 3160 895 3223 fuisse,
935 3175 1054 3212 cum
1109 3159 1310 3212 diceret
1340 3159 1386 3189 ³⁸
1419 3180 1430 3213 ;
1470 3177 1487 3208 ι
1521 3157 1846 3226 Sapientiam

311 3257 484 3302 autem
515 3249 783 3316 loquimur
820 3251 960 3302 inter
1004 3249 1291 3316 perfectos,
1322 3247 1635 3314 sapientiam
1668 3257 1847 3300 autem

313 3353 420 3390 non
455 3336 614 3403 hujus
638 3339 848 3400 tnundi,
883 3351 1054 3404 neque
1089 3337 1386 3404 principum
1422 3335 1578 3401 hujus
1629 3337 1847 3401 mundi,

310 3426 399 3494 qui
449 3427 809 3480 destruentur.
858 3427 961 3480 Sed
992 3425 1260 3493 loquimur
1309 3425 1400 3477 Dei
1449 3426 1764 3492 sapientiam
1799 3427 1850 3479 in

315 3515 566 3584 mysterio
587 3514 976 3575 absconditam,
1002 3529 1162 3582 quam
1195 3526 1350 3564 nemo
1374 3512 1670 3580 principum
1699 3513 1854 3580 hujus

315 3603 498 3656 mundi
527 3604 790 3670 cognovit.
831 3622 849 3653 ι
894 3602 1050 3655 Vides
1085 3602 1351 3668 quomodo
1382 3601 1522 3654 intus
1554 3609 1654 3663 est,
1686 3610 1741 3654 et
1775 3603 1854 3654 in-

317 3701 466 3745 terna
496 3699 654 3758 atque
677 3707 872 3745 arcana
897 3691 1090 3744 divina:
1135 3691 1412 3758 sapientiai
1446 3699 1690 3758 penetrat
1713 3690 1853 3742 Pau-

317 3781 424 3845 lus,
455 3796 572 3835 cum
602 3781 713 3834 hinc
742 3780 998 3847 loquitur.
1023 3780 1152 3832 Cum
1178 3788 1356 3832 autem
1385 3780 1625 3844 procedit
1673 3779 1736 3831 ad
1765 3793 1857 3847 po-

315 3871 657 3939 pulum,audi
681 3870 804 3937 quid
838 3869 1070 3936 loquitur
1098 3869 1141 3900 ⁸⁷
1177 3885 1192 3923 :
1225 3869 1386 3937 287
1421 3887 1441 3918 ‹
1473 3868 1656 3922 Omnis
1680 3883 1856 3921 sermo

321 3960 490 4014 malus
530 3960 595 4012 de
620 3973 713 4011 ore
733 3967 913 4011 vestro
941 3973 1045 4010 non
1069 3961 1359 4025 procedat;
1398 3977 1417 4009 ι
1453 3968 1506 4011 et
1537 3975 1550 4010 :
1584 3976 1602 4008 ‹
1643 3957 1745 4022 Qui
1770 3955 1856 4008 fu-

320 4047 559 4110 rabatur,
583 4045 694 4111 jam
735 4060 837 4096 non
873 4045 1179 4108 foretur”;
1222 4065 1240 4097 ι
1277 4054 1330 4098 et
1363 4061 1377 4097 :
1409 4063 1426 4095 ι
1483 4043 1859 4110 Unusquisque

320 4136 404 4188 vir
434 4150 656 4189 uxorem
705 4147 855 4186 suam
900 4133 1093 4187 habeat
1119 4138 1198 4201 '°;
1244 4155 1262 4188 ι
1297 4145 1388 4190 et:
1427 4152 1445 4185 ι
1479 4135 1860 4203 Unusquisque

320 4225 622 4292 proximum
675 4237 830 4281 suum
887 4223 1026 4276 sicut
1077 4226 1309 4293 seipsum
1359 4224 1545 4289 diligat
1568 4225 1648 4286 '°;
1695 4243 1713 4276 ι
1759 4235 1854 4278 et:

1950 3057 2102 3110 nobis
2136 3069 2231 3124 per
2277 3055 2644 3123 cogitationes
2691 3057 2886 3109 malas
2915 3096 2934 3121 ,
3008 3069 3091 3112 et
3149 3061 3679 3129 concupiscentias

1948 3145 2229 3214 pessimas,
2267 3145 2655 3209 contristatus,
2693 3154 2776 3209 et,
2818 3155 2888 3199 ut
2954 3148 3051 3201 ita
3095 3151 3320 3205 dicam
3354 3194 3372 3217 ,
3429 3168 3678 3219 coangu-

1951 3244 2126 3289 status
2174 3234 2392 3302 fugatur
2430 3235 2499 3286 de
2546 3235 2711 3288 nobis
2743 3234 3029 3302 Spiritus
3095 3250 3396 3296 sanctus.
3448 3241 3681 3310 PrOpter

1951 3325 2171 3393 quodet
2203 3325 2498 3392 Apostolus
2536 3325 2728 3379 sciens
2783 3326 2921 3381 haec
2957 3328 3054 3381 ita
3111 3333 3440 3397 accidere,
3493 3347 3682 3386 mone-

1951 3418 2044 3470 bat
2071 3416 2260 3469 dicens
2297 3434 2310 3468 :
2348 3433 2367 3465 ‹
2398 3414 2580 3468 Nolite
2609 3417 2983 3472 contristare
3011 3419 3355 3489 Spiritum
3393 3432 3678 3485 sanctum,

1955 3507 2006 3560 in
2054 3520 2160 3574 quo
2211 3505 2410 3573 signati
2460 3507 2598 3558 estis
2640 3506 2699 3559 in
2735 3507 2834 3562 die
2890 3511 3416 3582 redemptionis.
3451 3535 3473 3568 ι
3511 3515 3682 3584 Igitur

1954 3605 2241 3665 peccantes
2279 3595 2688 3650 contristamus
2745 3598 3066 3667 Spiritum
3126 3617 3433 3660 sanctqu
3478 3624 3496 3660 :
3540 3606 3684 3675 juste

1940 3702 2083 3739 vero
2143 3694 2367 3752 agentes
2425 3694 2480 3738 ct
2537 3697 2760 3747 sancte.
2831 3692 3142 3758 requiem
3201 3698 3263 3751 ei
3300 3713 3586 3766 paramus
3629 3702 3682 3751 in

1957 3775 2128 3828 nobis.
2157 3773 2312 3828 Unde
2351 3783 2407 3826 et
2446 3777 2601 3842 quod
2636 3792 2796 3830 nunc
2834 3780 2924 3832 ait
2965 3781 3052 3836 de
3096 3785 3526 3859 Septuaginta
3559 3804 3684 3858 pre-

1956 3868 2210 3936 sbttleriS.
2241 3868 2368 3936 quia
2412 3870 2700 3936 requievit
2764 3873 2824 3927 in
2899 3879 2995 3932 cis
3058 3884 3354 3950 spiritus
3391 3927 3409 3951 ,
3467 3887 3682 3939 laudent

1956 3960 2077 4011 vitae
2103 3973 2289 4012 eorum
2323 3968 2378 4011 et
2406 3959 2647 4015 virtutes
2700 3969 3026 4033 exposuit.
3069 3972 3383 4046 Denique
3415 3980 3552 4047 quia
3591 3993 3688 4047 Im-

1959 4047 2114 4100 ritate
2141 4046 2317 4100 cordis
2343 4061 2536 4100 eorum
2567 4059 2626 4103 et
2653 4049 3019 4112 sinceritate
3054 4067 3344 4130 mentis,
3400 4046 3578 4136 atque
3595 4046 3687 4119 in-

1961 4137 2265 4204 tclligentite
2327 4137 2640 4204 capacitate
2698 4146 3007 4211 requievit
3105 4153 3404 4224 spirims
3460 4171 3686 4213 sanctus

1961 4227 2216 4318 continuo
2241 4234 2293 4279 et
2315 4236 2580 4294 operatur
2616 4229 2672 4282 in
2713 4233 2824 4298 eis,
2865 4251 2983 4292 nec
3021 4246 3257 4299 οιῑυηι
3291 4252 3560 4318 paulo...
3598 4250 3684 4302 ubi

327 4335 348 4366 ι
388 4313 730 4381 Unaquaeque
757 4311 948 4365 mulier
980 4314 1150 4366 virum
1183 4331 1335 4368 suum
1371 4316 1566 4368 habeat
1589 4315 1652 4364 ³².
1683 4331 1700 4364 ι
1732 4313 1857 4367 Haec
1889 4302 1931 4352 Ῑ)
1961 4315 2218 4384 operandi
2263 4318 2494 4370 materia
2533 4319 2700 4387 digna
2737 4329 3151 4394 suppeditat.
3197 4302 3312 4393 Ait
3338 4302 3512 4394 enim
3539 4302 3688 4394 Scri-

329 4416 384 4461 et
408 4405 452 4460 si
480 4419 583 4472 qua
611 4403 910 4469 huiusmodi
951 4413 1076 4458 sunt
1095 4445 1110 4470 ,
1139 4405 1338 4460 Paulus
1374 4407 1659 4459 secundum
1715 4404 1859 4474 Moy-

325 4497 401 4551 sis
428 4497 649 4548 formam
684 4491 826 4546 foras
849 4494 1049 4555 exiens,
1089 4496 1152 4547 ad
1187 4497 1438 4564 populum
1468 4495 1725 4560 loquitur.

393 4586 449 4640 2.
487 4582 593 4637 Sed
624 4583 900 4635 videamus
931 4594 983 4636 ct
1009 4585 1147 4637 aliud
1175 4595 1369 4654 caput,
1405 4588 1455 4638 in
1487 4601 1592 4653 quo
1631 4585 1862 4638 refertur

325 4673 470 4743 quod
511 4670 843 4739 septuaginta
893 4670 1034 4724 viros
1079 4673 1300 4740 elegerit
1343 4675 1550 4743 Moyses
1581 4689 1645 4725 ex
1677 4675 1856 4728 senio-

329 4766 478 4820 ribus
522 4762 698 4831 populi
737 4774 790 4815 et
846 4762 1089 4817 habuerit
1138 4781 1230 4821 eos
1277 4776 1399 4819 ante
1462 4764 1858 4816 tabernaculum

331 4851 642 4913 testimonii,
677 4861 731 4904 et
777 4851 839 4904 de
882 4855 1072 4920 spiritu
1104 4855 1268 4925 Moysi
1302 4854 1570 4922 accipiens
1597 4852 1735 4904 Deus
1766 4854 1860 4906 de-

329 4945 467 5000 derit
501 4942 831 5010 septuaginla
864 4944 1182 5010 senioribus,
1212 4965 1230 4996 ι
1252 4955 1303 4999 et
1335 4960 1453 4999 cum
1494 4945 1859 5010 requiei-isset,

421 5081 467 5112 “
498 5076 650 5131 Num.
684 5096 758 5140 xu,
784 5078 868 5132 24.
972 5081 1017 5112 ’⁸
1045 5080 1061 5132 |
1086 5081 1274 5141 Cor.tt,
1308 5081 1340 5134 6
1368 5089 1422 5132 ct
1456 5092 1605 5144 seqq.

329 5151 494 5215 v,’53.
569 5149 611 5181 ³⁸
641 5149 658 5200 Ι
689 5149 814 5202 Cor.
847 5163 938 5214 vn,
967 5149 1023 5202 2.
1115 5150 1157 5181 ³³
1186 5150 1341 5202 Num.
1376 5163 1449 5212 xl,
1483 5146 1572 5198 25.
1643 5146 1686 5176 ³³
1713 5146 1820 5201 ibid

406 5286 516 5355 (‘73)
554 5285 608 5340 In
641 5289 866 5355 vulgatis
884 5289 1203 5342 editionibus
1226 5287 1374 5341 deest
1395 5303 1413 5334 ι
1443 5293 1495 5355 et
1526 5285 1856 5355 imperium,»

343 5353 482 5420 quod
505 5353 782 5421 suppletur
810 5371 838 5409 e
860 5359 1043 5411 codice
1076 5357 1256 5408 Sancti
1283 5353 1621 5408 Theodorici.

412 5421 524 5492 (η)
557 5421 678 5474 Non
711 5427 846 5492 enim
893 5432 1056 5492 potest
1101 5423 1326 5490 Spiritus
1355 5433 1561 5492 sanctus
1582 5459 1597 5484 ,
1637 5431 1741 5492 etc.
1777 5421 1868 5477 Sic

349 5487 456 5556 fere
489 5487 707 5556 llermas
741 5491 832 5543 lib.
863 5487 920 5554 η’,
953 5487 1186 5545 mandat.
1223 5493 1276 5552 5,
1312 5505 1429 5556 pag.
1461 5489 1564 5541 47:
1598 5505 1616 5537 ε
1649 5489 1796 5553 Quod
1823 5493 1866 5543 si

350 5550 618 5607 iracundia
667 5556 844 5626 aliqua
889 5550 1292 5630 supervenerit,
1314 5550 1581 5614 continuo
1638 5550 1870 5628 Spiritus

1679 5080 1721 5109 ’⁷
1761 5079 1954 5148 Epltes.
1986 5096 2058 5140 IV,
2085 5079 2175 5136 ‘39.

1679 5148 1686 5174 '
1713 5148 1820 5201 ibid
1894 5149 1938 5178 ⁸⁵
1966 5149 2096 5202 ibid.
2173 5169 2175 5177 ·

1966 5165 2096 5202 ιυιιι.

1964 4413 2117 4472 ptnra
2155 4421 2167 4456 :
2199 4403 2318 4496 4_Et
2354 4405 2630 4496 requievit
2661 4408 2715 4462 in
2744 4413 2834 4465 eis
2867 4417 3165 4484 spiritus
3198 4434 3266 4478 et
3302 4430 3688 4496 prophetare-

1966 4500 2107 4544 runt.
2145 4509 2163 4542 ι
2215 4489 2272 4543 In
2310 4493 2567 4548 omnibus
2609 4511 2747 4566 ergo
2796 4503 2900 4567 qui
2956 4489 3543 4580 propheta-verunt
3603 4531 3687 4570 re-

1965 4582 2166 4677 quievit
2209 4581 2448 4677 Spiritus
2487 4595 2739 4653 sanclus,
2774 4606 2887 4647 nec
2917 4603 3161 4656 tamen
3204 4606 3271 4659 im
3309 4610 3521 4677 aliquo
3545 4609 3692 4677 ipso-

1968 4687 2083 4724 rum
2117 4671 2188 4767 ita
2223 4675 2495 4742 requievit
2527 4678 2673 4732 sicut
2706 4681 2763 4734 in
2797 4681 3196 4748 Salvatore.
3233 4671 3510 4766 Propter
3549 4671 3693 4767 quod

2052 4763 2316 4859 scriptum
2351 4776 2432 4820 est
2463 4767 2531 4822 de
2569 4783 2635 4823 eo
2661 4770 2732 4836 ³⁸,
2772 4775 2912 4840 quia
2963 4795 2986 4828 ε
3017 4786 3248 4840 exibit
3293 4763 3470 4859 virga
3502 4763 3583 4845 de:
3610 4805 3693 4842 ra-

1969 4850 2086 4902 dice
2117 4849 2270 4906 Jesse
2304 4863 2362 4907 et
2400 4855 2500 4910 llos
2549 4859 2617 4912 de
2671 4864 2871 4917 radice
2930 4868 3087 4935 ejus
3139 4849 3462 4932 ascendEt
3501 4889 3559 4932 et
3605 4893 3692 4931 re-

1971 4943 2210 5010 quiescet
2238 4960 2406 5016 super
2437 4966 2561 5004 eum
2603 4952 2835 5020 spiritus
2877 4957 3015 5027 Dei,
3070 4968 3357 5035 spiritus
3393 4973 3695 5042 sapientia:

2173 5124 2218 5182 tu
2249 5084 2481 5225 l'sl'aibxitll’.
2723 5088 2770 5119 ‘°
2801 5090 2820 5143 ι
2847 5089 2994 5150 Cor.
3026 5111 3161 5168 vu,
3194 5103 3266 5157 2.

3391 5106 3443 5136 ³⁸
3483 5106 3692 5178 Ephes.

2281 5299 2377 5368 qui
2421 5301 2480 5356 in
2527 5311 2597 5388 te.
2625 5309 2742 5388 est,
2795 5308 3308 5379 angustiahitur,
3367 5328 3431 5372 et
3475 5328 3693 5388 quaeret

1968 5360 2350 5456 disasters
2543 5360 2751 5428 suum
2805 5360 3341 5456 (ιιιῖέαλιεῗῖίῖὶίἔιῖε
3369 5360 3688 5456 "arma

2368 5425 2512 5514 p.55];
2533 5425 2910 5525 .éthll,”a|;lld
2941 5425 3102 5525 apta
3117 5425 3687 5525 bi??-

2278 5499 2693 5592 llléronymuur
2716 5499 2814 5592 lib;
2823 5580 2834 5591 .
2848 5526 2899 5592 tt
2933 5499 3257 5592 adversus"

1972 5573 2028 5616 ει
2071 5578 2226 5638 “llud
2272 5573 2464 5647 alios:
2499 5573 2626 5649 item
2658 5580 2883 5642 comm.
2913 5588 3175 5653 oportet.
3219 5573 3683 5661 lib:
