3838 6226
155 804 242 854 iiib

177 895 290 951 quo

214 983 274 1017 VS.

1552 369 1622 423 ΠΝ
1655 368 1979 424 ΝυὶῐΕῐὶΟΞ
2017 367 2309 424 HOMILIA
2342 361 2430 418 Vl.

756 471 1020 541 uirium
1051 472 1251 542 consilii
1294 487 1362 534 et
1402 486 1670 551 virtutis,.
1694 488 1916 556 spiritus
1944 491 1985 548 Α
2019 497 2128 551 tur,
2157 502 2260 562 non
2286 484 2354 539 de
2389 481 2586 552 Spirituu
2615 497 2802 541 sancto
2834 489 3039 547 locutus
3081 494 3172 557 sit,
3208 493 3300 547 sed
3341 493 3406 549 de
3450 496 3564 563 spi-

343 443 679 529 lellcetus,
713 479 752 523 ε

996 613 1020 636 .
1092 582 1142 630 et
1207 570 1466 636 replebit
1525 590 1648 629 eum
1701 579 1921 644 spiritus

603 655 823 739 imum.
863 670 890 704 ι
993 658 1112 715 Sed
1181 655 1426 713 fortasse
1485 662 1613 716 dicit
1661 663 1855 731 aliquis
1905 681 1920 717 :

246 725 324 830 ;‘
429 725 732 830 amplius
802 749 1138 803 ostendisti
1201 746 1474 815 scriptum
1534 751 1600 805 de
1667 725 1922 816 Christo,

289 850 404 913 ό,
439 905 452 917 δ
485 814 586 917 (ἱεξῇ
622 825 900 897 reliquis
1013 814 1347 892 hominibus.
1418 840 1570 895 Sicuut
1645 843 1785 896 eniun
1859 814 1925 897 de

281 910 499 998 "eris
535 910 770 970 dictum
809 933 939 987 est,
977 929 1116 995 quia
1151 925 1412 993 requievit
1460 943 1620 996 super
1678 945 1768 984 eos
1793 969 1810 993 ,
1851 931 1924 984 ita

241 997 299 1097 ἒξ
359 999 450 1055 Ae
469 997 794 1063 Salvatore
829 1012 1071 1069 dictum
1100 1027 1202 1078 est,
1229 1034 1248 1066 ι
1284 1018 1580 1082 requiescit
1615 1032 1778 1085 super
1802 1033 1922 1072 eum

291 1095 543 1185 Svr'utus
572 1095 709 1152 Dei.
743 1117 766 1150 ι
812 1101 938 1156 Sed
971 1105 1105 1159 vide
1131 1107 1250 1173 quia
1297 1120 1461 1174 supra
1519 1107 1717 1160 nuullum
1763 1107 1920 1161 aliuuuu

344 1190 562 1262 spiritus
608 1189 712 1244 Dei
760 1192 1126 1259 requievisse
1189 1195 1524 1261 septenuplici
1573 1196 1674 1250 luac
1726 1197 1925 1250 virtute

351 1282 698 1346 describitur,
732 1297 837 1349 per
874 1283 1028 1349 quod
1068 1283 1200 1350 {sine
1243 1283 1407 1337 duubio
1454 1284 1565 1352 ipsa
1621 1285 1704 1338 illa
1757 1287 1924 1340 diviuui

361 1375 594 1443 Spiritus
615 1373 954 1435 substantia,
990 1388 1113 1440 quae
1141 1373 1268 1441 quia
1300 1389 1406 1426 uno
1439 1375 1654 1428 nomine
1689 1391 1791 1429 non
1827 1391 1922 1443 po-

355 1472 538 1525 terat,
595 1461 834 1515 diversis
884 1463 1170 1516 vocabulis
1217 1462 1550 1528 explanatur,
1587 1465 1924 1532 requiescere

348 1566 519 1616 super
548 1551 765 1618 virgam
795 1565 918 1618 qua:
947 1551 1017 1604 de
1049 1551 1219 1618 stirpe
1247 1549 1398 1606 Jesse
1429 1555 1758 1620 procederet,
1795 1569 1923 1622 pro-

341 1643 635 1709 pluetatur.
693 1639 883 1693 llabeo
917 1648 970 1692 et
1001 1639 1146 1693 aliud
1197 1643 1556 1696 testimonium
1595 1659 1699 1710 quo
1733 1645 1925 1697 docere

340 1747 576 1800 possum
609 1732 664 1782 itu
703 1731 938 1784 Dumiuuo
963 1739 1017 1783 et
1053 1730 1339 1784 Salvatore
1370 1747 1488 1784 nueo
1522 1732 1776 1799 Spiritum
1809 1734 1923 1787 exi-

336 1822 457 1875 mio
491 1820 747 1888 quuodam
797 1833 1018 1885 genere,
1056 1829 1110 1872 et
1142 1819 1296 1888 louuge
1344 1821 1500 1874 aliter
1546 1823 1876 1889 requievisse
1905 1859 1920 1885 ,

332 1933 512 1984 qnam
551 1917 806 1972 refertur
835 1917 892 1970 in
927 1916 1157 1970 caeteris.
1193 1917 1335 1970 Dicit
1373 1919 1514 1970 enim
1550 1916 1784 1972 Joannes
1822 1917 1924 1969 Ba-

329 2007 517 2074 ptista
560 2007 631 2060 de
674 2021 743 2060 eo
780 2007 827 2038 “
859 2023 873 2058 :
915 2024 936 2056 ι
975 2005 1075 2071 Qui
1108 2007 1258 2059 misit
1288 2021 1373 2060 me
1396 2007 1666 2073 baptizare
1689 2007 1748 2060 in
1765 2023 1922 2075 aqua,

332 2093 437 2147 ille
464 2094 606 2147 milui
641 2093 792 2146 dixit
820 2108 836 2147 :
869 2093 1046 2160 Super
1082 2107 1238 2159 quem
1289 2093 1488 2146 videris
1531 2095 1777 2162 spirituum
1829 2096 1924 2148 de-

327 2184 716 2237 ascendentem
744 2222 759 2246 ,
810 2192 869 2236 et
919 2193 1226 2236 manenteun
1277 2183 1329 2235 iu
1373 2198 1476 2248 eo,
1517 2201 1534 2234 ι
1583 2185 1693 2252 ipse
1721 2195 1822 2238 est.
1866 2185 1921 2239 Si

331 2271 585 2325 dixisset
633 2289 654 2322 ε
691 2272 951 2339 spiritum
994 2273 1411 2327 descendentem
1434 2311 1448 2333 ,
1485 2291 1504 2324 ι
1556 2283 1610 2326 et
1643 2289 1746 2326 non
1776 2274 1926 2326 aduli-

329 2359 522 2412 disset
572 2377 592 2408 u
625 2368 947 2412 manenteuu
999 2361 1052 2412 iuu
1096 2375 1180 2422 eo,
1211 2378 1229 2409 ι
1282 2361 1414 2413 nihil
1448 2361 1772 2429 praecipuum
1815 2376 1925 2428 prae

330 2449 572 2503 cameris
597 2450 815 2503 habere
845 2449 1138 2502 videretur.
1177 2449 1328 2502 Nunc
1364 2460 1540 2503 autem
1564 2451 1784 2514 addidit,
1813 2469 1830 2501 ι
1871 2460 1925 2506 et

333 2548 670 2591 manentem
705 2539 760 2590 in
800 2551 892 2602 eo,
931 2557 950 2588 ι
991 2546 1047 2591 ut
1075 2547 1222 2592 esset
1272 2538 1373 2592 luoc
1414 2540 1624 2607 signuum
1659 2540 1711 2592 in
1741 2538 1927 2592 Salva-

338 2633 510 2689 tore,
545 2626 700 2695 quuod
746 2627 801 2678 in
838 2627 985 2680 nullo
1031 2626 1140 2680 alio
1187 2635 1368 2693 posset
1407 2627 1638 2680 ostendi.
1675 2629 1749 2681 De
1780 2630 1925 2683 nullo

339 2716 501 2767 enim
535 2717 812 2782 scriptum
848 2726 976 2779 est,
1023 2715 1148 2783 quia
1191 2717 1446 2769 mauuserit
1482 2717 1534 2768 in
1584 2730 1648 2769 eo
1693 2716 1923 2784 Spiritus

338 2812 607 2858 sanctus.
638 2803 711 2857 Et
749 2818 819 2858 ne
851 2804 972 2871 quis
1006 2819 1093 2859 me
1117 2813 1267 2873 putet
1297 2803 1348 2858 in
1379 2803 1481 2857 luoe
1515 2807 1772 2873 derogare
1804 2821 1918 2874 pro-

335 2890 558 2957 lhetis,
595 2893 791 2946 sciunt
823 2893 924 2960 ipsi
965 2893 1088 2961 quia
1130 2907 1237 2947 non
1283 2894 1361 2947 eis
1385 2893 1604 2960 derogo,
1637 2892 1924 2960 prwfcrens

335 2980 436 3034 eis
494 2980 798 3034 Douuuinum
850 2995 1028 3034 meum
1081 2981 1262 3035 Jesum
1311 2980 1608 3034 Christum.
1664 2980 1925 3034 Recoluuuut

332 3069 502 3122 enim
533 3068 743 3136 singuli
774 3069 918 3122 dicta
944 3083 1064 3132 sua,
1090 3080 1143 3122 et
1169 3069 1446 3122 inveniunt
1483 3069 1622 3136 quuod
1667 3071 1735 3122 de
1779 3070 1922 3123 nullo

335 3159 462 3211 alio
489 3159 704 3212 dictum
741 3168 830 3212 est
859 3159 940 3223 ³⁷,
979 3160 1101 3226 quia
1136 3177 1155 3210 ι
1187 3168 1462 3228 peccatum
1498 3174 1602 3212 non
1655 3159 1796 3224 fecit,
1823 3174 1922 3213 uuec

333 3249 614 3301 iuventus
647 3257 735 3302 est
764 3248 923 3302 dolus
967 3249 1020 3301 iu
1069 3263 1163 3302 ore
1211 3247 1348 3314 ejus.
1384 3267 1403 3298 ›
1443 3248 1572 3312 Quia
1607 3249 1747 3303 enim
1773 3248 1920 3302 solus

335 3345 438 3391 est
485 3338 610 3392 sine
663 3348 918 3405 peccato,
963 3339 1052 3406 qui
1095 3347 1370 3407 peccatum
1410 3354 1514 3392 non
1543 3338 1696 3402 fecit,
1723 3339 1921 3392 idcirco

339 3429 406 3482 in
440 3429 559 3496 ipso
599 3430 720 3484 solo
761 3431 967 3484 mansit
1006 3438 1060 3483 et
1107 3431 1400 3497 permansit
1426 3429 1673 3496 Spiritus.
1700 3430 1755 3484 Si
1778 3430 1920 3483 enim

340 3517 474 3584 ipse
505 3529 595 3572 est
627 3520 697 3573 de
729 3534 844 3586 quo
887 3517 1168 3586 singulare
1210 3517 1409 3585 aliquuid
1450 3528 1503 3570 et
1543 3518 1796 3570 eximium
1843 3519 1922 3571 di-

335 3608 511 3667 citur,
542 3607 650 3660 hoc
689 3608 841 3675 quod
886 3621 1051 3672 supra
1087 3605 1317 3658 diximus
1345 3606 1468 3672 quia
1494 3615 1768 3672 peccatum
1815 3620 1920 3660 non

337 3694 502 3758 fecit,
534 3704 762 3748 constat
820 3694 1058 3761 reliquos
1108 3706 1293 3745 omnes
1337 3694 1507 3746 fuisse
1549 3695 1647 3745 sub
1679 3701 1919 3761 peccato.

342 3786 410 3839 Si
455 3800 656 3840 omnes
685 3824 702 3850 ,
758 3784 1072 3838 necessario
1125 3793 1179 3838 et
1221 3785 1528 3852 prophetas.
1563 3783 1630 3836 Et
1660 3784 1923 3852 quomodo

337 3875 649 3930 conveniet
675 3883 737 3928 ut
775 3884 1020 3942 teunpore
1056 3875 1264 3940 peccati
1299 3873 1564 3926 mansisse
1596 3873 1646 3924 iuu
1676 3872 1754 3926 eis
1778 3873 1925 3925 dica-

339 3977 474 4019 mus
495 3964 776 4032 Spiritum
815 3975 1066 4016 sanctum
1094 3979 1108 4013 :
1139 3970 1232 4014 aut
1264 3961 1307 4014 si
1356 3960 1449 4013 tibi
1498 3960 1808 4013 iuucredibile
1841 3961 1922 4012 vi-

338 4055 513 4109 detur
568 4054 878 4121 prophetas
922 4059 1210 4118 postquam
1259 4059 1578 4116 acceperant
1607 4049 1770 4116 288
1814 4049 1924 4116 spi-

339 4144 515 4197 ritum
575 4143 831 4210 potuisse
874 4156 1100 4208 peccare
1127 4177 1144 4203 ,
1215 4141 1280 4193 ad
1324 4141 1463 4192 hunc
1501 4140 1672 4206 ipsuuuu
1708 4139 1921 4208 Moysen

333 4247 509 4301 quem
546 4231 824 4284 habemus
857 4230 908 4282 iuu
945 4229 1198 4282 mauuibus
1229 4237 1587 4288 revertamur,
1623 4227 1713 4294 qui
1744 4231 1924 4294 utique

334 4323 628 4376 maximus
659 4329 750 4373 est
776 4327 832 4371 et
860 4317 1095 4370 eximius
1124 4316 1530 4384 prophetaruun.
1582 4315 1699 4382 Ipse
1750 4315 1814 4367 de
1865 4328 1926 4366 se

327 4411 561 4474 scribit,
591 4419 657 4461 et
678 4407 1054 4460 tesuiunonium
1082 4406 1177 4457 dat
1208 4405 1274 4457 de
1299 4404 1605 4470 semetipso,
1641 4403 1763 4470 quia
1805 4417 1922 4470 pec-

321 4500 552 4554 caverit
596 4498 656 4551 in
695 4509 762 4549 eo
790 4508 900 4564 quo
931 4495 1074 4547 dixit
1104 4493 1151 4524 ³⁸
1189 4507 1204 4544 :
1234 4509 1253 4542 ι
1283 4491 1475 4545 Audite
1505 4507 1606 4557 me,
1643 4490 1918 4544 increduli.

317 4589 603 4659 Nunquid
647 4586 716 4639 de
761 4595 912 4654 petra
961 4586 1068 4638 ista
1117 4582 1421 4650 producere
1447 4583 1600 4636 vobis
1633 4580 1922 4646 poterimus

314 4681 582 4754 aquam?
622 4697 645 4730 ι
678 4678 736 4731 In
766 4679 834 4730 iis
859 4678 1008 4730 enim
1045 4675 1218 4730 dictis
1242 4689 1346 4727 non
1369 4676 1722 4729 sanctiﬁcavit
1750 4675 1924 4727 Domi-

309 4791 448 4832 num
488 4775 551 4825 in
592 4784 737 4837 aqua
765 4765 1232 4822 contradictionis
1277 4781 1292 4816 :
1332 4764 1381 4816 id
1415 4773 1515 4826 est,
1545 4779 1647 4818 non
1678 4772 1760 4817 est
1792 4763 1923 4816 ﬁsus

304 4867 350 4922 in
399 4865 642 4915 virtute
691 4858 809 4920 Dei,
844 4865 902 4909 et
935 4867 1048 4907 non
1081 4851 1264 4916 dixit,
1291 4852 1411 4919 quia
1446 4859 1635 4918 poteuus
1663 4863 1744 4906 est
1781 4852 1939 4905 Deus

300 4960 364 5012 de
401 4961 585 5024 petra
624 4951 727 5002 hac
756 4947 1006 5000 educere
1041 4941 1212 4994 vobis
1257 4955 1442 5008 aquam
1467 4978 1484 5004 ,
1525 4946 1618 4995 sed
1663 4943 1813 5010 quasi
1855 4954 1922 4992 ex

295 5041 642 5102 dilﬁdeuutia:
667 5035 970 5105 cujusdam
1010 5029 1326 5097 fragilitate
1374 5033 1660 5098 respondit,
1692 5032 1875 5083 dicens
1904 5044 1920 5081 :

295 5157 308 5189 ι
349 5131 635 5201 Nunquid
668 5125 1004 5197 poterimus
1050 5120 1224 5173 vobis
1267 5123 1331 5176 de
1369 5134 1514 5189 petra
1559 5121 1656 5174 luac
1698 5121 1924 5174 educere

287 5217 548 5298 aquam?
579 5241 600 5272 ι
645 5218 795 5284 Quia
834 5225 984 5279 ergo
1018 5217 1328 5276 peccatum
1355 5211 1402 5264 ei
1433 5211 1484 5262 in
1515 5209 1582 5261 iis
1624 5208 1803 5261 verbis
1838 5221 1924 5260 re-

284 5297 518 5386 putatur
543 5327 575 5365 a
605 5310 728 5363 Deo
751 5341 771 5366 .
803 5309 1049 5353 certum
1085 5302 1182 5346 est
1226 5299 1364 5363 quod
1392 5297 1501 5351 haue
1527 5311 1651 5350 cum
1679 5297 1924 5362 loquere-

344 5429 580 5484 ”Joan.
611 5440 661 5484 ἰ.
695 5417 801 5473 55.
925 5408 975 5439 ³⁷
1013 5405 1132 5457 153-
1168 5419 1290 5470 LIII,
1327 5409 1373 5464 9.
1445 5410 1486 5442 ³⁸
1511 5409 1670 5462 Num.
1703 5425 1794 5472 xx,
1828 5407 1911 5460 10.

279 5517 369 5563 xuu,
397 5500 448 5552 2.

333 5591 449 5660 (75)

273 5663 371 5723 illo,
401 5666 518 5710 etc.

505 5577 730 5634 Carent
781 5560 1025 5634 quid”)!
1076 5567 1344 5634 lfactare,
1371 5579 1455 5615 nec
1481 5573 1654 5617 tamen
1695 5573 1922 5628 teunpore

555 5619 719 5699 inii;
748 5619 810 5685 iui
847 5623 1057 5679 libello
1094 5619 1180 5673 De
1203 5619 1437 5684 oratione
1471 5634 1567 5686 sub
1598 5635 1766 5686 linem
1795 5619 1920 5684 sua-

1948 3115 1990 3172 C

3463 376 3565 430 ouo

2025 578 2130 629 ritu
2159 574 2384 644 peccati.
2417 572 2564 639 Quod
2611 576 2656 628 si
2700 575 2990 647 Seriptuurae
3037 583 3341 637 testiuuonio
3381 593 3562 639 tantus

2027 665 2284 732 propheta
2327 662 2532 732 Moyses
2571 665 2876 720 ostenditur
2908 669 3192 732 aliquando
3231 673 3479 728 habuisse
3509 674 3560 726 itu

2026 768 2082 806 se
2116 753 2364 822 spirituum
2397 752 2512 814 Dei,
2539 750 2832 820 aliquando
2859 771 2986 811 vero
3003 773 3106 810 non
3134 758 3402 825 habuisse,
3435 776 3565 828 pec-

2027 843 2132 895 cati
2161 843 2370 894 scilicet
2392 851 2649 909 tempore,
2679 855 2880 899 certum
2909 855 2990 898 est
3019 846 3142 912 quuia
3167 855 3220 900 et
3243 849 3308 900 de
3336 850 3562 919 reliquuis

2027 932 2299 998 prophetis
2326 932 2519 984 similis
2552 932 2720 985 forma
2757 935 2981 987 tenenda
3015 936 3105 990 sit.
3137 935 3272 999 Quid
3305 946 3481 991 autem
3511 948 3566 993 et

2027 1021 2091 1073 de
2126 1020 2287 1073 David
2321 1021 2529 1074 dicam?
2569 1023 2657 1088 qui
2694 1037 2788 1090 pro
2825 1023 3027 1091 Spiritu
3067 1033 3274 1089 sancto,
3309 1037 3561 1095 tauquanu

2025 1111 2114 1176 quui
2145 1126 2173 1162 a
2200 1125 2260 1163 se
2281 1111 2448 1177 possit
2472 1111 2695 1176 auferri,
2727 1123 2846 1165 orat
2870 1128 2936 1166 ne
2959 1113 3233 1168 auferatur
3252 1125 3306 1169 et
3324 1117 3452 1169 dicit
3478 1118 3523 1150 "
3547 1134 3564 1174 :

2030 1215 2049 1247 ι
2081 1197 2155 1250 Ne
2186 1198 2436 1266 projicias
2467 1214 2552 1253 me
2575 1216 2602 1252 a
2628 1201 2764 1255 facie
2793 1211 2903 1267 tua,
2937 1213 2992 1256 et
3025 1202 3283 1270 Spirituun
3317 1215 3560 1259 sauuctum

2028 1294 2173 1338 tuum
2205 1301 2270 1338 ne
2299 1287 2513 1341 auferas
2543 1302 2572 1340 a
2609 1305 2714 1342 me.
2745 1307 2766 1340 ι
2801 1290 2856 1342 1η
2894 1291 3240 1356 sequentibus
3287 1307 3415 1346 vero
3443 1301 3564 1344 tatu-

2025 1391 2186 1442 quam
2219 1392 2315 1444 pro
2353 1377 2506 1446 culpa
2551 1379 2782 1433 ablatuum
2825 1395 2851 1432 a
2899 1395 2958 1433 se
2991 1396 3181 1434 munus
3213 1383 3480 1449 reposcit,
3509 1390 3566 1436 et

2027 1463 2154 1516 dicit
2179 1477 2194 1515 :
2221 1482 2239 1514 u
2275 1464 2453 1519 Redde
2477 1467 2604 1520 milui
2630 1467 2869 1520 laztitiam
2899 1469 3152 1522 saluutaris
3179 1470 3278 1533 tui,
3301 1479 3354 1522 et
3375 1471 3563 1538 spiritu

2025 1554 2305 1622 principali
2331 1555 2586 1609 conﬁrma
2618 1572 2722 1609 me.
2755 1576 2773 1609 u
2813 1557 2950 1622 Quid
2986 1573 3112 1611 vero
3152 1559 3314 1612 etiauuu
3360 1561 3424 1612 de
3473 1558 3568 1612 Sa-

2025 1643 2232 1697 lomone
2269 1647 2718 1700 commemorem?
2765 1662 2920 1714 quem
2967 1648 3148 1716 utique
3185 1663 3342 1702 nemo
3379 1650 3564 1715 dicet,

2025 1742 2114 1785 aut
2141 1733 2257 1786 sine
2291 1733 2490 1801 Spiritu
2530 1747 2721 1790 sancto
2754 1737 3030 1804 iudicasse
3065 1738 3288 1802 judicia,
3317 1741 3400 1793 vel
3430 1749 3568 1792 tema

2025 1824 2165 1890 pluum
2205 1825 2429 1878 Donuino
2469 1827 2878 1889 couustruxisse;
2920 1836 3009 1879 aut
3054 1844 3241 1881 rursuus
3285 1830 3336 1881 iuu
3379 1840 3566 1884 sancto

2027 1912 2229 1980 Spiritu
2264 1914 2594 1968 daemonibus
2636 1917 2828 1983 templa
2875 1918 3086 1976 fecisse.
3117 1930 3208 1969 aut
3239 1919 3416 1986 impiis
3448 1935 3566 1973 mu-

2025 2005 2244 2058 lieribus
2274 2005 2488 2059 ﬂexisse
2519 2007 2686 2061 latera
2715 2022 2830 2062 sua.
2857 2008 3024 2060 Etiam
3059 2009 3143 2062 ille
3167 2011 3442 2076 propheta,
3473 2011 3562 2079 quui
3611 2065 3614 2068 .

2025 2093 2074 2144 iuu
2122 2095 2276 2146 tertio
2326 2094 2628 2162 Regnorum
2671 2097 2803 2149 libro
2854 2097 2903 2148 in
2947 2096 3130 2151 Bethel
3183 2099 3490 2151 mittebatur
3529 2114 3560 2151 a

2023 2184 2268 2244 Domiuuo,
2311 2185 2362 2236 in
2402 2184 2593 2251 spiritu
2635 2187 2818 2252 utique
2872 2185 2985 2245 Dei,
3030 2185 3191 2237 verba
3221 2184 3314 2237 Dei
3357 2185 3565 2238 locutus

2022 2283 2103 2326 est
2129 2272 2211 2325 “z
2242 2287 2344 2325 non
2380 2281 2556 2326 tamen
2599 2274 2652 2326 iuu
2691 2275 2883 2339 spiriuu
2917 2273 3009 2324 Dei
3039 2273 3422 2339 pruevaricatus
3444 2287 3564 2326 esse

2021 2370 2347 2428 praeceptum
2378 2360 2584 2414 Dounini
2610 2362 2906 2415 credendus
2932 2370 3036 2423 est,
3065 2376 3170 2428 quo
3190 2361 3370 2427 juussuus
3397 2363 3567 2414 fuerat

2026 2464 2130 2501 non
2159 2449 2481 2503 manducare
2510 2463 2700 2516 panem
2745 2450 2797 2502 in
2845 2449 3051 2513 Betluel,
3089 2458 3306 2516 propter
3335 2451 3476 2516 quuod
3510 2458 3564 2503 et

2024 2551 2053 2589 a
2082 2537 2233 2590 leone
2267 2540 2545 2605 perimitur
2575 2539 2641 2592 ⁴¹.
2677 2539 2781 2592 Sed
2832 2539 3045 2607 longuuun
3082 2549 3162 2592 est
3203 2541 3279 2591 ire
3325 2553 3420 2605 per
3459 2538 3567 2591 sin-

2022 2625 2193 2693 gulos.
2235 2625 2344 2695 Ego
2375 2637 2553 2679 auteuuu
2585 2627 2710 2680 licet
2743 2644 2845 2679 non
2892 2641 3274 2695 usquequaque
3325 2642 3564 2694 pronun-

2025 2713 2146 2766 tiem
2170 2753 2185 2778 ,
2219 2725 2346 2782 puto
2383 2725 2556 2768 tamen
2591 2717 2730 2784 quuod
2782 2717 2888 2769 sint
2939 2717 3192 2770 uuonnulla
3233 2718 3392 2770 etiam
3421 2731 3566 2770 coun-

2024 2804 2264 2854 muuuium
2319 2804 2596 2856 homiuuuum
2630 2814 2798 2871 gesta,
2828 2820 2945 2871 qua:
2970 2806 3214 2872 quamvis
3241 2814 3459 2873 peccato
3480 2819 3566 2858 ca-

2025 2899 2195 2954 reant,
2223 2905 2326 2945 non
2363 2901 2534 2945 taunen
2564 2893 2720 2961 digna
2763 2893 3047 2946 videantur
3076 2894 3272 2960 quibus
3305 2894 3564 2946 interesse

2023 2988 2268 3046 putemus
2299 2979 2552 3047 Spiritunu
2583 2991 2846 3035 sanctum.
2897 2982 2961 3036 Ut
3017 2981 3164 3035 verbi
3206 2985 3376 3050 gratia
3413 2983 3564 3036 dixe-

2025 3067 2147 3127 rim,
2175 3067 2438 3120 conuuubia
2465 3067 2680 3135 quidem
2709 3068 2938 3136 legitima
2977 3076 3162 3122 carent
3191 3069 3400 3137 quidem
3437 3084 3562 3136 pec-

2024 3163 2144 3207 cato
2173 3194 2190 3220 ,
2241 3169 2338 3208 uuee
2369 3163 2546 3208 tameuu
2595 3165 2831 3222 tempore
2863 3156 2950 3208 illo
2985 3155 3095 3225 (75)
3123 3170 3229 3221 quuo
3254 3155 3562 3223 coajugales

2021 3251 2174 3295 actus
2225 3254 2486 3310 geruntur
2523 3245 2803 3309 praesentia
2841 3244 3013 3297 sancti
3065 3243 3298 3310 Spirituus
3325 3244 3559 3306 dabitur,

2021 3332 2232 3386 etiamsi
2276 3332 2532 3399 proplueta
2560 3345 2679 3384 esse
2709 3332 2972 3396 videatur,
3003 3333 3094 3400 qui
3127 3333 3301 3386 oﬂicio
3327 3346 3554 3398 genera-

2023 3421 2183 3475 tionis
2210 3422 2550 3489 obsequuitur.
2583 3421 2685 3473 Sed
2713 3428 2766 3472 et
2791 3422 2892 3474 alia
2924 3421 3070 3487 plura
3114 3430 3256 3481 sunt,
3281 3422 3334 3473 in
3363 3422 3558 3488 quibus

2021 3507 2214 3570 subicit
2241 3509 2353 3562 sola
2379 3511 2458 3564 vis
2490 3510 2744 3570 hunuana,
2787 3519 2842 3561 et
2879 3523 3050 3575 nequue
3086 3523 3172 3561 res
3217 3507 3442 3576 indiget,
3470 3523 3563 3560 ne-

2021 3612 2124 3665 quue
2154 3600 2310 3651 decet
2339 3599 2526 3651 adesse
2568 3597 2902 3666 praesentiam
2956 3597 3188 3664 Spiritus
3230 3597 3422 3650 sauucti.
3455 3597 3561 3650 Sed

2022 3686 2072 3740 in
2119 3687 2232 3740 haec
2279 3701 2374 3753 per
2417 3701 2700 3740 excessum
2729 3686 3014 3754 quemdam
3048 3685 3395 3748 incurrimus,
3434 3685 3558 3736 dum

2021 3777 2301 3838 ostendere
2328 3774 2591 3839 volumus,
2624 3789 2782 3842 suuper
2812 3775 2984 3827 solum
3026 3773 3330 3836 Dominum,
3359 3781 3412 3825 et
3443 3772 3592 3833 Sal-_

2021 3876 2260 3919 vatnrcm
2303 3880 2476 3918 meuunu
2506 3864 2684 3918 Jesuum
2738 3865 3002 3918 mansisse
3051 3877 3263 3931 semper
3309 3862 3560 3930 spiritum

2024 3955 2137 4020 Dei,
2168 3955 2220 4008 in
2257 3955 2467 4010 caeteris
2511 3963 2690 4006 autem
2727 3954 2977 4006 omnibus
3005 3952 3232 4016 sanctis,
3263 3952 3320 4006 et'
3346 3954 3484 4006 sicut
3505 3952 3558 4005 in

2026 4043 2367 4112 Septuaginta
2427 4041 2746 4105 senioribus,
2776 4055 2805 4093 a
2837 4041 3031 4109 quuibus
3071 4040 3218 4094 verbi
3252 4040 3409 4107 hujus
3439 4053 3562 4106 pro-
3591 4059 3594 4062 '

2023 4133 2182 4186 cessit
2225 4130 2524 4194 exordium,
2555 4129 2881 4197 requievisse
2921 4138 3123 4182 tantum
3159 4129 3405 4198 spiritum
3443 4127 3557 4189 Dei.

2025 4229 2080 4274 et
2101 4229 2376 4288 operatuun
2407 4233 2526 4274 esse
2553 4219 2604 4273 in
2643 4230 2881 4288 teuupore
2909 4233 2994 4281 eo,
3023 4232 3128 4285 quuo
3151 4219 3470 4286 expediebat
3495 4218 3561 4271 iis

2023 4325 2120 4378 per
2153 4324 2284 4378 quuos
2329 4311 2676 4376 operabatur,
2719 4318 2774 4364 et
2819 4308 2946 4362 utile
2972 4316 3092 4362 erat
3135 4309 3220 4373 iis,
3243 4308 3435 4376 quibus
3462 4307 3563 4363 mi-

1952 4409 1996 4462 ι)
2023 4398 2374 4451 tuistrabatuur.

2093 4488 2146 4540 4.
2173 4485 2276 4540 Sed
2302 4475 2451 4540 etin
2486 4485 2929 4552 consequuentibus
2970 4485 3213 4539 continet
3248 4485 3405 4539 lectio
3442 4497 3562 4552 quau

2025 4578 2243 4629 recitata
2305 4584 2428 4638 est,
2477 4578 2618 4643 quod
2661 4575 2869 4644 Moyses
2921 4574 3304 4642 Etluiopissam
3349 4572 3562 4627 duuxerit

2025 4663 2516 4728 uxorem,etMaria
2536 4673 2699 4730 atque
2725 4667 2902 4719 Aaron
2933 4663 3262 4716 detraxerint
3286 4662 3352 4715 de
3380 4661 3561 4730 Moyse

2025 4768 2121 4806 cur
2151 4753 2540 4820 AﬂthiOpissam
2572 4753 2804 4813 duxerit,
2853 4761 2908 4804 et
2957 4751 3104 4803 aiunt
3128 4750 3172 4781 δ’
3205 4765 3220 4802 :
3256 4767 3276 4800 ι
3308 4749 3558 4818 Nunquid

2026 4843 2125 4896 soli
2155 4841 2319 4911 Moysi
2347 4842 2552 4894 locutus
2579 4851 2658 4894 est
2687 4841 2980 4894 Dominus?
3005 4839 3192 4894 Nonne
3228 4846 3282 4892 et
3302 4839 3455 4892 uuobis
3486 4839 3563 4891 lo-

2026 4940 2179 4986 cutus
2208 4931 2328 4984 est?
2356 4929 2422 4983 Et
2447 4931 2683 4994 audivit,
2733 4930 2939 4996 inquit,
2988 4929 3260 4982 Douuinus.
3293 4943 3311 4976 ι
3337 4925 3403 4977 Ει
3434 4934 3559 4991 post

2026 5019 2315 5084 hazcjub'et
2343 5033 2436 5072 eos
2467 5018 2616 5072 exire
2665 5019 2730 5070 ad
2779 5016 3177 5071 tabernaculum
3227 5011 3558 5073 testimonii,

2025 5118 2184 5176 atque
2233 5107 2304 5161 i‘bi
2345 5106 2545 5176 judicio
2593 5107 2820 5173 quuodam
2853 5106 3033 5159 habito
3062 5104 3276 5170 leprosa
3327 5097 3560 5150 eﬁicitur

2025 5198 2188 5252 Maria
2235 5212 2402 5265 usque
2441 5197 2506 5251 ad
2556 5209 2762 5251 certum
2800 5205 3042 5263 tempus,
3082 5199 3135 5244 et
3163 5189 3244 5242 sic
3272 5196 3564 5238 revocauuur

2025 5289 2092 5341 ad
2123 5296 2324 5341 castra.
2359 5285 2511 5351 Quod
2536 5293 2595 5338 ut
2626 5282 3052 5354 compendiosius
3077 5275 3423 5341 explicemus,
3451 5268 3566 5321 bia-

2033 5403 2075 5434 ³⁹
2099 5399 2316 5462 Psal.u.t,
2351 5396 2438 5452 i5.
2511 5397 2557 5428 “
2586 5397 2651 5450 Ill
2681 5397 2809 5463 Reg.
2841 5407 2957 5447 xm.
3029 5385 3071 5416 δ’
3113 5380 3240 5434 ibid.
3313 5374 3361 5406 δ’
3401 5373 3570 5429 Num.

1954 1797 1996 1850 Β

2027 5562 2116 5616 det
2143 5570 2196 5614 ιιι
2229 5560 2379 5612 locus
2405 5556 2492 5611 ubi
2527 5555 2893 5624 conjuugalibus
2929 5541 3138 5599 actibus
3172 5531 3326 5585 datur
3359 5540 3534 5593 opera
3559 5569 3580 5594 ,

2026 5629 2250 5685 orationi
2280 5643 2384 5682 non
2411 5627 2710 5693 deputetur.
