3838 6238
152 332 244 384 θη

1607 320 1919 376 ORIGENIS

3472 295 3611 349 61?.

155 445 295 495 riam
329 439 557 492 dicimus
579 436 806 495 formam
836 437 1085 490 habuisse
1111 436 1279 504 plebis
1302 437 1523 506 prioris;
1550 436 1690 504 Moy-
1719 439 1764 494 Α
1796 435 1903 487 veri
1937 432 2212 493 videmus,
2255 438 2315 484 et
2353 428 2556 480 dicere
2581 425 2632 456 “'
2670 442 2685 477 :
2726 441 2747 475 ι
2789 421 3028 477 Sedens
3069 418 3438 473 adversus
3473 416 3610 506 fra-

157 545 281 592 scn,
312 531 360 581 id
397 538 480 582 est
537 528 702 594 legem
744 527 949 578 Domini
983 528 1240 582 transisse
1278 527 1341 580 ad
1369 528 1686 580 connubium

153 616 497 686 Ethiopissa:
529 615 690 680 hujus
715 628 830 680 qua:
871 630 936 668 ex
961 617 1212 682 gentibus
1237 625 1554 685 congregata
1584 623 1685 668 est.

153 707 305 765 Hanc
341 723 468 778 ergo
508 709 736 778 Moyses,
785 709 834 762 id
889 718 1002 772 est,
1052 708 1134 760 lex
1181 707 1437 774 spiritalis
1487 705 1691 772 accepit

165 813 385 852 uxorem
422 817 434 851 :
468 809 521 851 et
548 813 643 865 pro
688 800 790 853 hoc
829 799 968 852 facto
997 797 1160 849 Maria
1182 835 1196 859 ,
1231 811 1348 863 quae
1377 809 1515 848 nunc
1540 809 1693 864 syna-

155 902 289 956 goga
324 897 428 952 est,
469 889 797 955 indignatur,
835 898 889 940 et
926 888 1175 947 detrahit,
1211 900 1312 938 una
1343 900 1463 939 cum
1489 885 1688 948 Aaron,

155 992 276 1030 cum
323 979 694 1032 sacerdotibus
743 978 955 1031 scilicet
999 986 1054 1030 et
1104 977 1406 1028 Pharisaeis.
1464 975 1693 1044 Derogat

154 1081 283 1136 ergo
313 1081 479 1133 usque
521 1069 571 1120 in
608 1068 924 1122 hodiernum
978 1066 1142 1135 Moysi
1195 1067 1468 1119 uobiscum
1515 1067 1690 1132 posito

154 1155 305 1222 plebs
346 1157 430 1210 illa
454 1197 469 1222 ,
506 1167 558 1210 et
597 1168 749 1225 turpe
799 1159 844 1210 ei
888 1157 1094 1209 videtur
1120 1194 1133 1218 ,
1162 1155 1284 1223 quia
1332 1155 1694 1209 circumcisio-

156 1261 275 1300 nem
304 1248 485 1300 carnis
512 1262 613 1300 non
650 1248 805 1300 docet
825 1248 960 1313 apud
991 1262 1111 1309 nos,
1142 1259 1240 1298 uec
1265 1247 1689 1298 observationem

154 1334 399 1400 Sabbaii,
441 1352 537 1390 nec
575 1337 915 1400 Neomcniaa,
964 1351 1062 1390 nec
1097 1336 1361 1389 sacriﬁcia
1393 1337 1688 1404 sanguinis,

153 1427 246 1478 sed
299 1427 764 1480 circumcisionem
815 1427 992 1480 cordis
1022 1464 1037 1487 ,
1084 1434 1138 1480 et
1181 1426 1433 1492 peccandi
1478 1427 1643 1480 otium
1671 1464 1687 1490 ,

158 1515 380 1583 diesque
412 1516 578 1570 festos
608 1517 658 1569 in
688 1518 891 1585 azymis
921 1517 1246 1571 sinceritatis
1267 1527 1320 1570 et
1343 1517 1608 1579 veritatis,
1639 1526 1693 1570 et

152 1605 417 1659 sacriﬁcia
443 1608 630 1669 laudis,
657 1617 709 1661 et
740 1623 840 1662 non
864 1607 970 1674 jam
1004 1611 1286 1675 pecudum.
1319 1611 1412 1662 sed
1440 1608 1688 1661 vitiorum

153 1695 282 1748 εκάὶ
314 1695 558 1748 victimas
606 1706 806 1750 monet.
844 1695 1057 1748 Judicat
1105 1699 1324 1764 ergode
1350 1697 1415 1750 iis
1449 1698 1606 1760 Deus,
1639 1705 1693 1750 et

1793 535 1927 577 trem
1981 531 2133 574 tuum
2196 519 2570 579 detrahebas,
2600 524 2662 569 et
2715 515 3017 566 adversus
3067 510 3312 564 (ilium
3362 505 3616 560 matris

1791 623 1891 666 tum
1919 613 2167 677 ponebas
2207 609 2572 664 scandalum.
2625 623 2644 655 ι
2699 603 3004 658 Similiter
3074 609 3336 661 autem
3406 605 3478 647 et
3544 595 3615 648 in

1790 700 1892 754 alio
1929 700 2140 767 psalmo
2172 714 2240 752 ex
2269 711 2515 764 persona
2542 696 2687 762 justi
2723 693 2982 748 scicntis
3024 692 3171 745 hoc
3209 687 3368 740 Deo
3404 699 3613 752 quam

1789 791 2027 843 maxime
2085 788 2390 856 displicere
2446 787 2662 840 dicitur
2683 785 2781 836 ‘0:
2828 802 2848 834 ι
2903 780 3432 835 Detrabcnlcm
3500 791 3618 831 oe-

1789 881 1931 933 culte
1959 881 2230 933 adversus
2265 878 2592 945 proximum
2652 891 2828 928 suum
2882 872 3419 942 persequebar.
3462 887 3487 919 ι
3521 865 3622 921 Ex

1792 970 1856 1024 iis
1890 970 2057 1039 igitur
2095 968 2359 1021 omnibus
2421 966 2636 1020 divina:
2680 964 3040 1032 Scriptura:
3107 960 3618 1022 sermonibus,

1793 1061 2146 1128 velutgladiis
2168 1059 2504 1127 quihusdam
2535 1058 2820 1123 utrinque
2848 1055 3111 1116 acutis,
3151 1053 3620 1107 obtrectandi

1793 1147 2074 1207 fratribus,
2130 1155 2187 1199 et
2220 1145 2533 1211 derogandi
2593 1145 2832 1197 sanctis
2859 1143 3112 1196 vitium
3167 1155 3616 1195 resecemus.

1789 1235 1960 1302 Lepra
1999 1235 2145 1288 extim
2189 1234 2566 1302 consequitur
2621 1233 3007 1300 derogantes
3061 1239 3144 1284 et.
3199 1231 3621 1300 cacologos.

1791 1327 1840 1379 id
1872 1336 1979 1391 est,
2007 1325 2375 1394 maleloquos.
2410 1324 2546 1379 Post
2580 1324 2710 1378 haec
2739 1332 2956 1378 autem
2989 1337 3031 1375 a
3086 1320 3507 1399 moralibus
3539 1323 3630 1376 ad-

1789 1417 2210 1481 intelligcntiam
2256 1415 2556 1485 mysticam
2606 1423 3045 1468 transeamus.
3131 1411 3499 1478 Quamvis
3552 1423 3621 1467 et

1790 1509 1841 1560 in
1885 1509 2170 1575 superiore
2223 1516 2464 1560 tractatu
2514 1521 2702 1574 pauca
2728 1507 2861 1574 jam
2900 1504 3346 1584 dicta-sint,
3391 1513 3616 1561 tamen

1789 1611 1906 1664 qua:
1945 1596 2186 1650 defuisse
2250 1596 2531 1658 videntur,
2595 1595 2923 1649 addemus.
2984 1595 3411 1649 Videamus
3457 1611 3626 1666 ergo

1790 1686 1914 1752 quis
1935 1693 2018 1737 est
2045 1684 2139 1752 qui
2181 1685 2415 1752 derogat
2452 1684 2665 1753 Moysi,
2698 1685 2842 1752 quis
2872 1685 2959 1737 de
3011 1699 3114 1738 eo
3170 1685 3377 1738 male
3410 1685 3631 1757 loqui-

154 1784 372 1849 nuptias
403 1784 744 1851 Aithiopissm
777 1787 1061 1837 conﬁrmat
1093 1801 1107 1836 :
1143 1762 1195 1838 et
1224 1785 1438 1853 Moysen
1476 1787 1670 1853 quideu

2111 1773 2251 1827 olum
2286 1773 2488 1840 Judaei,
2521 1775 2622 1828 sed
2658 1783 2722 1828 et
2761 1775 3114 1836 haeretici,
3171 1776 3304 1844 qui
3348 1791 3485 1830 non
3520 1791 3627 1830 re-

154 1871 386 1926 libenter
412 1889 531 1926 cum
557 1889 622 1926 ea
650 1874 890 1926 habitare
912 1875 1058 1936 sinit,
1089 1890 1152 1928 ac
1179 1877 1511 1942 requiescere
1544 1892 1558 1929 :
1587 1875 1691 1928 Ma-

158 1962 292 2014 riatii
333 1977 459 2016 vero
501 1961 650 2028 ejicit
686 1973 836 2017 extra
871 1972 1070 2026 castra,
1106 1974 1159 2018 et
1187 1979 1346 2031 porro
1373 1965 1500 2018 facit
1531 1981 1559 2018 a
1611 1974 1692 2018 ta-

154 2049 444 2105 bernaculo
468 2052 780 2113 testimonii,
803 2066 920 2104 cum
947 2067 1049 2120 qua
1073 2052 1287 2120 ejicitur
1308 2054 1468 2107 etiam
1492 2053 1690 2108 Aaron.

151 2139 372 2208 Insuper
420 2149 594 2192 autem
645 2149 698 2192 et
749 2140 959 2207 lcprosa
1008 2140 1232 2194 efﬁcitur
1267 2141 1450 2195 Maria.
1501 2142 1694 2211 Aspice

156 2243 296 2280 nunc
343 2230 409 2280 ad
460 2228 602 2280 illam
651 2227 892 2294 plebem,
925 2240 980 2280 et
1007 2229 1130 2282 vide
1168 2239 1364 2296 quanta
1403 2231 1457 2282 iu
1498 2231 1582 2283 illa
1599 2216 1694 2283 ἐει

155 2317 296 2382 lepra
347 2315 570 2381 peccati,
619 2323 816 2381 quanta
877 2315 1238 2383 intelligentiae
1267 2316 1454 2384 caligo,
1493 2329 1692 2385 quanta

152 2404 504 2457 observantiae
547 2403 784 2467 fteditas,
821 2413 1020 2471 quanta
1056 2405 1330 2472 turpitudo
1351 2415 1693 2473 conspectus.

154 2491 535 2546 Verumtamen
586 2494 702 2548 haec
748 2493 893 2561 lepra
943 2510 1050 2546 non
1090 2503 1348 2563 perpetuo
1380 2507 1693 2563 permanet,

152 2580 245 2630 sed
278 2577 364 2630 ubi
399 2580 694 2646 septimana
727 2579 982 2647 compleri
1033 2582 1258 2648 cmperit
1301 2584 1506 2646 mundi,
1543 2598 1696 2638 revo-

151 2658 364 2722 cabitur
390 2668 453 2720 ad
486 2676 684 2720 castra.
738 2668 791 2721 In
827 2670 931 2721 fine
971 2669 1112 2720 enim
1146 2669 1326 2722 mundi
1357 2685 1478 2723 cum
1517 2672 1694 2739 pleni-

155 2757 282 2809 tudo
324 2757 560 2826 gentium
594 2757 880 2820 introierit,
931 2765 1058 2810 tunc
1101 2760 1261 2811 etiam
1308 2761 1484 2813 omnis
1531 2759 1696 2814 Israel

154 2846 448 2899 salvabitur
477 2845 543 2911 ⁸³,
573 2856 626 2899 et
657 2856 782 2900 tunc
816 2855 899 2900 est
930 2861 1050 2899 cum
1079 2846 1312 2901 cessabit
1342 2847 1485 2916 lepra
1516 2851 1580 2903 de
1611 2849 1695 2904 fa-

155 2936 239 2990 cie
261 2935 442 2991 Mariae
476 2955 490 2989 :
530 2937 754 3004 recipiet
783 2937 926 2991 enim
965 2938 1130 2993 decus
1177 2939 1324 3004 ﬁdei,
1357 2948 1413 2992 et
1450 2939 1700 3006 splendo-

1792 1863 1996 1930 cipiunt
2027 1863 2196 1931 legero
2227 1874 2283 1918 et
2304 1865 2634 1932 prophetas,
2663 1866 2859 1918 etiam
2890 1865 3014 1932 ipsi
3074 1865 3494 1920 detrahunt
3543 1867 3627 1922 de

1793 1953 1994 2021 Moyse.
2021 1951 2262 2020 Denique
2285 1953 2470 2007 solent
2503 1953 2554 2006 ei
2596 1954 2785 2006 etiam
2850 1955 3137 2008 crimen
3201 1956 3619 2026 impingere,

1793 2045 2054 2106 dicentes,
2089 2043 2216 2110 quia
2254 2043 2539 2096 homicida
2569 2043 2679 2097 fuit
2709 2043 2996 2113 Moyses,
3017 2047 3420 2102 interfecit
3445 2051 3623 2102 enim

1792 2134 2142 2203 Egyptium:
2174 2142 2230 2187 et
2259 2132 2367 2186 alia
2394 2133 2597 2198 multa,
2625 2133 2725 2188 vel
2769 2135 2832 2187 in
2871 2135 3151 2204 ipsum,
3203 2138 3321 2192 vel
3363 2139 3431 2191 in
3473 2155 3626 2208 pro-

1793 2227 1980 2293 phetas
2029 2227 2354 2293 blasphemo
2399 2241 2500 2279 ore
2547 2228 2967 2281 concinnant.
3019 2226 3173 2283 Isti
3244 2244 3425 2300 ergo
3465 2233 3620 2299 quia

1793 2316 2088 2369 detrahunt
2140 2316 2332 2384 Moysi,
2389 2317 2606 2370 habent
2652 2317 2901 2386 lepram
2951 2319 3017 2371 in
3079 2321 3343 2374 anima
3402 2337 3527 2376 sua
3559 2333 3627 2376 et

1795 2412 1920 2457 sunt
1951 2405 2002 2458 in
2045 2408 2264 2459 homine
2296 2408 2570 2461 interiore
2621 2409 2883 2475 leprosi,
2934 2419 3006 2462 et
3053 2410 3239 2465 ideo
3282 2413 3626 2467 habentur

1794 2502 1946 2546 extra
1975 2503 2153 2548 castra
2193 2495 2460 2549 Ecclesia:
2493 2496 2617 2548 Dei.
2657 2496 2811 2550 Sive
2879 2513 3058 2567 ergo
3104 2501 3445 2555 haeretici
3493 2503 3625 2557 sint

1793 2581 1884 2646 qui
1915 2581 2174 2649 derogant
2223 2581 2424 2650 Moysi,
2461 2583 2585 2634 sive
2619 2583 2695 2635 de
2749 2584 3068 2638 Ecclesia
3146 2588 3304 2642 sint.
3347 2589 3469 2657 qui
3508 2590 3626 2641 de-

1797 2670 2019 2723 trahunt
2061 2671 2344 2737 fratribus,
2377 2681 2436 2724 et
2479 2671 2633 2726 male
2685 2673 3077 2742 loquuntur
3137 2678 3238 2732 de
3288 2681 3624 2748 proximis

1795 2760 1927 2822 suis,
1965 2775 2154 2814 omnes
2184 2763 2276 2829 qui
2307 2763 2413 2816 hoc
2431 2763 2572 2816 vitio
2607 2775 2903 2833 aguntur,
2945 2767 3454 2825 dubitandum
3495 2787 3622 2826 non

1796 2858 1880 2901 est
1901 2848 2028 2915 quin
2053 2849 2250 2917 leprosi
2278 2850 2390 2903 sint
2414 2851 2470 2905 in
2497 2852 2694 2904 anima
2725 2867 2879 2908 sua.
2917 2855 3013 2909 Et
3056 2857 3307 2915 Maria
3351 2863 3621 2930 quidem

1796 2938 2190 2991 interveniente
2219 2939 2405 2994 Aaron
2434 2939 2716 3008 pontiﬁce
2754 2943 3056 3011 septima
3115 2949 3247 3002 die
3287 2962 3577 3006 curatur
3601 2968 3624 3006 :

155 3040 269 3078 rem
291 3024 487 3078 Christi
519 3027 808 3094 agnitionis
829 3029 1073 3098 accipiet,
1100 3035 1154 3081 et
1181 3029 1494 3082 restituetur
1515 3030 1690 3084 vultus
1724 3061 1772 3120 ο
1801 3042 1898 3082 nos
1955 3042 2085 3081 vero
2121 3028 2167 3081 si
2227 3029 2668 3084 obtrectationis
2751 3032 2916 3087 vitio
2985 3036 3488 3096 inciderimus
3561 3043 3622 3097 in

155 3115 291 3182 ejus,
331 3131 450 3169 cum
492 3117 586 3170 ﬁet
633 3125 856 3187 uterque
889 3135 1026 3172 unus
1062 3134 1212 3189 grex,
1244 3127 1298 3172 et
1318 3134 1456 3174 unus
1488 3127 1689 3188 pastor.

155 3204 210 3256 ln
238 3219 341 3271 quo
369 3220 492 3259 vere
530 3207 812 3262 dicendum
845 3219 929 3262 est
964 3209 1009 3240 “
1039 3227 1054 3263 :
1099 3227 1118 3258 ι
1147 3209 1190 3263 Ο
1219 3209 1446 3262 altitudo
1482 3210 1698 3263 divitia-

156 3309 275 3346 rum
305 3296 598 3361 sapientiae,
629 3307 683 3350 et
708 3298 947 3352 scientize
985 3300 1098 3362 Dei,
1139 3317 1158 3350 ι
1193 3299 1284 3367 qui
1317 3301 1388 3351 ita
1431 3300 1700 3354 conclusit

155 3396 344 3434 omnes
376 3384 476 3436 sub
514 3394 734 3451 peccato
762 3424 780 3451 ,
839 3396 896 3440 ut
950 3388 1202 3441 otnuibus
1267 3389 1588 3443 misereatur
1643 3390 1696 3443 in
1737 3413 1739 3416 ⁴

155 3467 370 3522 Christo
397 3467 523 3522 Jesu
570 3473 790 3526 Domino
819 3483 1023 3539 nostro,
1061 3475 1146 3529 cui
1189 3484 1272 3529 est
1301 3474 1470 3544 gloria
1517 3475 1569 3529 in
1598 3491 1700 3530 sae-

155 3559 272 3612 cula
299 3561 636 3616 seculorum.
667 3564 860 3618 Amen.

621 3675 784 3744 289
814 3675 1088 3730 llOMlldA
1118 3678 1230 3733 Vll.

156 3763 381 3816 Rursum
405 3764 468 3817 de
488 3763 837 3831 Ethiopian,
862 3775 918 3838 Aet
963 3767 1024 3819 de
1047 3768 1200 3838 lepra
1256 3768 1442 3822 Maria:
1467 3785 1583 3838 qua:
1610 3786 1700 3822 su-

754 3835 1014 3902 perfuerat
1043 3836 1110 3889 ".

225 3924 376 3978 Sicut
415 3925 698 3994 Apostolus
743 3925 876 3978 dicit
900 3915 1024 3986 ιι,’‹
1057 3925 1179 3979 llaec
1220 3926 1397 3979 omnia
1431 3927 1484 3980 in
1531 3926 1725 3996 ﬁgura

156 4015 539 4082 contingebant
563 4014 688 4077 illis,
714 4015 912 4080 scripta
946 4024 1071 4068 sunt
1100 4024 1278 4070 autem
1313 4024 1529 4084 propter
1559 4032 1703 4070 com-

158 4101 504 4155 monitionem
535 4109 770 4151 nostram
800 4114 815 4150 :
858 4119 876 4150 ι
917 4116 1098 4167 quzero
1119 4102 1246 4171 quid
1267 4103 1701 4156 commoaitionis

158 4190 483 4257 accipiamus
529 4203 595 4240 ex
637 4202 701 4240 eo
733 4189 870 4254 quod
913 4190 1108 4244 lectum
1151 4200 1232 4245 est
1257 4193 1428 4257 nobis,
1458 4192 1582 4259 quia
1609 4193 1729 4245 de»

159 4285 438 4331 traxerunt
463 4276 640 4327 Aaron
671 4285 722 4327 et
744 4275 905 4329 Maria
943 4281 1007 4332 de
1033 4280 1232 4348 Moyse,
1260 4291 1314 4334 et
1347 4290 1563 4348 propter
1595 4282 1700 4335 hoc

1797 3115 2233 3184 animaalepram,
2278 3129 2451 3183 usque
2485 3116 2557 3168 ad
2600 3117 2790 3171 finem
2855 3122 3310 3187 septimana:
3365 3129 3623 3191 mundi,

1797 3206 1850 3259 id
1883 3213 1988 3267 est,
2023 3217 2196 3270 usque
2233 3203 2303 3257 ad
2367 3206 2840 3261 resurrectionis
2885 3218 3190 3280 tempus
3265 3216 3521 3284 leprosi
3557 3219 3622 3272 in

1798 3297 1976 3349 anima
2016 3296 2461 3363 permanehimus
2502 3295 2652 3365 (76),
2710 3308 2777 3352 et
2822 3300 3192 3360 immundi
3239 3324 3259 3361 :
3299 3310 3436 3364 nisi
3471 3310 3621 3364 dum

1797 3384 2091 3455 paenitendi
2122 3393 2338 3453 tempus
2361 3387 2927 3457 est,corrigamur,
2980 3402 3063 3449 et.
3124 3402 3471 3455 conversi
3544 3401 3624 3456 ad

1802 3476 2084 3530 Dominum
2123 3473 2333 3541 Jesum,
2379 3489 2445 3529 ac
2483 3478 2917 3547 supplicantes
2974 3486 3041 3539 ei
3101 3502 3245 3555 per
3280 3494 3624 3559 panitet:-

1800 3566 1932 3619 tiam
1968 3576 2259 3632 purgemur
2292 3563 2378 3651 ab
2433 3563 2821 3622 immunditia
2855 3569 3080 3638 lepra:
3122 3586 3432 3636 nostra.
3491 3581 3626 3651 Ego

1801 3663 1981 3706 autem
2009 3658 2137 3718 puto
2160 3649 2306 3716 quod
2337 3664 2444 3701 non
2469 3651 2630 3704 solus
2655 3652 2764 3706 ille
2783 3657 3092 3726 populus
3134 3665 3372 3732 prior,
3411 3649 3629 3736 neque

1800 3743 1899 3795 soli
1940 3739 2214 3800 haeretici,
2251 3738 2319 3791 de
2363 3739 2574 3806 quibus
2615 3756 2809 3810 supra
2875 3755 3495 3820 memoravimus,
3525 3759 3634 3809 de-

1805 3833 2025 3885 trahunt
2069 3830 2134 3882 de
2191 3827 2409 3896 Moyse;
2469 3833 2571 3883 sed
2605 3844 2669 3886 et
2711 3837 2932 3891 omnis
2971 3843 3104 3908 qui
3161 3847 3446 3916 scripta
3488 3849 3629 3916 ejus

1805 3922 1940 3974 male
1971 3919 2244 3985 intelligit,
2277 3931 2333 3974 et
2358 3919 2451 3990 qtti
2512 3921 2864 3988 spiritalem
2930 3928 3178 3999 legem
3249 3939 3630 3993 carnaliter

1803 4011 2047 4077 suscipit,
2075 4007 2246 4077 Moysi
2269 4009 2522 4077 derogat,
2551 4011 2692 4078 quia
2727 4015 2806 4068 de
2850 4019 3094 4076 verbis
3149 4027 3458 4094 spiritus
3485 4044 3629 4084 car.

1805 4101 1996 4154 naliter
2031 4100 2276 4153 homines
2297 4098 2481 4153 docet.
2509 4103 2791 4157 Audistis
2819 4108 2987 4174 quid
3026 4114 3174 4168 sibi
3214 4117 3473 4185 iudicii
3512 4123 3628 4174 Oll—

1806 4198 2127 4242 trectatores
2163 4195 2218 4239 et
2259 4186 2592 4255 maleloqui,
2629 4201 2692 4244 et
2735 4193 2894 4260 quid
2952 4197 3467 4264 damnationis
3521 4225 3628 4264 ac-

1803 4276 2269 4344 quirantzaudite
2323 4292 2471 4330 nunc
2521 4288 2583 4331 et
2612 4293 2926 4347 quantum
2977 4289 3330 4352 beneﬁcii
3392 4302 3626 4356 confe-

160 4366 389 4432 correpti
435 4373 578 4426 sunt,
619 4363 786 4417 Maria
832 4380 958 4420 vero
1001 4369 1166 4422 etiam
1199 4371 1408 4438 leprnsa
1450 4370 1695 4424 elIicitur.
1726 4369 1776 4428 D
1804 4378 1924 4420 rant
1969 4367 2057 4430 iis,
2105 4367 2306 4433 quibus
2359 4366 2717 4422 obtrectant.
2774 4371 3157 4445 Nunqnatu
3233 4386 3630 4444 invenimus

161 4454 330 4510 Tanta
359 4463 534 4506 autem
571 4451 669 4504 fuit
713 4467 840 4505 cura
879 4459 1237 4525 correptionis
1279 4459 1464 4526 hujus,
1489 4468 1548 4512 ut
1573 4460 1699 4512 dum

163 4542 326 4597 Maria
366 4543 669 4609 septimanae
697 4551 899 4611 tempus
917 4548 1160 4614 expleret
1193 4551 1244 4601 in
1280 4549 1448 4616 lepra,
1475 4549 1702 4616 populus

163 4634 258 4688 Dei
303 4647 404 4686 non
456 4641 640 4700 ageret
685 4633 786 4686 iter
809 4637 874 4687 ad
916 4646 1110 4692 terram
1142 4640 1594 4708 repromissionis,
1635 4655 1702 4694 ne

163 4722 566 4779 tabernaculum
597 4721 883 4776 testimonii
907 4737 1232 4792 moveretur.
1270 4727 1450 4779 Primo
1490 4729 1701 4781 interim

167 4825 410 4875 moneor,
457 4818 512 4863 et
555 4811 757 4864 utiliter
795 4827 861 4866 ac
903 4817 1211 4870 necessario
1261 4830 1479 4868 moneor
1508 4832 1573 4868 cx
1604 4818 1702 4873 hoc

168 4902 307 4956 facto
339 4914 402 4954 ne
418 4900 689 4954 detraham
721 4901 892 4969 fratri,
921 4921 988 4958 ne
1009 4907 1144 4960 male
1168 4906 1355 4972 loquar
1379 4904 1444 4956 de
1464 4907 1708 4971 proximo

170 5008 307 5054 meo,
347 5004 411 5042 ne
431 4991 664 5058 aperiam
701 5006 760 5043 os
785 5007 959 5046 meum
992 4996 1057 5048 ad
1085 4993 1450 5059 derogandum
1480 5006 1583 5045 non
1619 5009 1708 5047 so-

169 5082 276 5134 lum
309 5081 530 5142 sanctis,
554 5080 648 5134 sed
678 5091 732 5134 et
756 5084 1080 5150 quibuslibet
1103 5082 1360 5152 proximis
1374 5081 1527 5133 meis.
1549 5080 1706 5138 Vides

169 5183 367 5240 quanta
398 5187 461 5226 ex
490 5173 589 5225 hoc
612 5173 1012 5241 indignatiollci
1043 5174 1226 5234 fuerit,
1248 5179 1442 5236 quanta
1474 5171 1706 5225 vindicta

171 5262 512 5326 processerit.
555 5260 796 5329 Denique
833 5264 1112 5316 adversum
1151 5266 1424 5326 peccaturo
1470 5257 1608 5310 istud
1641 5261 1710 5311 si-

174 5349 280 5400 mili
318 5350 676 5416 indignatione
724 5353 886 5405 etiam
933 5353 982 5404 in
1027 5349 1252 5403 Psalmis
1278 5347 1440 5399 Deum
1472 5360 1710 5400 commo-

242 5435 286 5503 ff
315 5437 463 5489 liotn.
489 5455 562 5499 xl,
585 5440 672 5503 (ΞΒ,
693 5442 780 5493 ‘26.
868 5441 913 5474 “
951 5441 1075 5494 ibid.
1105 5439 1193 5491 33.

177 5499 220 5530 δ’
244 5500 398 5556 Num.
443 5521 540 5569 xu,
571 5507 602 5559 5
627 5499 682 5560 et
725 5524 880 5580 seqq.

1294 5436 1338 5467 "
1374 5434 1530 5488 Num.
1564 5450 1661 5491 xu.
1737 5439 1784 5470 “
1816 5442 1836 5494 Ι
1864 5443 1993 5499 Cor.
2023 5463 2082 5515 x,
2107 5449 2196 5504 ll.

1805 4456 2190 4510 tantaslaudes
2233 4457 2399 4508 Deum
2459 4455 2684 4512 dixisse
2716 4463 2796 4517 de
2853 4464 3100 4537 Moyse
3163 4475 3445 4534 [annulo
3479 4498 3624 4543 suo.

1802 4555 2030 4616 quantas
2064 4562 2209 4600 nunc
2258 4545 2367 4598 dici
2408 4546 2700 4614 videmus,
2741 4560 3015 4620 quando
3065 4567 3170 4619 ab
3209 4569 3627 4629 ιιοιηίηίιωε

1801 4635 1848 4687 ci
1881 4636 2196 4701 derogatum
2219 4641 2324 4688 est.

1959 4725 2095 4822 Audi
2130 4739 2260 4792 ergo
2291 4723 2347 4822 in
2385 4732 2908 4822 consequentibus
2953 4743 3138 4806 quid
3190 4751 3502 4822 referat,
3557 4768 3630 4814 et

1805 4816 2000 4882 quibus
2047 4815 2264 4882 Moysen
2310 4814 2572 4871 laudibus
2622 4819 2843 4877 efferat
2902 4827 3243 4896 Spiritus
3308 4814 3623 4903 saucius.

1811 4923 1829 4955 ι
1862 4905 1925 4958 Et
1960 4905 2267 4964 descendit,
2299 4904 2481 4972 inquit
2507 4905 2585 4971 δ’,
2628 4910 2934 4970 Dominus
2978 4921 3048 4975 in
3105 4931 3466 4990 columna
3513 4955 3632 4992 nu.

1809 4995 1912 5054 bis,
1939 5005 1996 5046 et
2036 4994 2186 5046 stetit
2223 4995 2289 5046 ad
2329 4996 2537 5049 ostium
2590 4999 2986 5062 tabernaculi
3048 5022 3505 5081 testimonii.
3549 5030 3630 5082 Et

1809 5084 1983 5181 vocati
2013 5093 2142 5136 sinit
2171 5085 2365 5181 Aaron.
2410 5094 2466 5138 et
2523 5087 2704 5143 Maria
2772 5101 2834 5146 et
2859 5104 3240 5162 steterunt
3277 5115 3525 5181 ambo,
3561 5129 3629 5172 et

1810 5174 1946 5228 dixit
1967 5176 2034 5227 ad
2065 5190 2160 5228 eos
2187 5192 2200 5227 :
2227 5175 2429 5229 Audite
2455 5178 2628 5232 verba
2667 5197 2826 5237 mea.
2880 5185 2948 5240 Si
3001 5191 3243 5254 fuerit
3279 5174 3626 5274 propheta

1811 5266 1934 5364 quis
1966 5276 2213 5321 vestrum
2243 5269 2490 5334 Domini,
2528 5271 2584 5324 in
2615 5273 2962 5334 visionibus
3014 5286 3084 5339 ei
3121 5266 3528 5366 agngsé,’
3557 5312 3627 5357 ει

1812 5353 2108 5461 insomnis
2130 5357 2327 5428 loquar
2366 5361 2444 5423 ci,
2477 5377 2588 5414 non
2625 5364 2781 5418 sicut
2824 5366 3084 5428 famulo
3121 5353 3326 5439 πλεο
3375 5353 3621 5461 Moysi,

2309 5449 2353 5483 "
2379 5450 2531 5508 Psal.
2564 5469 2722 5520 χιιι,
2761 5457 2868 5512 20.
3009 5463 3070 5497 ⁸⁸
3147 5471 3358 5534 Psal.
3422 5449 3518 5549 Cl;

245 5587 353 5656 (⁷6)
385 5589 530 5657 MSS»
567 5612 584 5643 ι
617 5601 1069 5662 permanchimus.
1106 5619 1124 5652 ι
1157 5598 1312 5653 Libb.
1343 5595 1493 5664 editi,
1529 5611 1549 5647 t
1585 5610 1761 5663 penna

503 5630 530 5657 ι.
567 5612 584 5643 ι
617 5601 1069 5662 permanebimus.
1106 5619 1124 5652 ι
1157 5598 1312 5653 Libh.
1343 5595 1493 5664 editi,
1529 5611 1549 5647 ι
1585 5610 2019 5663 ρετιηεηεωυε.»
