3838 6238
1488 353 1556 407 IN
1596 350 1922 410 NUMEROS
1955 349 2238 408 HOMILIA
2293 341 2403 402 VH.
3263 397 3274 401 -
3433 357 3532 412 ϐυ

67 454 118 506 “7‘
154 514 200 543 ,4
229 445 352 543 μὴ
380 433 516 543 ιίξίεὶ
555 445 770 511 domo
830 479 990 524 mea
1037 456 1205 525 ﬁdelis
1252 474 1384 529 est,
1412 482 1475 522 os
1505 470 1573 523 ad
1606 484 1667 522 os
1694 469 1882 538 loquor
1907 476 1956 530 Α
1982 465 2107 535 legi,
2146 463 2240 519 sed
2264 461 2433 516 simus
2479 472 2582 513 non
2644 465 2821 520 solum
2863 469 3136 522 auditores
3178 467 3330 537 legis,
3361 471 3455 523 sed
3481 479 3530 522 et

78 560 123 621 qui
153 527 268 649 ﬂ,
424 547 804 649 Ῥέβιὶῗὴ.
842 566 920 610 et
953 560 1142 616 nonin
1171 555 1512 626 aenigmate,
1551 569 1604 612 et
1650 559 1877 627 gloriam
1983 556 2238 618 factores,
2279 562 2337 604 ut
2361 565 2482 605 cum
2513 549 2628 618 ipso
2661 553 2838 622 Moyse
2892 558 3292 623 conglorificari
3322 575 3531 616 nterea-

96 626 388 716 m¢:',.o'\
409 626 605 686 Vidit.
644 634 736 692 Et
773 657 1003 712 quare
1036 665 1136 703 non
1160 641 1441 702 timuistis
1477 626 1765 702 detrahere
1799 647 1881 701 fa-
1983 660 2122 697 mur.
2147 644 2257 713 Ego
2320 651 2495 695 autem
2557 649 2687 710 pulo
2721 646 2860 710 quod
2904 655 2958 698 et
2987 647 3058 699 illi
3090 649 3367 701 materiam
3396 664 3532 716 pra:-

551 705 825 826 Moysi‘i
867 737 958 793 Et
1016 742 1095 794 ira
1132 737 1345 790 furoris
1379 737 1594 792 Domini
1630 738 1770 793 facta
1800 747 1884 793 est
1981 742 2126 788 stant
2157 705 2223 786 ad
2257 705 2618 800 derogandum
2652 705 2839 801 Moysi,
2869 737 2982 802 qui,
3020 737 3164 789 verbi
3197 705 3528 804 causa,'cutn

396 805 574 916 “\PS.
633 819 1113 889 discesserunt,
1155 835 1207 881 et
1241 825 1426 881 nubes
1463 827 1706 881 discessit
1734 842 1762 878 a
1799 835 1878 880 ta-
1987 823 2184 893 legitur
2209 824 2343 879 liber
2395 823 2638 889 Levitici,
2662 824 2744 878 vel
2789 825 2946 878 lectio
2991 824 3374 890 Numerorum,
3416 845 3522 883 non

141 900 562 994 λῖξςίρσλωὶο,
617 920 688 965 et
747 928 907 970 ecce
964 918 1141 971 Maria
1192 914 1337 969 laeta
1387 925 1472 969 est
1498 916 1702 984 leprosa
1741 915 1880 968 sicut
1981 915 2270 967 ostendunt
2317 915 2582 982 quomodo
2625 915 2736 970 haec
2780 930 2897 982 quae
2928 915 2980 967 in
3007 918 3290 986 aenigmate
3331 920 3529 987 scripta

169 967 360 1094 Ἓξ]
393 1014 418 1049 ι
446 995 668 1056 Videte
703 1005 857 1074 quid
893 1009 1013 1062 sibi
1038 1021 1211 1076 poena:
1240 967 1578 1058 contnlerini
1609 1005 1880 1058 obtrecta-
1983 1012 2130 1065 sunt,
2153 967 2371 1074 intelligi
2406 1020 2499 1072 per
2527 1007 2757 1072 speciem
2781 967 3032 1070 debeant,
3068 967 3137 1061 idc
3155 1019 3257 1072 est,
3294 1012 3381 1078 qui
3422 967 3529 1065 nron

246 1091 440 1170 (κάς,
481 1091 624 1160 quid
671 1106 822 1148 vero
857 1095 947 1148 illi
985 1097 1076 1149 cui
1127 1095 1588 1156 obtrectaverant,
1619 1093 1882 1162 quaesive-
1982 1092 2294 1159 spiritaliter
2316 1107 2378 1146 ea
2407 1109 2527 1161 qua:
2560 1096 2610 1148 in
2650 1095 2767 1163 lege
2813 1096 3060 1165 leguntur
3099 1109 3396 1166 exponunt.
3425 1098 3530 1154 Ne-

304 1184 630 1248 r‘atxtiaudis.
687 1183 817 1238 Sibi
879 1185 1310 1254 turpitudinem,
1367 1183 1442 1235 illi
1507 1182 1878 1250 splendorem;
1983 1181 2222 1235 cessario
2251 1182 2390 1235 enim
2411 1184 2502 1250 qui
2538 1186 2758 1238 audiunt
2793 1185 2948 1239 ritum
2991 1189 3400 1254 sacriliciorum,
3448 1193 3530 1246 vel

309 1279 406 1334 sibi
428 1275 664 1344 lepram,
688 1273 772 1326 illi
796 1272 1042 1339 gloriam
1067 1286 1082 1336 ;
1111 1271 1212 1325 sibi
1263 1269 1630 1338 opprobrium,
1671 1268 1744 1322 illi
1772 1285 1885 1322 ma-
1983 1270 2337 1326 Sabbatorum
2365 1273 2785 1339 observantiam,
2809 1276 2888 1328 vel
2925 1286 3240 1331 caeterorum
3267 1280 3522 1334 similium

314 1363 680 1434 gnilicentiam
749 1362 1154 1430 qitaasiverunt.
1222 1357 1607 1410 Verumtamen
1669 1356 1880 1425 Moyses
1984 1357 2036 1412 in
2081 1359 2314 1413 ecclesia
2368 1360 2608 1425 recitari,
2649 1363 3013 1431 olIenduntur,
3053 1374 3107 1419 et
3137 1368 3361 1422 dicunt:
3391 1369 3529 1434 Quid

309 1455 624 1522 priusquam
650 1449 933 1517 acciperet
961 1446 1375 1513 Ethiopissam,
1399 1459 1500 1497 non
1519 1447 1880 1512 estscriptum
1985 1449 2085 1503 hoc
2116 1463 2334 1504 necesse
2381 1459 2467 1504 est
2510 1452 2562 1503 in
2618 1453 2846 1507 ecclesia
2888 1453 3025 1522 legi?
3057 1453 3172 1520 Quo
3215 1457 3369 1512 nobis
3403 1475 3530 1527 pro-

305 1544 429 1612 quia
455 1543 511 1596 in
542 1541 730 1610 specie
779 1540 1000 1594 locutus
1049 1537 1122 1591 sit
1151 1537 1198 1589 ei
1245 1536 1403 1600 Deus,
1433 1545 1488 1588 et
1513 1549 1616 1588 non
1658 1535 1710 1588 in
1748 1535 1880 1588 :eni-
1983 1546 2104 1591 sunt
2128 1548 2391 1607 praecepta
2411 1539 2732 1604 Judaica,et
2755 1545 2918 1610 spreti
2941 1545 3117 1613 pOpuit
3141 1547 3532 1603 observamim?

294 1643 484 1700 gmate
525 1647 542 1684 :
581 1632 683 1685 sed
719 1629 814 1684 ubi
844 1629 1060 1695 accepit
1118 1625 1529 1694 Ethiopissam,
1578 1635 1701 1680 tunc
1750 1625 1883 1678 dicit
1985 1626 2108 1681 Haec
2131 1626 2430 1684 Jtrdaeorum
2485 1639 2635 1693 sunt,
2689 1640 2744 1685 et
2775 1629 2941 1686 τιυᾶωὶ
2971 1635 3034 1687 de
3061 1635 3124 1689 iis
3160 1637 3406 1691 viderint.
3450 1637 3532 1692 Ne

293 1719 374 1770 de
394 1733 455 1773 eo
492 1719 670 1781 Deus,
715 1717 848 1786 quia
884 1735 903 1768 ι
944 1731 1007 1770 os
1041 1716 1106 1768 ad
1129 1730 1189 1768 os
1220 1715 1411 1782 loquar
1433 1714 1497 1766 ad
1512 1726 1656 1776 eum,
1681 1713 1730 1764 in
1761 1727 1884 1778 spe-
1985 1715 2760 1784 ergohujusmodioffendicula
2785 1722 3116 1777 auditoribus
3131 1727 3526 1796 accidaut(77).

286 1807 403 1866 cie,
422 1816 480 1859 et
509 1820 624 1858 non
657 1805 715 1859 in
747 1804 1064 1872 mnigmate.
1098 1820 1116 1853 ι
1150 1801 1305 1855 Modo
1335 1805 1479 1854 enim
1515 1815 1632 1854 cum
1669 1798 1878 1869 Moyses
1913 1797 1951 1849 B
1979 1803 2152 1857 danda
2195 1819 2356 1872 opera
2400 1808 2571 1860 estad
2601 1808 2876 1862 scientiam
2923 1809 3087 1880 legis,
3132 1822 3186 1866 et
3224 1817 3518 1868 secundum

284 1893 446 1946 venit
474 1892 548 1945 ad
569 1906 708 1967 ‘nos,
729 1899 787 1944 et
824 1889 1151 1956 coniunctus
1180 1896 1263 1941 est
1291 1888 1416 1941 huic
1444 1897 1638 1942 nostra:
1665 1887 1792 1940 IEth

2011 1906 2086 1947 loc
2134 1895 2273 1960 quod
2319 1896 2578 1962 spiritalis
2623 1906 2706 1950 est
2735 1897 2844 1959 lex,
2875 1900 3218 1970 intelligenda
3261 1914 3314 1956 et
3339 1905 3527 1972 expla-

281 1983 482 2049 pissre,
519 1983 610 2035 let
653 1981 753 2034 Dei
781 1979 894 2046 jam
929 1995 1035 2034 non
1077 1979 1128 2032 in
1161 1979 1368 2047 figuris,
1388 1988 1441 2033 et
1469 1979 1521 2030 in
1555 1978 1878 2046 imaginibus
1983 1981 2154 2033 nanda
2183 1993 2305 2036 sunt
2329 1985 2641 2052 omniaquae
2666 1989 2934 2056 leguntur,
2952 2004 3018 2043 ne
3043 1991 3323 2046 doctorum
3340 2009 3528 2056 causa,

280 2073 434 2126 sicut
465 2073 652 2141 prius,
683 2071 784 2125 sed
818 2071 872 2123 in
904 2070 1022 2138 ipsa
1061 2069 1239 2137 specie
1261 2068 1506 2122 veritatis
1531 2070 1873 2136 agnoscitur;
1983 2069 2089 2124 imo
2116 2063 2317 2126 desidia
2347 2084 2400 2127 ct
2425 2074 2764 2144 negligentia,
2793 2078 2860 2130 ab
2900 2079 3162 2147 imperitis
3197 2090 3251 2134 et
3296 2083 3528 2137 indectis

276 2172 348 2216 et
375 2178 497 2229 qua:
519 2162 679 2230 prius
741 2160 796 2212 in
845 2159 1130 2227 aenigmate
1183 2158 1618 2225 designabantur,
1653 2171 1793 2210 nunc
1825 2157 1876 2209 in
1981 2156 2264 2226 derogetur
2286 2158 2448 2229 Moysi
2470 2179 2484 2226 ;
2505 2163 2598 2214 sed
2628 2165 3007 2219 convertamur
3028 2168 3092 2220 ad
3125 2168 3428 2233 Dominum,
3462 2179 3524 2224 ut

273 2251 481 2317 specie
525 2258 585 2303 et
651 2247 895 2301 veritate
949 2244 1304 2313 complentur.
1342 2243 1406 2296 Et
1458 2245 1580 2298 ideo
1635 2244 1744 2311 ille,
1786 2247 1876 2313 qui
1982 2245 2187 2299 auferat
2215 2262 2244 2299 a
2291 2251 2445 2302 nobis
2483 2251 2720 2306 velamen
2775 2253 3000 2319 littera};
3031 2264 3087 2307 nt
3116 2271 3220 2308 non
3257 2258 3409 2310 nobis
3433 2258 3526 2312 de-

271 2335 512 2403 species
573 2333 886 2402 figurarum
935 2342 988 2385 et
1037 2333 1376 2401 aenigmatum
1425 2333 1746 2396 disserelat,
1796 2333 1882 2386 di-
1983 2333 2168 2388 formis
2196 2337 2371 2391 vultus
2393 2339 2585 2406 Moysi,
2629 2342 2722 2394 sed
2767 2343 3033 2408 gloriosus
3063 2357 3128 2398 ac
3165 2344 3386 2399 decorus
3433 2359 3532 2410 ap-

271 2425 371 2477 cit
401 2426 450 2455 ”
485 2442 502 2477 :
537 2442 556 2474 ι
605 2422 836 2477 Scimus
861 2431 1042 2474 autem
1075 2423 1329 2488 quoniam
1361 2432 1542 2491 patres
1562 2423 1730 2476 nostri
1762 2437 1879 2475 om-
1982 2432 2186 2490 pareat,
2218 2424 2290 2477 ita
2321 2435 2378 2478 ut
2416 2442 2522 2479 non
2565 2428 2736 2481 solum
2777 2445 2882 2482 non
2925 2432 3312 2496 obtrectetnus,
3349 2433 3442 2486 sed
3469 2443 3526 2487 et

273 2528 393 2566 nes
418 2513 525 2567 sub
550 2514 701 2566 nube
730 2512 981 2576 fuerunt,
1007 2521 1062 2566 et
1090 2526 1278 2566 omnes
1321 2511 1375 2564 in
1404 2511 1586 2581 Moyse
1622 2511 1877 2579 baptizati
1983 2527 2077 2580 pro
2091 2515 2452 2581 magnitudine
2474 2531 2748 2585 sensuum,
2777 2521 2986 2575 Iaudem
3003 2523 3049 2575 ei
3074 2533 3128 2576 et
3155 2523 3375 2591 gloriam
3397 2539 3526 2577 con-

270 2612 428 2656 sunt
483 2603 540 2656 in
602 2603 757 2655 nube
790 2610 847 2655 et
874 2601 926 2652 in
966 2601 1122 2665 mari,
1151 2609 1205 2654 et
1229 2615 1412 2655 omnes
1433 2602 1672 2655 eamdem
1701 2615 1878 2655 escam
1982 2600 2238 2656 feramus.
2269 2621 2289 2656 ι
2322 2605 2386 2658 Ει
2443 2607 2523 2660 ira
2571 2607 2771 2663 furoris
2822 2611 3028 2664 Domini
3067 2610 3208 2664 facta
3235 2622 3318 2667 est
3366 2629 3530 2683 super

270 2693 606 2762 spiritalem
653 2692 1145 2752 manducaverunt,
1189 2699 1245 2744 et
1285 2706 1472 2746 omnes
1505 2693 1748 2746 eumdem
1779 2707 1880 2760 ρο·
1983 2690 2120 2756 illos,
2149 2703 2202 2745 et
2231 2693 2617 2760 discesserunt,
2649 2707 2706 2752 et
2737 2700 2907 2752 nubes
2943 2701 3164 2754 recessit
3209 2715 3237 2752 a
3278 2701 3529 2755 taberna-

274 2792 416 2838 tum
453 2784 770 2852 spiritalem
800 2782 1077 2835 biberunt.
1119 2779 1378 2834 Bibebant
1411 2790 1588 2835 autem
1625 2783 1688 2835 de
1719 2783 1880 2848 spiri-
1982 2780 2124 2844 culo,
2153 2790 2348 2837 etecce
2383 2784 2549 2838 Maria
2587 2784 2729 2839 facta
2771 2797 2851 2840 est
2879 2787 3087 2855 leprosa
3134 2787 3273 2842 sicut
3303 2788 3392 2842 nix
3422 2789 3523 2843 “.s

274 2875 392 2928 tali
424 2882 806 2941 consequente
826 2886 921 2925 eos
943 2879 1118 2938 petra.
1158 2871 1316 2923 Petra
1355 2879 1534 2924 autem
1573 2879 1692 2924 erat
1723 2871 1880 2925 Chri-
1983 2869 2066 2924 ira
2096 2870 2291 2926 furoris
2334 2874 2542 2928 Domini
2593 2874 2822 2928 efﬁcitur
2865 2890 3026 2944 super
3068 2889 3198 2940 eos,
3242 2876 3333 2943 qui
3390 2877 3530 2932 male

269 2972 438 3019 stus.
476 2981 496 3015 ι
526 2962 703 3017 Vides
751 2960 1024 3029 quomodo
1069 2960 1350 3028 :enigmata
1387 2960 1520 3030 legis
1557 2959 1757 3014 Pauius
1779 2961 1878 3015 ab-
1982 2960 2292 3030 loquuntur,
2320 2974 2374 3018 et
2433 2965 2744 3019 detrahunt.
2787 2964 3169 3021 Verumtamen
3197 2970 3336 3036 quod
3369 2969 3529 3033 dicit,

267 3052 489 3115 solvit,
521 3060 578 3105 et
635 3050 858 3120 species
896 3053 1240 3122 aenigmatum
1270 3049 1448 3113 docet,
1480 3056 1534 3102 et
1583 3048 1713 3103 dicit
1754 3051 1878 3118 quia
1921 3120 1932 3122 _
1989 3069 2009 3102 ι
2040 3059 2094 3105 et
2131 3053 2305 3107 nubes
2354 3056 2585 3108 recessit
2637 3069 2667 3108 ιι
2708 3055 3086 3120 tabernaculo,
3117 3067 3172 3110 et
3198 3071 3324 3111 ecce
3361 3056 3528 3110 Maria

271 3157 454 3212 petra
485 3145 537 3197 in
572 3144 877 3212 enigmate
922 3120 1042 3196 erat
1085 3141 1222 3209 apud
1253 3139 1510 3209 Moysem,
1531 3139 1693 3207 290
1725 3147 1875 3193 ante-
1904 3120 1946 3177 (ἶ
1979 3137 2122 3193 facta
2152 3149 2238 3194 est
2270 3141 2478 3210 leprosa
2534 3143 2675 3196 sicut
2703 3144 2816 3206 nix,
2844 3162 2863 3195 ι
2901 3144 3348 3198 considerandum
3406 3145 3532 3198 dili-

270 3249 465 3302 guam
493 3233 832 3301 iungeretur
863 3231 990 3284 huic
1018 3238 1214 3284 nostra:
1239 3227 1600 3296 Ethiopissae.
1635 3225 1784 3280 Nunc
1828 3227 1880 3279 in
1987 3229 2205 3296 gentius
2231 3240 2332 3295 est,
2363 3230 2501 3296 quod
2554 3230 2704 3297 prius
2741 3231 2946 3286 recedit
2974 3231 3164 3296 nubes,
3188 3242 3241 3286 et
3275 3235 3348 3286 ita
3383 3235 3529 3302 lepra

271 3323 486 3391 specie
537 3331 700 3390 petra
754 3319 1012 3373 Christus
1083 3326 1188 3372 est.
1243 3315 1396 3369 Nunc
1443 3317 1584 3369 enim
1626 3329 1689 3368 os
1725 3315 1791 3368 ad
1821 3327 1883 3368 os
1985 3318 2256 3385 repletur:
2293 3329 2348 3371 ut
2373 3319 2690 3373 ostendatur
2717 3320 2842 3387 quia
2870 3320 3033 3373 etiam
3064 3322 3110 3375 si
3152 3324 3316 3376 estin
3349 3323 3528 3390 aliquo

273 3413 549 3481 loquitur
576 3427 680 3480 per
737 3409 924 3477 legem,
967 3407 1127 3461 Deus.
1159 3408 1327 3460 Antea
1371 3407 1424 3458 in
1455 3405 1734 3472 tenigmale
1783 3402 1886 3458 fuit
1983 3406 2156 3474 gratia
2184 3408 2356 3465 sancti
2386 3407 2715 3475 Spiritus,et
2739 3408 3032 3473 obtrectat,
3063 3418 3117 3464 et
3159 3410 3416 3476 detrahit,
3442 3425 3530 3467 re-

276 3502 610 3570 baptismns
635 3501 692 3554 in
727 3501 878 3553 nube
909 3506 966 3552 et
1019 3499 1070 3550 in
1104 3497 1265 3557 mari,
1293 3510 1436 3548 nunc
1457 3503 1633 3546 autem
1670 3493 1722 3545 iu
1751 3506 1879 3560 spe-
1982 3495 2124 3548 cedit
2147 3496 2214 3550 ab
2240 3511 2304 3550 eo
2332 3505 2448 3563 post
2481 3497 2951 3561 obtrectationem,
2979 3506 3033 3552 et
3063 3498 3141 3552 sic
3174 3500 3528 3568 lepra.reple-

276 3596 384 3649 cie
421 3591 776 3660 regeneratio
831 3597 913 3642 est
952 3589 1006 3642 in
1041 3601 1177 3654 aqua
1219 3595 1271 3640 et
1311 3587 1366 3642 in
1420 3584 1624 3652 Spiritu
1663 3591 1874 3638 sancto.
1981 3596 2069 3640 tur
2101 3587 2279 3638 anima
2311 3588 2447 3655 ejus.
2483 3586 2614 3639 Nam
2643 3588 2936 3656 etpopulus
2959 3588 3047 3640 ille
3077 3589 3224 3656 prior
3253 3591 3436 3644 habuit
3460 3594 3516 3646 in

277 3685 460 3738 Tunc
489 3685 545 3736 in
593 3681 893 3748 anigmate
935 3685 1057 3730 erat
1083 3690 1278 3729 manna
1326 3675 1502 3736 Cibus,
1536 3687 1676 3727 nunc
1705 3681 1881 3725 autem
1982 3693 2040 3732 se
2083 3679 2312 3746 gratiam
2357 3679 2473 3743 Dei,
2531 3679 2623 3732 sed
2665 3687 2942 3746 postquam
2979 3679 3033 3731 in
3079 3693 3262 3731 verum
3308 3679 3528 3749 Moysen

281 3774 347 3826 in
383 3773 577 3840 specie
634 3783 772 3824 caro
829 3766 987 3820 Verbi
1025 3765 1117 3818 Dei
1151 3770 1234 3818 est
1279 3777 1438 3815 verus
1473 3761 1645 3824 cibus,
1670 3762 1797 3814 sicut

2012 3769 2266 3820 Dominum
2325 3777 2565 3820 nostrum
2623 3765 2807 3821 Jesnm
2855 3766 3130 3820 Christum
3171 3768 3528 3824 extenderunt

282 3865 416 3932 ipse
451 3863 586 3916 dicit
610 3861 684 3925 ",
717 3860 850 3928 quia
888 3876 908 3909 ι
937 3857 1075 3911 Caro
1111 3869 1230 3909 mea
1286 3867 1415 3907 vere
1456 3861 1540 3906 est
1592 3852 1780 3916 cibus.
1831 3859 1885 3906 el
1981 3857 2186 3926 linguas
2219 3858 2559 3926 blasphemia:
2583 3873 2710 3920 suae,
2748 3857 2998 3912 discessit
3029 3857 3097 3911 ab
3118 3858 3224 3914 ill’s
3256 3861 3440 3921 nubes,
3473 3869 3530 3912 et

299 3954 542 4022 sanguis
573 3966 738 4005 meus
771 3963 900 4003 vere
925 3957 1010 4002 est
1050 3957 1227 4014 potus.
1258 3963 1278 3994 ι
1313 3945 1402 3998 Sic
1426 3958 1554 4010 ergo
1588 3957 1700 4010 tam
1744 3957 1885 3996 nunc
1982 3947 2226 4000 transivit
2252 3946 2316 3999 ad
2349 3960 2446 4000 nos
2470 3946 2522 3999 in
2555 3957 2789 4000 montem
2821 3947 3118 4008 excelsum,
3138 3963 3257 4000 cum
3279 3947 3530 4002 Salvator

283 4042 515 4112 Moyses
545 4039 695 4108 apud
723 4053 826 4092 nos
851 4038 1082 4104 positus,
1118 4043 1172 4088 et
1197 4034 1321 4087 huic
1347 4031 1699 4099 IEtbiopissze
1748 4045 1799 4084 Ct

2018 4045 2164 4090 oster
2185 4038 2600 4090 transformatns
2631 4047 2734 4100 est,
2765 4045 2818 4089 et
2848 4038 3016 4092 nubes
3037 4035 3310 4105 refulgens
3339 4034 3530 4091 obum-

282 4131 542 4198 iunctns,
580 4129 672 4183 vel
731 4129 850 4197 ipse
893 4129 962 4180 ad
995 4143 1113 4190 nos,
1140 4127 1224 4180 vel
1253 4127 1394 4181 Deus
1442 4128 1507 4179 ad
1563 4125 1732 4193 ipsum
1778 4137 1880 4176 non
1981 4124 2157 4178 bravit
2208 4127 2495 4194 discipulos
2547 4124 2686 4192 ejus,
2741 4133 2794 4178 et
2821 4126 2966 4178 venit
2998 4139 3095 4178 vox
3138 4127 3202 4179 de
3245 4125 3405 4190 nube,
3440 4127 3525 4178 di-

286 4221 550 4290 loquitur
583 4218 643 4271 in
667 4217 984 4284 aenigmate,
1021 4217 1115 4270 sed
1143 4216 1195 4268 in
1237 4216 1435 4282 specie.
1469 4215 1563 4268 His
1587 4223 1760 4267 autem
1795 4212 1884 4265 ad-
1980 4229 2108 4268 cens
2132 4215 2217 4267 "z
2254 4233 2274 4266 ι
2315 4215 2410 4270 llic
2465 4224 2548 4270 est
2601 4215 2769 4269 Filius
2816 4229 2967 4268 meus
3023 4215 3425 4277 dilectissimus,
3473 4215 3528 4267 in

285 4312 438 4365 ditur
477 4327 495 4363 :
537 4326 558 4358 α
610 4307 683 4359 Et
741 4305 994 4374 gloriam,
1058 4307 1240 4375 inquit
1284 4307 1352 4367 ",
1403 4304 1608 4358 Domini
1664 4304 1816 4356 vidit.
1856 4320 1878 4353 ι
1981 4319 2088 4373 quo
2125 4304 2255 4358 mihi
2311 4304 2448 4358 bene
2495 4305 2813 4374 complacui.
2844 4321 2864 4354 ›
2901 4302 3024 4355 Post
3065 4305 3163 4356 hoc
3187 4317 3313 4372 ergo
3359 4303 3527 4358 Maria

286 4398 539 4464 Quando
581 4395 730 4448 vidit
779 4394 995 4462 Moyses
1038 4395 1268 4464 gloriam
1328 4393 1578 4447 Domini?
1608 4392 1716 4462 Ego
1759 4401 1883 4445 tunc
1913 4392 2118 4481 Dfacta
2175 4401 2257 4446 est
2305 4395 2511 4460 leprosa
2565 4392 2702 4446 sicut
2735 4393 2847 4447 nix.
2890 4391 3066 4447 Donec
3094 4393 3279 4445 aderat
3331 4392 3520 4454 nubes,

284 4489 428 4551 dico,
465 4484 714 4554 quando
748 4481 1178 4535 transformatus
1210 4491 1293 4534 est
1318 4481 1570 4536 Dominus
1593 4483 1645 4535 in
1681 4489 1879 4542 monte,
1991 4481 2149 4534 Maria
2183 4497 2284 4535 non
2309 4491 2428 4534 erat
2478 4482 2709 4548 leprosa,
2741 4483 2834 4535 sed
2877 4497 2998 4535 cum
3031 4482 3300 4535 discessit.
3334 4481 3516 4534 Donec

282 4587 326 4630 et
350 4579 586 4632 aderat
617 4575 667 4626 ei
697 4572 913 4642 Moyses
945 4585 1069 4625 cum
1091 4571 1229 4633 Elia,
1258 4581 1312 4624 et
1338 4571 1778 4638 colloquebantur
1811 4570 1880 4624 ei.
1988 4568 2128 4620 enim
2154 4567 2387 4620 visitatio
2415 4567 2506 4621 Dei
2533 4576 2650 4620 erat
2677 4571 2728 4622 in
2761 4570 2952 4637 populo
2985 4568 3097 4631 illo,
3146 4583 3251 4622 non
3296 4577 3416 4621 erat
3447 4568 3527 4619 le-

277 4664 330 4721 Et
361 4669 518 4723 ideo
559 4673 720 4717 recte
754 4665 808 4714 in
861 4659 1328 4728 consequentibus
1373 4658 1610 4726 adiungit
1641 4660 1688 4691 ⁸³
1723 4677 1786 4713 :r
1821 4659 1885 4711 Et
1988 4671 2197 4724 prosus.
2251 4657 2348 4710 Ubi
2402 4671 2529 4710 vero
2571 4658 2842 4720 discessit,
2892 4659 3177 4727 ignominia
3217 4657 3396 4710 vultus
3447 4657 3529 4708 sui

274 4768 454 4822 quare
489 4767 609 4805 non
642 4751 902 4803 timuistis
929 4747 1233 4802 detrahere
1267 4747 1462 4799 famulo
1483 4761 1600 4801 meo
1632 4747 1836 4817 Moysi?
1859 4765 1880 4798 ι
1989 4747 2224 4799 contexit
2247 4761 2389 4799 eum.
2424 4747 2528 4802 Sed
2555 4757 2621 4808 et,
2656 4762 2758 4801 nos
2783 4749 3066 4802 timeamus
3093 4763 3159 4800 ne
3179 4746 3314 4800 forte
3337 4745 3534 4813 ell‘uge-

269 4842 432 4910 Quod
461 4839 772 4893 evidenter
797 4837 994 4904 utique
1022 4835 1094 4887 ad
1129 4847 1230 4887 eos
1265 4835 1458 4886 dictum
1496 4836 1760 4904 dirigitur,
1792 4836 1885 4904 qui
1988 4850 2106 4887 mus
2144 4851 2172 4888 a
2226 4837 2378 4890 nobis
2422 4837 2561 4890 banc
2608 4839 2806 4892 nubem
2868 4837 3005 4890 male
3055 4835 3341 4903 loquendo,
3394 4834 3534 4885 male

270 4927 592 4996 Evangelia
619 4925 842 4992 quidem
874 4921 1178 4988 suscipere
1208 4921 1470 4984 videntur,
1498 4923 1754 4990 derogant
1787 4938 1888 4975 au-
1991 4925 2214 4991 agendo,
2243 4927 2382 4978 male
2409 4928 2687 4996 cogitando
2714 4944 2728 4980 ε
2755 4935 2808 4980 et
2838 4936 2961 4979 tunc
2994 4924 3271 4992 apparebit
3301 4923 3354 4974 in
3379 4922 3533 4974 nobis

266 5027 368 5076 tem
411 5015 626 5086 Moysi,
653 5023 711 5068 et
740 5012 950 5066 merito
992 5019 1333 5075 arguuntur,
1371 5011 1492 5076 quia
1535 5026 1656 5064 cum
1682 5013 1886 5065 discant
1991 5012 2134 5082 lepra
2166 5016 2393 5082 peccati,
2424 5031 2543 5070 cum
2571 5017 2876 5070 deseruerit
2901 5030 2999 5068 nos
3038 5013 3204 5082 gratia
3238 5012 3354 5062 Dei.

261 5123 355 5174 per
386 5103 769 5173 Evangelium
830 5097 994 5165 quod
1043 5094 1278 5162 Moyses
1321 5113 1416 5151 una
1457 5112 1575 5150 cum
1617 5099 1732 5153 Elia
1757 5101 1888 5154 vidit
2059 5102 2110 5155 5.
2140 5120 2158 5151 ι
2196 5103 2260 5155 Et
2284 5105 2515 5172 respexit
2545 5104 2720 5160 Aaron
2751 5106 2815 5157 ad
2831 5103 3070 5162 Mariam,
3101 5109 3290 5151 etecce
3311 5104 3430 5147 erat
3457 5094 3538 5147 le-

258 5200 498 5265 gloriam
526 5189 775 5252 Domini,
796 5185 912 5251 legi
933 5192 994 5236 et
1021 5182 1315 5250 prophetis
1335 5187 1580 5240 ausisunt
1602 5189 1883 5257 derogare.
1990 5204 2164 5257 prosa.
2195 5192 2256 5246 Et
2284 5195 2417 5248 dixit
2442 5196 2620 5248 Aaron
2651 5196 2712 5246 ad
2739 5195 2954 5255 Moysen
2994 5211 3007 5244 :
3047 5190 3260 5244 Precor,
3287 5183 3532 5241 domine.

256 5283 309 5342 Et
336 5288 469 5340 ideo
493 5297 600 5337 nos
625 5293 745 5333 non
783 5269 1183 5327 detrahamus
1228 5269 1407 5341 Moysi,
1435 5289 1531 5328 nec
1555 5276 1876 5343 derogemus
1989 5293 2054 5332 ne
2082 5280 2370 5336 contuleris
2403 5283 2453 5336 in
2480 5299 2576 5338 nos
2616 5293 2916 5352 peccatum,
2967 5273 3218 5343 quoniam
3262 5265 3542 5331 ίεηοτιινὶ-

304 5453 352 5483 ιο
390 5448 575 5503 ιοοιι,
621 5457 682 5506 χ,
716 5439 743 5490 1
785 5441 848 5486 et
876 5440 1054 5492 seqq.
1142 5427 1189 5456 ⁸⁸
1232 5428 1378 5486 Joan.
1418 5449 1484 5494 vr,
1536 5436 1628 5488 56.
1703 5435 1814 5488 "N

2032 5454 2056 5502 τ,
2092 5441 2143 5493 8.
2253 5440 2298 5470 ³³
2320 5439 2451 5493 ibid.
2521 5438 2726 5492 “ibid.
2777 5437 2830 5498 9,
2877 5433 2964 5486 ιο.
2999 5393 3043 5458 ἆυ
3086 5418 3270 5473 Matth.
3301 5424 3449 5476 xm,
3492 5416 3548 5480 5,

300 5569 408 5638 (77)
451 5560 660 5618 Codex
727 5559 848 5602 ms.
921 5535 1319 5609 Ebroitensis,
1355 5563 1372 5597 ι
1399 5548 1666 5603 accidant.
1689 5568 1708 5601 ι
1738 5549 1812 5603 Co

2041 5556 2146 5610 ncti
2176 5553 2514 5626 Theoderici,
2549 5571 2569 5605 ι
2604 5554 2937 5622 contingant.
2974 5560 3002 5621 ι¹
3025 5537 3149 5593 Lib.
3205 5532 3363 5596 editi,
3401 5546 3425 5582 ει
3463 5544 3555 5586 ae-

247 5639 441 5693 cedant.
473 5664 495 5693 ι
