3838 6202
398 345 506 400 615

1806 330 1968 385 01110
1978 326 2128 382 ΕΝΐῆ

3514 316 3601 372 Siti

404 477 520 515 mus
550 459 690 528 quod
737 457 1098 527 peccavimus.
1152 454 1229 509 Ne
1262 454 1354 508 ﬁat
1394 453 1571 506 simile
1618 445 1726 522 (τε)
1755 451 1934 512 morti,
1965 456 2010 510 Α
2039 449 2179 501 dicat
2209 444 2460 498 meliores
2496 441 2595 510 qui
2629 436 2846 493 mortui
2887 441 3022 489 sunt
3056 431 3282 492 mundo,
3315 437 3366 483 et
3393 442 3474 483 eos
3497 447 3599 498 pro-

401 562 539 605 ctut
566 551 786 603 aborsus
808 548 1010 614 ejectus
1062 547 1128 598 de
1155 546 1309 598 vulva
1362 545 1568 608 matris,
1615 553 1667 596 et
1711 541 1940 595 comedit

402 639 676 693 dimidium
698 635 876 688 carnis
899 633 1014 700 ejus
1039 634 1101 684 “.
1126 651 1144 684 ι
1167 633 1290 684 Vult
1311 631 1362 684 in
1387 631 1486 685 hoc
1501 628 1782 683 ostendere
1801 627 1939 693 quod

401 726 733 797 populusille
757 724 1020 778 formatus
1047 722 1258 789 quidem
1289 719 1449 772 fuerit
1480 719 1532 770 in
1569 716 1721 768 vulva
1753 715 1940 766 matris

399 834 512 872 suae
554 829 853 887 synagogas,
906 827 1009 866 non
1068 821 1242 863 tamen
1283 810 1563 878 pervenire
1601 805 1833 875 potuerit
1875 803 1941 854 ad

405 908 699 975 perfectum
722 915 775 960 et
808 907 1074 971 integrum
1104 912 1333 970 partum.
1379 897 1527 951 Sicut
1556 897 1696 950 enim
1723 896 1942 946 aborsus

402 998 749 1066 imperfectus
793 1003 848 1048 et
899 992 1284 1059 incompositus
1325 997 1405 1042 est
1429 997 1611 1055 partus
1637 1004 1649 1038 :
1680 986 1749 1037 ita
1783 992 1837 1036 et
1859 982 1945 1035 ille

406 1089 632 1159 populus
689 1086 961 1153 aliquanto
1009 1082 1224 1150 quidem
1290 1079 1524 1146 tempore
1554 1075 1692 1129 intra
1734 1073 1942 1125 vulvam

403 1179 620 1238 matris.
647 1178 748 1229 hoc
768 1182 868 1234 est,
895 1175 1036 1226 intra
1073 1183 1353 1240 synagogas
1395 1166 1779 1220 institutionem
1803 1159 1946 1229 posi-

407 1277 495 1320 tus
525 1266 619 1319 fuit
647 1283 660 1318 :
689 1265 778 1318 sed
823 1262 1058 1331 peccatis
1112 1257 1587 1318 intercedentibus,
1621 1250 1837 1304 formari
1880 1248 1946 1299 ad

409 1358 698 1425 integrum,
736 1351 1100 1416 viviﬁcarique
1145 1362 1247 1401 non
1283 1346 1456 1414 potuit
1485 1361 1502 1396 :
1529 1350 1582 1396 et
1604 1341 1722 1393 ideo
1753 1337 1944 1406 abjecti

407 1455 533 1500 sunt
557 1444 699 1496 velut
731 1442 950 1496 abersus
978 1435 1321 1504 imperfectus
1369 1443 1422 1486 et
1462 1433 1797 1490 immaturus,
1824 1440 1949 1494 pec-

406 1544 530 1588 cato
555 1531 761 1585 scilicet
805 1535 1159 1582 consumente
1205 1523 1504 1581 dimidium,
1539 1529 1597 1571 ut
1639 1519 1735 1581 ait,
1765 1517 1948 1568 carnis

409 1627 548 1693 eius.
582 1626 674 1678 Est
700 1633 876 1675 tamen
905 1617 1170 1672 interdum
1212 1624 1266 1667 et
1298 1612 1519 1665 ahorsus
1559 1611 1747 1663 bonus.
1775 1607 1950 1659 Bonus

412 1725 591 1768 autem
626 1713 846 1764 aborsus
867 1705 1066 1760 dicitur
1103 1717 1221 1756 cum
1257 1699 1378 1753 aliis
1417 1706 1778 1764 comparatur,
1812 1693 1948 1746 sicut

412 1815 467 1859 et
495 1788 844 1856 Ecclesiastes
872 1795 1014 1848 ait"
1049 1811 1062 1846 :
1095 1809 1113 1843 ι
1156 1792 1219 1844 Ει
1241 1790 1346 1842 dixi
1375 1786 1583 1839 :Bonus
1614 1796 1696 1839 est
1727 1783 1951 1835 aborsus

414 1892 584 1961 magis
616 1902 775 1956 quam
808 1884 917 1937 ille.
951 1902 969 1935 ι
999 1881 1099 1946 Qui
1129 1880 1258 1932 ille?
1292 1895 1310 1927 ι
1348 1877 1446 1941 Qui
1477 1875 1528 1927 in
1571 1872 1828 1932 vanitate,
1869 1868 1953 1920 in-

409 1982 616 2052 quit".
641 1977 834 2031 incedit
862 1982 914 2028 et
953 1972 1008 2025 in
1053 1969 1288 2024 tenebris
1327 1965 1580 2046 ambulat.
1616 1981 1634 2014 ι
1670 1961 1782 2014 Non
1825 1972 1953 2026 ergo

415 2069 654 2124 absolute
683 2066 881 2118 bonum
928 2062 1058 2114 dicit
1099 2059 1372 2114 aborsum,
1429 2053 1518 2106 scd
1550 2052 1748 2103 bonum
1785 2047 1954 2114 magis

416 2173 574 2227 quam
590 2157 776 2217 vitam,
797 2166 915 2219 quae
946 2149 998 2202 in
1027 2148 1263 2200 vanitate
1289 2144 1520 2204 ducitur,
1551 2151 1603 2193 et
1632 2139 1686 2191 in
1724 2135 1956 2189 tenebris

417 2224 748 2316 ignorantiae.
793 2240 859 2293 Et
905 2239 964 2290 fit
1008 2237 1146 2304 apud
1186 2249 1306 2287 eum
1341 2231 1585 2300 quaedam
1626 2224 1957 2293 comparatio

415 2335 769 2404 singulorum.
824 2327 1129 2381 Dicitenim
1158 2335 1211 2378 ct
1260 2323 1387 2375 alibi
1432 2321 1543 2388 ipse
1584 2316 1953 2374 Ecclesiastes,

415 2401 586 2476 bonos
637 2431 758 2472 esse
810 2422 1049 2467 mortuos
1101 2411 1268 2477 magis
1336 2422 1497 2476 quam
1575 2405 1814 2456 viventes
1888 2401 1955 2449 ⁸³.

414 2511 622 2578 Quibus
689 2521 874 2560 rursus
946 2503 990 2557 si
1053 2514 1327 2568 compares
1399 2499 1682 2558 aborsum,
1759 2494 1955 2547 bonmn

412 2618 536 2659 esse
591 2599 737 2652 dicas
775 2593 887 2663 ('79)
934 2604 1097 2657 super
1143 2599 1446 2654 utrumque.
1505 2585 1561 2637 Si
1609 2597 1739 2651 ergo
1781 2583 1960 2636 consi-

415 2695 574 2748 deres
629 2687 720 2754 qui
780 2680 1052 2743 suntvivi,
1088 2687 1143 2732 et
1191 2678 1282 2746 qui
1315 2683 1439 2730 sunt
1498 2671 1712 2735 mortui,
1762 2671 1958 2736 quibus

419 2783 643 2835 aborsus
696 2773 886 2825 melior
955 2769 1025 2820 sit
1080 2775 1179 2833 pro
1243 2781 1308 2818 eo
1356 2763 1496 2831 quod
1547 2777 1617 2814 ne
1665 2759 1960 2828 gustaverit

417 2869 573 2938 291
614 2861 827 2931 quidem
855 2858 976 2909 vitae
1005 2855 1182 2908 mundi
1225 2854 1379 2920 hujus
1413 2851 1646 2916 auspicia
1668 2888 1682 2912 ,
1723 2848 1960 2901 invenies

418 2935 536 3026 qua:
583 2956 689 3008 sint
735 2953 785 3005 in
845 2947 1232 3017 comparatione
1285 2941 1384 2994 ista
1421 2937 1765 3004 1dill‘erentite.
1815 2935 1958 2989 Con-

419 3045 591 3099 sidera
634 3057 762 3110 ergo
808 3040 931 3108 quia
979 3052 1084 3090 non
1128 3033 1259 3086 alios
1302 3029 1391 3097 ,ibi
1442 3027 1736 3082 nominavit
1786 3026 1962 3078 viven-
1990 3070 2030 3125 C

422 3146 538 3197 tes,
574 3133 674 3186 nisi
710 3132 776 3185 de
819 3130 1014 3198 quibus
1057 3117 1254 3178 dicitur
1309 3121 1361 3174 in
1410 3118 1633 3172 Psalmis
1692 3118 1771 3170 ‘°:
1799 3134 1817 3166 t
1855 3117 1960 3170 Ve-

419 3231 719 3279 rumtamen
779 3219 989 3272 vanitas
1036 3213 1209 3270 omnis
1262 3213 1420 3264 homo
1477 3208 1683 3262 vivens.
1730 3223 1750 3257 ι
1799 3206 1954 3260 Omni

421 3328 548 3384 ergo
575 3313 791 3368 homine
843 3310 930 3378 qui
989 3308 1040 3360 in
1089 3305 1319 3358 vanitate
1347 3301 1499 3354 vivit.
1533 3298 1646 3351 Non
1673 3298 1814 3351 enim
1842 3313 1963 3351 om-

421 3405 505 3458 nis
540 3404 645 3456 vita
692 3402 744 3455 in
787 3400 1020 3452 vanitate
1074 3405 1180 3459 est,
1243 3393 1334 3447 sed
1369 3392 1455 3444 illa
1496 3391 1603 3443 vita
1633 3403 1751 3457 quae
1772 3403 1964 3442 secun-

421 3497 545 3547 dum
589 3506 804 3547 carnem
851 3495 1059 3553 est,'ct
1098 3485 1382 3539 secundum
1435 3495 1646 3534 errores
1698 3494 1762 3533 ac
1809 3478 1962 3532 volu-

424 3593 596 3652 ptates
620 3580 822 3642 saeculi,
867 3579 982 3631 hac
1025 3583 1106 3628 est
1143 3574 1248 3626 vita
1279 3571 1530 3624 vanitatis
1556 3568 1696 3637 (80),
1723 3577 1772 3621 et
1803 3581 1964 3634 super

425 3675 563 3726 hanc
605 3679 687 3725 est
719 3668 896 3723 omnis
934 3664 1021 3732 qui
1062 3662 1188 3716 huic
1227 3661 1350 3714 vita:
1391 3665 1632 3710 mortuus
1655 3664 1768 3719 est,
1791 3663 1840 3707 et
1871 3656 1961 3721 qui

421 3763 554 3818 dicit
577 3763 621 3794 “
664 3776 678 3814 :
725 3777 745 3810 t
790 3758 914 3811 Mihi
951 3763 1125 3808 autem
1163 3751 1392 3805 mundus
1425 3747 1714 3803 cruciﬁxns
1759 3756 1872 3810 est,
1909 3756 1964 3799 et

420 3867 519 3920 ego
551 3849 775 3911 mundo;
825 3865 842 3897 ι
877 3856 928 3899 et
958 3845 1023 3898 de
1057 3855 1162 3909 quo
1192 3840 1384 3894 dicitur
1412 3839 1456 3869 “
1497 3856 1510 3891 :
1548 3855 1566 3888 ς
1605 3835 1792 3889 Mortui
1831 3849 1962 3902 ergo

422 3939 554 3993 estis
581 3952 702 3991 cum
729 3934 965 3988 Christo.
1013 3949 1032 3982 ι
1065 3928 1158 3983 lsti
1189 3941 1319 3994 ergo
1347 3925 1589 3978 meliores
1615 3931 1768 3983 sttnt,
1799 3935 1961 3988 quam
1992 3937 1998 3942 ·

426 4025 523 4079 illi-
545 4026 807 4078 viventes.
850 4011 954 4073 Sed
995 4033 1158 4085 super
1193 4019 1292 4071 hos
1323 4028 1444 4068 esse
1482 4012 1674 4067 dicitur
1706 4012 1962 4074 aborsus,

424 4114 548 4181 quia
589 4112 718 4166 licet
756 4109 970 4162 venisse
1005 4107 1245 4160 videatur
1277 4105 1332 4158 in
1373 4116 1563 4162 carne,
1605 4100 1746 4154 nulla
1786 4111 1960 4153 tamen

427 4200 679 4253 vanitatis
697 4196 819 4249 vitae
845 4196 1000 4262 hujus
1023 4196 1243 4262 sumpsit
1270 4194 1441 4248 initia.
1470 4189 1761 4245 introducit
1781 4199 1960 4242 tamen

430 4285 776 4341 Ecclesiastes
804 4292 858 4334 et
888 4283 1048 4335 alium
1080 4283 1365 4349 quemdam
1386 4321 1403 4346 ,
1430 4291 1488 4334 ut
1519 4279 1755 4338 videtur,
1799 4277 1960 4330 etiam

2039 533 2244 587 nuntiet
2269 530 2562 584 inferiores
2589 529 2691 596 qui
2721 527 2922 580 vivunt
2954 521 3197 575 mundo?
3224 519 3350 572 Nam
3375 520 3416 572 si
3442 533 3603 574 secun-

2039 625 2163 676 dum
2210 623 2450 674 litteram
2503 619 2646 672 velis
2693 614 3048 682 intelligere,
3090 611 3356 678 quomodo
3391 609 3602 663 laudandi

2040 722 2164 766 sunt
2217 711 2417 765 mortui
2471 709 2652 777 magis
2707 720 2880 773 quam
2927 700 3217 754 viventes?
3246 699 3465 752 Laudari
3488 701 3605 753 enim

2042 803 2176 857 Solet
2220 803 2342 869 quis
2389 800 2444 852 in
2497 813 2563 852 eo
2609 797 2763 864 quod
2797 793 3091 846 voluntate
3127 791 3266 842 bona
3298 799 3351 842 et
3375 791 3609 855 preposito

2041 891 2212 959 egerit
2261 888 2399 959 (81).
2451 887 2598 940 Mors
2649 895 2845 936 autem
2894 881 3004 934 ista
3037 878 3380 943 communis,
3421 878 3532 932 nulli
3557 896 3610 934 ex

2043 980 2354 1042 voluntate,
2402 990 2505 1030 nec
2537 990 2602 1029 ex
2646 972 2954 1042 proposito
2999 972 3175 1024 venit.
3212 969 3479 1034 Quomodo
3506 985 3614 1037 ergo

2046 1070 2240 1137 dignus
2269 1066 2434 1119 laude
2464 1065 2752 1118 videbitur
2783 1065 2840 1116 in
2874 1077 2944 1115 eo
2969 1063 3099 1128 quis
3127 1060 3274 1128 quod
3303 1071 3480 1112 contra
3510 1075 3613 1128 pro-

2047 1159 2278 1224 positum
2311 1155 2552 1223 patitur?
2584 1153 2865 1221 Alioquin
2897 1151 3219 1204 laudabitur
3243 1159 3297 1203 et
3323 1149 3515 1202 Pharao
3539 1166 3612 1202 rex

2045 1246 2295 1315 Egypti,
2328 1245 2418 1310 qui
2443 1245 2775 1297 submersus
2797 1247 2888 1295 est
2923 1241 2980 1292 in
3018 1252 3172 1292 mare
3193 1277 3210 1304 ,
3253 1252 3409 1306 super
3437 1237 3613 1303 Mosen,

2048 1337 2139 1402 qui
2213 1336 2280 1386 de
2353 1333 2491 1386 tnari
2565 1332 2727 1384 vivus
2803 1328 2990 1382 evasit
3031 1328 3102 1382 “.
3168 1325 3529 1378 Laudabuntur
3571 1335 3616 1377 et

2047 1422 2285 1492 Egyptii
2315 1421 2409 1489 qui
2449 1420 2648 1473 mortui
2685 1425 2824 1470 sunt
2847 1416 2904 1468 in
2939 1416 3100 1482 aquis
3120 1452 3137 1477 ,
3168 1414 3339 1482 magis
3369 1428 3512 1480 quam
3541 1428 3615 1480 po-

2049 1514 2208 1581 pulus
2237 1513 2364 1576 Dei,
2397 1512 2492 1579 qui
2524 1507 2792 1562 transivit
2829 1519 2935 1574 per
2977 1505 3188 1559 siccum
3217 1503 3272 1556 in
3303 1503 3464 1556 medio
3485 1504 3614 1555 mari.

2049 1603 2167 1656 Non
2191 1617 2322 1670 ergo
2348 1602 2421 1656 ita
2453 1601 2764 1668 intelligas,
2799 1598 2899 1651 sed
2929 1596 3076 1650 scito
3107 1602 3162 1647 te
3190 1591 3496 1644 laudandum
3522 1604 3617 1644 esse

2053 1704 2325 1746 mortuum
2369 1706 2494 1744 cum
2541 1689 2797 1759 potueris
2847 1689 3043 1741 dicere
3084 1685 3132 1716 "
3169 1697 3185 1736 :
3227 1702 3245 1734 ι
3282 1682 3484 1738 Christo
3509 1695 3616 1732 con—

1982 1752 2025 1808 B
2058 1783 2352 1838 cruciﬁxus
2405 1797 2550 1836 sum.
2607 1782 2752 1836 Vivo
2804 1786 2996 1831 autem
3039 1776 3155 1843 jam
3209 1788 3314 1825 non
3349 1787 3472 1841 ego,
3516 1771 3619 1822 vivit

2058 1882 2237 1924 autem
2278 1871 2332 1923 in
2366 1884 2454 1921 me
2485 1869 2767 1924 Christus.
2813 1885 2834 1916 ι
2875 1865 2934 1918 Si
2981 1862 3308 1918 renuntiasti
3351 1859 3552 1921 saeculo,
3582 1861 3615 1913 si

2061 1959 2304 2027 abiecisti
2336 1959 2465 2012 vitia
2490 1997 2504 2021 ,
2559 1960 2606 2011 si
2649 1959 2767 2024 jam
2815 1970 2932 2009 non
2982 1955 3229 2006 moveris
3257 1951 3322 2004 ad
3351 1961 3616 2018 peccaturo,

2061 2051 2154 2102 scd
2192 2057 2439 2101 mortuus
2477 2063 2537 2101 es
2579 2055 2824 2115 peccato
2850 2083 2866 2108 ,
2918 2045 3126 2098 melior
3165 2057 3225 2096 cs
3267 2057 3418 2110 quam
3448 2041 3523 2092 ille
3545 2037 3615 2107 qui

2062 2139 2194 2191 vivit
2224 2146 2470 2205 peccato,
2491 2147 2545 2189 et
2570 2137 2681 2189 erit
2709 2137 2766 2188 in
2803 2143 2858 2188 te
2882 2149 3040 2186 mors
3071 2134 3172 2184 ista
3205 2130 3494 2184 laudabilis.
3514 2127 3617 2179 Nam

2063 2227 2166 2296 pro
2191 2238 2363 2281 morte
2398 2227 2502 2280 hac
2532 2224 2824 2280 communi
2853 2263 2867 2286 ,
2909 2235 3035 2289 quae
3065 2223 3186 2292 lege
3222 2231 3418 2274 natura:
3449 2217 3621 2272 unicui-

2063 2331 2167 2382 que
2191 2316 2371 2378 venit,
2401 2327 2563 2368 nemo
2594 2314 2890 2367 laudatur.
2924 2311 3059 2364 Haec
3093 2312 3219 2364 licet
3251 2325 3345 2378 per
3365 2321 3618 2365 excessum.

2063 2405 2481 2459 commemorari
2531 2415 2721 2457 tamen
2761 2405 3020 2470 oportuit
3055 2403 3108 2455 in
3144 2416 3210 2454 eo
3233 2399 3348 2453 loco
3373 2398 3452 2452 ubi
3477 2411 3620 2450 sermo

2065 2498 2157 2551 Dei
2190 2496 2414 2549 Mariam
2455 2508 2553 2563 pro
2580 2493 2745 2562 culpa
2787 2491 3262 2556 obtrectationis,
3299 2499 3351 2542 ct
3381 2505 3466 2556 pro
3497 2487 3618 2554 plaga

2064 2584 2422 2652 correptionis
2477 2585 2745 2637 aliorsum
2796 2585 2942 2637 dicit
2990 2583 3283 2644 effectam,
3324 2589 3377 2631 ut
3409 2577 3619 2630 ostende.

2067 2688 2244 2727 remus
2283 2673 2407 2741 quia
2461 2680 2546 2725 est
2591 2681 2647 2724 et
2692 2673 3127 2741 vituperabilis,
3178 2679 3264 2723 est
3305 2679 3356 2720 et
3383 2664 3620 2720 laudabilis

2064 2764 2313 2816 aborsus.
2368 2761 2614 2828 Denique
2657 2764 2840 2814 etiam
2889 2761 3193 2831 Apostolus
3241 2759 3410 2814 sciens
3449 2761 3494 2810 in
3528 2755 3620 2808 istis

2065 2852 2260 2920 quibus
2305 2865 2466 2919 supra
2507 2850 2756 2903 diximus
2802 2853 3106 2905 ordinibus
3138 2864 3260 2904 esse
3292 2850 3503 2916 aliquem
3530 2844 3618 2896 lau-

2065 2941 2298 2995 dabilem
2337 2942 2569 2992 aborsus
2605 2939 2876 2994 ordinem
2900 2980 2917 3005 ,
2953 2941 3130 2994 etiam
3172 2939 3239 2992 de
3271 2936 3528 3002 semetipso
3557 2931 3620 2984 dio

2065 3031 2142 3084 cit
2168 3031 2211 3062 "’
2249 3048 2264 3084 :
2307 3046 2326 3079 ι
2362 3027 2667 3081 Novissime
2702 3038 2902 3083 autem
2941 3030 3195 3083 omnium
3233 3037 3472 3094 tanquam
3495 3021 3617 3074 abor-

2063 3121 2175 3174 tivo
2213 3121 2358 3172 visus
2389 3128 2471 3171 est
2499 3127 2553 3170 et
2589 3119 2768 3184 mihi;
2808 3138 2829 3171 ι
2869 3135 3044 3189 super
3075 3121 3325 3173 viventes
3363 3129 3418 3169 se
3445 3111 3616 3182 quidem

2065 3217 2120 3262 et
2155 3221 2318 3276 super
2351 3215 2630 3271 mortuos,
2664 3215 2800 3272 post
2828 3222 2934 3262 eos
2965 3217 3153 3262 tamen
3186 3208 3276 3276 qui
3305 3206 3508 3259 necdum
3531 3199 3618 3252 nali

2065 3308 2190 3352 sunt
2214 3336 2229 3360 ,
2269 3310 2585 3351 numerans.
2611 3295 2699 3348 Fit
2737 3285 2886 3366 erg'o
2920 3299 3064 3352 sicut
3101 3299 3330 3351 aborsns
3350 3295 3512 3348 Maria.
3533 3289 3619 3343 Non

2064 3387 2205 3440 enim
2254 3387 2429 3454 potuit
2471 3385 2704 3454 populus
2749 3387 2855 3441 ille
2903 3388 2975 3442 ad
3015 3387 3319 3457 perfectum
3361 3385 3550 3439 formari
3578 3382 3619 3433 in

2066 3475 2179 3544 lege
2203 3512 2220 3536 .
2273 3475 2415 3528 sicut
2451 3483 2507 3526 et
2551 3473 2750 3527 Paulus
2810 3477 3150 3542 pronuntiat
3187 3476 3372 3528 dicens
3392 3473 3468 3523 “z
3495 3487 3511 3521 ι
3539 3467 3619 3522 Ne-

2071 3565 2268 3616 minem
2301 3563 2446 3616 enim
2476 3563 2543 3614 ad
2583 3561 2910 3628 perfectum
2944 3565 3181 3617 adduxit
3212 3564 3318 3618 lex.
3367 3581 3384 3614 ι
3429 3560 3621 3626 Denique

2066 3662 2122 3707 et
2150 3653 2288 3705 idem
2334 3651 2627 3719 Apostolus
2660 3654 2728 3704 de
2761 3654 3121 3720 quibusdam
3159 3669 3296 3722 quos
3332 3667 3360 3706 a
3392 3652 3484 3704 ﬁde
3503 3647 3622 3702 dela-

2070 3747 2196 3810 psos
2226 3751 2281 3795 et
2307 3741 2454 3794 velut
2471 3740 2525 3794 in
2553 3742 2823 3798 aborsum
2844 3759 3157 3801 conversos
3182 3747 3249 3800 ad
3276 3743 3504 3814 perfecta:
3525 3752 3622 3792 rur-

2065 3848 2182 3887 sum
2220 3831 2519 3885 nativitatis
2567 3831 2834 3887 instituta
2888 3838 3239 3904 reparabat,
3276 3836 3351 3889 ait
3380 3836 3420 3867 ⁸⁸
3452 3853 3463 3886 :
3501 3849 3518 3882 α
3552 3828 3622 3882 Fi-

2068 3921 2177 3974 lioli
2231 3919 2379 3981 mei,
2431 3933 2572 3986 quos
2627 3920 2844 3974 iterum
2895 3925 3160 3991 parturio
3204 3925 3373 3979 donec
3408 3920 3623 3975 formetur

2065 4009 2315 4064 Christus
2345 4009 2397 4060 in
2433 4009 2613 4063 vobis.
2647 4027 2668 4060 ι

2133 4098 2186 4152 4.
2221 4115 2240 4148 ‹
2280 4097 2346 4150 Et
2370 4098 2734 4165 proclamavit
2769 4099 3011 4173 Moyses
3036 4104 3106 4157 ad
3129 4103 3411 4158 Dominum
3432 4101 3618 4155 dicens:

2066 4189 2207 4242 Deus
2241 4187 2375 4258 (82),
2399 4203 2594 4256 precor
2619 4200 2694 4253 te,
2726 4206 2872 4246 sana
2903 4209 3029 4248 eam
3061 4196 3132 4247 "°.
3191 4213 3211 4246 ι
3241 4195 3304 4248 Et
3325 4207 3471 4261 quem
3496 4203 3622 4256 opor-

2069 4277 2214 4331 tebat
2233 4293 2394 4349 orare
2419 4279 2488 4330 ad
2524 4279 2828 4334 Dowinum
2875 4299 2984 4352 pro
3015 4286 3258 4338 sanitate
3283 4283 3449 4354 pepuli
3479 4280 3619 4337 illius,

429 4375 533 4426 isto
556 4369 850 4430 meliorem,
871 4367 935 4419 de
966 4381 1070 4434 quo
1093 4368 1221 4420 dicit
1251 4385 1264 4421 :
1294 4368 1338 4399 “
1370 4385 1389 4418 ι
1426 4365 1493 4419 Et
1511 4365 1744 4433 optimus
1769 4373 1852 4416 est
1876 4377 1966 4416 su-
1998 4373 2042 4426 ι)
2069 4366 2172 4418 nisi
2231 4365 2486 4434 Moysen?
2532 4365 2750 4435 Moyses
2799 4379 2934 4424 orat
2981 4388 3086 4439 pro
3128 4374 3259 4426 illis.
3305 4373 3368 4425 Et
3399 4371 3520 4424 forte
3543 4368 3621 4419 hoc

427 4473 524 4528 per
554 4457 651 4510 hos
687 4455 817 4509 duos
847 4455 938 4522 qui
965 4456 1194 4508 nondum
1222 4467 1375 4508 natus
1402 4466 1518 4518 est;
1551 4470 1570 4504 ›
1603 4454 1703 4506 hoc
1729 4461 1840 4517 est,
1866 4451 1959 4518 qui

427 4559 497 4600 ne
529 4544 594 4596 ad
619 4540 1019 4596 conclusionem
1045 4539 1254 4614 quidem
1287 4540 1453 4592 vulvae
1482 4536 1710 4591 carnalis
1746 4545 1799 4588 et
1831 4549 1960 4588 cor-

426 4645 605 4703 porea:
644 4627 934 4682 nativitatis
957 4628 1103 4680 venit
1137 4627 1403 4694 iniuriam.
1439 4626 1545 4680 Sed
1569 4634 1622 4677 et
1655 4623 1756 4676 hoc
1787 4622 1959 4690 ipsum

425 4721 568 4790 quod
611 4718 740 4773 dicit
781 4714 1134 4770 Ecclesiastes
1163 4719 1249 4770 ἰι
1282 4733 1300 4767 ‹
1335 4712 1566 4768 Laudavi
1598 4724 1782 4763 omnes
1811 4724 1958 4762 mor-

426 4819 548 4864 tuos
597 4805 764 4872 magis
809 4818 967 4871 quam
1013 4805 1195 4867 vivos,
1235 4813 1309 4876 et_
1337 4819 1429 4857 eos
1451 4802 1542 4871 qui
1581 4801 1763 4853 vivunt
1793 4814 1960 4868 usque

429 4911 570 4954 nunc
589 4935 606 4961 ,
646 4913 667 4946 ι
701 4893 964 4961 quomodo
995 4907 1100 4946 non
1129 4893 1401 4947 evidenter
1441 4889 1672 4944 ostendit
1701 4889 1844 4955 quod
1867 4903 1960 4942 eos

2065 4463 2184 4507 erat
2211 4456 2352 4521 quod
2385 4470 2508 4508 cum
2549 4456 2785 4510 Domino
2813 4458 2956 4515 Jesu
2990 4463 3222 4516 Christo
3245 4460 3618 4530 colloquebatur,

2067 4559 2186 4597 cum
2215 4544 2266 4596 in
2300 4553 2485 4598 monte
2513 4546 2959 4605 transformatus
2991 4561 3123 4618 est,
3161 4563 3348 4621 petens
3379 4552 3442 4604 ab
3467 4563 3555 4607 eo,
3578 4553 3622 4596 ιιι

2067 4647 2190 4686 cum
2221 4632 2500 4700 plenitudo
2523 4637 2767 4701 gentium
2797 4639 3126 4707 introisset,
3161 4655 3289 4698 tunc
3313 4641 3474 4695 onmis
3493 4632 3622 4691 Israel

2068 4720 2248 4774 salvus
2298 4720 2477 4776 ﬁeret.
2521 4740 2542 4774 t
2591 4722 2660 4776 Et
2706 4725 2858 4780 dixit
2892 4731 3168 4786 Dominus
3201 4733 3270 4785 ad
3308 4731 3546 4798 Moysen:
3575 4721 3620 4774 Si

2069 4817 2225 4874 pater
2264 4807 2382 4875 ejus
2425 4811 2732 4879 exspnisset
2776 4815 2834 4868 in
2881 4817 3090 4874 (aciem
3131 4822 3285 4888 ejus,
3318 4831 3483 4873 nonne
3517 4826 3620 4867 eru-

2067 4896 2314 4950 besceret
2361 4911 2569 4969 septem
2617 4903 2854 4958 diebus?
2887 4907 3202 4978 Separetur
3241 4919 3435 4978 septem
3467 4903 3621 4958 diebus

496 5055 542 5088 “
572 5052 841 5124 Numay,
885 5051 949 5104 10
998 5061 1048 5104 et
1080 5065 1248 5124 seqq.
1270 5044 1803 5124 _"’_Eccle._vt,_§.._
1829 5043 1888 5124 ff
1917 5045 1954 5098 il

2079 5048 2132 5124 ’ξε
2161 5051 2249 5124 --⁸³
2275 5052 2454 5124 ΕεεΙθο
2481 5072 2553 5119 ιν.
2591 5060 2652 5115 ‘3.
2726 5060 2772 5091 “
2807 5060 2962 5116 Psal.
2996 5079 3215 5118 xxxvnt
3238 5105 3253 5124 .
3281 5064 3332 5118 6.
3405 5064 3442 5094 ⁶¹
3473 5059 3616 5115 ϐιιιειι.

427 5123 612 5199 Mt.-
685 5122 728 5151 "
753 5110 1056 5199 035108ka
1174 5110 1250 5149 "’
1269 5117 1442 5199 Εςξιθ·
1461 5129 1512 5199 ιῐ
1531 5115 1625 5199 ιβ·
1699 5110 1744 5141 “
1772 5111 1930 5199 ίυὶίεη

2089 5117 2132 5146 ⁸⁸
2157 5117 2326 5176 Exod.
2362 5139 2474 5180 xw.
2542 5110 3123 5199 '°“Calat._tt',—lv9,—

424 5179 764 5254 “'liehrwn,
787 5190 873 5242 19.
945 5189 988 5220 ⁸³
1014 5187 1186 5242 Galat.
1217 5201 1288 5250 tv,
1312 5185 1396 5238 l9.
1468 5183 1512 5213 ⁷⁰
1537 5179 1804 5243 Nutu.xn,
1828 5179 1916 5231 15.

491 5345 605 5418 (78)
625 5349 986 5418 Manuscripti,
1021 5364 1038 5399 t
1064 5346 1272 5418 psimile.
1309 5362 1327 5394 ι
1365 5341 1514 5418 Lihb.
1545 5337 1701 5418 editi:
1743 5336 1954 5418 «1ξίίηί-

428 5399 513 5477 ιιδξ
528 5399 1024 5479 'J’.i.;ié,"c1i:ﬁ"in
1053 5399 1241 5470 Grieco
1276 5421 1420 5466 textu
1445 5409 1650 5476 legatur
1671 5403 1798 5479 dies}.
1818 5399 1952 5458 ἴσον.

497 5475 604 5547 (Ἰθ)
639 5475 788 5535 Lihb.
819 5486 972 5547 editi,
1006 5503 1025 5534 ι
1064 5485 1223 5544 dicat,
1281 5499 1299 5530 ι
1345 5481 1435 5532 sed
1469 5491 1638 5547 _tnss..
1689 5491 1706 5522 ‹
1737 5475 1900 5547 dicas.
1929 5490 1948 5522 ι

502 5541 608 5602 i803
634 5547 809 5599 Codex
842 5541 1226 5604 Bellovacensis
1255 5567 1272 5600 t
1302 5550 1412 5601 haec
1431 5544 1540 5599 vita
1557 5552 1636 5594 est
1662 5541 1888 5594 vanitas.
1929 5557 1948 5589 ι

462 5605 642 5662 Codex
665 5613 1010 5674 Ebroicensis
1044 5640 1062 5672 ι
1103 5624 1214 5677 lure
1250 5631 1329 5678 est
1369 5618 1494 5674 vita!
1533 5613 1757 5672 vanitas.
1808 5631 1826 5663 ι

3129 5171 3145 5186 .
3224 5133 3267 5164 ⁸⁷
3286 5136 3304 5187 1
3322 5133 3452 5196 Cor,
3481 5144 3555 5190 av,
3574 5126 3615 5179 8.

2062 5346 2254 5466 c
2281 5353 2465 5466 (Emis:
2503 5358 2702 5466 Sancti
2734 5362 3088 5426 Theodorici,
3125 5381 3145 5414 ι
3195 5361 3386 5434 egerit.
3435 5375 3455 5410 ι
3489 5352 3615 5411 Libb.

2133 5427 2217 5491 Ψ-
2232 5439 2254 5472 ⁸
2301 5429 2467 5491 gerit.
2503 5448 2522 5482 ι

2133 5485 2253 5569 (βξ)
2291 5485 2457 5569 Ῐλὶὶιὶ).
2503 5499 2662 5569 editi,
2705 5522 2725 5557 ι
2762 5501 2903 5558 Deus
2931 5513 3108 5565 meus,
3155 5518 3174 5552 ι
3219 5499 3312 5554 sed
3345 5499 3394 5551 in
3427 5506 3544 5548 mss.
3570 5496 3613 5542 et

2063 5563 2116 5603 tn
2151 5564 2306 5616 textu
2342 5566 2536 5628 Grmco
2567 5563 2745 5646 dcést,
2784 5591 2802 5625 ι
2839 5583 3004 5627 meus.
3045 5588 3065 5619 ι
