3838 6188
533 360 634 413 619

1969 341 2283 399 ORIGENIS
3552 341 3629 394 6'20

533 482 652 540 pter
675 466 971 536 superbiam
991 479 1142 522 suam
1163 479 1194 518 a
1219 463 1374 518 domo
1398 462 1597 518 caelesti
1616 461 1724 528 jam
1751 460 1818 515 sit
1844 459 2065 527 ejectus,
2097 461 2139 516 A
2169 457 2431 510 adversus
2491 449 2759 520 Spiritalia
2793 448 3044 540 nequitire
3088 448 3140 540 in
3180 446 3466 504 coelestibus.
3493 471 3507 501 ι
3535 453 3631 505 Pro-

535 571 788 616 tutamen
814 561 912 613 nisi
935 559 1129 612 viceris
1158 557 1336 618 illum,
1363 570 1465 609 non
1497 553 1744 607 introibis
1775 553 1826 604 in
1856 553 2068 604 donutm

536 649 709 702 fortis.
762 647 869 699 Nec
924 645 1062 698 vinci
1111 644 1312 704 solum,
1354 657 1536 696 verum
1582 650 1634 694 et
1677 640 1883 708 alligari
1927 638 2070 692 illum

538 745 766 805 oportet.
811 735 920 788 Nisi
964 733 1103 787 enim
1149 733 1431 801 alligetur,
1464 732 1870 798 haudquaquam
1905 737 2070 782 tutum

540 841 659 880 esse
705 826 896 894 poterit
941 825 1042 876 iter
1089 832 1348 876 nostrum.
1389 821 1538 874 Nunc
1570 835 1695 888 ergo
1724 827 1976 885 quantum
2009 816 2073 868 ad

541 912 988 979 comparationem
1013 911 1277 974 humanae,
1310 920 1364 963 et
1393 908 1696 962 daemonicae
1721 917 1946 967 naturae,
1977 918 2074 958 nos

540 1003 755 1055 locusta:
782 1015 998 1061 sumus,
1033 1005 1086 1051 et
1111 996 1185 1048 illi
1219 998 1497 1066 gigantes;
1530 1005 1583 1048 et
1609 994 1874 1064 praecipue
1903 993 1947 1046 si
1981 994 2076 1046 du-

539 1090 627 1145 bia
660 1090 730 1143 sit
760 1089 889 1142 ﬁdes
919 1095 1097 1142 nostra
1123 1126 1137 1149 ,
1169 1097 1222 1140 et
1253 1088 1296 1140 si
1325 1101 1420 1140 nos
1449 1093 1746 1154 perterreat
1775 1083 2075 1144 inﬁdelitas,

543 1180 618 1233 illi
655 1193 778 1232 vere
811 1178 1049 1246 gigantes
1079 1185 1265 1239 erunt,
1291 1184 1343 1229 et
1371 1191 1466 1229 nos
1491 1175 1721 1228 locustae.
1761 1173 1815 1226 Si
1846 1187 1972 1226 vero
1995 1187 2080 1224 se-

542 1284 766 1337 quamur
813 1267 991 1320 Jesum
1041 1277 1095 1320 et
1144 1265 1425 1319 credamus
1469 1266 1643 1318 verbis
1687 1263 1830 1330 ejus,
1872 1276 1935 1315 ac
1979 1261 2080 1314 ﬁde

541 1358 658 1425 ejus
705 1358 1036 1420 repleamur,
1080 1365 1331 1423 tanquam
1366 1354 1496 1407 nihil
1526 1363 1679 1407 erunt
1710 1355 1760 1406 in
1795 1361 2080 1419 conspectu

541 1454 740 1499 nostro.
764 1445 895 1498 Audi
919 1444 1057 1496 enim
1075 1443 1338 1511 quomodo
1371 1457 1465 1496 nos
1486 1443 1730 1495 hortatur
1751 1480 1765 1504 ,
1808 1449 1861 1494 et
1909 1439 2038 1493 dicit
2065 1457 2078 1492 :

548 1551 564 1583 ο
595 1534 650 1587 Si
677 1541 817 1586 amat
835 1548 930 1586 nos
955 1533 1112 1594 Deus,
1139 1531 1440 1584 introducet
1465 1545 1560 1584 nos
1584 1531 1634 1582 in
1655 1539 1846 1582 terram
1868 1529 2025 1594 hanc,
2057 1546 2075 1579 ι

544 1621 795 1690 quoniam
827 1621 962 1673 bona
990 1627 1092 1682 est,
1125 1628 1177 1672 et
1211 1619 1413 1672 fructus
1442 1617 1555 1684 ejus
1593 1615 1871 1670 mirabilis.
1901 1616 2082 1684 Typus

544 1728 688 1781 ergo,
715 1720 764 1765 et
791 1712 951 1778 ﬁgura
980 1724 1096 1777 quae
1126 1707 1398 1776 praecessit
1423 1707 1472 1758 in
1499 1706 1760 1774 patribus,
1789 1704 2084 1771 completur

2171 551 2355 612 pterea
2391 550 2443 594 et
2472 542 2611 594 hanc
2643 551 2880 606 pugnam
2909 535 3196 604 spiritalem
3219 545 3360 604 atque
3386 538 3632 594 inuisibilem

2171 632 2513 702 pugnaturis,
2546 627 2816 697 Spiritalia
2863 642 3034 688 arma,
3065 637 3118 680 et
3140 626 3395 679 invisibilia
3431 629 3509 681 tela
3530 646 3633 683 com-

2174 722 2344 791 ponit,
2384 731 2440 775 el
2489 720 2625 774 dicit
2670 718 2717 749 ⁸⁸
2750 735 2763 770 :
2797 734 2816 766 r
2865 715 3075 769 Iniluite
3118 729 3208 769 vos
3235 716 3430 769 loricam
3463 719 3636 772 cliarita-

2176 814 2242 866 tis
2269 811 2402 882 (88),
2425 818 2481 862 et
2522 810 2731 878 galeam
2761 807 2973 872 salutis,
2993 815 3046 860 et
3075 808 3315 861 assumite
3341 818 3515 860 scutum
3538 810 3638 869 fnlei,

2177 904 2229 956 in
2245 916 2351 971 quo
2372 900 2596 969 possitis
2619 899 2801 952 omnia
2831 910 2863 950 ι‹,
2885 896 2932 949 la
2953 897 3164 966 maligni
3188 897 3339 963 ignita
3361 899 3640 966 exstinguere.

2181 993 2284 1045 Sed
2316 999 2372 1044 et
2405 989 2644 1058 gladium
2687 987 2933 1055 spiritus,
2963 986 3154 1054 inquit,
3184 987 3431 1052 assumite,
3461 990 3643 1055 quodest

2181 1081 2404 1133 verbum
2445 1077 2561 1130 Dei.
2601 1095 2619 1126 ι
2655 1075 2790 1129 Cum
2829 1091 2956 1144 ergo
3001 1077 3187 1130 talibus
3234 1086 3283 1130 te
3330 1079 3646 1130 armaveristco

2183 1169 2271 1231 lis,
2301 1180 2538 1234 sequens
2561 1163 2747 1217 Jesum
2780 1166 2989 1230 ducem,
3027 1182 3129 1220 non
3152 1167 3369 1218 verearis
3392 1167 3583 1235 gigantes
3604 1168 3646 1218 il-

2183 1256 2261 1310 los
2292 1273 2305 1307 :
2337 1255 2546 1309 videbis
2572 1255 2720 1307 enim
2754 1257 3025 1322 quomodo
3055 1269 3144 1308 eos
3169 1253 3254 1307 tibi
3287 1254 3501 1319 subjiciet
3521 1255 3646 1307 Domi-

2182 1363 2284 1400 nus
2333 1345 2535 1400 Jesus:
2570 1352 2626 1397 et
2686 1344 2832 1398 sicut
2888 1353 3068 1408 patres
3116 1343 3428 1398 calcaverunt
3473 1345 3647 1396 cervices

2184 1438 2450 1505 gentium,
2479 1437 2553 1489 ita
2591 1445 2647 1490 et
2681 1445 2738 1489 tu
2786 1436 3023 1488 calcabis
3055 1449 3212 1499 super
3258 1433 3468 1488 cervices
3506 1433 3648 1486 damo-

2185 1543 2333 1580 num.
2371 1527 2492 1595 Ipse
2528 1529 2673 1582 enim
2712 1528 2846 1581 dicit
2873 1527 2962 1588 iis,
2986 1526 3076 1593 qui
3105 1539 3220 1576 eum
3254 1523 3456 1577 ﬁdeliter
3480 1533 3649 1590 sequam

2186 1622 2274 1667 tur
2295 1615 2374 1669 ⁸⁷ε
2414 1633 2432 1664 ε
2471 1615 2607 1670 Ecce
2637 1614 2763 1667 dedi
2799 1613 2952 1666 vobis
2981 1619 3293 1680 potestatem
3316 1607 3518 1661 calcandi
3539 1622 3652 1673 super

2186 1713 2490 1771 serpentes,
2521 1713 2576 1754 et
2599 1703 2948 1770 scorpiones,
2983 1708 3039 1754 et
3061 1714 3216 1767 super
3256 1713 3443 1751 omnem
3469 1698 3651 1748 virtutem

545 1774 626 1854 in‘
647 1774 1150 1865 uoltis.'Ejecerutit
1197 1797 1272 1850 illi
1321 1804 1538 1861 gentes,
1571 1805 1624 1849 et
1657 1795 1926 1850 consecuti
1960 1803 2084 1847 sunt
2117 1774 2155 1827 Β
2187 1792 2410 1845 inimici.
2443 1811 2461 1842 ι
2501 1792 2625 1845 Vult
2652 1793 2803 1844 enim
2838 1804 3054 1858 semper
3077 1789 3231 1842 Jesus
3263 1802 3340 1840 res
3365 1785 3584 1839 mirabiles
3601 1783 3653 1834 la-

547 1889 907 1942 Itmreditalem
950 1901 1156 1940 eorum.
1199 1885 1477 1938 Consecuti
1523 1893 1645 1937 sunt
1686 1885 1826 1936 enim
1870 1896 2080 1935 omnem

546 1989 744 2030 terram
770 1975 984 2037 Judreaz,
1021 1984 1074 2025 et
1103 1971 1393 2025 Jerusalem
1429 1971 1698 2024 civitatem
1718 2010 1735 2036 ,
1763 1979 1817 2023 et
1850 1979 2080 2022 montem

549 2065 694 2118 Sion.
743 2062 868 2115 Haec
913 2077 966 2113 ιιι
1013 2060 1118 2112 illis
1155 2060 1366 2126 impleta
1397 2067 1552 2124 sunt,
1577 2060 1641 2111 ait
1677 2067 1726 2111 te
1753 2067 1928 2110 autem
1958 2057 2083 2123 quid

547 2153 764 2206 dicitur?
799 2150 934 2214 Non,
965 2151 1156 2216 inquit,
1190 2147 1493 2201 accessistis
1523 2149 1587 2200 ad
1619 2161 1678 2200 ea
1710 2161 1826 2214 quae
1854 2146 2084 2200 visibilia

551 2250 695 2300 sunt,
715 2239 805 2290 sed
826 2237 888 2290 ad
909 2235 1567 2290 invisibilia.«Accessistis
1582 2236 1744 2296 enim,
1763 2235 1931 2302 inquit
1946 2235 2082 2298 "-3’,

548 2327 612 2379 ad
644 2333 875 2378 montem
911 2323 1006 2376 Dei
1037 2324 1284 2384 viventis,
1315 2331 1370 2375 et
1403 2323 1468 2374 ad
1509 2323 1778 2375 civitatem
1813 2323 2083 2376 cwlestem

545 2413 858 2475 Jerusalem,
883 2421 938 2464 et
962 2411 1026 2462 ad
1058 2411 1454 2463 multitudinem
1487 2411 1817 2479 angelorum.
1853 2429 1872 2462 ι
1909 2412 2087 2466 Sedet

547 2504 669 2556 alibi
717 2503 855 2556 idem
893 2500 1178 2568 Apostolus
1214 2499 1345 2551 dicit
1370 2499 1415 2532 ⁸⁵
1459 2513 1474 2550 :
1513 2516 1532 2549 ι
1581 2498 1874 2553 Jerusalem
1907 2510 2083 2554 autem

550 2607 664 2659 qua:
685 2606 892 2645 sursum
917 2600 1016 2653 est,
1047 2603 1164 2657 quae
1188 2597 1270 2642 est
1302 2599 1472 2642 mater
1497 2591 1733 2642 omnium
1763 2599 2023 2642 nostrum.
2062 2608 2080 2640 ι

552 2682 607 2734 Si
636 2681 754 2748 quis
780 2680 953 2732 verbis
980 2679 1214 2745 Apostoli
1252 2679 1480 2732 dicentis
1509 2677 1798 2731 Jerusalem
1833 2693 1950 2731 esse
1977 2693 2087 2732 ca:-

551 2775 760 2836 lcstem,
785 2786 889 2824 non
907 2771 1273 2824 accommodat
1295 2771 1447 2823 ﬁdem
1469 2811 1482 2832 ,
1511 2778 1684 2836 potest
1711 2779 1764 2821 et
1789 2769 1899 2822 lucc
1925 2771 2085 2823 verba

551 2871 730 2914 nosma
778 2873 1044 2912 recusare.
1089 2857 1145 2910 Si
1192 2872 1318 2910 vero
1360 2858 1534 2912 verbis
1571 2857 1716 2910 Pauli
1767 2856 1896 2910 ﬁdes
1936 2857 2087 2910 adbi—

552 2951 720 3003 bcnda
742 2957 844 3012 est,
870 2947 1013 3002 sicut
1031 2955 1082 2999 et
1108 2957 1256 3000 certe
1281 2948 1576 3001 adhibenda
1596 2956 1694 3014 est,
1718 2958 1770 3001 et
1790 2947 2085 3000 Jerusalem

546 3039 821 3092 cmlestem
850 3051 968 3090 esse
990 3037 1257 3090 credimus
1274 3037 1338 3089 ad
1366 3045 1556 3105 typum
1579 3048 1804 3090 terrena:
1829 3035 2006 3102 hujus,
2033 3044 2088 3089 et

554 3141 672 3195 quae
683 3125 784 3178 seri
792 3132 876 3191 pta
891 3124 1140 3176 videntur
1151 3123 1216 3176 de
1234 3124 1333 3177 hac
1350 3133 1558 3177 terrena
1578 3123 1642 3177 ad
1661 3123 1804 3176 illam
1817 3123 2087 3177 caelestem

554 3219 710 3288 293
741 3220 933 3272 rectius
960 3215 1183 3285 spiritali
1219 3215 1567 3286 intelligentia
1597 3216 1954 3270 conferemus.
1979 3216 2088 3268 Ac-

479 3375 484 3379 .
553 3311 810 3364 cessimus
837 3323 982 3377 ergo,
1015 3310 1153 3363 sicut
1198 3308 1394 3362 Paulus
1426 3309 1572 3372 dicit,
1599 3309 1662 3359 ad
1698 3306 1974 3360 caelestem
2000 3303 2092 3360 Je-

555 3396 802 3458 rusalem,
828 3397 942 3450 sine
992 3397 1153 3450 dubio
1205 3406 1259 3449 et
1297 3397 1362 3449 ad
1409 3396 1676 3450 cmlestem
1725 3394 1956 3448 Judaeam
1992 3411 2005 3446 :
2037 3401 2089 3447 et

556 3487 687 3539 sicut
708 3486 779 3539 illi
811 3486 873 3538 de
894 3485 1134 3540 terrestri
1163 3485 1340 3539 Judma
1367 3486 1638 3552 ejeceruut
1663 3483 2008 3548 Cliananaeos,
2039 3492 2092 3536 et

558 3573 902 3636 Pberezmos,
936 3582 991 3626 et
1039 3573 1244 3637 Evaeos,
1287 3573 1626 3641 reliquasque
1665 3582 1848 3642 gentes
1878 3589 1892 3625 :
1925 3573 1995 3625 ita
2037 3579 2092 3624 et

557 3677 650 3715 nos
679 3663 769 3730 qui
799 3663 1122 3716 accessimus
1147 3665 1212 3716 ad
1238 3675 1468 3717 montem
1491 3665 1606 3726 Dei,
1626 3671 1680 3716 et
1711 3665 1774 3715 ad
1799 3677 1956 3731 regna
1983 3677 2092 3716 etn-

558 3752 729 3816 lestia,
767 3766 982 3805 necesse
1012 3760 1093 3806 est
1116 3761 1170 3805 ut
1193 3752 1518 3806 debellemus
1541 3752 1836 3806 contrarias
1856 3761 2091 3819 potesta-

557 3849 658 3902 tes,
682 3847 734 3893 et
779 3839 1035 3907 spiritalia
1093 3841 1338 3908 nequitia:
1389 3843 1440 3894 in
1475 3841 1782 3894 coelestibus
1815 3855 1827 3890 :
1855 3850 1910 3894 et
1955 3840 2094 3893 sicut

556 3929 630 3982 illi
651 3929 922 3994 eiecerunt
965 3926 1260 3981 Jebuszeum
1289 3931 1352 3984 de
1379 3930 1687 3993 Jerusalem,
1719 3937 1772 3983 et
1803 3942 1918 3995 qua:
1943 3927 2095 3995 prius

557 4015 717 4070 Jebus
745 4022 933 4068 vocata
960 4013 1157 4080 fuerat,
1184 4020 1515 4081 postmodum
1547 4017 1806 4086 appellata
1829 4025 1912 4069 est
1934 4015 2093 4069 Jeru-

559 4108 724 4160 salem
755 4124 769 4158 :
805 4107 877 4157 ita
923 4114 976 4158 et
1031 4122 1126 4160 nos
1155 4118 1382 4174 oportet,
1413 4119 1470 4162 ut
1513 4110 1584 4162 ita
1617 4109 1810 4171 dicam,
1832 4109 2097 4174 expellere

561 4199 707 4264 prius
750 4195 1044 4250 'Jebusaaum
1074 4199 1138 4251 de
1182 4199 1500 4263 Jerusalem,
1539 4207 1591 4252 et
1625 4199 1703 4252 sic
1733 4198 2094 4252 hereditatem

563 4286 680 4351 ejus
710 4287 980 4353 consequi.
1010 4286 1126 4341 "Sed
1176 4290 1248 4342 illi
1297 4291 1511 4357 quidem
1553 4289 1662 4341 haec
1698 4286 1966 4339 faciebant
2009 4301 2098 4338 ar-

2185 1896 2329 1945 cere,
2358 1881 2470 1934 vult
2495 1881 2560 1933 de
2589 1880 2819 1934 locustis
2850 1879 3068 1932 vincere
3096 1877 3342 1947 gigantes,
3366 1883 3412 1929 et
3438 1875 3490 1927 de
3511 1875 3560 1926 iis
3574 1886 3654 1937 quae

2184 1970 2238 2022 in
2270 1970 2428 2023 terris
2449 1978 2597 2032 sunt,
2637 1970 2895 2022 ccelestes
2943 1982 3196 2033 superare
3229 1965 3482 2032 nequitias.
3511 1961 3560 2013 Et
3580 1960 3655 2012 for-

2188 2067 2328 2111 tasse
2357 2060 2459 2112 hoc
2493 2068 2576 2112 est
2605 2060 2753 2127 quod
2793 2057 3009 2110 dicebat
3041 2057 3092 2108 in
3117 2053 3466 2124 Evangeliis“,
3487 2053 3579 2119 quia
3595 2050 3655 2116 qui

2186 2148 2355 2201 credit
2384 2148 2436 2200 ln
2467 2161 2616 2210 eum,
2649 2161 2757 2200 non
2794 2145 2968 2199 solum
3003 2144 3163 2198 faciet
3199 2144 3281 2197 illa
3318 2156 3422 2210 qure
3449 2142 3536 2210 ipse
3555 2137 3656 2198 fecit,

2192 2256 2211 2288 ι
2247 2242 2339 2292 sed
2380 2238 2580 2305 majora
2604 2277 2620 2302 ,
2675 2237 2878 2304 inquit,
2933 2235 3127 2288 horum
3175 2233 3341 2286 faciet.
3376 2249 3392 2281 ι
3420 2229 3529 2282 Vere
3559 2228 3658 2278 enim

2187 2329 2360 2396 majus
2419 2328 2551 2381 mihi
2586 2327 2814 2381 videtur
2843 2326 2989 2393 quod
3044 2325 3202 2378 homo
3239 2323 3289 2374 in
3332 2335 3469 2373 carne
3501 2316 3658 2382 positus,

2186 2416 2408 2485 fragilis,
2455 2423 2510 2468 et
2565 2416 2838 2478 caducus,
2877 2415 2983 2466 ﬁde
3039 2421 3244 2467 tantum
3289 2409 3465 2465 Christi
3485 2418 3528 2459 et
3546 2405 3659 2457 verbo

2187 2506 2302 2571 ejus
2334 2512 2597 2565 armatus,
2633 2511 2861 2572 superet
2891 2503 3160 2572 gigantes,
3182 2501 3449 2554 dietiionum
3477 2495 3658 2562 legiones.

2187 2595 2441 2660 Quamvis
2470 2597 2583 2662 ipse
2617 2596 2692 2649 sit
2718 2594 2813 2662 qui
2845 2593 3016 2646 vincit
3038 2593 3092 2644 in
3117 2587 3409 2656 nobis,plus
3423 2594 3560 2638 tamen
3582 2595 3661 2635 esse

2187 2684 2316 2737 dicit
2344 2684 2490 2751 quod
2519 2697 2618 2751 per
2653 2697 2754 2736 nos
2788 2683 2982 2746 vincit,
3015 2696 3172 2748 quam
3206 2679 3335 2747 quod
3363 2691 3443 2741 per
3462 2689 3508 2727 se
3532 2671 3660 2723 vincit.

2189 2772 2414 2827 Tantum
2443 2781 2526 2824 est
2558 2780 2620 2822 ιιι
2651 2787 2756 2826 nos
2780 2771 2955 2824 armis
2987 2771 3103 2823 istis
3124 2781 3325 2834 semper
3348 2765 3489 2819 simus
3509 2759 3661 2819 armati,

2187 2873 2241 2916 et
2283 2865 2628 2916 conversatio
2694 2872 2885 2917 nostra
2941 2875 3155 2929 semper
3192 2860 3244 2912 in
3295 2856 3428 2911 cretis
3472 2855 3542 2906 sit.
3577 2851 3665 2902 0m-

2189 2952 2272 3004 nis
2319 2959 2498 3004 motus
2552 2960 2767 3014 noster,
2822 2951 3007 3006 omnis
3050 2959 3238 3012 actus,
3285 2946 3438 2999 omnis
3469 2937 3664 3007 cogitaliO.

2189 3041 2361 3096 omnis
2378 3054 2560 3093 sermo
2583 3040 2834 3094 caelestis
2879 3043 2973 3095 sit.
3005 3040 3219 3106 Quanto
3246 3038 3377 3090 enim
3402 3048 3481 3085 nos
3498 3031 3589 3082 illuc
3608 3041 3667 3077 ar-

2189 3132 2329 3186 denti
2342 3146 2403 3184 us
2430 3133 2809 3194 ascendimus,
2843 3141 2999 3185 tanto
3033 3131 3106 3183 illi
3132 3122 3508 3198 praecipitandus
3533 3123 3664 3170 ruent:

2187 3230 2240 3275 et
2263 3229 2464 3289 quanto
2513 3236 2615 3274 nos
2673 3223 2854 3291 magis
2909 3235 3194 3290 augemur,
3224 3226 3365 3272 tanto
3412 3213 3473 3266 illi
3516 3207 3667 3262 inferio-

2188 3326 2275 3365 res
2304 3311 2413 3379 (89)
2447 3311 2597 3365 ﬁent.
2624 3310 2751 3364 Vita
2779 3311 3046 3364 nostrasi
3081 3317 3265 3362 sancta
3285 3307 3365 3368 sit,
3399 3304 3436 3357 si
3459 3296 3668 3356 secundum

2192 3401 2354 3455 Deum
2383 3402 2472 3464 sit,
2509 3400 2617 3453 illis
2653 3401 2916 3456 conferet
2949 3410 3201 3454 mortem.
3235 3395 3290 3450 Si
3329 3393 3482 3462 segnis
3504 3397 3546 3441 et
3565 3386 3669 3438 turno

2193 3494 2333 3546 riosa
2359 3492 2450 3556 sit,
2483 3497 2744 3558 potentes
2771 3506 2868 3545 eos
2907 3493 3195 3544 adversum
3224 3501 3316 3540 nos
3341 3493 3389 3539 et
3415 3483 3600 3551 gigantes
3623 3473 3671 3522 la-

2190 3583 2315 3636 ciet.
2371 3580 2583 3645 Quanto
2616 3593 2760 3646 ergo
2805 3596 2911 3635 nos
2961 3579 3251 3634 virtutibus
3291 3571 3673 3630 crescimustanlo

2191 3669 2264 3721 illi
2299 3668 2586 3721 inferiores
2626 3666 2954 3723 efficiuntur
2986 3679 3042 3722 et
3066 3667 3302 3736 fragiles.
3342 3662 3473 3716 Sicut
3497 3661 3675 3710 econtra-

2193 3761 2271 3812 rio
2305 3758 2351 3810 si
2406 3773 2504 3811 nos
2537 3759 2897 3815 inﬁrmemur
2940 3771 2996 3815 et
3035 3769 3248 3814 terrena
3297 3754 3596 3822 requiramus,
3626 3739 3673 3792 illi

2194 3846 2449 3899 fortiores
2479 3846 2642 3902 ﬁunt.
2678 3847 2750 3901 Et.
2801 3857 3011 3916 quanto
3046 3862 3144 3902 nos
3189 3846 3451 3900 dilatantur
3475 3839 3515 3891 in
3553 3830 3673 3886 terris.

2196 3944 2346 3990 tanto
2370 3934 2476 3988 illis
2507 3936 2693 4003 spatia
2720 3937 2774 3991 in
2802 3937 3124 3992 coelestibus
3157 3936 3375 4004 largiora
3406 3924 3676 3985 concedimus.

2195 4022 2348 4076 Unde
2374 4023 2477 4075 hoc
2518 4025 2701 4093 magis
2768 4041 3024 4094 agamus,
3051 4033 3113 4078 ut
3162 4023 3308 4075 nobis
3350 4010 3703 4084 augescentibus,.

2197 4113 2270 4166 illi
2297 4113 2612 4165 minuantur
2637 4130 2655 4177 ;
2700 4115 2864 4168 nobis
2888 4115 3333 4184 ingredientibus,
3362 4108 3427 4162 illi
3449 4101 3676 4184 pellanluli

2198 4203 2351 4255 nobis
2385 4202 2846 4270 ascendentibus,
2881 4182 2976 4256 illi
3015 4204 3212 4257 cadant
3245 4218 3258 4253 :
3291 4201 3416 4254 sicut
3432 4205 3477 4246 et
3501 4190 3565 4244 illc
3583 4182 3678 4238 ceci-

2200 4291 2294 4353 dit,
2325 4290 2391 4343 de
2421 4305 2526 4357 quo
2559 4291 2698 4344 dicit
2741 4293 3015 4346 Dominus
3055 4293 3111 4346 in
3158 4287 3430 4357 Erangelio
3456 4282 3526 4332 ":
3555 4273 3683 4327 ιΕεοθ

565 4375 666 4425 "lis
711 4375 1038 4440 νῖείῧίιίῦυεν
1075 4395 1169 4432 nos
1218 4395 1344 4433 vero
1393 4377 1764 4433 invisibilibus.
1791 4376 1872 4429 Illi
1916 4377 2096 4430 vince-
2127 4377 2170 4431 D
2202 4381 2304 4433 vidi
2360 4379 2621 4433 Satanam
2669 4382 2820 4435 sicut
2859 4381 3046 4452 fulgur
3098 4383 3366 4435 cadentem
3410 4375 3467 4428 de
3495 4367 3628 4423 εωιοῖ
3668 4375 3682 4407 ’

566 4463 692 4515 bant
743 4465 1105 4530 corporalibus
1137 4469 1350 4535 procliis,
1383 4483 1479 4522 nos
1509 4477 1684 4521 autem
1729 4465 1955 4534 spiritali
1981 4479 2098 4519 cer-

568 4552 764 4604 tamine
794 4567 1127 4620 superamus.

635 4639 688 4693 6.
729 4640 875 4706 Quod
907 4643 948 4694 si
973 4644 1052 4697 vis
1072 4647 1274 4709 audire,
1300 4646 1521 4708 Paulus,
1548 4644 1636 4712 qui
1665 4658 1769 4697 non
1791 4642 1959 4697 solum
1987 4657 2100 4696 ma-

567 4729 730 4796 gister
752 4730 1008 4795 gentium,
1049 4735 1141 4786 sed
1191 4746 1243 4788 et
1292 4736 1497 4788 militiae
1527 4733 1683 4798 hujus
1713 4731 1964 4799 magister
1993 4743 2096 4796 est,

565 4816 828 4882 quomodo
854 4822 1165 4886 pugnaverit
1187 4826 1348 4888 prior,
1367 4821 1486 4874 audi
1511 4819 1634 4887 quid
1659 4818 1771 4883 ipse
1796 4819 1862 4871 de
1885 4834 1943 4873 se
1967 4821 2101 4873 scri-

565 4905 677 4968 bat,
712 4903 846 4958 sicut
871 4907 1029 4960 etiatn
1055 4919 1108 4962 et
1133 4925 1292 4977 supra
1320 4907 1751 4963 memoravimus.
1793 4924 1812 4957 ι
1850 4907 1964 4962 Non
1997 4918 2100 4974 est,

567 4989 736 5059 inquit
753 4993 820 5058 ⁸⁸,
846 4996 998 5050 nobis
1019 4998 1324 5050 colluctatio
1349 4998 1626 5050 adversum
1657 5008 1872 5049 carnem
1898 5005 1952 5048 et
1978 5012 2102 5050 san-

567 5082 821 5148 guinem;
863 5087 954 5138 sed
985 5087 1267 5140 adversum
1321 5084 1649 5152 principatus
1690 5091 1744 5136 et
1783 5094 2099 5153 poteStates,

567 5170 818 5226 adversus
849 5183 1082 5230 rectores
1111 5176 1292 5230 mundi
1317 5174 1491 5243 hujus,
1520 5173 1859 5228 tenebrarum
1885 5175 2102 5241 harum,

2203 4477 2262 4522 ut
2319 4468 2424 4523 illis
2466 4471 2767 4537 proiectis,
2829 4473 3143 4526 inti-educat
3189 4484 3286 4525 uos
3343 4466 3453 4520 illuc
3506 4459 3686 4512 Domtnus

2205 4569 2388 4612 noster
2435 4558 2613 4624 Jesus,
2671 4571 2729 4616 et
2774 4563 3066 4631 percipere
3104 4575 3322 4630 regnum
3364 4568 3497 4610 suum
3525 4545 3688 4602 coalesc

2203 4646 2481 4700 concedat.
2527 4646 2637 4717 Ipsi
2679 4649 2863 4716 gloria
2895 4651 2954 4705 in
2993 4659 3196 4706 aeterna
3225 4645 3408 4706 saecula
3436 4637 3688 4698 seculorum.

2205 4740 2393 4792 Amen.

2784 4831 3076 4887 HOMILIA
3108 4831 3241 4890 VIII.

2211 4935 2297 5008 De_
2339 4937 2402 5008 iis
2444 4954 2564 5006 qua:
2603 4941 2670 4992 ab
2718 4945 3153 5008 exploratoribus
3193 4939 3541 5008 renuntiantut'2
3582 4920 3691 5008 ιε,

2279 4992 2646 5126 Ἇιὲίέἕθιξιξεὲοηθ
2678 4992 3453 5082 DJrﬁthi‘I'Hé'Iitppiiianon.
3501 4992 3628 5064 Moysi
3661 4995 3690 5039 εί

2283 5182 2334 5234 1.
2373 5183 2666 5242 Duodecim
2697 5191 2853 5248 missi
2873 5193 3346 5262 suntinspectbres
3373 5199 3431 5242 ex
3462 5179 3562 5236 ﬁliis
3581 5163 3692 5228 ιεηει

635 5345 750 5426 ’ξι-ξ’
775 5343 938 5426 Hebr.
971 5361 1064 5411 χιι,
1091 5346 1179 5400 22.
1252 5348 1297 5426 ’ξ
1321 5347 1586 5412 Galamv,
1614 5345 1706 5398 26.
1779 5346 1896 5378 “'3‘
1928 5345 2086 5414 Ephes

2188 5367 2234 5416 't,
2272 5354 2464 5411 14-17.
2544 5360 2589 5391 ⁸⁷
2613 5359 2746 5416 Luc.
2785 5379 2842 5424 ι,
2872 5366 2959 5419 l9.
3037 5366 3084 5398 ⁸⁸
3103 5365 3256 5419 Joan.
3287 5373 3388 5426 ιιν,
3416 5355 3492 5412 Β.
3548 5339 3692 5398 "Illi"

574 5428 623 5474 χ,
663 5414 744 5466 l8.
818 5414 863 5446 '°
895 5413 1052 5468 Num.
1100 5431 1195 5469 xm
1246 5425 1299 5470 et
1332 5431 1439 5468 xiv.

643 5521 748 5658 (88;
783 5525 959 5580 Codex
990 5527 1172 5582 Sancti
1212 5529 1554 5593 'I‘heodorici,
1595 5545 1614 5578 ι
1653 5528 1936 5584 castitatis.
1973 5547 1993 5582 ι

643 5590 727 5651 (89
783 5592 959 5646 Codex
979 5594 1159 5650 Sancti
1191 5596 1525 5658 'l‘beodorici,
1567 5613 1585 5647 ι
1624 5604 1770 5652 tanto
1817 5596 1891 5652 illi
1934 5599 1985 5652 in

783 5592 959 5646 Codex
979 5594 1159 5650 Sancti
1191 5592 1544 5663 'l‘heodorici,
1567 5613 1585 5647 ι
1624 5604 1770 5652 tanto
1817 5596 1891 5652 illi
1934 5599 2262 5659 inﬁrmiores
2287 5600 2601 5664 efﬁciuntur
2627 5618 2685 5666 et
2724 5606 3063 5680 fragiliorel.
3094 5624 3116 5662 ι
