3838 6240
1514 339 1578 394 IN
1616 341 1936 399 NLMEROS
1975 346 2248 402 HOMILIA
2293 340 2422 396 Vill.

1083 455 1275 513 aqua:
1294 452 1376 508 eis
1398 454 1920 531 fueratrepromissa,
1953 472 1993 522 Α
2023 475 2130 522 tres
2179 463 2346 520 nostri
2405 461 2620 516 fuerunt
2652 456 2736 512 ille
2785 474 3008 537 pepulus
3041 481 3201 546 prior,
3239 499 3336 539 nos
3374 500 3552 543 autem

75 421 117 476 ml
225 396 757 497 ‘Iiderandam
783 429 1070 490 terran‘

176 483 446 567 θ’ρθι
483 505 827 580 quam-ag;
840 483 1104 580 lua‘EZv
1126 483 1275 513 *ιν-ου
1294 483 1376 508 cra
1398 483 1568 561 luerat
1585 483 1920 531 repromissa,

223 553 482 636 θέλω
521 589 774 636 deum,
831 621 916 636 Δ-
995 547 1167 636 nte?
1194 553 1466 636 l“gressu,
1495 550 1700 605 diversa
1728 569 1921 607 renun-

1199 588 1212 591 _
1236 588 1466 609 -0.--”
1495 588 1700 605 una...
1729 588 1921 607 ηιμ...-

69 626 147 690 iique
223 588 777 709 νέῖἛ--ίέθξῗηὶ
831 621 925 664 ex
995 616 1091 709 iis
1146 624 1216 680 in
1281 631 1708 701 desperationem
1759 657 1924 709 popu-

62 683 587 798 “achaten:
629 686 733 798 ita
802 708 885 751 ut
925 707 1192 779 velint,
1243 683 1462 787 abiecto
1498 724 1696 794 Moyse,
1728 683 1897 798 eiigeri

59 801 114 853 lum
177 783 582 877 ﬁ’dstceni
623 789 697 833 et
734 797 1008 848 reverti
1052 799 1127 855 in
1171 783 1498 877 JEgvptum.
1527 783 1627 866 Alii
1657 783 1919 873 verouduo

52 881 200 937 «ευρ
299 873 680 973 ξ’ωῖιξξπδῐ.
732 886 810 932 et.
840 873 1311 951 cohortantur
1332 873 1582 969 populum
1612 920 1897 973 permaneri

64 973 236 1062 Wu-
312 955 447 1062 de,
489 956 796 1062 dicentes
837 985 859 1024 :
914 993 938 1026 ‹
994 979 1070 1034 Si
1119 984 1308 1054 diligit
1337 955 1445 1044 ἠδε
1503 955 1790 1062 Domrinus,
1840 999 1918 1050 in-

90 1041 461 1150 sail/cet
485 1065 606 1106 n05
631 1054 703 1109 'm
746 1066 1015 1123 terram
1057 1041 1261 1130 hanc:
1297 1096 1317 1129 ι
1350 1079 1450 1134 Sed
1490 1084 1710 1150 populus
1735 1041 1916 1141 nitide-

115 1130 294 1253 Χῐέξὲ
327 1157 396 1214 9
423 1145 875 1253 ὐθδῡῗτῗύοιω
932 1177 1230 1238 Ρτπθθρε
1257 1175 1450 1240 agitur,
1486 1187 1540 1229 et
1583 1181 1648 1230 ad
1684 1181 1918 1246 Iapidan-

502 1240 606 1306 qui
643 1242 813 1299 bona
852 1255 1186 1320 nuntiant,
1223 1263 1472 1326 prosiliit.
1518 1240 1768 1333 Majesta-s
1794 1286 1917 1325 vero

231 1331 475 1407 Μ,ῑιιῑ
499 1337 766 1403 protegit
793 1352 905 1393 eos
935 1342 1000 1394 in
1053 1347 1324 1404 nubibus.
1362 1369 1381 1402 ‹
1413 1353 1477 1405 Et
1513 1331 1642 1409 dicit
1665 1357 1917 1414 Dominus

260 1441 326 1490 ω
351 1432 610 1492 “uan
640 1445 658 1480 ε
697 1427 948 1484 Feriam
990 1448 1103 1492 eos
1150 1452 1348 1505 morte,
1379 1451 1434 1495 et
1465 1443 1762 1500 interimam
1801 1463 1912 1512 eos,

290 1532 348 1574 ες
363 1514 568 1573 iaciam
602 1526 685 1581 te,
715 1529 780 1573 et
818 1522 1074 1580 domum
1109 1535 1282 1598 patris
1315 1536 1388 1588 tui
1419 1536 1470 1588 in
1502 1538 1771 1590 nationem
1807 1555 1918 1591 ma-

301 1622 486 1690 gnam,
507 1615 562 1659 et
585 1608 774 1664 multo
804 1616 1002 1680 magis
1025 1632 1196 1684 quam
1227 1621 1341 1675 haec
1365 1631 1447 1676 est
1469 1623 1607 1676 "4’.
1637 1643 1656 1674 ι
1683 1626 1768 1679 Fit
1789 1641 1914 1693 ergo

309 1705 461 1746 tanta
483 1695 603 1751 haec
631 1703 1028 1757 comminatio
1053 1719 1085 1758 a
1121 1707 1372 1774 Domino,
1402 1727 1503 1764 non
1546 1721 1600 1765 ut
1647 1714 1912 1780 passibilis

3456 375 3558 428 622

2023 555 2112 609 filii
2145 557 2380 623 ipsorum
2414 567 2616 608 sumus.
2643 549 2721 605 llli
2751 567 2882 626 ergo
2909 571 3153 630 quoniam
3177 587 3548 643 peccaverunt,

2018 644 2210 710 abjecti
2236 655 2358 698 sunt
2387 653 2443 698 et
2483 643 2789 699 ceciderunt
2818 665 2832 700 :
2871 668 2965 707 nos
2987 665 3159 710 autem
3193 661 3283 713 filii
3312 663 3545 730 ipsorum

2018 745 2112 796 pro
2142 732 2266 798 ipsis
2322 733 2674 794 surreximus,
2699 742 2751 786 et
2781 743 2946 794 erecti
2978 757 3180 806 ennius,
3221 750 3306 813 qui
3339 753 3546 806 nescie-

2017 818 2202 874 bamus
2232 822 2424 875 bonum
2448 822 2527 876 vel
2555 823 2770 877 malum.
2799 826 2872 880 Ex
2903 834 3147 897 gentibus
3168 837 3305 888 enim
3341 853 3543 906 sumus,

2015 908 2104 976 qui
2150 925 2322 978 neque
2375 911 2530 975 bona,
2556 925 2672 979 qua:
2700 927 2765 966 ex
2801 915 2906 970 Deo
2938 921 3170 987 veniunt,
3208 938 3542 990 noveramus,

2017 1011 2187 1064 neque
2218 998 2376 1060 mala,
2410 1014 2526 1066 quae
2557 1016 2620 1054 ex
2659 1013 2874 1068 pec‘cato
2899 1019 3258 1072 generantur:
3290 1012 3333 1065 si
3368 1021 3544 1068 tamen

2015 1087 2365 1140 succedentes
2395 1088 2448 1140 in
2481 1088 2653 1142 locum
2681 1105 2864 1145 eorum
2900 1097 2987 1164 qui
3012 1098 3204 1165 abjecti
3241 1110 3384 1166 sunt,
3413 1105 3545 1158 tanti

2017 1172 2192 1238 lapsus
2253 1175 2532 1228 timeamus
2581 1178 2896 1244 exemplum,
2931 1183 3202 1239 audientes
3251 1192 3548 1244 commoni-

2017 1262 2206 1314 tionem
2245 1263 2385 1316 Pauli
2414 1265 2672 1320 dicentem
2691 1267 2766 1321 9‘z
2789 1286 2807 1318 ι
2843 1268 2968 1329 Vide
2993 1281 3170 1327 autem
3205 1278 3544 1334 severitatem

2013 1359 2066 1402 et
2091 1351 2380 1405 bonitatem
2413 1353 2524 1417 Dei,
2554 1354 2605 1406 in
2638 1370 2731 1410 eos
2755 1358 2966 1423 quidem
3003 1361 3092 1428 qui
3123 1363 3428 1418 ceciderunt
3454 1380 3544 1421 se-

2011 1437 2310 1500 veritatem,
2349 1441 2402 1492 in
2459 1449 2509 1493 te
2551 1450 2727 1495 autem
2762 1444 3082 1510 bonitatem,
3112 1449 3159 1501 si
3211 1457 3384 1505 tamen
3429 1467 3544 1520 per-
3632 1449 3634 1452 ’

2013 1527 2276 1580 manseris
2303 1526 2354 1578 in
2408 1528 2662 1581 bonitate.
2697 1530 2945 1599 Alioquin
2991 1542 3042 1585 et
3079 1542 3132 1588 tu
3169 1538 3452 1603 excideris,
3487 1550 3544 1594 et

2012 1614 2151 1669 illisi
2200 1630 2302 1669 non
2352 1621 2740 1683 permanserint
2773 1620 2825 1673 in
2876 1623 3273 1690 incredulitate,
3303 1626 3546 1683 inseren-

2014 1709 2115 1753 tur.
2155 1721 2174 1753 ι
2216 1703 2375 1756 Addit
2407 1714 2579 1757 autem
2606 1716 2723 1772 post
2753 1708 2862 1761 haec
2902 1709 3174 1774 Dominus.
3212 1720 3265 1766 et
3297 1714 3423 1767 dicit
3444 1716 3489 1747 ⁸⁵
3521 1731 3538 1769 :

306 1794 371 1837 et
402 1785 699 1842 iracundia:
733 1791 888 1847 vitio
937 1797 1235 1864 subiacens
1277 1771 1590 1853 ostendatur
1612 1771 1787 1854 divina
1818 1819 1912 1854 nu-
1943 1771 1983 1825 Β
2017 1810 2034 1841 ί
2074 1790 2190 1843 Filii
2219 1805 2345 1845 νθνο
2378 1794 2537 1846 “sui
2570 1805 2728 1847 θ”υηι
2767 1797 2952 1851 ilico“?
2991 1799 3041 1852 Ῐη
3073 1801 3279 1856 deserto
3311 1804 3544 1870 quadra-

293 1884 460 1937 Jura,
483 1877 582 1931 sed
613 1887 674 1932 ut
704 1895 814 1948 per
847 1883 973 1938 luce
1012 1895 1070 1939 et
1113 1887 1278 1941 Mosei
1305 1888 1572 1955 cbaritas,
1602 1904 1760 1958 quam
1787 1906 1909 1959 erga

296 1964 574 2032 populum
629 1967 913 2038 habebat,
957 1983 1017 2027 et
1060 1977 1152 2031 Dei
1185 1975 1420 2041 bonitas,
1451 1993 1568 2048 quae
1597 1996 1756 2049 super
1793 1999 1910 2036 om-

294 2065 443 2104 nem
485 2054 696 2109 malum
732 2071 1004 2126 agentem
1047 2072 1129 2116 est
1171 2063 1308 2132 (90),
1351 2067 1729 2123 innotesceret.
1767 2069 1914 2124 Scri-

287 2141 468 2223 bitur
493 2145 648 2198 enim
681 2147 863 2202 irasci
895 2150 1066 2215 Deus,
1094 2162 1149 2206 et
1174 2155 1491 2208 comminari
1516 2157 1784 2211 interitum
1815 2174 1912 2226 po-

282 2232 478 2298 pulo,
524 2249 640 2301 quo
697 2236 979 2290 doceatur
1016 2241 1176 2293 homo
1236 2251 1437 2296 tantum
1482 2245 1578 2298 sibi
1616 2261 1733 2300 esse
1773 2249 1910 2315 apud

283 2322 488 2376 Deum
541 2324 675 2388 loci,
741 2335 1073 2396 tantumque
1108 2331 1334 2396 fiduciae,
1367 2341 1424 2386 ut
1463 2335 1674 2388 etiamsi
1713 2337 1781 2389 sit
1813 2336 1910 2389 ali-

272 2426 422 2474 qua
458 2415 513 2465 in
550 2412 668 2466 Deo
735 2414 1076 2483 indignatio,
1127 2419 1590 2476 obsecrationibus
1638 2424 1913 2491 mitigetur

275 2501 579 2555 humanis
609 2516 626 2554 :
657 2513 995 2572 tantumque
1027 2507 1090 2559 de
1117 2523 1182 2561 eo
1214 2509 1499 2576 impetrare
1545 2525 1700 2575 posse
1747 2512 1913 2566 homi-

267 2605 468 2655 nem,
498 2601 560 2644 ut
586 2601 646 2646 et
681 2594 919 2660 propria
945 2604 1141 2647 statuta
1174 2609 1467 2652 convertat.
1493 2600 1712 2654 Bonitas
1734 2602 1872 2653 enim
1893 2642 1908 2666 ,

265 2691 433 2742 quae
461 2680 843 2748 subsequitur
886 2681 1052 2750 294
1092 2685 1418 2738 iracundiam
1443 2725 1458 2749 ,
1494 2696 1548 2741 et
1580 2687 1739 2741 Mosei
1779 2687 1912 2740 fidu-

258 2767 455 2818 ciam
489 2768 751 2822 ostendit
781 2774 929 2838 apud
967 2774 1151 2837 Deum,
1183 2783 1238 2826 et
1267 2773 1496 2826 alienam
1527 2777 1592 2828 ab
1619 2777 1911 2830 iracundia:

261 2853 451 2906 vitio
486 2854 743 2908 divinam
780 2857 944 2912 docet
975 2875 1093 2913 esse
1121 2869 1391 2914 naturam.
1429 2861 1597 2915 Simul
1627 2872 1680 2915 et
1709 2873 1907 2932 myste-

263 2939 466 2993 rium
505 2941 562 2994 in
600 2942 830 2997 saeculis
866 2945 1062 3000 futuris
1100 2948 1417 3015 explendum
1447 2949 1684 3001 continet
1709 2965 1904 3013 sermo,

261 3051 405 3104 per
433 3054 615 3106 quem
641 3039 925 3109 promittit
955 3039 1094 3092 Deus
1148 3040 1287 3104 quod
1315 3036 1477 3088 alium
1506 3039 1777 3105 populum,
1808 3040 1906 3093 hoc
1933 3073 1975 3129 C

261 3129 563 3196 :ijeclo,
596 3130 924 3186 resuscitet.
954 3128 1043 3181 Ait
1074 3128 1212 3182 enim
1234 3145 1247 3180 :
1272 3145 1289 3178 ι
1319 3128 1616 3182 Percutiam
1643 3143 1734 3182 eos
1767 3144 1905 3182 mor-

261 3224 368 3280 te,
404 3227 479 3270 et
501 3218 741 3285 perdam
779 3232 898 3280 eos,
927 3225 981 3269 et
1006 3216 1201 3268 faciam
1237 3224 1288 3269 te
1316 3225 1370 3270 et
1405 3217 1615 3270 domum
1644 3217 1809 3281 patris
1831 3219 1902 3270 tui

259 3303 338 3358 in
392 3306 709 3358 nationem
748 3319 1030 3373 magnam,
1056 3305 1220 3357 multo
1250 3305 1416 3373 magis
1440 3317 1597 3370 quam
1624 3304 1735 3356 htec
1765 3313 1900 3355 est.»

257 3391 707 3445 Comminatio
739 3405 876 3459 ergo
927 3391 1044 3442 haec
1088 3405 1194 3443 non
1217 3398 1298 3444 est
1342 3389 1640 3453 iracundia,
1667 3390 1759 3442 sed
1784 3405 1907 3458 pro-

261 3482 534 3548 phetia.
577 3479 929 3535 Assumenda
976 3492 1204 3546 namque
1249 3487 1364 3532 erat
1399 3477 1500 3530 alia
1547 3478 1715 3541 natio,
1742 3479 1791 3530 id
1823 3488 1906 3531 est

262 3571 562 3639 populus
588 3571 697 3624 iste
738 3569 1046 3629 nationum,
1074 3567 1163 3620 sed
1191 3581 1294 3618 non
1320 3580 1418 3632 per
1453 3564 1686 3633 Moysen.
1731 3565 1902 3618 Excu-

265 3661 475 3713 δεινὴ
505 3675 750 3729 namque
805 3673 867 3712 se
921 3657 1150 3726 Moyses.
1185 3653 1400 3709 Sciebat
1441 3654 1582 3709 enim
1625 3655 1745 3722 quia
1779 3668 1906 3721 gens

269 3749 402 3803 illa
441 3765 667 3818 magna,
695 3763 820 3818 quae
853 3746 1266 3814 repromittitur,
1302 3758 1406 3797 non
1439 3758 1533 3812 per
1559 3743 1774 3811 Moysen
1810 3757 1906 3796 vo-

269 3843 505 3896 canda
533 3849 682 3902 erat,
709 3839 809 3892 sed
840 3853 938 3907 per
965 3835 1152 3890 Jesum
1176 3834 1469 3897 Christum,
1501 3841 1554 3886 et
1575 3846 1680 3885 non
1710 3831 1905 3884 Mosai-

273 3951 449 3999 cus,
486 3931 583 3986 sed
632 3927 984 3982 Cbrisﬁanus
1009 3932 1125 3978 erat
1169 3922 1388 3990 p0pulus
1427 3922 1784 3989 appellandus.
1820 3923 1900 3974 ld-

275 4025 478 4076 circo
518 4018 694 4087 igitur
740 4013 1036 4084 plurimum
1085 4019 1274 4065 exorat
1321 4009 1530 4078 Moyses
1577 4023 1674 4076 pro
1715 4010 1906 4076 populo

285 4111 439 4164 illo.
473 4093 748 4160 Dominus
774 4116 908 4154 vero
933 4101 1146 4153 modum
1191 4098 1545 4164 correptionis
1573 4097 1763 4150 librata
1793 4113 1907 4148 mo-

288 4197 616 4251 deratione
646 4194 955 4257 dispensat,
985 4197 1041 4242 et
1082 4187 1232 4248 dicit,
1265 4185 1390 4254 quia
1423 4185 1531 4238 viri
1564 4185 1903 4252 quidem,qui

291 4284 587 4338 exierunt
627 4281 698 4334 de
740 4277 1000 4345 Egypto,
1034 4282 1087 4327 et
1115 4281 1452 4325 tentaverunt
1499 4286 1604 4336 me,
1634 4279 1794 4338 atque
1825 4272 1905 4323 in-

2012 1874 2154 1942 ginta
2203 1877 2374 1928 anuis.
2409 1894 2426 1926 ι
2459 1877 2522 1929 Ει
2571 1879 2693 1945 quid
2753 1881 2971 1936 haberet
3015 1888 3254 1953 mysterii
3290 1898 3541 1945 numerus

2012 1963 2128 2025 iste,
2158 1962 2407 2027 declarat,
2451 1965 2630 2018 dicens
2668 1981 2682 2016 :
2716 1983 2735 2017 ι
2784 1968 3083 2026 Secundum
3132 1990 3429 2040 numerum,
3459 1980 3540 2032 in-

2010 2053 2125 2119 quit
2145 2052 2210 2116 ",
2231 2054 2434 2106 dierum
2456 2055 2646 2122 quibus
2680 2059 3053 2116 considerastis
3085 2072 3280 2118 terram
3302 2068 3537 2132 quadra-

2010 2140 2152 2208 ginta
2181 2142 2383 2205 diebus,
2420 2158 2516 2210 pro
2546 2143 2630 2196 die
2661 2159 2755 2212 per
2784 2163 2998 2213 annum,
3035 2152 3299 2218 recipietis
3321 2167 3537 2220 peccata

2011 2238 2183 2282 vestra
2212 2231 2560 2299 quadraginta
2581 2221 2755 2287 annis.
2793 2251 2811 2284 ι
2837 2235 3018 2292 Timeo
3045 2253 3143 2306 ego
3173 2245 3411 2310 mysterii
3443 2244 3542 2297 huc

2005 2317 2092 2384 jus
2123 2330 2324 2372 secreta
2358 2319 2641 2373 discutere.
2679 2323 2840 2376 Video
2867 2327 3006 2378 enim
3035 2331 3173 2396 quod
3199 2342 3532 2396 peccatorum

2011 2405 2062 2458 in
2095 2408 2195 2460 hoc
2233 2408 2371 2461 ratio
2395 2411 2861 2476 comprehenditur
2885 2421 2938 2465 et
2979 2429 3276 2481 pomorum.
3308 2415 3363 2470 Si
3395 2421 3536 2473 enim

2010 2496 2292 2564 unicuique
2311 2500 2576 2565 peccatori
2607 2514 2776 2554 annus
2805 2501 3088 2555 ascribitur
3112 2506 3176 2558 ad
3202 2521 3410 2574 pcenam
3441 2523 3539 2576 pro

2010 2581 2166 2638 unius
2209 2586 2310 2638 diei
2358 2597 2597 2652 peccato,
2632 2597 2685 2641 et
2710 2592 2998 2643 secundum
3029 2593 3284 2648 rationem
3330 2597 3534 2651 dierum

2009 2674 2198 2741 quibus
2228 2686 2494 2742 peccatur,
2526 2693 2786 2732 annorum
2820 2681 3034 2734 totidem
3061 2696 3310 2738 numerus
3338 2687 3388 2740 in
3422 2703 3540 2756 sup-

2010 2764 2183 2831 pliciis
2227 2767 2619 2820 consumendus
2656 2776 2786 2822 est:
2828 2783 3013 2822 vereor
3069 2784 3133 2822 ne
3169 2771 3304 2828 forte
3352 2777 3538 2842 nobis,

2010 2854 2099 2920 qui
2134 2854 2370 2921 quatidie
2395 2870 2678 2923 peccamus
2704 2865 2759 2911 et
2795 2858 2992 2911 nullum
3028 2860 3162 2913 forte
3191 2862 3310 2915 vita
3344 2874 3538 2918 nostra:

2010 2942 2147 2996 diem
2174 2944 2374 3011 absque
2400 2955 2618 3011 peccato
2645 2947 3004 3012 transigimus,
3035 2965 3100 3002 ne
3127 2953 3237 3016 ipsa
3275 2951 3413 3008 forte
3441 2969 3538 3008 sas-

2009 3031 2147 3094 cula,
2180 3040 2272 3084 aut
2293 3033 2451 3086 etiam
2476 3035 2666 3087 saecula
2691 3038 3000 3089 saeculorum
3049 3038 3290 3093 sutlicere
3333 3043 3538 3108 possint

2007 3122 2072 3173 ad
2125 3134 2310 3186 pinnas
2359 3122 2595 3176 luendas.
2624 3127 2680 3177 lu
2712 3141 2774 3179 eo
2827 3127 2965 3178 enim
2989 3129 3128 3192 quod
3174 3129 3397 3196 populus
3449 3131 3538 3184 ille

2005 3207 2152 3274 prior
2196 3224 2294 3276 pro
2339 3211 2690 3278 quadraginta
2717 3214 2922 3266 dierum
2950 3213 3144 3266 delicto
3185 3216 3533 3285 quadraginta

2004 3295 2158 3348 annis
2189 3297 2456 3350 cruciatur
2480 3300 2528 3352 in
2559 3300 2793 3364 deserto,
2818 3315 2915 3355 nec
2943 3312 3140 3357 terram
3179 3314 3417 3358 sanctam
3449 3307 3533 3359 iu-

2007 3383 2168 3435 troire
2195 3385 2541 3450 permittitur,
2572 3387 2863 3441 similitudo
2885 3391 3124 3456 quaedam
3149 3390 3308 3446 futuri
3345 3395 3533 3462 judicii

2005 3470 2214 3522 videtur
2261 3475 2493 3535 ostendi,
2529 3474 2615 3526 ubi
2651 3483 2983 3541 peccatorum
3018 3479 3153 3530 ratio
3202 3479 3532 3536 discutienda

2003 3568 2127 3623 est;
2160 3560 2258 3613 nisi
2299 3562 2403 3613 erit
2448 3561 2622 3630 aliqua
2655 3562 2882 3618 fortasse
2915 3567 3072 3618 etiam
3115 3567 3372 3621 bonorum
3405 3587 3532 3639 ope-

2007 3662 2121 3700 rum
2156 3649 2530 3714 compensatio,
2558 3650 2640 3703 vel
2666 3651 2822 3704 etiam
2854 3665 3036 3708 eorum
3067 3671 3183 3724 qua;
3215 3658 3265 3708 in
3299 3657 3404 3710 vita
3435 3675 3531 3714 sua

2005 3739 2364 3805 unusquisque
2409 3740 2546 3791 mala
2609 3741 2816 3804 recipit,
2848 3742 3196 3796 utAbraham
3245 3744 3308 3794 de
3335 3743 3533 3800 Lazaro

2005 3825 2184 3878 docuit
2213 3827 2279 3878 ".
2326 3826 2430 3879 Sed
2467 3829 2581 3880 haec
2629 3827 2823 3881 nullius
2848 3837 2928 3880 est
2953 3832 3017 3882 ad
3053 3831 3310 3898 integrum
3350 3847 3529 3896 nosse,

2005 3914 2105 3965 nisi
2153 3913 2298 3968 illius
2331 3915 2415 3967 cui
2447 3929 2601 3967 omne
2635 3915 2892 3983 judicium
2925 3919 3141 3972 tradidit
3175 3918 3351 3972 Pater.
3383 3920 3529 3984 Quod

2003 4012 2178 4056 autem
2210 4004 2320 4056 dies
2346 4004 2546 4071 peccati
2579 4004 2630 4056 in
2665 4019 2857 4057 annum
2886 4020 3056 4073 pcenze
3100 4015 3392 4075 reputetur,
3426 4023 3532 4066 non

2004 4090 2172 4142 solum
2202 4091 2255 4143 in
2310 4091 2411 4143 hoc
2455 4091 2607 4154 libro,
2642 4091 2692 4142 in
2723 4106 2827 4159 quo
2857 4093 2987 4146 nihil
3019 4095 3236 4149 omnino
3277 4105 3356 4149 est
3392 4097 3532 4164 quod

2004 4179 2235 4232 dubitari
2268 4181 2457 4248 possit,
2485 4180 2800 4246 ostenditur,
2833 4180 2926 4234 sed
2969 4192 3020 4236 et
3055 4183 3107 4236 in
3139 4183 3314 4237 libello
3343 4182 3531 4238 Pauo-

2006 4269 2076 4320 ris
2110 4268 2242 4336 (91),
2272 4269 2314 4321 si
2355 4269 2440 4322 cui
2487 4277 2662 4322 tamen
2705 4271 2968 4336 scriptura
3012 4271 3098 4324 illa
3132 4271 3432 4338 recipienda
3457 4273 3534 4326 vi-

295 4372 537 4428 creduli
574 4373 1023 4438 permanserunt,
1069 4363 1262 4416 cadent
1306 4363 1358 4414 in
1391 4361 1602 4414 deserto
1645 4361 1765 4424 hoc,
1796 4378 1814 4410 ‹
1845 4369 1899 4414 et
1933 4365 1975 4416 D
2001 4357 2170 4418 detur,
2205 4357 2396 4410 similia
2423 4357 2791 4425 designantur.
2837 4359 2942 4412 Sed
2978 4359 3203 4414 fortasse
3229 4361 3420 4427 aliquis
3449 4375 3536 4414 ne-

299 4478 436 4517 non
467 4459 766 4520 videbunt,
795 4456 970 4523 inquit
999 4456 1066 4517 ’3,
1094 4463 1317 4514 terram,
1349 4465 1507 4519 quam
1530 4451 1702 4517 juravi
1733 4451 1900 4516 patri-

301 4554 427 4607 bus
464 4563 672 4604 eorum
708 4563 724 4599 :
761 4546 859 4598 sed
885 4544 982 4596 filii
1006 4543 1266 4609 ipsorum,
1293 4541 1382 4608 qui
1406 4548 1530 4593 sunt
1559 4551 1764 4592 mecum
1792 4536 1899 4601 hic,

305 4643 654 4710 quicunque
712 4635 968 4702 ignorant
1018 4631 1216 4686 bonum
1243 4629 1326 4683 vel
1369 4626 1588 4680 malum.
1620 4643 1639 4676 ι
1675 4625 1761 4678 Sit
1786 4625 1898 4678 for-

311 4733 495 4786 tassis
550 4726 768 4793 aliquid
813 4723 976 4777 etiam
1010 4719 1325 4773 secretioris
1361 4715 1598 4786 mysterii
1635 4716 1686 4767 in
1727 4713 1901 4767 verbis

315 4817 554 4872 Domini
601 4813 890 4866 dicentis:
929 4828 949 4860 ι
992 4808 1114 4861 Filii
1149 4819 1367 4870 eorum,
1397 4804 1486 4871 qui
1521 4811 1650 4857 sunt
1693 4814 1899 4854 mecum

316 4911 443 4964 hic.
480 4926 502 4958 θ
537 4904 644 4960 Ubi
671 4903 805 4957 hic?
833 4909 927 4954 aut
955 4895 1223 4967 quomodo
1243 4893 1594 4959 mecum?Qui
1620 4892 1776 4946 habet
1807 4905 1901 4942 au-

326 5014 426 5052 res
457 4993 748 5057 audiendi,
781 4992 987 5046 audiat.
1019 4990 1126 5044 Nos
1156 4987 1370 5041 interim
1401 4985 1625 5042 dicimus
1649 4982 1772 5050 quia
1806 4992 1901 5046 pa-

2005 4455 2092 4514 get
2124 4445 2344 4498 bonitati
2398 4446 2488 4498 Dei
2525 4447 2832 4510 convenire,
2869 4457 2926 4500 ut
2957 4463 3054 4514 pro
3083 4447 3238 4501 unius
3270 4448 3372 4501 diei
3405 4462 3532 4516 pec-

2004 4543 2124 4590 cato
2154 4548 2350 4586 annum
2377 4534 2756 4602 suppliciorum
2789 4536 3040 4603 rependat
3069 4553 3081 4587 :
3109 4536 3347 4604 quinimo
3372 4537 3531 4600 dicet,

1993 4622 2209 4677 Etiamsi
2230 4623 2366 4676 diem
2399 4637 2500 4691 pro
2547 4624 2633 4677 die
2666 4625 2869 4689 reddat,
2897 4628 3139 4694 quamvis
3181 4625 3377 4691 justus,
3424 4641 3531 4678 non

2006 4722 2177 4766 tamen
2200 4712 2433 4767 clemens
2459 4713 2666 4771 videtur
2693 4729 2810 4770 esse
2834 4724 2924 4769 aut
2948 4716 3226 4783 benignus.
3245 4715 3377 4767 Audi
3407 4730 3533 4782 ergo

2004 4796 2238 4864 ad'hmc,
2265 4800 2311 4853 si
2365 4799 2504 4856 forte
2553 4802 2817 4869 possimus
2853 4801 3211 4855 difficultatem
3237 4801 3310 4854 rei
3349 4815 3531 4854 exem-

2004 4885 2106 4953 plis
2132 4886 2478 4943 lucidioribus
2514 4889 2820 4956 explanare.
2873 4888 2930 4942 Si
2952 4887 3148 4951 ,vulnus
3197 4888 3407 4953 corpori
3456 4888 3536 4941 in-

2003 4974 2228 5042 ﬂigatur,
2264 4985 2355 5030 aut
2375 4992 2436 5031 os
2461 4973 2843 5046 confringatur,
2869 4985 2958 5031 aut
2983 4989 3264 5031 nervorum
3280 4973 3529 5040 junctura

406 5157 524 5189 ’Μ’
558 5153 727 5208 Νυηι.
760 5164 874 5215 xtv,
904 5149 968 5200 Η
1008 5153 1065 5199 et
1095 5144 1181 5197 12.
1253 5142 1299 5175 ”
1327 5140 1453 5196 ibid.
1475 5140 1565 5193 22.
1640 5138 1684 5169 "
1715 5137 1868 5190 Rom.
1895 5152 1897 5188 :

2008 5135 2075 5188 ΕΞ.
2151 5133 2195 5164 ’⁸
2223 5131 2378 5185 Num.
2399 5144 2506 5195 xw,
2529 5130 2620 5185 '53.
2691 5130 2735 5161 '°
2760 5129 2886 5184 ibid.
2913 5127 3001 5181 ⁸54.
3073 5125 3115 5158 ⁹’¹
3146 5127 3273 5180 Luc.
3296 5140 3406 5188 xw,
3439 5124 3529 5177 25.

411 5309 520 5380 (90)
565 5306 706 5370 om
755 5317 916 5380 sum:
957 5291 1892 5380 Om'fe'".m“.5'1'!'..‘!9<'fff"3.‘ﬁt§fc

341 5360 832 5440 codd.'S;giensis,'
863 5364 1246 5423 Carnuteusis,
1281 5360 1684 5440 Ebroic'eusis-et
1722 5360 1893 5440 Turo-

334 5448 541 5500 nensis.
574 5435 737 5495 Uibb.
755 5437 946 5494 editi,r
973 5445 1264 5500 quae‘super
1273 5443 1482 5500 omnem
1491 5435 1728 5500 tuentem
1740 5435 1842 5500 est.
1872 5445 1891 5476 ι

398 5485 541 5582 iiii?
561 5485 844 5582 ἕὲᾶζέίῑιὲ
858 5485 1452 5582 “Milo.{evitatas
1468 5493 1793 5582 “erasin;
1806 5508 1900 5582 31':

305 5559 625 5644 sﬁiliiud.
675 5573 737 5637 6,
794 5581 928 5635 cap.
964 5565 1025 5630 4,
1055 5565 1174 5617 hate
1220 5563 1452 5628 leguntur
1489 5577 1504 5613 :
1538 5577 1557 5610 ι
1597 5559 1902 5630 Quicunque

3018 5222 3092 5232 si...

1992 5289 2155 5360 igitur
2192 5299 2298 5338 uno
2338 5283 2423 5336 die
2465 5281 2764 5360 perceperit
2810 5274 3530 5360 fallacemltiuleedinemhae

1992 5341 2334 5422 voluptatem,
2369 5341 2580 5414 unoque
2613 5341 2705 5424 die
2719 5347 2980 5424 cruciatus
3014 5341 3533 5424 sit,‘arilni_spa‘tiuin

1996 5408 2134 5478 dies.
2163 5408 2432 5475 cruciatus
2472 5408 2586 5484 ejus
2624 5415 2839 5466 valebit.
2885 5410 2984 5485 lt-a_
3010 5415 3143 5485 quot
3190 5408 3304 5484 dies
3347 5417 3534 5485 peree-

1999 5473 2135 5560 perit
2174 5473 2410 5556 quisque
2455 5473 2802 5550 voluptatem,
2857 5473 3075 5527 totidem
3126 5475 3290 5527 annis
3336 5473 3542 5524 crucias

2003 5572 2109 5625 tur,
2141 5577 2160 5610 ι
2197 5568 2300 5612 etc.

2018 5727 2055 5735 ,αι
2070 5723 2113 5734 --δ
