3838 6198
545 300 647 354 oss

1973 286 2288 348 ORIGENIS
3559 293 3636 346 liii

549 409 861 473 resolvatur,
893 396 1172 464 subtmius
1213 412 1359 464 horae
1401 409 1576 478 spatio
1618 407 1915 478 hujusmodi
1957 405 2071 459 vul-
2102 406 2148 462 Α
2174 402 2281 455 vita
2316 399 2696 468 Unusquisque
2749 385 2835 452 vel
2883 397 3057 453 minus
3104 397 3180 452 vel
3207 399 3410 466 amplius
3431 407 3640 470 peccando

548 512 675 552 uera
709 499 882 551 solent
929 499 1236 565 corporibus
1286 498 1547 562 accidere,
1581 509 1632 551 et
1659 496 1898 564 plurimis
1927 502 2070 562 post-

536 585 761 639 modum
799 585 1122 638 cruciatibus
1141 599 1205 639 ac
1225 586 1492 640 doloribus
1519 585 1746 648 exactis,
1788 581 1954 636 multo
1985 582 2072 635 vix

548 683 786 740 tempore
837 670 1056 737 sanari;
1107 675 1290 741 quanti
1337 674 1474 727 enim
1537 682 1767 726 tumores
1819 671 1870 723 in
1919 670 2070 732 loco,

545 772 740 830 quanta
789 770 1048 816 tormenta
1081 763 1434 830 generantur?
1460 761 1574 816 Jam
1615 776 1740 814 vero
1771 760 1815 813 si
1846 759 2068 819 accidat,

546 860 602 902 ut
635 850 687 902 in
718 850 902 904 eodem
931 850 1166 914 vulnere,
1196 849 1279 903 vel
1305 849 1356 904 in
1401 851 1583 903 eadem
1609 849 1841 902 fractura
1884 847 2072 900 iterum

546 946 598 990 et
617 938 808 1005 saepius
831 939 952 1005 quis
973 937 1298 1004 vulneretur,
1314 939 1747 1006 frequentiusque
1777 937 2069 1005 frangatur,

527 1028 756 1094 quantis
786 1027 887 1080 hoc
919 1027 1090 1096 poenis
1135 1027 1342 1091 curari,
1374 1036 1425 1080 et
1474 1027 1687 1095 quantis
1730 1034 1902 1094 potest
1949 1041 2074 1079 cru-

544 1115 772 1169 ciatibus
823 1113 1356 1179 medicariiQuanto
1411 1125 1584 1169 autem
1633 1124 1887 1183 tempore,
1913 1115 1957 1169 si
1990 1124 2069 1167 ta-

546 1220 665 1258 men
692 1205 940 1274 potuerit,
973 1206 1038 1259 ad
1082 1206 1360 1258 sanitatem
1397 1207 1750 1274 perducitur?
1777 1211 1830 1260 et
1861 1206 1948 1259 vix
1976 1205 2072 1258 ali-

544 1295 759 1363 quando
812 1296 881 1348 ita
917 1296 1210 1358 curabitur,
1243 1305 1298 1348 ut
1323 1297 1402 1348 vel
1433 1297 1759 1352 debilitatem
1811 1297 2070 1365 corporis,

543 1384 624 1436 vel
670 1384 959 1438 fceditatem
1009 1384 1274 1438 cicatricis
1305 1383 1535 1450 effugiat.
1583 1384 1773 1439 Transi
1809 1400 1946 1439 nunc
2005 1385 2071 1439 ab

542 1474 784 1540 exemplo
829 1473 1068 1541 corporis
1097 1473 1162 1527 ad
1198 1475 1387 1527 anima:
1437 1473 1678 1528 vulnera.
1711 1475 1902 1527 Anima
1936 1489 2069 1542 quo-

529 1564 646 1617 ities
673 1569 878 1630 peccat,
914 1564 1067 1617 toties
1092 1564 1418 1616 vulneratur.
1453 1562 1518 1616 Et
1548 1577 1613 1616 ne
1634 1561 1840 1617 dubites
1881 1577 2070 1631 pecca-

543 1654 610 1706 tis
640 1665 755 1705 eam
788 1649 933 1704 velut
969 1650 1090 1704 telis
1131 1660 1184 1705 et
1223 1651 1413 1719 gladiis
1443 1652 1744 1716 vulnerari,
1779 1652 1898 1705 audi
1927 1653 2066 1720 Apo-

2173 490 2467 559 quaesierit.
2509 487 2618 542 Sed
2653 497 2708 541 et
2739 505 2760 538 ε
2787 488 2928 541 calix
2954 488 3004 540 in
3037 502 3188 540 manu
3216 488 3401 542 Domini
3432 491 3520 543 vini
3540 497 3638 547 mai

2173 581 2362 649 plenus
2397 593 2522 632 esse
2575 577 2777 630 dicitur
2807 577 2968 630 misto
2995 579 3035 628 ¹.
3059 595 3082 628 ο
3133 576 3411 629 Miscebilur
3433 593 3534 647 ergo
3555 583 3641 634 sine

2172 669 2336 723 dubio
2363 667 2682 736 unicuique,
2716 675 2771 719 et
2803 667 2893 718 liet
2917 665 3170 732 judicium
3195 665 3300 730 ejus
3321 680 3412 718 non
3439 667 3573 720 stilum
3592 684 3640 720 ει.

2172 757 2332 811 malis
2377 771 2500 824 quae
2543 756 2736 824 gessit,
2791 756 2884 809 sed
2929 755 3088 808 etiatn
3130 768 3191 808 ex
3232 756 3388 809 bonis.
3427 757 3480 809 Et
3507 769 3640 812 tamen

2173 862 2292 902 cum
2321 855 2550 919 utraque
2583 847 2942 908 misceantur,
2983 843 3081 896 fmx
3113 844 3243 910 ejus,
3271 859 3414 912 quam
3443 858 3524 912 ego
3547 856 3642 912 puto

2173 938 2444 992 malorum
2478 947 2694 1006 partem
2730 934 2857 994 dici,
2914 947 3019 986 non
3059 933 3124 985 ad
3160 933 3400 1002 integrum
3427 935 3642 987 exinauic-

2176 1035 2282 1081 lur.
2339 1027 2445 1081 Sed
2496 1027 2632 1091 hinc,
2680 1034 2738 1078 ιιι
2770 1023 3026 1083 diximus,
3069 1023 3118 1072 in
3145 1036 3292 1072 manu
3323 1020 3405 1073 Dei
3429 1034 3547 1083 sunt,
3574 1039 3643 1073 uo-

2173 1125 2346 1167 strum
2378 1124 2558 1167 autem
2609 1123 2695 1167 est
2725 1112 2790 1163 ad
2821 1110 3242 1164 emendationem
3268 1109 3410 1163 citius
3431 1111 3643 1171 festinare,

2174 1206 2240 1256 ad
2269 1205 2650 1273 paenitentiam
2687 1204 2814 1255 sine
2844 1199 3263 1253 dissimulatione
3297 1201 3523 1260 converti,
3543 1200 3646 1265 luge-

2173 1307 2232 1346 re
2261 1293 2560 1362 praeterita,
2595 1306 2798 1346 cavere
2823 1290 3024 1356 futura,
3054 1291 3294 1345 invocare
3315 1290 3530 1342 auxilium
3556 1289 3644 1351 Dei;

2173 1386 2357 1438 statim
2396 1385 2542 1438 enim
2592 1395 2655 1439 ut
2705 1400 3004 1439 conversus
3036 1385 3364 1453 iugemueris,
3389 1383 3537 1436 salvus
3554 1384 3645 1433 etis.

2172 1472 2421 1528 Invenies
2454 1475 2600 1526 enim
2641 1475 3002 1534 advocatum,
3055 1473 3142 1542 qui
3189 1486 3280 1540 pro
3329 1483 3375 1525 te
3418 1472 3645 1540 interpellat

2170 1562 2413 1628 Patrem,
2444 1563 2735 1618 Dominum
2765 1562 2949 1617 Jesum
2975 1563 3262 1628 Christum,
3292 1563 3439 1616 multo
3457 1575 3648 1632 prastat)-

2173 1653 2364 1706 liorem
2395 1667 2556 1721 quam
2594 1653 2697 1705 fuit
2727 1653 2964 1723 Moyses,
2997 1654 3085 1721 qui
3116 1662 3285 1709 tamen
3311 1653 3464 1707 oravit
3487 1669 3563 1720 pro
3584 1669 3649 1720 p0-

543 1739 736 1793 swlum
762 1747 1058 1793 monentem
1097 1748 1152 1791 ut
1185 1754 1520 1794 assumamus
1562 1757 1582 1790 ι
1619 1752 1824 1794 scutum
1849 1740 2067 1805 lidei,in
2099 1710 2142 1768 Β
2172 1742 2297 1809 pulo
2325 1743 2436 1805 illo,
2486 1750 2542 1796 et
2567 1743 2864 1799 exauditus
2916 1758 3019 1799 εει.
3081 1746 3145 1799 Et
3187 1746 3396 1797 fortasse
3435 1752 3647 1811 propterea

543 1843 647 1898 quo
691 1828 938 1896 possitis,
984 1829 1182 1897 inquit,
1217 1830 1393 1882 omnia
1433 1829 1608 1896 jacula
1652 1829 1862 1896 maligni
1906 1829 2070 1898 ignita

545 1919 902 1986 exstinguere.
920 1935 937 1968 ι
959 1916 1118 1971 Vides
1136 1933 1262 1986 ergo
1281 1927 1494 1985 peccata
1512 1917 1722 1985 maligni
1741 1917 2064 1983 esscjacula,

542 2023 660 2076 quae
686 2008 739 2061 in
759 2007 986 2062 animam
1012 2007 1327 2075 diriguntur.
1359 2008 1566 2060 Patitur
1602 2019 1778 2061 autem
1806 2017 1858 2062 et
1892 2009 2068 2061 anima

541 2112 644 2149 non
675 2096 847 2150 solum
878 2096 1097 2149 vulnera
1131 2096 1452 2164 jaculorum,
1483 2096 1576 2149 sed
1607 2104 1660 2149 et
1682 2096 1947 2149 fracturas
1976 2111 2066 2164 pe-

537 2187 683 2248 dum,
703 2200 822 2240 cum
854 2185 1028 2254 laquei
1043 2193 1298 2253 parantur
1329 2184 1547 2252 pedibus
1575 2185 1709 2253 ejus,
1731 2193 1780 2238 ct
1821 2186 2070 2252 supplan-

541 2283 723 2327 tantur
743 2287 956 2342 gressus
976 2272 1110 2342 ejus.
1129 2271 1252 2325 Haec
1272 2283 1402 2340 ergo
1431 2282 1482 2326 et
1503 2261 1800 2340 hujusmodi
1848 2273 2072 2326 vulnera

539 2373 738 2432 quanto
756 2373 991 2430 tempore
1025 2373 1182 2430 putas
1205 2378 1360 2432 posse
1387 2363 1563 2416 curari
1591 2363 1613 2414 ἲ
1638 2361 1683 2414 0
1713 2362 1756 2415 si
1797 2377 2071 2428 possemus

541 2465 634 2520 per
663 2449 1070 2520 unumquodque
1110 2460 1383 2518 peccatum
1423 2449 1602 2503 videre
1632 2451 1895 2518 quomodo
1914 2451 2071 2504 homo

539 2549 725 2595 noster
759 2541 981 2594 interior
1008 2541 1220 2595 assidue
1257 2541 1578 2602 vulneratur,
1607 2539 1869 2606 quomodo
1897 2555 2071 2594 sermo

542 2630 712 2684 malus
730 2628 887 2697 295
903 2629 1090 2682 vulnus
1114 2627 1324 2697 inﬂigit!
1352 2629 1461 2682 Non
1476 2628 1647 2697 legisti
1669 2628 1813 2679 ’5'”:
1836 2646 1854 2679 ε
1882 2629 2070 2682 Dicunt

540 2718 661 2784 quia
682 2717 959 2770 vulnerant
983 2715 1162 2784 gladii,
1183 2719 1275 2771 sed
1296 2732 1397 2770 non
1420 2719 1489 2770 ita
1513 2726 1568 2769 ut
1587 2716 1762 2784 lingua
1783 2717 1805 2770 τ
1829 2734 1850 2766 ι
1875 2716 2068 2769 Vulne-

539 2816 690 2860 ratur
716 2820 842 2874 ergo
882 2820 973 2874 per
998 2808 1228 2874 linguam
1260 2808 1460 2872 anima,
1481 2807 1790 2861 vulneratur
1807 2815 1857 2861 et
1875 2822 1967 2875 per
1983 2821 2072 2860 co-

541 2897 821 2964 gitatioues
871 2906 924 2948 et
952 2896 1409 2964 concupiscentiae
1439 2896 1626 2963 malas,
1679 2897 1940 2967 frangitur
1972 2912 2068 2950 au-

539 2995 646 3037 tem
676 2993 730 3036 et
755 2983 1043 3037 conteritur
1089 2999 1182 3052 per
1211 2999 1367 3051 opera
1394 2988 1616 3053 peccati.
1665 2987 1790 3052 Quae
1816 2987 1862 3041 si
1888 2987 2064 3041 omnia
2091 3008 2138 3068 ο

539 3073 718 3125 videre
744 3085 1037 3139 possemus,
1073 3080 1127 3126 et
1150 3075 1444 3126 vulneratae
1469 3075 1659 3128 animae
1695 3075 1894 3129 sentire
1927 3076 2068 3128 cica-

539 3162 726 3223 trices,
760 3167 960 3213 certum
984 3167 1064 3212 est
1093 3160 1232 3228 quod
1260 3175 1428 3229 usque
1451 3163 1516 3216 ad
1548 3173 1768 3217 mortem
1794 3165 2071 3217 resistere-

543 3263 659 3302 mus
691 3250 967 3302 adversum
997 3258 1291 3315 peccatum.
1331 3249 1434 3304 Sed
1462 3267 1601 3306 nunc
1627 3253 1763 3306 sicut
1794 3253 1828 3306 ii
1870 3255 1958 3320 qui
1987 3251 2072 3306 vei

540 3340 778 3391 dremone
812 3333 1014 3404 repleti,
1064 3335 1148 3390 vel
1177 3350 1352 3391 mente
1391 3338 1605 3392 alienati
1640 3349 1782 3406 sunt,
1812 3355 1915 3394 non
1941 3337 2068 3394 sen-

543 3427 680 3478 tiunt
709 3425 753 3478 si
782 3425 1146 3489 vulnerentur,
1177 3428 1300 3494 quia
1337 3428 1668 3483 naturalibus
1708 3431 1949 3484 sensibus
1983 3443 2071 3485 ca.

538 3523 656 3568 rent
704 3531 717 3566 :
751 3515 820 3567 ita
849 3522 902 3568 et
935 3530 1033 3570 nos
1069 3516 1151 3569 vel
1203 3519 1578 3584 cupiditatibus
1624 3520 1804 3572 smculi
1835 3530 2071 3575 amentes

537 3602 732 3669 effecti,
785 3603 868 3657 vel
908 3603 1052 3658 vitiis
1094 3605 1365 3670 iuebriati,
1416 3609 1616 3661 sentire
1661 3623 1764 3661 non
1792 3623 2072 3676 possumus

533 3702 730 3762 quanta
777 3693 1015 3756 vulnera,
1064 3703 1294 3761 quantas
1345 3695 1688 3750 contritiones
1735 3698 1921 3750 animae
1947 3711 2070 3764 pec-

536 3783 703 3836 cando
741 3782 1126 3847 conquirimus.
1158 3783 1219 3835 Et
1249 3784 1368 3837 ideo
1397 3787 1902 3853 consequentissima
1933 3788 2071 3841 ratio

533 3878 616 3924 est
651 3883 836 3938 pusum,
871 3869 921 3923 id
949 3879 1031 3924 est
1058 3885 1198 3924 cura:
1229 3887 1291 3925 ac
1338 3874 1709 3928 medicationis
1748 3885 1951 3942 tempus
1979 3889 2072 3926 ex-

536 3960 703 4023 tendi,
754 3968 806 4012 et
853 3972 949 4025 per
997 3961 1406 4028 unumquodque
1439 3963 1630 4016 vulnus
1678 3977 1773 4031 pro
1816 3964 2071 4032 qualitate

535 4046 703 4114 plaga:
731 4047 972 4098 medendi
1022 4059 1234 4116 quoque
1280 4051 1445 4117 spatia
1473 4053 1774 4119 propagari.
1815 4051 1904 4104 Sic
1941 4065 2069 4120 ergo

537 4145 593 4188 et
621 4136 712 4188 Dei
743 4136 968 4201 aequitas
1016 4151 1076 4187 ac
1110 4139 1406 4218 benignitas
1443 4141 1604 4193 etiam
1641 4141 1690 4192 in
1723 4140 1851 4208 ipsis
1882 4141 2070 4194 animus

534 4223 808 4290 suppliciis
843 4223 1057 4275 evidens
1091 4225 1179 4277 ilet
1209 4245 1222 4280 :
1253 4239 1307 4281 et
1334 4229 1447 4282 huic
1494 4229 1731 4292 audiens,
1761 4229 1850 4296 qui
1878 4244 2068 4298 pecua.

2169 1830 2384 1900 Moyses
2432 1833 2701 1887 scribitur
2737 1834 3100 1888 intervenisse
3149 1848 3242 1902 pro
3289 1833 3492 1901 peccatis
3520 1833 3648 1900 populi

2168 1923 2392 1990 prioris,
2429 1932 2483 1978 et
2511 1924 2850 1992 impetrasse
2887 1926 3126 1989 veniam,
3162 1933 3219 1977 ut
3245 1925 3399 1977 multo
3425 1924 3559 1989 magis
3579 1937 3648 1973 nos

2169 2012 2525 2077 conﬁdamus,
2583 2015 2734 2081 quod
2761 2014 3060 2067 advocatus
3086 2023 3266 2068 noster
3287 2012 3427 2067 Jesus
3448 2012 3648 2065 indubita-

2168 2107 2278 2152 tam
2330 2100 2484 2154 nobis
2526 2100 2750 2154 veniam
2801 2099 3120 2169 impetrabit
3150 2114 3179 2152 a
3223 2099 3370 2153 Patre
3411 2115 3424 2150 :
3463 2099 3498 2151 si
3521 2109 3650 2173 tamen

2169 2196 2551 2242 convertamur
2599 2189 2671 2242 ad
2705 2204 2854 2254 eum,
2886 2199 2942 2242 et
2967 2203 3075 2240 non
3109 2187 3313 2241 recedat
3337 2195 3461 2239 retro
3488 2199 3560 2239 cor
3582 2199 3651 2236 no-

2170 2286 2364 2341 strum,
2421 2278 2564 2331 sicut
2614 2287 2672 2331 et
2712 2278 2963 2332 Joannes
3011 2277 3066 2330 in
3116 2275 3342 2343 Epistula
3379 2289 3460 2328 sua
3494 2274 3648 2325 dicit':

2173 2381 2194 2415 ι
2214 2364 2336 2419 Haec
2363 2373 2544 2419 autem
2575 2366 2729 2431 dico,
2768 2367 2943 2431 filioli,
2989 2375 3049 2419 ut
3077 2380 3180 2418 non
3224 2363 3450 2433 peccetis.
3482 2361 3597 2427 Quod
3615 2371 3649 2413 et

2169 2451 2211 2505 si
2244 2454 2553 2519 peccaverit
2581 2452 2791 2521 aliquis
2827 2462 3092 2516 vestrum,
3143 2451 3385 2505 habemus
3408 2450 3648 2502 advocatum

2167 2541 2308 2607 apud
2356 2541 2596 2606 Patrem,
2638 2543 2832 2598 J-esum
2883 2543 3111 2612 justum,
3159 2541 3248 2608 qui
3293 2537 3548 2606 interpellat
3583 2549 3651 2600 pra

2169 2630 2404 2696 peccatis
2432 2631 2661 2686 nostris.
2691 2649 2711 2682 ι
2757 2631 2862 2700 Ipsi
2899 2631 3072 2699 gloria
3099 2631 3152 2686 in
3188 2641 3371 2686 aeterna
3402 2628 3556 2682 saecula
3579 2640 3646 2678 saw

2167 2717 2429 2772 culorum.
2466 2720 2664 2774 Amen.

2771 2809 3058 2863 IIOMILIA
3085 2809 3173 2862 IX.

2169 2919 2244 2974 De
2283 2921 2477 2974 baliilis
2509 2920 2672 2984 Core,
2703 2932 2756 2974 et
2790 2924 3054 2974 seditione
3095 2921 3267 2988 pepuli
3294 2919 3522 2970 aduersum
3543 2913 3648 2988 ling-

2239 3007 2350 3088 seu:
2378 3002 2424 3042 et
2466 2992 2530 3043 de
2575 2992 2744 3058 virgis
2790 2993 2845 3044 in
2883 2992 3073 3061 quibus
3097 2987 3252 3058 uirga
3277 2990 3434 3041 Aaron
3453 2987 3642 3053 germina-

2236 3072 2301 3112 vu
2328 3072 2368 3111 ’.

2241 3171 2289 3222 l.
2332 3169 2485 3236 Apud
2530 3169 2729 3235 Deum,
2764 3179 2827 3223 ut
2879 3170 3110 3238 intelligi
3158 3170 3330 3232 datur,
3369 3164 3481 3220 nihil
3506 3169 3568 3215 est
3590 3162 3643 3210 iu-

2171 3259 2318 3320 utile,
2347 3257 2478 3310 nihil
2527 3260 2802 3324 otiosum,
2829 3262 2928 3315 sed
2956 3269 3011 3314 et
3045 3276 3107 3313 ea
3139 3275 3255 3328 qua:
3285 3255 3543 3312 hominibus
3561 3253 3650 3303 alie-

2170 3350 2342 3402 nanda
2369 3349 2632 3401 videntur
2656 3359 2713 3402 et
2741 3349 3077 3418 abjicienda,
3109 3348 3301 3418 aliquid
3337 3346 3489 3415 Operis
3515 3356 3648 3395 neces-

2170 3439 2294 3492 sarii
2330 3439 2532 3491 habere
2563 3437 2951 3492 inveniuntur.
3013 3439 3165 3492 ilunc
3196 3450 3361 3491 autem
3389 3435 3513 3488 nobis
3536 3429 3647 3482 ἰιιιυΙο

2170 3528 2363 3580 lectum
2393 3526 2634 3594 suggerit
2662 3541 2912 3595 praesens
2941 3531 3123 3595 lectio,
3153 3544 3268 3597 quae
3298 3530 3359 3581 de
3399 3523 3557 3579 batillis
3581 3519 3652 3571 Co-

2171 3627 2250 3676 re,
2279 3624 2331 3666 et
2365 3613 2708 3680 reliquorum
2767 3618 2864 3684 qui
2893 3633 3018 3670 cum
3048 3619 3163 3684 ipso
3198 3621 3530 3686 peccaverunt,
3552 3624 3653 3661 com-

2169 3709 2454 3763 memorat,
2492 3705 2643 3767 quod
2689 3718 2761 3757 ne
2805 3705 2925 3762 huic
2961 3706 3180 3773 quidem
3218 3706 3359 3774 jubet
3381 3701 3511 3770 abjici
3539 3698 3648 3755 Delli:

2169 3794 2260 3845 sed
2291 3791 2405 3844 fieri
2433 3805 2502 3844 ex
2556 3793 2641 3846 eis
2673 3793 2915 3850 laminas
2949 3797 3178 3851 ductiles
3206 3806 3358 3864 atque
3377 3809 3434 3848 ex
3458 3793 3514 3846 iis
3535 3788 3654 3840 altare

2168 3879 2514 3934 circumdari.
2573 3881 2776 3937 Refert
2821 3899 2958 3954 ergo
2992 3885 3290 3955 Scriptura,
3339 3882 3448 3951 quia
3487 3894 3539 3932 ex
3560 3890 3656 3944 pm-

2170 3978 2324 4037 cepto
2351 3969 2465 4033 Dei,
2505 3985 2526 4019 ί
2567 3973 2810 4040 accepit,
2848 3973 3028 4042 inquit
3052 3976 3095 4040 ³,
3146 3976 3359 4028 Eleazar
3387 3972 3504 4024 filius
3525 3969 3652 4018 Aaron

2168 4057 2462 4111 sacerdotis
2508 4057 2697 4112 batilla
2727 4075 2902 4124 aerea,
2952 4076 3076 4129 quas
3120 4063 3414 4116 obtulerunt
3436 4059 3464 4110 ii
3488 4054 3558 4122 qui
3589 4064 3654 4104 et-

2170 4147 2274 4200 usti
2305 4153 2455 4209 sunt,
2487 4155 2542 4199 et
2578 4147 2839 4205 fecerunt
2875 4167 2942 4204 ex
2973 4153 3056 4207 eis
3104 4152 3346 4215 circulos,
3391 4160 3438 4202 et
3461 4156 3653 4214 apposue-

2169 4241 2294 4285 τιιιιῑ
2320 4247 2414 4286 εοε
2444 4233 2626 4296 allati.
2682 4238 2758 4291 ad
2807 4241 3369 4293 commemorationem
3397 4235 3580 4289 ﬁliorum
3603 4227 3656 4279 lso

537 4313 633 4372 vit,
671 4308 968 4396 resipiscat,
999 4319 1053 4363 et
1077 4311 1216 4364 ultra
1247 4330 1350 4368 non
1373 4325 1572 4384 peccet.
1612 4317 1900 4370 Conversio
1925 4318 2064 4370 enim
2102 4308 2143 4360 υ
2173 4319 2304 4384 raei,
2334 4327 2391 4372 ut
2425 4335 2529 4373 non
2556 4324 2795 4378 accedat
2825 4328 3118 4396 quisquam
3153 4329 3450 4394 alienigena,
3483 4319 3552 4388 qui
3581 4329 3654 4368 nun

539 4397 592 4448 in
625 4395 868 4463 praesenti
899 4395 1026 4459 vita,
1062 4409 1114 4450 et
1141 4401 1448 4465 pceuiteutia
1483 4403 1749 4458 fructuose
1777 4413 1943 4472 gesta,
1979 4419 2067 4459 ce-

537 4487 702 4538 lerem
756 4479 983 4536 confert'
1018 4485 1319 4554 hujusmodi
1370 4494 1680 4547 vulneribus
1727 4494 2064 4558 medicinam,

537 4572 660 4640 quia
712 4571 1018 4636 paenitentia
1069 4590 1172 4628 non
1205 4578 1371 4632 solum
1402 4581 1589 4634 vulnus
1635 4583 1953 4648 praeteritum
1983 4595 2069 4637 sa-

541 4672 650 4725 nat,
683 4662 776 4714 sed
808 4670 860 4714 et
903 4663 1040 4715 ultra
1072 4668 1302 4720 animam
1333 4679 1552 4737 peccato
1593 4677 1695 4722 non‘
1724 4671 1851 4723 sinit
1885 4672 2070 4727 vulne-

539 4750 668 4804 rari.
709 4749 818 4803 lmo
850 4759 902 4803 et
927 4749 1052 4804 illud
1084 4753 1326 4818 adjiciam
1358 4773 1372 4809 :
1403 4757 1551 4810 verbi
1588 4769 1770 4819 causa,
1798 4758 1841 4810 si
1875 4773 2066 4825 pecca-

537 4851 624 4895 tor
669 4854 807 4904 snm,
854 4841 1090 4907 nunquid
1119 4845 1300 4898 eadem
1348 4843 1476 4897 mihi
1504 4844 1606 4898 erit
1649 4858 1800 4910 poena
1833 4847 1875 4898 si
1900 4847 2063 4902 semel

536 4931 776 5001 peccavi,
805 4946 921 5000 quae
944 4941 997 4987 et
1017 4933 1062 4988 si
1091 4936 1346 5001 secundo,
1377 4943 1430 4988 et
1456 4934 1632 4998 tertio,
1668 4941 1719 4987 et
1744 4936 1787 4987 si
1813 4937 2057 5004 frequen.

539 5022 644 5076 tius
680 5021 933 5089 peccem?
977 5017 1080 5076 non
1115 5023 1185 5076 ita
1216 5025 1318 5078 erit
1353 5041 1368 5077 :
1399 5023 1490 5076 sed
1535 5037 1632 5088 pro
1659 5023 1835 5087 modo,
1878 5035 1932 5077 et
1963 5042 2061 5079 nu-

538 5125 706 5175 mero,
751 5121 806 5162 et
835 5125 1079 5164 mensura
1110 5113 1335 5180 peccati,
1388 5109 1546 5164 etia’m
1581 5123 1748 5176 preme
1792 5113 2061 5176 quantitas

535 5199 798 5251 metienda
821 5206 924 5252 est.
951 5199 1088 5252 Deus
1115 5201 1254 5252 enim
1283 5199 1426 5251 dabit
1455 5213 1474 5247 ο
1498 5197 1648 5250 nobis
1673 5211 1860 5262 panem
1890 5199 2062 5270 lacry-

535 5300 741 5338 marum
764 5296 814 5339 et
835 5289 1034 5355 potabit
1063 5289 1230 5341 nosin
1258 5287 1526 5354 lacrymis,
1551 5303 1570 5334 ι
1608 5285 1698 5338 sed
1733 5303 1753 5334 c
1774 5287 1822 5336 in
1849 5301 2063 5342 mensu-

538 5387 597 5425 ra
629 5374 669 5427 ⁸.
695 5393 712 5426 ι
768 5377 1006 5431 Mensura
1043 5390 1219 5432 autem
1260 5379 1368 5430 haec
1397 5377 1520 5440 erit,
1553 5387 1711 5442 quam
1737 5376 1836 5429 sibi
1874 5378 1924 5431 in
1957 5380 2058 5435 hac

606 5484 650 5514 θ’
673 5486 832 5553 Eccli.
863 5504 1046 5553 xum,
1069 5491 1155 5542 29..

540 5561 647 5614 xvi,
671 5552 756 5616 59,
778 5554 863 5608 40.
939 5559 958 5586 ⁸
978 5552 1079 5611 isa.
1104 5574 1188 5623 LV,
1214 5559 1263 5611 8.

1235 5491 1410 5565 fPsal.
1439 5503 1598 5554 Lxxx,
1628 5489 1678 5545 6.
1754 5492 1772 5520 ²
1793 5487 1931 5547 Psal.
1961 5507 2141 5565 ιιιιιιν,
2167 5502 2220 5555 9.

2167 4421 2250 4464 cst
2299 4426 2362 4464 ex
2415 4413 2630 4467 semine
2662 4417 2876 4483 Aaron,
2933 4420 3210 4489 imponere
3240 4419 3489 4472 incensum
3523 4419 3653 4463 coram

2167 4501 2410 4564 θοιηῗιιο.
2443 4517 2511 4554 ne
2539 4503 2635 4557 flat
2667 4506 2812 4560 sicut
2857 4508 3023 4573 Core,
3066 4519 3119 4565 et
3152 4507 3454 4577 conspiratio
3477 4501 3564 4568 ejus
3582 4496 3651 4549 sic-

2169 4597 2226 4641 ut
2261 4588 2471 4644 locutus
2525 4602 2610 4646 est
2660 4595 2937 4654 Dominus
2989 4601 3043 4654 in
3084 4612 3240 4653 tuanu
3284 4597 3450 4668 Moysi.
3486 4612 3502 4644 ι
3536 4585 3655 4642 hiaui-

2166 4677 2303 4731 feSte
2333 4681 2564 4745 quodam
2610 4684 2667 4738 in
2717 4685 2844 4741 loco
2883 4689 3145 4744 Dominus
3176 4705 3268 4758 per
3300 4687 3568 4756 prophetam
3595 4676 3653 4728 dit

2167 4765 2238 4818 cit
2261 4766 2282 4797 °
2307 4784 2321 4819 :
2358 4785 2376 4818 ι
2409 4767 2524 4823 Non
2553 4782 2683 4825 sunt
2707 4777 2942 4830 consilia
2973 4793 3092 4834 mea
3123 4780 3261 4833 sicut
3286 4774 3483 4831 consilia
3503 4778 3654 4823 vestra.

2167 4869 2265 4910 nec
2311 4859 2674 4927 cogitationes
2704 4879 2844 4919 meas
2894 4869 3038 4924 sicut
3083 4871 3420 4938 cogitationes
3458 4871 3651 4916 vestrm

2167 4943 2223 4999 Si
2274 4951 2413 5014 ³1)υά
2449 4949 2697 5008 homines
2747 4957 2917 5013 hodie
2941 4958 3278 5025 judicaretur
3308 4961 3410 5012 lucc
3447 4962 3596 5009 causa.
3618 4950 3654 4995 ει

2162 5039 2300 5102 apud
2326 5038 2697 5098 Ecclesiarum
2753 5048 3040 5119 principes
3095 5051 3376 5106 haberetur
3399 5054 3584 5100 examen
3608 5035 3686 5114 de,

2162 5123 2255 5187 iis,
2290 5128 2441 5180 verbi
2473 5141 2662 5197 causa,
2711 5136 2804 5202 qui
2833 5139 3051 5192 diversa
3084 5141 3152 5192 ab
3193 5137 3428 5192 Ecclesiis
3456 5132 3651 5184 docentes

2164 5212 2357 5269 divina:
2387 5219 2639 5277 vindicta
2668 5226 2997 5292 pertulerint
3028 5229 3297 5288 ultionem,
3326 5214 3651 5285 uonuejudica

2163 5310 2306 5364 rent,
2343 5312 2401 5357 ut
2449 5307 2495 5359 si
2525 5312 2656 5378 quid
2698 5312 2867 5368 locuti
2901 5325 3050 5379 sunt,
3087 5317 3133 5369 si
3167 5315 3290 5384 quid
3334 5315 3597 5364 docuerunt,
3617 5295 3649 5349 si

2164 5389 2291 5456 Quid
2323 5394 2490 5448 etiam
2541 5400 2808 5469 scriptum
2860 5403 3219 5472 reliquerunt,
3250 5403 3475 5455 universa
3497 5391 3651 5463 pariter

3495 5509 3515 5540 ⁸
3535 5504 3653 5560 Nam.

2301 5508 2320 5537 ³
2348 5509 2362 5560 Ι
2387 5508 2543 5567 Joan.
2572 5529 2638 5581 ιι,
2661 5515 2716 5584 1,
2737 5517 2798 5570 2.
2876 5518 2898 5548 ⁸
2921 5516 3081 5572 Num.
3114 5533 3199 5571 xvi
3233 5526 3284 5570 ct
3314 5529 3432 5566 xvu.
