  <div class='ocr_page' id='page_1' title='image "/cluster/home/n/w/nwhite01/storage/ocr_20150623/12 (Origen; pt. 2)/nyp.33433081862272/320.png"; bbox 0 0 3838 6258; ppageno 0'>
   <div class='ocr_carea' id='block_1_1' title="bbox 52 752 1568 893">
    <p class='ocr_par' dir='ltr' id='par_1_1' title="bbox 52 752 1568 893">
     <span class='ocr_line' id='line_1_1' title="bbox 52 752 1568 893; baseline -0.022 0"><span class='ocrx_word' id='word_1_1' title='bbox 52 752 230 893; x_wconf 52' lang='grc' dir='ltr'><strong>Μβ</strong></span> <span class='ocrx_word' id='word_1_2' title='bbox 248 752 1021 893; x_wconf 53' lang='lat' dir='ltr'><strong>/‘“&#39;ani:|:u:0mm’</strong></span> <span class='ocrx_word' id='word_1_3' title='bbox 1102 782 1236 847; x_wconf 59' lang='lat'><strong>‘1‘“</strong></span> <span class='ocrx_word' id='word_1_4' title='bbox 1278 797 1479 843; x_wconf 61' lang='lat' dir='ltr'><strong>mm&quot;</strong></span> <span class='ocrx_word' id='word_1_5' title='bbox 1508 806 1568 860; x_wconf 72' lang='lat' dir='ltr'><strong>vr</strong></span> 
     </span>
     <span class='ocr_line' id='line_1_2' title="bbox 61 853 1419 893; baseline 0 0"><span class='ocrx_word' id='word_1_6' title='bbox 61 870 113 893; x_wconf 65' lang='lat' dir='ltr'><strong>mn.</strong></span> <span class='ocrx_word' id='word_1_7' title='bbox 364 882 424 893; x_wconf 70' lang='lat'><strong>__</strong></span> <span class='ocrx_word' id='word_1_8' title='bbox 745 853 999 893; x_wconf 60' lang='lat' dir='ltr'><strong>enin-</strong></span> <span class='ocrx_word' id='word_1_9' title='bbox 1050 865 1223 893; x_wconf 58' lang='lat'><strong>(2..-:</strong></span> <span class='ocrx_word' id='word_1_10' title='bbox 1284 877 1300 893; x_wconf 84' lang='grc' dir='ltr'>ι</span> <span class='ocrx_word' id='word_1_11' title='bbox 1407 880 1419 892; x_wconf 87' lang='grc'><strong>.</strong></span> 
     </span>
    </p>
   </div>
   <div class='ocr_carea' id='block_1_2' title="bbox 425 752 1941 893">
    <p class='ocr_par' dir='ltr' id='par_1_2' title="bbox 425 752 1941 893">
     <span class='ocr_line' id='line_1_3' title="bbox 425 752 1941 890; baseline -0.006 -35"><span class='ocrx_word' id='word_1_12' title='bbox 425 752 634 890; x_wconf 46' lang='lat' dir='ltr'><strong>ani“:</strong></span> <span class='ocrx_word' id='word_1_13' title='bbox 672 752 1021 832; x_wconf 59' lang='lat' dir='ltr'><strong>eorum,</strong></span> <span class='ocrx_word' id='word_1_14' title='bbox 1102 782 1236 847; x_wconf 71' lang='lat' dir='ltr'><strong>Qui</strong></span> <span class='ocrx_word' id='word_1_15' title='bbox 1278 797 1479 843; x_wconf 88' lang='lat' dir='ltr'><strong>contra</strong></span> <span class='ocrx_word' id='word_1_16' title='bbox 1508 752 1941 860; x_wconf 39' lang='lat' dir='ltr'><strong>prophetamjDei</strong></span> 
     </span>
     <span class='ocr_line' id='line_1_4' title="bbox 537 830 1879 893; baseline -0.001 2"><span class='ocrx_word' id='word_1_17' title='bbox 537 855 561 881; x_wconf 75' lang='lat'><strong>’</strong></span> <span class='ocrx_word' id='word_1_18' title='bbox 628 830 999 893; x_wconf 60' lang='lat' dir='ltr'><strong>“benti...</strong></span> <span class='ocrx_word' id='word_1_19' title='bbox 1050 865 1223 893; x_wconf 61' lang='lat'><strong>(2-..:</strong></span> <span class='ocrx_word' id='word_1_20' title='bbox 1284 877 1300 893; x_wconf 83' lang='lat'><strong>.</strong></span> <span class='ocrx_word' id='word_1_21' title='bbox 1407 880 1419 892; x_wconf 89' lang='lat'><strong>.</strong></span> <span class='ocrx_word' id='word_1_22' title='bbox 1593 882 1649 893; x_wconf 83' lang='lat'><strong>_.</strong></span> <span class='ocrx_word' id='word_1_23' title='bbox 1752 882 1764 893; x_wconf 91' lang='lat'><strong>.</strong></span> <span class='ocrx_word' id='word_1_24' title='bbox 1867 884 1879 893; x_wconf 92' lang='lat'><strong>.</strong></span> 
     </span>
    </p>
   </div>
   <div class='ocr_carea' id='block_1_3' title="bbox 56 790 1572 1058">
    <p class='ocr_par' dir='ltr' id='par_1_3' title="bbox 56 790 1572 1058">
     <span class='ocr_line' id='line_1_5' title="bbox 56 790 1572 911; baseline 0.005 -74"><span class='ocrx_word' id='word_1_25' title='bbox 56 790 203 911; x_wconf 52' lang='lat' dir='ltr'><strong>ani/</strong></span> <span class='ocrx_word' id='word_1_26' title='bbox 347 796 531 865; x_wconf 61' lang='lat' dir='ltr'><strong>mam</strong></span> <span class='ocrx_word' id='word_1_27' title='bbox 690 790 814 805; x_wconf 58' lang='grc' dir='ltr'><strong>’ν’</strong></span> <span class='ocrx_word' id='word_1_28' title='bbox 836 790 1021 832; x_wconf 67' lang='grc' dir='ltr'><strong>“¹¹¹ν</strong></span> <span class='ocrx_word' id='word_1_29' title='bbox 1102 790 1236 847; x_wconf 82' lang='lat' dir='ltr'><strong>qui</strong></span> <span class='ocrx_word' id='word_1_30' title='bbox 1278 797 1479 843; x_wconf 88' lang='lat' dir='ltr'><strong>contra</strong></span> <span class='ocrx_word' id='word_1_31' title='bbox 1508 806 1572 860; x_wconf 96' lang='lat' dir='ltr'><strong>pr</strong></span> 
     </span>
     <span class='ocr_line' id='line_1_6' title="bbox 56 790 1572 1058; baseline 0.033 -171"><span class='ocrx_word' id='word_1_32' title='bbox 56 790 999 1058; x_wconf 43' lang='lat' dir='ltr'><strong>,0M\/‘mgi.aé‘;benutr</strong></span> <span class='ocrx_word' id='word_1_33' title='bbox 1050 865 1225 926; x_wconf 76' lang='lat' dir='ltr'><strong>ﬁeri</strong></span> <span class='ocrx_word' id='word_1_34' title='bbox 1284 877 1572 945; x_wconf 41' lang='lat' dir='ltr'><strong>lamina”</strong></span> 
     </span>
     <span class='ocr_line' id='line_1_7' title="bbox 69 939 1572 1058; baseline 0.001 0"><span class='ocrx_word' id='word_1_35' title='bbox 69 943 134 1058; x_wconf 58' lang='lat' dir='ltr'><strong>ii.</strong></span> <span class='ocrx_word' id='word_1_36' title='bbox 204 1036 243 1058; x_wconf 61' lang='grc' dir='ltr'><em>ιλ</em></span> <span class='ocrx_word' id='word_1_37' title='bbox 286 939 1205 1058; x_wconf 48' lang='lat' dir='ltr'><strong>1’e5lasticarnﬁggmm</strong></span> <span class='ocrx_word' id='word_1_38' title='bbox 1256 973 1420 1058; x_wconf 52' lang='grc' dir='ltr'>Ῠθηθί</span> <span class='ocrx_word' id='word_1_39' title='bbox 1452 984 1572 1023; x_wconf 67' lang='lat' dir='ltr'><strong>eo”</strong></span> 
     </span>
    </p>
   </div>
   <div class='ocr_carea' id='block_1_4' title="bbox 424 790 1940 1058">
    <p class='ocr_par' dir='ltr' id='par_1_4' title="bbox 424 790 1940 1058">
     <span class='ocr_line' id='line_1_8' title="bbox 425 790 1940 905; baseline -0.006 -50"><span class='ocrx_word' id='word_1_40' title='bbox 425 814 561 881; x_wconf 49' lang='lat' dir='ltr'><strong>am,</strong></span> <span class='ocrx_word' id='word_1_41' title='bbox 592 790 1021 905; x_wconf 37' lang='lat' dir='ltr'><strong>knight?“</strong></span> <span class='ocrx_word' id='word_1_42' title='bbox 1102 790 1236 886; x_wconf 55' lang='lat' dir='ltr'><strong>Qui</strong></span> <span class='ocrx_word' id='word_1_43' title='bbox 1278 797 1479 843; x_wconf 88' lang='lat' dir='ltr'><strong>contra</strong></span> <span class='ocrx_word' id='word_1_44' title='bbox 1508 793 1818 860; x_wconf 82' lang='lat' dir='ltr'><strong>prophetam</strong></span> <span class='ocrx_word' id='word_1_45' title='bbox 1848 792 1940 846; x_wconf 82' lang='lat' dir='ltr'><strong>Dei</strong></span> 
     </span>
     <span class='ocr_line' id='line_1_9' title="bbox 424 865 1940 992; baseline 0.005 -65"><span class='ocrx_word' id='word_1_46' title='bbox 424 893 526 963; x_wconf 49' lang='grc' dir='ltr'><strong>δεῖ.</strong></span> <span class='ocrx_word' id='word_1_47' title='bbox 576 911 787 982; x_wconf 49' lang='lat' dir='ltr'><strong>eo&quot;:</strong></span> <span class='ocrx_word' id='word_1_48' title='bbox 852 869 999 992; x_wconf 45' lang='grc' dir='ltr'><strong>εἴη·</strong></span> <span class='ocrx_word' id='word_1_49' title='bbox 1050 865 1225 926; x_wconf 72' lang='lat' dir='ltr'><strong>ﬁeri</strong></span> <span class='ocrx_word' id='word_1_50' title='bbox 1284 877 1687 945; x_wconf 67' lang='lat' dir='ltr'><strong>laminm,etin</strong></span> <span class='ocrx_word' id='word_1_51' title='bbox 1717 882 1940 937; x_wconf 91' lang='lat' dir='ltr'><strong>circuitu</strong></span> 
     </span>
     <span class='ocr_line' id='line_1_10' title="bbox 424 958 1940 1058; baseline 0.001 -34"><span class='ocrx_word' id='word_1_52' title='bbox 424 982 751 1058; x_wconf 57' lang='lat' dir='ltr'><strong>iasucam</strong></span> <span class='ocrx_word' id='word_1_53' title='bbox 797 958 1205 1058; x_wconf 43' lang='lat' dir='ltr'><strong>“Aggram</strong></span> <span class='ocrx_word' id='word_1_54' title='bbox 1256 973 1420 1058; x_wconf 73' lang='lat' dir='ltr'><strong>tenet</strong></span> <span class='ocrx_word' id='word_1_55' title='bbox 1452 983 1659 1035; x_wconf 90' lang='lat' dir='ltr'><strong>eorum,</strong></span> <span class='ocrx_word' id='word_1_56' title='bbox 1698 970 1788 1038; x_wconf 88' lang='lat' dir='ltr'><strong>qui</strong></span> <span class='ocrx_word' id='word_1_57' title='bbox 1816 985 1940 1025; x_wconf 85' lang='lat' dir='ltr'><strong>con-</strong></span> 
     </span>
    </p>
   </div>
   <div class='ocr_carea' id='block_1_5' title="bbox 1232 1055 1944 1114">
    <p class='ocr_par' dir='ltr' id='par_1_5' title="bbox 1232 1055 1944 1114">
     <span class='ocr_line' id='line_1_11' title="bbox 1232 1055 1944 1114; baseline 0.007 -6"><span class='ocrx_word' id='word_1_58' title='bbox 1232 1055 1548 1112; x_wconf 88' lang='lat' dir='ltr'><strong>doctrinam</strong></span> <span class='ocrx_word' id='word_1_59' title='bbox 1599 1059 1835 1114; x_wconf 77' lang='lat' dir='ltr'><strong>veritatis</strong></span> <span class='ocrx_word' id='word_1_60' title='bbox 1864 1060 1944 1113; x_wconf 91' lang='lat' dir='ltr'><strong>in-</strong></span> 
     </span>
    </p>
   </div>
   <div class='ocr_carea' id='block_1_6' title="bbox 218 1136 1939 1269">
    <p class='ocr_par' dir='ltr' id='par_1_6' title="bbox 218 1136 1939 1269">
     <span class='ocr_line' id='line_1_12' title="bbox 218 1136 1939 1269; baseline -0.009 -51"><span class='ocrx_word' id='word_1_61' title='bbox 218 1136 361 1269; x_wconf 50' lang='grc' dir='ltr'><strong>ῐφν</strong></span> <span class='ocrx_word' id='word_1_62' title='bbox 389 1136 858 1232; x_wconf 49' lang='grc' dir='ltr'><strong>ιὶδῇ“ἱ“νι“““,</strong></span> <span class='ocrx_word' id='word_1_63' title='bbox 911 1136 1041 1224; x_wconf 47' lang='grc' dir='ltr'><strong>Ῥεῖ</strong></span> <span class='ocrx_word' id='word_1_64' title='bbox 1082 1149 1260 1210; x_wconf 66' lang='lat' dir='ltr'><strong>ergo</strong></span> <span class='ocrx_word' id='word_1_65' title='bbox 1315 1146 1384 1200; x_wconf 89' lang='lat' dir='ltr'><strong>de</strong></span> <span class='ocrx_word' id='word_1_66' title='bbox 1421 1146 1577 1211; x_wconf 90' lang='lat' dir='ltr'><strong>Core,</strong></span> <span class='ocrx_word' id='word_1_67' title='bbox 1607 1158 1663 1201; x_wconf 94' lang='lat' dir='ltr'><strong>et</strong></span> <span class='ocrx_word' id='word_1_68' title='bbox 1706 1148 1772 1202; x_wconf 91' lang='lat' dir='ltr'><strong>de</strong></span> <span class='ocrx_word' id='word_1_69' title='bbox 1802 1158 1939 1203; x_wconf 87' lang='lat' dir='ltr'><strong>coetu</strong></span> 
     </span>
     <span class='ocr_line' id='line_1_13' title="bbox 218 1195 1938 1269; baseline -0.003 -1"><span class='ocrx_word' id='word_1_70' title='bbox 218 1253 225 1268; x_wconf 62' lang='grc' dir='ltr'><strong>ι</strong></span> <span class='ocrx_word' id='word_1_71' title='bbox 311 1200 381 1269; x_wconf 76' lang='grc' dir='ltr'><em>Δ</em></span> <span class='ocrx_word' id='word_1_72' title='bbox 571 1201 647 1242; x_wconf 84' lang='lat'><strong>‘“</strong></span> <span class='ocrx_word' id='word_1_73' title='bbox 706 1195 997 1269; x_wconf 66' lang='lat' dir='ltr'><strong>bamus</strong></span> <span class='ocrx_word' id='word_1_74' title='bbox 1068 1231 1274 1269; x_wconf 62' lang='lat' dir='ltr'><strong>sim-nt.</strong></span> <span class='ocrx_word' id='word_1_75' title='bbox 1335 1234 1605 1269; x_wconf 55' lang='lat' dir='ltr'><strong>mum...“</strong></span> <span class='ocrx_word' id='word_1_76' title='bbox 1656 1236 1938 1269; x_wconf 69' lang='grc' dir='ltr'><strong>Δι....ι,...ι.,,.</strong></span> 
     </span>
    </p>
   </div>
   <div class='ocr_carea' id='block_1_7' title="bbox 123 1200 1941 1292">
    <p class='ocr_par' dir='ltr' id='par_1_7' title="bbox 123 1200 1941 1292">
     <span class='ocr_line' id='line_1_14' title="bbox 123 1200 1941 1292; baseline 0.012 -23"><span class='ocrx_word' id='word_1_77' title='bbox 123 1200 516 1292; x_wconf 51' lang='lat' dir='ltr'><strong>tam,</strong></span> <span class='ocrx_word' id='word_1_78' title='bbox 571 1201 647 1292; x_wconf 54' lang='grc' dir='ltr'><strong>’ἓ</strong></span> <span class='ocrx_word' id='word_1_79' title='bbox 707 1200 997 1269; x_wconf 60' lang='lat' dir='ltr'><strong>batillis</strong></span> <span class='ocrx_word' id='word_1_80' title='bbox 1068 1200 1275 1285; x_wconf 53' lang='lat' dir='ltr'><strong>aer-Eis</strong></span> <span class='ocrx_word' id='word_1_81' title='bbox 1335 1200 1605 1290; x_wconf 77' lang='lat' dir='ltr'><strong>incensum</strong></span> <span class='ocrx_word' id='word_1_82' title='bbox 1656 1236 1941 1292; x_wconf 77' lang='lat' dir='ltr'><strong>obtulerint</strong></span> 
     </span>
    </p>
   </div>
   <div class='ocr_carea' id='block_1_8' title="bbox 161 1280 1941 1405">
    <p class='ocr_par' dir='ltr' id='par_1_8' title="bbox 161 1280 1941 1405">
     <span class='ocr_line' id='line_1_15' title="bbox 161 1280 1941 1392; baseline 0.034 -69"><span class='ocrx_word' id='word_1_83' title='bbox 161 1296 251 1380; x_wconf 37' lang='lat'>‘3)“:</span> <span class='ocrx_word' id='word_1_84' title='bbox 334 1281 553 1385; x_wconf 36' lang='lat' dir='ltr'><strong>Gem.</strong></span> <span class='ocrx_word' id='word_1_85' title='bbox 596 1280 686 1339; x_wconf 76' lang='lat' dir='ltr'><strong>Et</strong></span> <span class='ocrx_word' id='word_1_86' title='bbox 722 1292 1022 1361; x_wconf 63' lang='lat' dir='ltr'><strong>iubetur</strong></span> <span class='ocrx_word' id='word_1_87' title='bbox 1068 1319 1335 1381; x_wconf 85' lang='lat' dir='ltr'><strong>quidem</strong></span> <span class='ocrx_word' id='word_1_88' title='bbox 1365 1337 1394 1375; x_wconf 87' lang='lat' dir='ltr'><strong>a</strong></span> <span class='ocrx_word' id='word_1_89' title='bbox 1426 1323 1534 1378; x_wconf 85' lang='lat' dir='ltr'><strong>Deo</strong></span> <span class='ocrx_word' id='word_1_90' title='bbox 1567 1326 1708 1392; x_wconf 83' lang='lat' dir='ltr'><strong>ignis</strong></span> <span class='ocrx_word' id='word_1_91' title='bbox 1738 1328 1941 1383; x_wconf 80' lang='lat' dir='ltr'><strong>alienus</strong></span> 
     </span>
     <span class='ocr_line' id='line_1_16' title="bbox 173 1375 1092 1405; baseline 0 0"><span class='ocrx_word' id='word_1_92' title='bbox 173 1375 336 1405; x_wconf 46' lang='lat' dir='ltr'><strong>«mea</strong></span> <span class='ocrx_word' id='word_1_93' title='bbox 402 1377 433 1405; x_wconf 63' lang='lat' dir='ltr'><strong>I.</strong></span> <span class='ocrx_word' id='word_1_94' title='bbox 502 1376 558 1405; x_wconf 68' lang='grc' dir='ltr'><strong>Δὶ</strong></span> <span class='ocrx_word' id='word_1_95' title='bbox 620 1377 795 1405; x_wconf 62' lang='grc' dir='ltr'><strong>..αη-</strong></span> <span class='ocrx_word' id='word_1_96' title='bbox 828 1388 879 1405; x_wconf 68' lang='grc' dir='ltr'>υ</span> <span class='ocrx_word' id='word_1_97' title='bbox 1056 1401 1092 1405; x_wconf 28' lang='grc' dir='ltr'><strong>,μ</strong></span> 
     </span>
    </p>
   </div>
   <div class='ocr_carea' id='block_1_9' title="bbox 173 1376 1938 1487">
    <p class='ocr_par' dir='ltr' id='par_1_9' title="bbox 173 1376 1938 1487">
     <span class='ocr_line' id='line_1_17' title="bbox 173 1376 1938 1487; baseline 0.018 -48"><span class='ocrx_word' id='word_1_98' title='bbox 173 1376 441 1487; x_wconf 42' lang='grc' dir='ltr'><strong>κίέξᾷῖέὶ</strong></span> <span class='ocrx_word' id='word_1_99' title='bbox 486 1376 578 1487; x_wconf 48' lang='grc' dir='ltr'><strong>ἓξ</strong></span> <span class='ocrx_word' id='word_1_100' title='bbox 620 1377 885 1487; x_wconf 44' lang='grc' dir='ltr'><strong>ξπιιξιύξ</strong></span> <span class='ocrx_word' id='word_1_101' title='bbox 930 1413 952 1448; x_wconf 85' lang='lat'><strong>:</strong></span> <span class='ocrx_word' id='word_1_102' title='bbox 1000 1401 1290 1461; x_wconf 64' lang='lat' dir='ltr'><strong>ellatilia</strong></span> <span class='ocrx_word' id='word_1_103' title='bbox 1348 1426 1493 1478; x_wconf 85' lang='lat' dir='ltr'><strong>vero,</strong></span> <span class='ocrx_word' id='word_1_104' title='bbox 1528 1376 1701 1482; x_wconf 63' lang='lat' dir='ltr'><strong>inquit</strong></span> <span class='ocrx_word' id='word_1_105' title='bbox 1719 1416 1764 1478; x_wconf 80' lang='lat'><strong>&#39;,</strong></span> <span class='ocrx_word' id='word_1_106' title='bbox 1817 1416 1938 1484; x_wconf 82' lang='lat' dir='ltr'><strong>quia</strong></span> 
     </span>
    </p>
   </div>
   <div class='ocr_carea' id='block_1_10' title="bbox 240 1472 1939 1577">
    <p class='ocr_par' dir='ltr' id='par_1_10' title="bbox 240 1472 1939 1577">
     <span class='ocr_line' id='line_1_18' title="bbox 240 1472 1939 1577; baseline 0.001 -15"><span class='ocrx_word' id='word_1_107' title='bbox 240 1472 590 1577; x_wconf 59' lang='grc' dir='ltr'><strong>ἳέὲέςῑοθξλ</strong></span> <span class='ocrx_word' id='word_1_108' title='bbox 622 1483 807 1577; x_wconf 53' lang='grc' dir='ltr'><strong>ῗῖπὶξι</strong></span> <span class='ocrx_word' id='word_1_109' title='bbox 845 1481 1060 1547; x_wconf 58' lang='lat' dir='ltr'><strong>facito</strong></span> <span class='ocrx_word' id='word_1_110' title='bbox 1103 1512 1185 1552; x_wconf 85' lang='lat' dir='ltr'><strong>ea</strong></span> <span class='ocrx_word' id='word_1_111' title='bbox 1221 1500 1453 1556; x_wconf 89' lang='lat' dir='ltr'><strong>laminas</strong></span> <span class='ocrx_word' id='word_1_112' title='bbox 1482 1501 1728 1568; x_wconf 88' lang='lat' dir='ltr'><strong>ductiles,</strong></span> <span class='ocrx_word' id='word_1_113' title='bbox 1761 1472 1939 1563; x_wconf 69' lang='lat' dir='ltr'><strong>etcir-</strong></span> 
     </span>
    </p>
   </div>
   <div class='ocr_carea' id='block_1_11' title="bbox 257 1568 1935 1652">
    <p class='ocr_par' dir='ltr' id='par_1_11' title="bbox 257 1568 1935 1652">
     <span class='ocr_line' id='line_1_19' title="bbox 257 1568 1935 1652; baseline 0.001 -6"><span class='ocrx_word' id='word_1_114' title='bbox 257 1595 453 1647; x_wconf 60' lang='lat' dir='ltr'><strong>cnmda</strong></span> <span class='ocrx_word' id='word_1_115' title='bbox 483 1573 563 1616; x_wconf 60' lang='grc'><strong>⁸⁷⁸</strong></span> <span class='ocrx_word' id='word_1_116' title='bbox 610 1568 704 1621; x_wconf 53' lang='grc' dir='ltr'><strong>εἶθ’</strong></span> <span class='ocrx_word' id='word_1_117' title='bbox 735 1568 973 1643; x_wconf 56' lang='grc' dir='ltr'><strong>διαιταν</strong></span> <span class='ocrx_word' id='word_1_118' title='bbox 1033 1586 1191 1652; x_wconf 72' lang='lat' dir='ltr'><strong>Quia</strong></span> <span class='ocrx_word' id='word_1_119' title='bbox 1225 1588 1410 1643; x_wconf 90' lang='lat' dir='ltr'><strong>oblata</strong></span> <span class='ocrx_word' id='word_1_120' title='bbox 1461 1601 1584 1643; x_wconf 87' lang='lat' dir='ltr'><strong>sunt</strong></span> <span class='ocrx_word' id='word_1_121' title='bbox 1617 1607 1798 1646; x_wconf 89' lang='lat' dir='ltr'><strong>coram</strong></span> <span class='ocrx_word' id='word_1_122' title='bbox 1832 1596 1935 1648; x_wconf 83' lang='lat' dir='ltr'><strong>Do-</strong></span> 
     </span>
    </p>
   </div>
   <div class='ocr_carea' id='block_1_12' title="bbox 274 1663 1939 1750">
    <p class='ocr_par' dir='ltr' id='par_1_12' title="bbox 274 1663 1939 1750">
     <span class='ocr_line' id='line_1_20' title="bbox 274 1663 1939 1750; baseline 0.001 -15"><span class='ocrx_word' id='word_1_123' title='bbox 274 1685 433 1745; x_wconf 74' lang='lat' dir='ltr'><strong>mino,</strong></span> <span class='ocrx_word' id='word_1_124' title='bbox 513 1664 577 1750; x_wconf 50' lang='grc' dir='ltr'><strong>βξ</strong></span> <span class='ocrx_word' id='word_1_125' title='bbox 621 1663 1003 1724; x_wconf 74' lang='lat' dir='ltr'><strong>sanctiﬁcata</strong></span> <span class='ocrx_word' id='word_1_126' title='bbox 1065 1686 1232 1731; x_wconf 81' lang='lat' dir='ltr'><strong>sunt.</strong></span> <span class='ocrx_word' id='word_1_127' title='bbox 1260 1698 1280 1731; x_wconf 72' lang='grc' dir='ltr'><strong><em>ι</em></strong></span> <span class='ocrx_word' id='word_1_128' title='bbox 1344 1678 1454 1734; x_wconf 86' lang='lat' dir='ltr'><strong>iioe</strong></span> <span class='ocrx_word' id='word_1_129' title='bbox 1496 1694 1624 1749; x_wconf 85' lang='lat' dir='ltr'><strong>ergo</strong></span> <span class='ocrx_word' id='word_1_130' title='bbox 1677 1681 1807 1736; x_wconf 90' lang='lat' dir='ltr'><strong>milti</strong></span> <span class='ocrx_word' id='word_1_131' title='bbox 1845 1698 1939 1750; x_wconf 87' lang='lat' dir='ltr'><strong>per</strong></span> 
     </span>
    </p>
   </div>
   <div class='ocr_carea' id='block_1_13' title="bbox 242 1746 1933 1835">
    <p class='ocr_par' dir='ltr' id='par_1_13' title="bbox 242 1746 1933 1835">
     <span class='ocr_line' id='line_1_21' title="bbox 242 1746 1933 1835; baseline 0.014 -34"><span class='ocrx_word' id='word_1_132' title='bbox 242 1768 434 1816; x_wconf 49' lang='lat' dir='ltr'><strong>\“mg</strong></span> <span class='ocrx_word' id='word_1_133' title='bbox 508 1746 745 1819; x_wconf 83' lang='lat' dir='ltr'><strong>ﬁguram</strong></span> <span class='ocrx_word' id='word_1_134' title='bbox 797 1758 1047 1814; x_wconf 82' lang='lat' dir='ltr'><strong>videtur</strong></span> <span class='ocrx_word' id='word_1_135' title='bbox 1096 1766 1343 1831; x_wconf 83' lang='lat' dir='ltr'><strong>ostendi,</strong></span> <span class='ocrx_word' id='word_1_136' title='bbox 1399 1746 1767 1834; x_wconf 39' lang='lat' dir='ltr'><strong>quod—batilia</strong></span> <span class='ocrx_word' id='word_1_137' title='bbox 1812 1746 1933 1835; x_wconf 76' lang='lat' dir='ltr'><strong>ista,</strong></span> 
     </span>
    </p>
   </div>
   <div class='ocr_carea' id='block_1_14' title="bbox 377 524 1083 573">
    <p class='ocr_par' dir='ltr' id='par_1_14' title="bbox 377 524 1083 573">
     <span class='ocr_line' id='line_1_22' title="bbox 377 524 1083 573; baseline -0.003 0"><span class='ocrx_word' id='word_1_138' title='bbox 377 524 475 573; x_wconf 65' lang='lat' dir='ltr'><strong>“illi</strong></span> <span class='ocrx_word' id='word_1_139' title='bbox 553 546 677 573; x_wconf 55' lang='grc' dir='ltr'><strong>με..</strong></span> <span class='ocrx_word' id='word_1_140' title='bbox 799 568 847 573; x_wconf 70' lang='grc'><em>,,</em></span> <span class='ocrx_word' id='word_1_141' title='bbox 1078 568 1083 571; x_wconf 92' lang='grc'>.</span> 
     </span>
    </p>
   </div>
   <div class='ocr_carea' id='block_1_15' title="bbox 345 536 1861 692">
    <p class='ocr_par' dir='ltr' id='par_1_15' title="bbox 345 536 1861 692">
     <span class='ocr_line' id='line_1_23' title="bbox 345 536 1861 583; baseline 0.034 -70"><span class='ocrx_word' id='word_1_142' title='bbox 345 536 476 582; x_wconf 54' lang='lat' dir='ltr'><strong>“tum</strong></span> <span class='ocrx_word' id='word_1_143' title='bbox 605 546 627 561; x_wconf 63' lang='lat'><strong>.</strong></span> <span class='ocrx_word' id='word_1_144' title='bbox 798 568 819 583; x_wconf 65' lang='lat'><em>.</em></span> <span class='ocrx_word' id='word_1_145' title='bbox 1078 568 1083 571; x_wconf 45' lang='lat'><em>_</em></span> <span class='ocrx_word' id='word_1_146' title='bbox 1539 536 1602 557; x_wconf 69' lang='lat' dir='ltr'><strong>IL‘</strong></span> <span class='ocrx_word' id='word_1_147' title='bbox 1638 536 1861 560; x_wconf 59' lang='lat' dir='ltr'><strong>L‘UJID&quot;</strong></span> 
     </span>
     <span class='ocr_line' id='line_1_24' title="bbox 345 558 1861 692; baseline 0.032 -68"><span class='ocrx_word' id='word_1_148' title='bbox 345 590 418 660; x_wconf 55' lang='grc' dir='ltr'><strong>δεῖ</strong></span> <span class='ocrx_word' id='word_1_149' title='bbox 445 558 1001 692; x_wconf 35' lang='lat' dir='ltr'><strong>getting-2:293</strong></span> <span class='ocrx_word' id='word_1_150' title='bbox 1056 591 1497 667; x_wconf 80' lang='lat' dir='ltr'><strong>deperirent?</strong></span> <span class='ocrx_word' id='word_1_151' title='bbox 1535 615 1639 672; x_wconf 85' lang='lat' dir='ltr'><strong>Sed</strong></span> <span class='ocrx_word' id='word_1_152' title='bbox 1683 633 1787 672; x_wconf 90' lang='lat' dir='ltr'><strong>non</strong></span> <span class='ocrx_word' id='word_1_153' title='bbox 1824 634 1861 671; x_wconf 79' lang='lat' dir='ltr'><strong>st</strong></span> 
     </span>
    </p>
   </div>
   <div class='ocr_carea' id='block_1_16' title="bbox 845 536 2361 692">
    <p class='ocr_par' dir='ltr' id='par_1_16' title="bbox 845 536 2361 692">
     <span class='ocr_line' id='line_1_25' title="bbox 1078 536 2358 571; baseline -0.016 0"><span class='ocrx_word' id='word_1_154' title='bbox 1078 568 1083 571; x_wconf 95' lang='lat'><strong>.</strong></span> <span class='ocrx_word' id='word_1_155' title='bbox 1539 536 1602 557; x_wconf 58' lang='lat'><strong>&#39;1‘</strong></span> <span class='ocrx_word' id='word_1_156' title='bbox 1638 536 1961 560; x_wconf 62' lang='lat' dir='ltr'><strong>L‘UJll-I‘VU</strong></span> <span class='ocrx_word' id='word_1_157' title='bbox 1993 536 2264 559; x_wconf 65' lang='lat' dir='ltr'><strong>IlUJlluI.1</strong></span> <span class='ocrx_word' id='word_1_158' title='bbox 2297 536 2358 551; x_wconf 73' lang='grc' dir='ltr'><strong>ιιι</strong></span> 
     </span>
     <span class='ocr_line' id='line_1_26' title="bbox 845 572 2361 692; baseline 0.001 -27"><span class='ocrx_word' id='word_1_159' title='bbox 1056 591 1497 667; x_wconf 71' lang='lat' dir='ltr'><strong>deperirent?</strong></span> <span class='ocrx_word' id='word_1_160' title='bbox 1535 615 1639 672; x_wconf 85' lang='lat' dir='ltr'><strong>Sed</strong></span> <span class='ocrx_word' id='word_1_161' title='bbox 1683 633 1787 672; x_wconf 90' lang='lat' dir='ltr'><strong>non</strong></span> <span class='ocrx_word' id='word_1_162' title='bbox 1824 625 1948 671; x_wconf 83' lang='lat' dir='ltr'><strong>sunt</strong></span> <span class='ocrx_word' id='word_1_163' title='bbox 1975 622 2019 677; x_wconf 79' lang='grc' dir='ltr'>Α</span> <span class='ocrx_word' id='word_1_164' title='bbox 2046 626 2127 670; x_wconf 89' lang='lat' dir='ltr'><strong>est</strong></span> <span class='ocrx_word' id='word_1_165' title='bbox 2163 616 2361 679; x_wconf 85' lang='lat' dir='ltr'><strong>dicere,</strong></span> 
     </span>
    </p>
   </div>
   <div class='ocr_carea' id='block_1_17' title="bbox 114 624 1946 911">
    <p class='ocr_par' dir='ltr' id='par_1_17' title="bbox 114 624 1946 911">
     <span class='ocr_line' id='line_1_27' title="bbox 185 624 1946 716; baseline 0.015 -74"><span class='ocrx_word' id='word_1_166' title='bbox 185 624 275 700; x_wconf 54' lang='grc' dir='ltr'><em>ί</em></span> <span class='ocrx_word' id='word_1_167' title='bbox 346 624 418 660; x_wconf 66' lang='grc' dir='ltr'><strong>νει</strong></span> <span class='ocrx_word' id='word_1_168' title='bbox 445 624 639 692; x_wconf 49' lang='lat' dir='ltr'><strong>sicut</strong></span> <span class='ocrx_word' id='word_1_169' title='bbox 705 624 1001 716; x_wconf 41' lang='lat' dir='ltr'><strong>indi“?</strong></span> <span class='ocrx_word' id='word_1_170' title='bbox 1056 624 1497 667; x_wconf 69' lang='lat' dir='ltr'><strong>“cperll&#39;eni?</strong></span> <span class='ocrx_word' id='word_1_171' title='bbox 1535 624 1639 672; x_wconf 91' lang='lat' dir='ltr'><strong>Sed</strong></span> <span class='ocrx_word' id='word_1_172' title='bbox 1683 633 1787 672; x_wconf 90' lang='lat' dir='ltr'><strong>non</strong></span> <span class='ocrx_word' id='word_1_173' title='bbox 1824 625 1946 671; x_wconf 82' lang='lat' dir='ltr'><strong>sunt</strong></span> 
     </span>
     <span class='ocr_line' id='line_1_28' title="bbox 114 624 1946 911; baseline 0.013 -175"><span class='ocrx_word' id='word_1_174' title='bbox 114 624 371 911; x_wconf 81' lang='lat' dir='ltr'><strong>/tle</strong></span> <span class='ocrx_word' id='word_1_175' title='bbox 390 694 634 784; x_wconf 52' lang='lat' dir='ltr'><strong>bamus</strong></span> <span class='ocrx_word' id='word_1_176' title='bbox 672 752 723 793; x_wconf 55' lang='grc' dir='ltr'>ε</span> <span class='ocrx_word' id='word_1_177' title='bbox 870 681 1041 733; x_wconf 66' lang='grc'><strong>³01³</strong></span> <span class='ocrx_word' id='word_1_178' title='bbox 1129 702 1394 753; x_wconf 82' lang='lat' dir='ltr'><strong>nostra.</strong></span> <span class='ocrx_word' id='word_1_179' title='bbox 1456 702 1593 757; x_wconf 84' lang='lat' dir='ltr'><strong>Audi</strong></span> <span class='ocrx_word' id='word_1_180' title='bbox 1626 706 1766 758; x_wconf 89' lang='lat' dir='ltr'><strong>enim</strong></span> <span class='ocrx_word' id='word_1_181' title='bbox 1812 719 1946 773; x_wconf 90' lang='lat' dir='ltr'><strong>quo-</strong></span> 
     </span>
     <span class='ocr_line' id='line_1_29' title="bbox 114 759 1942 865; baseline 0.005 -28"><span class='ocrx_word' id='word_1_182' title='bbox 114 784 119 807; x_wconf 75' lang='grc'>⁵</span> <span class='ocrx_word' id='word_1_183' title='bbox 347 796 531 865; x_wconf 56' lang='lat' dir='ltr'><strong>veru“</strong></span> <span class='ocrx_word' id='word_1_184' title='bbox 729 759 1021 832; x_wconf 59' lang='lat' dir='ltr'><strong>orum:</strong></span> <span class='ocrx_word' id='word_1_185' title='bbox 1102 782 1236 847; x_wconf 80' lang='lat' dir='ltr'><strong>qui</strong></span> <span class='ocrx_word' id='word_1_186' title='bbox 1278 797 1479 843; x_wconf 88' lang='lat' dir='ltr'><strong>contra</strong></span> <span class='ocrx_word' id='word_1_187' title='bbox 1508 793 1818 860; x_wconf 82' lang='lat' dir='ltr'><strong>prophetam</strong></span> <span class='ocrx_word' id='word_1_188' title='bbox 1848 792 1942 846; x_wconf 83' lang='lat' dir='ltr'><strong>Dei</strong></span> 
     </span>
     <span class='ocr_line' id='line_1_30' title="bbox 114 790 1939 911; baseline 0 0"><span class='ocrx_word' id='word_1_189' title='bbox 114 903 116 911; x_wconf 50' lang='grc' dir='ltr'><strong><em>π</em></strong></span> <span class='ocrx_word' id='word_1_190' title='bbox 233 790 492 911; x_wconf 51' lang='grc' dir='ltr'><strong>[ιαμ.</strong></span> <span class='ocrx_word' id='word_1_191' title='bbox 537 855 561 881; x_wconf 74' lang='grc'><em>’</em></span> <span class='ocrx_word' id='word_1_192' title='bbox 592 822 999 910; x_wconf 58' lang='grc' dir='ltr'><strong>ἱυδεηιιιι·</strong></span> <span class='ocrx_word' id='word_1_193' title='bbox 1050 865 1225 911; x_wconf 57' lang='grc' dir='ltr'>ἣρως</span> <span class='ocrx_word' id='word_1_194' title='bbox 1284 877 1507 911; x_wconf 60' lang='lat' dir='ltr'><strong>laminam</strong></span> <span class='ocrx_word' id='word_1_195' title='bbox 1556 890 1604 911; x_wconf 68' lang='grc' dir='ltr'><strong>,ι</strong></span> <span class='ocrx_word' id='word_1_196' title='bbox 1636 882 1687 911; x_wconf 77' lang='lat'><strong>:...</strong></span> <span class='ocrx_word' id='word_1_197' title='bbox 1718 882 1939 911; x_wconf 68' lang='lat' dir='ltr'><strong>-t.-..:...</strong></span> 
     </span>
    </p>
   </div>
   <div class='ocr_carea' id='block_1_18' title="bbox 3472 500 3585 554">
    <p class='ocr_par' dir='ltr' id='par_1_18' title="bbox 3472 500 3585 554">
     <span class='ocr_line' id='line_1_31' title="bbox 3472 500 3585 554; baseline 0 0"><span class='ocrx_word' id='word_1_198' title='bbox 3472 500 3585 554; x_wconf 60' lang='lat'><strong>696</strong></span> 
     </span>
    </p>
   </div>
   <div class='ocr_carea' id='block_1_19' title="bbox 2391 611 3589 682">
    <p class='ocr_par' dir='ltr' id='par_1_19' title="bbox 2391 611 3589 682">
     <span class='ocr_line' id='line_1_32' title="bbox 2391 611 3589 682; baseline -0.002 -14"><span class='ocrx_word' id='word_1_199' title='bbox 2391 613 2612 682; x_wconf 83' lang='lat' dir='ltr'><strong>Oportet</strong></span> <span class='ocrx_word' id='word_1_200' title='bbox 2652 611 3023 667; x_wconf 68' lang='lat' dir='ltr'><strong>haereticorum</strong></span> <span class='ocrx_word' id='word_1_201' title='bbox 3051 613 3244 669; x_wconf 83' lang='lat' dir='ltr'><strong>batillis</strong></span> <span class='ocrx_word' id='word_1_202' title='bbox 3274 612 3442 671; x_wconf 85' lang='lat' dir='ltr'><strong>altare</strong></span> <span class='ocrx_word' id='word_1_203' title='bbox 3467 613 3589 667; x_wconf 65' lang='lat' dir='ltr'><strong>cir-</strong></span> 
     </span>
    </p>
   </div>
   <div class='ocr_carea' id='block_1_20' title="bbox 2043 700 3574 768">
    <p class='ocr_par' dir='ltr' id='par_1_20' title="bbox 2043 700 3574 768">
     <span class='ocr_line' id='line_1_33' title="bbox 2043 700 3574 768; baseline -0.001 -9"><span class='ocrx_word' id='word_1_204' title='bbox 2043 703 2308 768; x_wconf 90' lang='lat' dir='ltr'><strong>cumdari,</strong></span> <span class='ocrx_word' id='word_1_205' title='bbox 2359 709 2419 756; x_wconf 93' lang='lat' dir='ltr'><strong>ut</strong></span> <span class='ocrx_word' id='word_1_206' title='bbox 2465 712 2615 759; x_wconf 88' lang='lat' dir='ltr'><strong>certa</strong></span> <span class='ocrx_word' id='word_1_207' title='bbox 2659 712 2713 757; x_wconf 90' lang='lat' dir='ltr'><strong>et</strong></span> <span class='ocrx_word' id='word_1_208' title='bbox 2740 700 3017 757; x_wconf 85' lang='lat' dir='ltr'><strong>manifesta</strong></span> <span class='ocrx_word' id='word_1_209' title='bbox 3042 704 3285 757; x_wconf 86' lang='lat' dir='ltr'><strong>omnibus</strong></span> <span class='ocrx_word' id='word_1_210' title='bbox 3317 702 3406 757; x_wconf 90' lang='lat' dir='ltr'><strong>ﬁat</strong></span> <span class='ocrx_word' id='word_1_211' title='bbox 3438 703 3574 757; x_wconf 81' lang='lat' dir='ltr'><strong>iide-</strong></span> 
     </span>
    </p>
   </div>
   <div class='ocr_carea' id='block_1_21' title="bbox 2040 792 3570 862">
    <p class='ocr_par' dir='ltr' id='par_1_21' title="bbox 2040 792 3570 862">
     <span class='ocr_line' id='line_1_34' title="bbox 2040 792 3570 862; baseline 0.001 -17"><span class='ocrx_word' id='word_1_212' title='bbox 2040 792 2167 846; x_wconf 88' lang='lat' dir='ltr'><strong>lium</strong></span> <span class='ocrx_word' id='word_1_213' title='bbox 2193 802 2354 862; x_wconf 86' lang='lat' dir='ltr'><strong>atque</strong></span> <span class='ocrx_word' id='word_1_214' title='bbox 2397 793 2685 849; x_wconf 85' lang='lat' dir='ltr'><strong>inﬁdelium</strong></span> <span class='ocrx_word' id='word_1_215' title='bbox 2735 792 3053 847; x_wconf 84' lang='lat' dir='ltr'><strong>diﬁ&#39;erentia.</strong></span> <span class='ocrx_word' id='word_1_216' title='bbox 3092 792 3221 846; x_wconf 85' lang='lat' dir='ltr'><strong>Cum</strong></span> <span class='ocrx_word' id='word_1_217' title='bbox 3252 792 3396 847; x_wconf 89' lang='lat' dir='ltr'><strong>enim</strong></span> <span class='ocrx_word' id='word_1_218' title='bbox 3441 792 3570 853; x_wconf 80' lang='lat' dir='ltr'><strong>ﬁdes</strong></span> 
     </span>
    </p>
   </div>
   <div class='ocr_carea' id='block_1_22' title="bbox 2039 880 3573 952">
    <p class='ocr_par' dir='ltr' id='par_1_22' title="bbox 2039 880 3573 952">
     <span class='ocr_line' id='line_1_35' title="bbox 2039 880 3573 952; baseline -0.003 -14"><span class='ocrx_word' id='word_1_219' title='bbox 2039 883 2399 938; x_wconf 84' lang='lat' dir='ltr'><strong>ecclesiastica</strong></span> <span class='ocrx_word' id='word_1_220' title='bbox 2432 883 2573 941; x_wconf 86' lang='lat' dir='ltr'><strong>velut</strong></span> <span class='ocrx_word' id='word_1_221' title='bbox 2598 899 2785 937; x_wconf 89' lang='lat' dir='ltr'><strong>aurum</strong></span> <span class='ocrx_word' id='word_1_222' title='bbox 2814 880 3036 952; x_wconf 66' lang='lat' dir='ltr'><strong>ceperit</strong></span> <span class='ocrx_word' id='word_1_223' title='bbox 3058 880 3338 949; x_wconf 86' lang='lat' dir='ltr'><strong>refulgere,</strong></span> <span class='ocrx_word' id='word_1_224' title='bbox 3366 890 3418 934; x_wconf 93' lang='lat' dir='ltr'><strong>et</strong></span> <span class='ocrx_word' id='word_1_225' title='bbox 3439 895 3573 947; x_wconf 73' lang='lat' dir='ltr'><strong>pra:-</strong></span> 
     </span>
    </p>
   </div>
   <div class='ocr_carea' id='block_1_23' title="bbox 2039 969 3579 1042">
    <p class='ocr_par' dir='ltr' id='par_1_23' title="bbox 2039 969 3579 1042">
     <span class='ocr_line' id='line_1_36' title="bbox 2039 969 3579 1042; baseline -0.003 -15"><span class='ocrx_word' id='word_1_226' title='bbox 2039 973 2237 1027; x_wconf 89' lang='lat' dir='ltr'><strong>dicatio</strong></span> <span class='ocrx_word' id='word_1_227' title='bbox 2263 972 2377 1040; x_wconf 85' lang='lat' dir='ltr'><strong>ejus</strong></span> <span class='ocrx_word' id='word_1_228' title='bbox 2405 981 2463 1027; x_wconf 89' lang='lat' dir='ltr'><strong>ut</strong></span> <span class='ocrx_word' id='word_1_229' title='bbox 2488 985 2765 1042; x_wconf 79' lang='lat' dir='ltr'><strong>argentum</strong></span> <span class='ocrx_word' id='word_1_230' title='bbox 2793 973 2913 1042; x_wconf 88' lang='lat' dir='ltr'><strong>igne</strong></span> <span class='ocrx_word' id='word_1_231' title='bbox 2941 973 3217 1040; x_wconf 85' lang='lat' dir='ltr'><strong>probatum</strong></span> <span class='ocrx_word' id='word_1_232' title='bbox 3249 969 3579 1024; x_wconf 76' lang='lat' dir='ltr'><strong>intuentibus</strong></span> 
     </span>
    </p>
   </div>
   <div class='ocr_carea' id='block_1_24' title="bbox 2041 1057 3570 1130">
    <p class='ocr_par' dir='ltr' id='par_1_24' title="bbox 2041 1057 3570 1130">
     <span class='ocr_line' id='line_1_37' title="bbox 2041 1057 3570 1130; baseline -0.003 -16"><span class='ocrx_word' id='word_1_233' title='bbox 2041 1060 2423 1130; x_wconf 84' lang='lat' dir='ltr'><strong>resplenduerit</strong></span> <span class='ocrx_word' id='word_1_234' title='bbox 2454 1078 2468 1115; x_wconf 88' lang='lat'><strong>:</strong></span> <span class='ocrx_word' id='word_1_235' title='bbox 2503 1070 2629 1116; x_wconf 88' lang='lat' dir='ltr'><strong>tunc</strong></span> <span class='ocrx_word' id='word_1_236' title='bbox 2658 1063 2857 1129; x_wconf 84' lang='lat' dir='ltr'><strong>majore</strong></span> <span class='ocrx_word' id='word_1_237' title='bbox 2884 1076 3003 1116; x_wconf 87' lang='lat' dir='ltr'><strong>cum</strong></span> <span class='ocrx_word' id='word_1_238' title='bbox 3040 1057 3364 1125; x_wconf 82' lang='lat' dir='ltr'><strong>turpitudine</strong></span> <span class='ocrx_word' id='word_1_239' title='bbox 3394 1066 3449 1109; x_wconf 90' lang='lat' dir='ltr'><strong>et</strong></span> <span class='ocrx_word' id='word_1_240' title='bbox 3477 1057 3570 1110; x_wconf 68' lang='lat' dir='ltr'><strong>de~</strong></span> 
     </span>
    </p>
   </div>
   <div class='ocr_carea' id='block_1_25' title="bbox 2039 1146 3569 1207">
    <p class='ocr_par' dir='ltr' id='par_1_25' title="bbox 2039 1146 3569 1207">
     <span class='ocr_line' id='line_1_38' title="bbox 2039 1146 3569 1207; baseline -0.006 0"><span class='ocrx_word' id='word_1_241' title='bbox 2039 1152 2230 1207; x_wconf 87' lang='lat' dir='ltr'><strong>decore</strong></span> <span class='ocrx_word' id='word_1_242' title='bbox 2257 1153 2626 1207; x_wconf 69' lang='lat' dir='ltr'><strong>haereticorum</strong></span> <span class='ocrx_word' id='word_1_243' title='bbox 2653 1164 2810 1206; x_wconf 76' lang='lat' dir='ltr'><strong>voces</strong></span> <span class='ocrx_word' id='word_1_244' title='bbox 2838 1151 3053 1206; x_wconf 82' lang='lat' dir='ltr'><strong>obscuri</strong></span> <span class='ocrx_word' id='word_1_245' title='bbox 3076 1149 3199 1202; x_wconf 79' lang='lat' dir='ltr'><strong>aeris</strong></span> <span class='ocrx_word' id='word_1_246' title='bbox 3225 1146 3424 1200; x_wconf 81' lang='lat' dir='ltr'><strong>vilitate</strong></span> <span class='ocrx_word' id='word_1_247' title='bbox 3451 1160 3569 1199; x_wconf 85' lang='lat' dir='ltr'><strong>sor-</strong></span> 
     </span>
    </p>
   </div>
   <div class='ocr_carea' id='block_1_26' title="bbox 2039 1234 3569 1306">
    <p class='ocr_par' dir='ltr' id='par_1_26' title="bbox 2039 1234 3569 1306">
     <span class='ocr_line' id='line_1_39' title="bbox 2039 1234 3569 1306; baseline -0.002 -15"><span class='ocrx_word' id='word_1_248' title='bbox 2039 1239 2254 1295; x_wconf 91' lang='lat' dir='ltr'><strong>debunt.</strong></span> <span class='ocrx_word' id='word_1_249' title='bbox 2299 1237 2389 1293; x_wconf 81' lang='lat' dir='ltr'><strong>Vis</strong></span> <span class='ocrx_word' id='word_1_250' title='bbox 2416 1249 2593 1293; x_wconf 90' lang='lat' dir='ltr'><strong>autem</strong></span> <span class='ocrx_word' id='word_1_251' title='bbox 2621 1239 2758 1293; x_wconf 88' lang='lat' dir='ltr'><strong>scire</strong></span> <span class='ocrx_word' id='word_1_252' title='bbox 2780 1238 2919 1306; x_wconf 86' lang='lat' dir='ltr'><strong>quod</strong></span> <span class='ocrx_word' id='word_1_253' title='bbox 2946 1252 3061 1303; x_wconf 64' lang='lat' dir='ltr'><strong>quae</strong></span> <span class='ocrx_word' id='word_1_254' title='bbox 3090 1237 3222 1289; x_wconf 91' lang='lat' dir='ltr'><strong>bona</strong></span> <span class='ocrx_word' id='word_1_255' title='bbox 3250 1245 3397 1298; x_wconf 89' lang='lat' dir='ltr'><strong>sunt,</strong></span> <span class='ocrx_word' id='word_1_256' title='bbox 3430 1234 3569 1289; x_wconf 87' lang='lat' dir='ltr'><strong>bona</strong></span> 
     </span>
    </p>
   </div>
   <div class='ocr_carea' id='block_1_27' title="bbox 2036 1323 3572 1395">
    <p class='ocr_par' dir='ltr' id='par_1_27' title="bbox 2036 1323 3572 1395">
     <span class='ocr_line' id='line_1_40' title="bbox 2036 1323 3572 1395; baseline -0.003 -15"><span class='ocrx_word' id='word_1_257' title='bbox 2036 1341 2156 1382; x_wconf 84' lang='lat' dir='ltr'><strong>esse</strong></span> <span class='ocrx_word' id='word_1_258' title='bbox 2182 1343 2249 1382; x_wconf 82' lang='lat' dir='ltr'><strong>ex</strong></span> <span class='ocrx_word' id='word_1_259' title='bbox 2281 1328 2602 1385; x_wconf 76' lang='lat' dir='ltr'><strong>deteriorum</strong></span> <span class='ocrx_word' id='word_1_260' title='bbox 2628 1325 2797 1395; x_wconf 86' lang='lat' dir='ltr'><strong>magis</strong></span> <span class='ocrx_word' id='word_1_261' title='bbox 2823 1340 3008 1394; x_wconf 88' lang='lat' dir='ltr'><strong>compa</strong></span> <span class='ocrx_word' id='word_1_262' title='bbox 3019 1325 3220 1379; x_wconf 81' lang='lat' dir='ltr'><strong>ratione</strong></span> <span class='ocrx_word' id='word_1_263' title='bbox 3248 1323 3572 1379; x_wconf 71' lang='lat' dir='ltr'><strong>noscuntur!</strong></span> 
     </span>
    </p>
   </div>
   <div class='ocr_carea' id='block_1_28' title="bbox 2035 1412 3570 1481">
    <p class='ocr_par' dir='ltr' id='par_1_28' title="bbox 2035 1412 3570 1481">
     <span class='ocr_line' id='line_1_41' title="bbox 2035 1412 3570 1481; baseline -0.001 -14"><span class='ocrx_word' id='word_1_264' title='bbox 2035 1416 2168 1481; x_wconf 84' lang='lat' dir='ltr'><strong>Quis</strong></span> <span class='ocrx_word' id='word_1_265' title='bbox 2197 1416 2357 1477; x_wconf 81' lang='lat' dir='ltr'><strong>sciret</strong></span> <span class='ocrx_word' id='word_1_266' title='bbox 2388 1417 2584 1471; x_wconf 84' lang='lat' dir='ltr'><strong>bonam</strong></span> <span class='ocrx_word' id='word_1_267' title='bbox 2613 1428 2732 1469; x_wconf 88' lang='lat' dir='ltr'><strong>esse</strong></span> <span class='ocrx_word' id='word_1_268' title='bbox 2764 1412 2958 1476; x_wconf 88' lang='lat' dir='ltr'><strong>lucem,</strong></span> <span class='ocrx_word' id='word_1_269' title='bbox 2993 1414 3094 1466; x_wconf 86' lang='lat' dir='ltr'><strong>nisi</strong></span> <span class='ocrx_word' id='word_1_270' title='bbox 3125 1412 3296 1468; x_wconf 85' lang='lat' dir='ltr'><strong>noctis</strong></span> <span class='ocrx_word' id='word_1_271' title='bbox 3324 1412 3570 1466; x_wconf 86' lang='lat' dir='ltr'><strong>tenebras</strong></span> 
     </span>
    </p>
   </div>
   <div class='ocr_carea' id='block_1_29' title="bbox 2034 1502 3569 1573">
    <p class='ocr_par' dir='ltr' id='par_1_29' title="bbox 2034 1502 3569 1573">
     <span class='ocr_line' id='line_1_42' title="bbox 2034 1502 3569 1573; baseline -0.003 -13"><span class='ocrx_word' id='word_1_272' title='bbox 2034 1508 2396 1563; x_wconf 75' lang='lat' dir='ltr'><strong>sentiremus?</strong></span> <span class='ocrx_word' id='word_1_273' title='bbox 2448 1507 2580 1573; x_wconf 86' lang='lat' dir='ltr'><strong>Quis</strong></span> <span class='ocrx_word' id='word_1_274' title='bbox 2610 1505 2937 1559; x_wconf 90' lang='lat' dir='ltr'><strong>dulcedinem</strong></span> <span class='ocrx_word' id='word_1_275' title='bbox 2970 1520 3036 1559; x_wconf 92' lang='lat' dir='ltr'><strong>no</strong></span> <span class='ocrx_word' id='word_1_276' title='bbox 3068 1513 3212 1559; x_wconf 82' lang='lat' dir='ltr'><strong>ceret</strong></span> <span class='ocrx_word' id='word_1_277' title='bbox 3238 1503 3429 1566; x_wconf 85' lang='lat' dir='ltr'><strong>mellis.</strong></span> <span class='ocrx_word' id='word_1_278' title='bbox 3463 1502 3569 1557; x_wconf 85' lang='lat' dir='ltr'><strong>nisi</strong></span> 
     </span>
    </p>
   </div>
   <div class='ocr_carea' id='block_1_30' title="bbox 2034 1592 3571 1666">
    <p class='ocr_par' dir='ltr' id='par_1_30' title="bbox 2034 1592 3571 1666">
     <span class='ocr_line' id='line_1_43' title="bbox 2034 1592 3571 1666; baseline -0.003 -17"><span class='ocrx_word' id='word_1_279' title='bbox 2034 1608 2242 1665; x_wconf 89' lang='lat' dir='ltr'><strong>gustum</strong></span> <span class='ocrx_word' id='word_1_280' title='bbox 2289 1597 2661 1652; x_wconf 82' lang='lat' dir='ltr'><strong>amaritudinis</strong></span> <span class='ocrx_word' id='word_1_281' title='bbox 2723 1598 3055 1666; x_wconf 83' lang='lat' dir='ltr'><strong>accepisset?</strong></span> <span class='ocrx_word' id='word_1_282' title='bbox 3115 1596 3289 1663; x_wconf 87' lang='lat' dir='ltr'><strong>ipsum</strong></span> <span class='ocrx_word' id='word_1_283' title='bbox 3342 1592 3571 1659; x_wconf 88' lang='lat' dir='ltr'><strong>denique</strong></span> 
     </span>
    </p>
   </div>
   <div class='ocr_carea' id='block_1_31' title="bbox 2032 1681 3579 1751">
    <p class='ocr_par' dir='ltr' id='par_1_31' title="bbox 2032 1681 3579 1751">
     <span class='ocr_line' id='line_1_44' title="bbox 2032 1681 3579 1751; baseline -0.005 -12"><span class='ocrx_word' id='word_1_284' title='bbox 2032 1684 2321 1751; x_wconf 83' lang='lat' dir='ltr'><strong>diabolum,</strong></span> <span class='ocrx_word' id='word_1_285' title='bbox 2369 1695 2422 1740; x_wconf 91' lang='lat' dir='ltr'><strong>et</strong></span> <span class='ocrx_word' id='word_1_286' title='bbox 2471 1685 2805 1739; x_wconf 86' lang='lat' dir='ltr'><strong>oblttctantes</strong></span> <span class='ocrx_word' id='word_1_287' title='bbox 2829 1685 3110 1740; x_wconf 88' lang='lat' dir='ltr'><strong>adversutn</strong></span> <span class='ocrx_word' id='word_1_288' title='bbox 3151 1698 3249 1738; x_wconf 87' lang='lat' dir='ltr'><strong>nos</strong></span> <span class='ocrx_word' id='word_1_289' title='bbox 3272 1681 3579 1735; x_wconf 82' lang='lat' dir='ltr'><strong>contrarias</strong></span> 
     </span>
    </p>
   </div>
   <div class='ocr_carea' id='block_1_32' title="bbox 2032 1770 3575 1841">
    <p class='ocr_par' dir='ltr' id='par_1_32' title="bbox 2032 1770 3575 1841">
     <span class='ocr_line' id='line_1_45' title="bbox 2032 1770 3575 1841; baseline -0.003 -16"><span class='ocrx_word' id='word_1_290' title='bbox 2032 1781 2321 1841; x_wconf 86' lang='lat' dir='ltr'><strong>potestates</strong></span> <span class='ocrx_word' id='word_1_291' title='bbox 2351 1773 2396 1828; x_wconf 85' lang='lat' dir='ltr'><strong>si</strong></span> <span class='ocrx_word' id='word_1_292' title='bbox 2421 1773 2654 1840; x_wconf 81' lang='lat' dir='ltr'><strong>auferas,</strong></span> <span class='ocrx_word' id='word_1_293' title='bbox 2678 1775 2906 1829; x_wconf 79' lang='lat' dir='ltr'><strong>virtutes</strong></span> <span class='ocrx_word' id='word_1_294' title='bbox 2928 1773 3094 1827; x_wconf 88' lang='lat' dir='ltr'><strong>animi</strong></span> <span class='ocrx_word' id='word_1_295' title='bbox 3121 1772 3238 1825; x_wconf 84' lang='lat' dir='ltr'><strong>sine</strong></span> <span class='ocrx_word' id='word_1_296' title='bbox 3258 1770 3575 1825; x_wconf 88' lang='lat' dir='ltr'><strong>obluctattte</strong></span> 
     </span>
    </p>
   </div>
   <div class='ocr_carea' id='block_1_33' title="bbox 320 1841 3569 1926">
    <p class='ocr_par' dir='ltr' id='par_1_33' title="bbox 320 1841 3569 1926">
     <span class='ocr_line' id='line_1_46' title="bbox 320 1841 3569 1926; baseline 0.004 -33"><span class='ocrx_word' id='word_1_297' title='bbox 320 1863 445 1910; x_wconf 56' lang='lat' dir='ltr'><strong>qua</strong></span> <span class='ocrx_word' id='word_1_298' title='bbox 464 1841 764 1910; x_wconf 61' lang='lat' dir='ltr'><strong>‘Scriptura</strong></span> <span class='ocrx_word' id='word_1_299' title='bbox 788 1849 1076 1906; x_wconf 85' lang='lat' dir='ltr'><strong>nominat</strong></span> <span class='ocrx_word' id='word_1_300' title='bbox 1100 1869 1272 1920; x_wconf 77' lang='lat' dir='ltr'><strong>terea,</strong></span> <span class='ocrx_word' id='word_1_301' title='bbox 1308 1857 1526 1926; x_wconf 89' lang='lat' dir='ltr'><strong>ﬁguram</strong></span> <span class='ocrx_word' id='word_1_302' title='bbox 1548 1868 1762 1915; x_wconf 86' lang='lat' dir='ltr'><strong>teneant</strong></span> <span class='ocrx_word' id='word_1_303' title='bbox 1790 1860 1936 1914; x_wconf 89' lang='lat' dir='ltr'><strong>Scri-</strong></span> <span class='ocrx_word' id='word_1_304' title='bbox 1967 1921 1998 1926; x_wconf 90' lang='lat'><strong><em>_</em></strong></span> <span class='ocrx_word' id='word_1_305' title='bbox 2036 1873 2140 1912; x_wconf 91' lang='lat' dir='ltr'><strong>non</strong></span> <span class='ocrx_word' id='word_1_306' title='bbox 2174 1866 2457 1926; x_wconf 86' lang='lat' dir='ltr'><strong>potuerunt</strong></span> <span class='ocrx_word' id='word_1_307' title='bbox 2487 1860 2798 1914; x_wconf 87' lang='lat' dir='ltr'><strong>enitescere.</strong></span> <span class='ocrx_word' id='word_1_308' title='bbox 2857 1859 2948 1912; x_wconf 80' lang='lat' dir='ltr'><strong>Sic</strong></span> <span class='ocrx_word' id='word_1_309' title='bbox 2995 1871 3127 1926; x_wconf 86' lang='lat' dir='ltr'><strong>ergo</strong></span> <span class='ocrx_word' id='word_1_310' title='bbox 3154 1866 3207 1911; x_wconf 88' lang='lat' dir='ltr'><strong>et</strong></span> <span class='ocrx_word' id='word_1_311' title='bbox 3235 1854 3569 1908; x_wconf 87' lang='lat' dir='ltr'><strong>sacerdotum</strong></span> 
     </span>
    </p>
   </div>
   <div class='ocr_carea' id='block_1_34' title="bbox 306 1921 3569 2018">
    <p class='ocr_par' dir='ltr' id='par_1_34' title="bbox 306 1921 3569 2018">
     <span class='ocr_line' id='line_1_47' title="bbox 306 1921 3569 2018; baseline 0.003 -36"><span class='ocrx_word' id='word_1_312' title='bbox 306 1943 513 1998; x_wconf 70' lang='lat' dir='ltr'><strong>plura:</strong></span> <span class='ocrx_word' id='word_1_313' title='bbox 544 1933 759 1988; x_wconf 64' lang='lat' dir='ltr'><strong>divinae.</strong></span> <span class='ocrx_word' id='word_1_314' title='bbox 823 1935 934 1992; x_wconf 86' lang='lat' dir='ltr'><strong>Cui</strong></span> <span class='ocrx_word' id='word_1_315' title='bbox 975 1939 1294 2010; x_wconf 61' lang='lat' dir='ltr'><strong>Scriptura</strong></span> <span class='ocrx_word' id='word_1_316' title='bbox 1339 1921 1572 2002; x_wconf 58' lang='lat' dir='ltr'><strong>haeretici</strong></span> <span class='ocrx_word' id='word_1_317' title='bbox 1605 1948 1776 2016; x_wconf 83' lang='lat' dir='ltr'><strong>ignem</strong></span> <span class='ocrx_word' id='word_1_318' title='bbox 1810 1948 1938 2002; x_wconf 80' lang='lat' dir='ltr'><strong>alie-</strong></span> <span class='ocrx_word' id='word_1_319' title='bbox 1965 1921 2008 1976; x_wconf 72' lang='grc' dir='ltr'><strong>Β</strong></span> <span class='ocrx_word' id='word_1_320' title='bbox 2040 1921 2273 2003; x_wconf 82' lang='lat' dir='ltr'><strong>ﬁdelium</strong></span> <span class='ocrx_word' id='word_1_321' title='bbox 2301 1948 2469 2018; x_wconf 86' lang='lat' dir='ltr'><strong>gloria</strong></span> <span class='ocrx_word' id='word_1_322' title='bbox 2493 1965 2597 2003; x_wconf 88' lang='lat' dir='ltr'><strong>non</strong></span> <span class='ocrx_word' id='word_1_323' title='bbox 2630 1949 2826 2018; x_wconf 89' lang='lat' dir='ltr'><strong>poterit</strong></span> <span class='ocrx_word' id='word_1_324' title='bbox 2848 1921 3290 2015; x_wconf 72' lang='lat' dir='ltr'><strong>resplendescere,</strong></span> <span class='ocrx_word' id='word_1_325' title='bbox 3321 1942 3421 1997; x_wconf 83' lang='lat' dir='ltr'><strong>nisi</strong></span> <span class='ocrx_word' id='word_1_326' title='bbox 3451 1956 3569 1995; x_wconf 88' lang='lat' dir='ltr'><strong>eam</strong></span> 
     </span>
    </p>
   </div>
   <div class='ocr_carea' id='block_1_35' title="bbox 272 2021 1936 2107">
    <p class='ocr_par' dir='ltr' id='par_1_35' title="bbox 272 2021 1936 2107">
     <span class='ocr_line' id='line_1_48' title="bbox 272 2021 1936 2107; baseline 0.013 -38"><span class='ocrx_word' id='word_1_327' title='bbox 272 2022 458 2071; x_wconf 71' lang='lat' dir='ltr'><strong>‘nnm</strong></span> <span class='ocrx_word' id='word_1_328' title='bbox 510 2021 890 2092; x_wconf 85' lang='lat' dir='ltr'><strong>imponentes,</strong></span> <span class='ocrx_word' id='word_1_329' title='bbox 922 2027 1038 2084; x_wconf 84' lang='lat' dir='ltr'><strong>hoc</strong></span> <span class='ocrx_word' id='word_1_330' title='bbox 1065 2042 1152 2086; x_wconf 86' lang='lat' dir='ltr'><strong>est</strong></span> <span class='ocrx_word' id='word_1_331' title='bbox 1190 2049 1405 2090; x_wconf 83' lang='lat' dir='ltr'><strong>sensum</strong></span> <span class='ocrx_word' id='word_1_332' title='bbox 1434 2047 1489 2093; x_wconf 84' lang='lat' dir='ltr'><strong>ct</strong></span> <span class='ocrx_word' id='word_1_333' title='bbox 1538 2038 1936 2107; x_wconf 83' lang='lat' dir='ltr'><strong>intelligentiam</strong></span> 
     </span>
    </p>
   </div>
   <div class='ocr_carea' id='block_1_36' title="bbox 280 2108 1938 2181">
    <p class='ocr_par' dir='ltr' id='par_1_36' title="bbox 280 2108 1938 2181">
     <span class='ocr_line' id='line_1_49' title="bbox 280 2108 1938 2181; baseline 0.012 -22"><span class='ocrx_word' id='word_1_334' title='bbox 280 2108 573 2162; x_wconf 73' lang='lat' dir='ltr'><strong>alienam</strong></span> <span class='ocrx_word' id='word_1_335' title='bbox 605 2126 635 2164; x_wconf 91' lang='lat' dir='ltr'><strong>a</strong></span> <span class='ocrx_word' id='word_1_336' title='bbox 668 2112 814 2179; x_wconf 83' lang='lat' dir='ltr'><strong>Deo,</strong></span> <span class='ocrx_word' id='word_1_337' title='bbox 848 2126 910 2170; x_wconf 89' lang='lat' dir='ltr'><strong>et</strong></span> <span class='ocrx_word' id='word_1_338' title='bbox 949 2120 1177 2177; x_wconf 76' lang='lat' dir='ltr'><strong>veritati</strong></span> <span class='ocrx_word' id='word_1_339' title='bbox 1223 2127 1547 2181; x_wconf 87' lang='lat' dir='ltr'><strong>contrariam</strong></span> <span class='ocrx_word' id='word_1_340' title='bbox 1589 2127 1938 2181; x_wconf 86' lang='lat' dir='ltr'><strong>introducen-</strong></span> 
     </span>
    </p>
   </div>
   <div class='ocr_carea' id='block_1_37' title="bbox 276 2199 1936 2277">
    <p class='ocr_par' dir='ltr' id='par_1_37' title="bbox 276 2199 1936 2277">
     <span class='ocr_line' id='line_1_50' title="bbox 276 2199 1936 2277; baseline 0.013 -31"><span class='ocrx_word' id='word_1_341' title='bbox 276 2204 415 2254; x_wconf 76' lang='lat' dir='ltr'><strong>tes.</strong></span> <span class='ocrx_word' id='word_1_342' title='bbox 459 2199 772 2255; x_wconf 80' lang='lat' dir='ltr'><strong>incensum</strong></span> <span class='ocrx_word' id='word_1_343' title='bbox 814 2206 1057 2262; x_wconf 87' lang='lat' dir='ltr'><strong>Domino</strong></span> <span class='ocrx_word' id='word_1_344' title='bbox 1113 2224 1219 2265; x_wconf 92' lang='lat' dir='ltr'><strong>non</strong></span> <span class='ocrx_word' id='word_1_345' title='bbox 1254 2227 1437 2277; x_wconf 87' lang='lat' dir='ltr'><strong>suave,</strong></span> <span class='ocrx_word' id='word_1_346' title='bbox 1465 2213 1559 2268; x_wconf 88' lang='lat' dir='ltr'><strong>sed</strong></span> <span class='ocrx_word' id='word_1_347' title='bbox 1604 2214 1936 2269; x_wconf 84' lang='lat' dir='ltr'><strong>exsecrabile</strong></span> 
     </span>
    </p>
   </div>
   <div class='ocr_carea' id='block_1_38' title="bbox 254 2283 1935 2367">
    <p class='ocr_par' dir='ltr' id='par_1_38' title="bbox 254 2283 1935 2367">
     <span class='ocr_line' id='line_1_51' title="bbox 254 2283 1935 2367; baseline 0.013 -31"><span class='ocrx_word' id='word_1_348' title='bbox 254 2283 594 2341; x_wconf 66' lang='lat' dir='ltr'><strong>ede-runt.</strong></span> <span class='ocrx_word' id='word_1_349' title='bbox 633 2291 817 2367; x_wconf 74' lang='lat'><strong>296</strong></span> <span class='ocrx_word' id='word_1_350' title='bbox 842 2292 913 2348; x_wconf 82' lang='lat' dir='ltr'><strong>Et</strong></span> <span class='ocrx_word' id='word_1_351' title='bbox 941 2297 1070 2353; x_wconf 89' lang='lat' dir='ltr'><strong>ideo</strong></span> <span class='ocrx_word' id='word_1_352' title='bbox 1100 2299 1269 2355; x_wconf 89' lang='lat' dir='ltr'><strong>forma</strong></span> <span class='ocrx_word' id='word_1_353' title='bbox 1296 2302 1655 2357; x_wconf 86' lang='lat' dir='ltr'><strong>Ecclesiarnm</strong></span> <span class='ocrx_word' id='word_1_354' title='bbox 1684 2305 1935 2358; x_wconf 80' lang='lat' dir='ltr'><strong>sacerdo-</strong></span> 
     </span>
    </p>
   </div>
   <div class='ocr_carea' id='block_1_39' title="bbox 256 2375 1932 2461">
    <p class='ocr_par' dir='ltr' id='par_1_39' title="bbox 256 2375 1932 2461">
     <span class='ocr_line' id='line_1_52' title="bbox 256 2375 1932 2461; baseline 0.013 -34"><span class='ocrx_word' id='word_1_355' title='bbox 256 2375 468 2428; x_wconf 72' lang='lat' dir='ltr'><strong>tibus</strong></span> <span class='ocrx_word' id='word_1_356' title='bbox 516 2377 717 2447; x_wconf 83' lang='lat' dir='ltr'><strong>datur;</strong></span> <span class='ocrx_word' id='word_1_357' title='bbox 772 2391 839 2436; x_wconf 87' lang='lat' dir='ltr'><strong>ut</strong></span> <span class='ocrx_word' id='word_1_358' title='bbox 868 2384 919 2439; x_wconf 88' lang='lat' dir='ltr'><strong>si</strong></span> <span class='ocrx_word' id='word_1_359' title='bbox 949 2388 1169 2453; x_wconf 88' lang='lat' dir='ltr'><strong>quando</strong></span> <span class='ocrx_word' id='word_1_360' title='bbox 1198 2390 1303 2443; x_wconf 86' lang='lat' dir='ltr'><strong>tale</strong></span> <span class='ocrx_word' id='word_1_361' title='bbox 1333 2392 1535 2461; x_wconf 87' lang='lat' dir='ltr'><strong>aliquid</strong></span> <span class='ocrx_word' id='word_1_362' title='bbox 1584 2392 1747 2447; x_wconf 88' lang='lat' dir='ltr'><strong>fuerit</strong></span> <span class='ocrx_word' id='word_1_363' title='bbox 1774 2409 1932 2448; x_wconf 77' lang='lat' dir='ltr'><strong>exor-</strong></span> 
     </span>
    </p>
   </div>
   <div class='ocr_carea' id='block_1_40' title="bbox 250 2466 1933 2547">
    <p class='ocr_par' dir='ltr' id='par_1_40' title="bbox 250 2466 1933 2547">
     <span class='ocr_line' id='line_1_53' title="bbox 250 2466 1933 2547; baseline 0.014 -35"><span class='ocrx_word' id='word_1_364' title='bbox 250 2466 447 2528; x_wconf 70' lang='lat' dir='ltr'><strong>tum,</strong></span> <span class='ocrx_word' id='word_1_365' title='bbox 494 2478 570 2518; x_wconf 84' lang='lat' dir='ltr'><strong>ea</strong></span> <span class='ocrx_word' id='word_1_366' title='bbox 604 2469 843 2534; x_wconf 83' lang='lat' dir='ltr'><strong>quidem</strong></span> <span class='ocrx_word' id='word_1_367' title='bbox 871 2486 1001 2539; x_wconf 70' lang='lat' dir='ltr'><strong>quae</strong></span> <span class='ocrx_word' id='word_1_368' title='bbox 1033 2488 1064 2527; x_wconf 91' lang='lat' dir='ltr'><strong>a</strong></span> <span class='ocrx_word' id='word_1_369' title='bbox 1096 2477 1322 2531; x_wconf 84' lang='lat' dir='ltr'><strong>veritate</strong></span> <span class='ocrx_word' id='word_1_370' title='bbox 1349 2479 1518 2533; x_wconf 84' lang='lat' dir='ltr'><strong>aliena</strong></span> <span class='ocrx_word' id='word_1_371' title='bbox 1557 2490 1703 2547; x_wconf 88' lang='lat' dir='ltr'><strong>sunt,</strong></span> <span class='ocrx_word' id='word_1_372' title='bbox 1739 2482 1805 2534; x_wconf 89' lang='lat' dir='ltr'><strong>ah</strong></span> <span class='ocrx_word' id='word_1_373' title='bbox 1833 2482 1933 2536; x_wconf 86' lang='lat' dir='ltr'><strong>Ec-</strong></span> 
     </span>
    </p>
   </div>
   <div class='ocr_carea' id='block_1_41' title="bbox 248 2551 1930 2635">
    <p class='ocr_par' dir='ltr' id='par_1_41' title="bbox 248 2551 1930 2635">
     <span class='ocr_line' id='line_1_54' title="bbox 248 2551 1930 2635; baseline 0.01 -32"><span class='ocrx_word' id='word_1_374' title='bbox 248 2551 491 2605; x_wconf 76' lang='lat' dir='ltr'><strong>clesia</strong></span> <span class='ocrx_word' id='word_1_375' title='bbox 564 2554 667 2609; x_wconf 82' lang='lat' dir='ltr'><strong>Dei</strong></span> <span class='ocrx_word' id='word_1_376' title='bbox 724 2558 958 2624; x_wconf 77' lang='lat' dir='ltr'><strong>penitus</strong></span> <span class='ocrx_word' id='word_1_377' title='bbox 1013 2561 1401 2617; x_wconf 87' lang='lat' dir='ltr'><strong>abstrudantur</strong></span> <span class='ocrx_word' id='word_1_378' title='bbox 1442 2579 1459 2619; x_wconf 87' lang='lat'><strong>:</strong></span> <span class='ocrx_word' id='word_1_379' title='bbox 1507 2566 1552 2620; x_wconf 94' lang='lat' dir='ltr'><strong>si</strong></span> <span class='ocrx_word' id='word_1_380' title='bbox 1605 2581 1709 2635; x_wconf 90' lang='lat' dir='ltr'><strong>qua</strong></span> <span class='ocrx_word' id='word_1_381' title='bbox 1756 2574 1930 2620; x_wconf 89' lang='lat' dir='ltr'><strong>autem</strong></span> 
     </span>
    </p>
   </div>
   <div class='ocr_carea' id='block_1_42' title="bbox 244 2641 1932 2725">
    <p class='ocr_par' dir='ltr' id='par_1_42' title="bbox 244 2641 1932 2725">
     <span class='ocr_line' id='line_1_55' title="bbox 244 2641 1932 2725; baseline 0.011 -34"><span class='ocrx_word' id='word_1_382' title='bbox 244 2641 487 2696; x_wconf 74' lang='lat' dir='ltr'><strong>etiam</strong></span> <span class='ocrx_word' id='word_1_383' title='bbox 528 2644 583 2698; x_wconf 90' lang='lat' dir='ltr'><strong>in</strong></span> <span class='ocrx_word' id='word_1_384' title='bbox 637 2645 788 2713; x_wconf 85' lang='lat' dir='ltr'><strong>ipsis</strong></span> <span class='ocrx_word' id='word_1_385' title='bbox 828 2649 1218 2705; x_wconf 68' lang='lat' dir='ltr'><strong>haereticorum</strong></span> <span class='ocrx_word' id='word_1_386' title='bbox 1260 2654 1437 2709; x_wconf 85' lang='lat' dir='ltr'><strong>verbis</strong></span> <span class='ocrx_word' id='word_1_387' title='bbox 1476 2653 1771 2725; x_wconf 65' lang='lat' dir='ltr'><strong>Scriptura</strong></span> <span class='ocrx_word' id='word_1_388' title='bbox 1796 2656 1932 2709; x_wconf 78' lang='lat' dir='ltr'><strong>diri-</strong></span> 
     </span>
    </p>
   </div>
   <div class='ocr_carea' id='block_1_43' title="bbox 245 2734 1928 2813">
    <p class='ocr_par' dir='ltr' id='par_1_43' title="bbox 245 2734 1928 2813">
     <span class='ocr_line' id='line_1_56' title="bbox 245 2734 1928 2813; baseline 0.011 -34"><span class='ocrx_word' id='word_1_389' title='bbox 245 2743 365 2783; x_wconf 67' lang='lat' dir='ltr'><strong>na:</strong></span> <span class='ocrx_word' id='word_1_390' title='bbox 438 2734 744 2789; x_wconf 83' lang='lat' dir='ltr'><strong>sensibus</strong></span> <span class='ocrx_word' id='word_1_391' title='bbox 785 2737 1147 2794; x_wconf 84' lang='lat' dir='ltr'><strong>inveniuntur</strong></span> <span class='ocrx_word' id='word_1_392' title='bbox 1191 2742 1413 2807; x_wconf 89' lang='lat' dir='ltr'><strong>inserta,</strong></span> <span class='ocrx_word' id='word_1_393' title='bbox 1463 2759 1531 2799; x_wconf 89' lang='lat' dir='ltr'><strong>ne</strong></span> <span class='ocrx_word' id='word_1_394' title='bbox 1576 2745 1782 2813; x_wconf 89' lang='lat' dir='ltr'><strong>pariter</strong></span> <span class='ocrx_word' id='word_1_395' title='bbox 1806 2759 1928 2798; x_wconf 82' lang='lat' dir='ltr'><strong>cum</strong></span> 
     </span>
    </p>
   </div>
   <div class='ocr_carea' id='block_1_44' title="bbox 244 2816 1930 2899">
    <p class='ocr_par' dir='ltr' id='par_1_44' title="bbox 244 2816 1930 2899">
     <span class='ocr_line' id='line_1_57' title="bbox 244 2816 1930 2899; baseline 0.012 -32"><span class='ocrx_word' id='word_1_396' title='bbox 244 2816 402 2871; x_wconf 80' lang='lat' dir='ltr'><strong>illis</strong></span> <span class='ocrx_word' id='word_1_397' title='bbox 467 2835 615 2890; x_wconf 76' lang='lat' dir='ltr'><strong>qua:</strong></span> <span class='ocrx_word' id='word_1_398' title='bbox 672 2824 810 2878; x_wconf 91' lang='lat' dir='ltr'><strong>ﬁdei</strong></span> <span class='ocrx_word' id='word_1_399' title='bbox 842 2836 901 2881; x_wconf 90' lang='lat' dir='ltr'><strong>et</strong></span> <span class='ocrx_word' id='word_1_400' title='bbox 927 2828 1151 2882; x_wconf 83' lang='lat' dir='ltr'><strong>veritati</strong></span> <span class='ocrx_word' id='word_1_401' title='bbox 1195 2841 1322 2884; x_wconf 89' lang='lat' dir='ltr'><strong>sunt</strong></span> <span class='ocrx_word' id='word_1_402' title='bbox 1348 2834 1638 2897; x_wconf 86' lang='lat' dir='ltr'><strong>contraria,</strong></span> <span class='ocrx_word' id='word_1_403' title='bbox 1671 2846 1930 2899; x_wconf 86' lang='lat' dir='ltr'><strong>respuan-</strong></span> 
     </span>
    </p>
   </div>
   <div class='ocr_carea' id='block_1_45' title="bbox 238 2913 1926 2989">
    <p class='ocr_par' dir='ltr' id='par_1_45' title="bbox 238 2913 1926 2989">
     <span class='ocr_line' id='line_1_58' title="bbox 238 2913 1926 2989; baseline 0.011 -32"><span class='ocrx_word' id='word_1_404' title='bbox 238 2915 373 2958; x_wconf 72' lang='lat' dir='ltr'><strong>tur</strong></span> <span class='ocrx_word' id='word_1_405' title='bbox 402 2926 428 2974; x_wconf 89' lang='lat'><strong>;</strong></span> <span class='ocrx_word' id='word_1_406' title='bbox 480 2913 870 2968; x_wconf 82' lang='lat' dir='ltr'><strong>sanctiﬁcata</strong></span> <span class='ocrx_word' id='word_1_407' title='bbox 898 2926 1027 2970; x_wconf 89' lang='lat' dir='ltr'><strong>sunt</strong></span> <span class='ocrx_word' id='word_1_408' title='bbox 1065 2919 1208 2972; x_wconf 89' lang='lat' dir='ltr'><strong>enim</strong></span> <span class='ocrx_word' id='word_1_409' title='bbox 1238 2935 1356 2988; x_wconf 73' lang='lat' dir='ltr'><strong>qua:</strong></span> <span class='ocrx_word' id='word_1_410' title='bbox 1385 2924 1452 2976; x_wconf 90' lang='lat' dir='ltr'><strong>de</strong></span> <span class='ocrx_word' id='word_1_411' title='bbox 1484 2921 1756 2989; x_wconf 88' lang='lat' dir='ltr'><strong>Scriptura</strong></span> <span class='ocrx_word' id='word_1_412' title='bbox 1788 2923 1926 2976; x_wconf 86' lang='lat' dir='ltr'><strong>divi—</strong></span> 
     </span>
    </p>
   </div>
   <div class='ocr_carea' id='block_1_46' title="bbox 245 2999 1926 3069">
    <p class='ocr_par' dir='ltr' id='par_1_46' title="bbox 245 2999 1926 3069">
     <span class='ocr_line' id='line_1_59' title="bbox 245 2999 1926 3069; baseline 0.012 -22"><span class='ocrx_word' id='word_1_413' title='bbox 245 3011 341 3048; x_wconf 78' lang='lat' dir='ltr'><strong>na</strong></span> <span class='ocrx_word' id='word_1_414' title='bbox 393 2999 842 3069; x_wconf 84' lang='lat' dir='ltr'><strong>proferuntur,</strong></span> <span class='ocrx_word' id='word_1_415' title='bbox 877 3015 933 3059; x_wconf 88' lang='lat' dir='ltr'><strong>et</strong></span> <span class='ocrx_word' id='word_1_416' title='bbox 956 3005 1183 3062; x_wconf 85' lang='lat' dir='ltr'><strong>Domino</strong></span> <span class='ocrx_word' id='word_1_417' title='bbox 1216 3010 1413 3066; x_wconf 88' lang='lat' dir='ltr'><strong>oblata.</strong></span> <span class='ocrx_word' id='word_1_418' title='bbox 1454 3011 1635 3068; x_wconf 88' lang='lat' dir='ltr'><strong>Potest</strong></span> <span class='ocrx_word' id='word_1_419' title='bbox 1665 3024 1840 3067; x_wconf 84' lang='lat' dir='ltr'><strong>autem</strong></span> <span class='ocrx_word' id='word_1_420' title='bbox 1870 3023 1926 3067; x_wconf 91' lang='lat' dir='ltr'><strong>et</strong></span> 
     </span>
    </p>
   </div>
   <div class='ocr_carea' id='block_1_47' title="bbox 233 3087 1927 3177">
    <p class='ocr_par' dir='ltr' id='par_1_47' title="bbox 233 3087 1927 3177">
     <span class='ocr_line' id='line_1_60' title="bbox 233 3087 1927 3177; baseline 0.012 -40"><span class='ocrx_word' id='word_1_421' title='bbox 233 3087 396 3153; x_wconf 66' lang='lat' dir='ltr'><strong>alio</strong></span> <span class='ocrx_word' id='word_1_422' title='bbox 438 3090 658 3144; x_wconf 80' lang='lat' dir='ltr'><strong>adhuc</strong></span> <span class='ocrx_word' id='word_1_423' title='bbox 686 3093 860 3148; x_wconf 85' lang='lat' dir='ltr'><strong>modo</strong></span> <span class='ocrx_word' id='word_1_424' title='bbox 888 3094 1114 3177; x_wconf 80' lang='lat' dir='ltr'><strong>intelligi</strong></span> <span class='ocrx_word' id='word_1_425' title='bbox 1139 3099 1280 3166; x_wconf 90' lang='lat' dir='ltr'><strong>quod</strong></span> <span class='ocrx_word' id='word_1_426' title='bbox 1307 3100 1373 3152; x_wconf 89' lang='lat' dir='ltr'><strong>de</strong></span> <span class='ocrx_word' id='word_1_427' title='bbox 1398 3100 1595 3155; x_wconf 89' lang='lat' dir='ltr'><strong>batillis</strong></span> <span class='ocrx_word' id='word_1_428' title='bbox 1620 3102 1927 3171; x_wconf 66' lang='lat' dir='ltr'><strong>praecipitur</strong></span> 
     </span>
    </p>
   </div>
   <div class='ocr_carea' id='block_1_48' title="bbox 236 3182 1991 3267">
    <p class='ocr_par' dir='ltr' id='par_1_48' title="bbox 236 3182 1991 3267">
     <span class='ocr_line' id='line_1_61' title="bbox 236 3182 1991 3267; baseline 0.009 -38"><span class='ocrx_word' id='word_1_429' title='bbox 236 3187 726 3267; x_wconf 56' lang='lat' dir='ltr'><strong>peccatorum,</strong></span> <span class='ocrx_word' id='word_1_430' title='bbox 776 3190 837 3233; x_wconf 91' lang='lat' dir='ltr'><strong>ut</strong></span> <span class='ocrx_word' id='word_1_431' title='bbox 887 3182 1191 3252; x_wconf 77' lang='lat' dir='ltr'><strong>jungantur</strong></span> <span class='ocrx_word' id='word_1_432' title='bbox 1235 3194 1289 3240; x_wconf 91' lang='lat' dir='ltr'><strong>et</strong></span> <span class='ocrx_word' id='word_1_433' title='bbox 1327 3189 1602 3243; x_wconf 89' lang='lat' dir='ltr'><strong>socientur</strong></span> <span class='ocrx_word' id='word_1_434' title='bbox 1636 3191 1816 3244; x_wconf 90' lang='lat' dir='ltr'><strong>altari.</strong></span> <span class='ocrx_word' id='word_1_435' title='bbox 1855 3191 1922 3244; x_wconf 87' lang='lat' dir='ltr'><strong>Et</strong></span> <span class='ocrx_word' id='word_1_436' title='bbox 1949 3213 1991 3267; x_wconf 69' lang='grc' dir='ltr'>ο</span> 
     </span>
    </p>
   </div>
   <div class='ocr_carea' id='block_1_49' title="bbox 231 3266 1920 3341">
    <p class='ocr_par' dir='ltr' id='par_1_49' title="bbox 231 3266 1920 3341">
     <span class='ocr_line' id='line_1_62' title="bbox 231 3266 1920 3341; baseline 0.011 -28"><span class='ocrx_word' id='word_1_437' title='bbox 231 3266 511 3330; x_wconf 78' lang='lat' dir='ltr'><strong>primo</strong></span> <span class='ocrx_word' id='word_1_438' title='bbox 544 3268 658 3323; x_wconf 89' lang='lat' dir='ltr'><strong>hoc</strong></span> <span class='ocrx_word' id='word_1_439' title='bbox 693 3270 879 3336; x_wconf 87' lang='lat' dir='ltr'><strong>ipsum</strong></span> <span class='ocrx_word' id='word_1_440' title='bbox 911 3272 1057 3338; x_wconf 88' lang='lat' dir='ltr'><strong>quod</strong></span> <span class='ocrx_word' id='word_1_441' title='bbox 1083 3286 1225 3326; x_wconf 73' lang='lat' dir='ltr'><strong>terea</strong></span> <span class='ocrx_word' id='word_1_442' title='bbox 1249 3275 1525 3341; x_wconf 88' lang='lat' dir='ltr'><strong>dicuntur,</strong></span> <span class='ocrx_word' id='word_1_443' title='bbox 1558 3291 1662 3331; x_wconf 92' lang='lat' dir='ltr'><strong>non</strong></span> <span class='ocrx_word' id='word_1_444' title='bbox 1693 3278 1920 3333; x_wconf 89' lang='lat' dir='ltr'><strong>otiosum</strong></span> 
     </span>
    </p>
   </div>
   <div class='ocr_carea' id='block_1_50' title="bbox 231 3353 1922 3437">
    <p class='ocr_par' dir='ltr' id='par_1_50' title="bbox 231 3353 1922 3437">
     <span class='ocr_line' id='line_1_63' title="bbox 231 3353 1922 3437; baseline 0.012 -37"><span class='ocrx_word' id='word_1_445' title='bbox 231 3353 640 3412; x_wconf 71' lang='lat' dir='ltr'><strong>videbitur.</strong></span> <span class='ocrx_word' id='word_1_446' title='bbox 692 3358 800 3413; x_wconf 86' lang='lat' dir='ltr'><strong>Ubi</strong></span> <span class='ocrx_word' id='word_1_447' title='bbox 829 3360 978 3414; x_wconf 87' lang='lat' dir='ltr'><strong>enim</strong></span> <span class='ocrx_word' id='word_1_448' title='bbox 1010 3375 1139 3415; x_wconf 85' lang='lat' dir='ltr'><strong>vera</strong></span> <span class='ocrx_word' id='word_1_449' title='bbox 1167 3363 1300 3418; x_wconf 88' lang='lat' dir='ltr'><strong>ﬁdes</strong></span> <span class='ocrx_word' id='word_1_450' title='bbox 1324 3375 1429 3430; x_wconf 91' lang='lat' dir='ltr'><strong>est,</strong></span> <span class='ocrx_word' id='word_1_451' title='bbox 1457 3374 1511 3419; x_wconf 89' lang='lat' dir='ltr'><strong>et</strong></span> <span class='ocrx_word' id='word_1_452' title='bbox 1538 3367 1745 3437; x_wconf 87' lang='lat' dir='ltr'><strong>integra</strong></span> <span class='ocrx_word' id='word_1_453' title='bbox 1773 3368 1922 3422; x_wconf 83' lang='lat' dir='ltr'><strong>verbi</strong></span> 
     </span>
    </p>
   </div>
   <div class='ocr_carea' id='block_1_51' title="bbox 226 3441 1918 3517">
    <p class='ocr_par' dir='ltr' id='par_1_51' title="bbox 226 3441 1918 3517">
     <span class='ocr_line' id='line_1_64' title="bbox 226 3441 1918 3517; baseline 0.009 -23"><span class='ocrx_word' id='word_1_454' title='bbox 226 3441 375 3495; x_wconf 84' lang='lat' dir='ltr'><strong>Dei</strong></span> <span class='ocrx_word' id='word_1_455' title='bbox 463 3446 842 3512; x_wconf 61' lang='lat' dir='ltr'><strong>predicatio,</strong></span> <span class='ocrx_word' id='word_1_456' title='bbox 881 3456 978 3501; x_wconf 90' lang='lat' dir='ltr'><strong>aut</strong></span> <span class='ocrx_word' id='word_1_457' title='bbox 1028 3459 1285 3517; x_wconf 79' lang='lat' dir='ltr'><strong>argentea</strong></span> <span class='ocrx_word' id='word_1_458' title='bbox 1320 3452 1571 3507; x_wconf 90' lang='lat' dir='ltr'><strong>dicuntur</strong></span> <span class='ocrx_word' id='word_1_459' title='bbox 1603 3463 1694 3508; x_wconf 89' lang='lat' dir='ltr'><strong>aut</strong></span> <span class='ocrx_word' id='word_1_460' title='bbox 1719 3470 1918 3509; x_wconf 86' lang='lat' dir='ltr'><strong>aurea:</strong></span> 
     </span>
    </p>
   </div>
   <div class='ocr_carea' id='block_1_52' title="bbox 223 3533 1921 3613">
    <p class='ocr_par' dir='ltr' id='par_1_52' title="bbox 223 3533 1921 3613">
     <span class='ocr_line' id='line_1_65' title="bbox 223 3533 1921 3613; baseline 0.008 -29"><span class='ocrx_word' id='word_1_461' title='bbox 223 3543 316 3584; x_wconf 78' lang='lat' dir='ltr'><strong>In.</strong></span> <span class='ocrx_word' id='word_1_462' title='bbox 362 3533 605 3606; x_wconf 73' lang='lat' dir='ltr'><strong>fulgor</strong></span> <span class='ocrx_word' id='word_1_463' title='bbox 639 3537 767 3590; x_wconf 89' lang='lat' dir='ltr'><strong>auri</strong></span> <span class='ocrx_word' id='word_1_464' title='bbox 797 3538 1045 3592; x_wconf 89' lang='lat' dir='ltr'><strong>declaret</strong></span> <span class='ocrx_word' id='word_1_465' title='bbox 1076 3538 1197 3593; x_wconf 88' lang='lat' dir='ltr'><strong>ﬁdei</strong></span> <span class='ocrx_word' id='word_1_466' title='bbox 1223 3541 1530 3609; x_wconf 87' lang='lat' dir='ltr'><strong>puritatem,</strong></span> <span class='ocrx_word' id='word_1_467' title='bbox 1557 3552 1612 3597; x_wconf 91' lang='lat' dir='ltr'><strong>et</strong></span> <span class='ocrx_word' id='word_1_468' title='bbox 1643 3554 1921 3613; x_wconf 81' lang='lat' dir='ltr'><strong>argentum</strong></span> 
     </span>
    </p>
   </div>
   <div class='ocr_carea' id='block_1_53' title="bbox 214 3621 1923 3702">
    <p class='ocr_par' dir='ltr' id='par_1_53' title="bbox 214 3621 1923 3702">
     <span class='ocr_line' id='line_1_66' title="bbox 214 3621 1923 3702; baseline 0.008 -26"><span class='ocrx_word' id='word_1_469' title='bbox 214 3621 418 3691; x_wconf 70' lang='lat' dir='ltr'><strong>igne</strong></span> <span class='ocrx_word' id='word_1_470' title='bbox 506 3627 837 3694; x_wconf 85' lang='lat' dir='ltr'><strong>probatum,</strong></span> <span class='ocrx_word' id='word_1_471' title='bbox 886 3627 1103 3696; x_wconf 88' lang='lat' dir='ltr'><strong>eloquia</strong></span> <span class='ocrx_word' id='word_1_472' title='bbox 1151 3631 1453 3684; x_wconf 83' lang='lat' dir='ltr'><strong>examinata</strong></span> <span class='ocrx_word' id='word_1_473' title='bbox 1502 3632 1782 3702; x_wconf 80' lang='lat' dir='ltr'><strong>signiﬁcet.</strong></span> <span class='ocrx_word' id='word_1_474' title='bbox 1820 3633 1923 3689; x_wconf 81' lang='lat' dir='ltr'><strong>Ista</strong></span> 
     </span>
    </p>
   </div>
   <div class='ocr_carea' id='block_1_54' title="bbox 214 3716 1920 3782">
    <p class='ocr_par' dir='ltr' id='par_1_54' title="bbox 214 3716 1920 3782">
     <span class='ocr_line' id='line_1_67' title="bbox 214 3716 1920 3782; baseline 0.008 -19"><span class='ocrx_word' id='word_1_475' title='bbox 214 3726 434 3781; x_wconf 78' lang='lat' dir='ltr'><strong>ergo</strong></span> <span class='ocrx_word' id='word_1_476' title='bbox 474 3728 619 3782; x_wconf 68' lang='lat' dir='ltr'><strong>quae</strong></span> <span class='ocrx_word' id='word_1_477' title='bbox 649 3716 916 3770; x_wconf 88' lang='lat' dir='ltr'><strong>dicuntur</strong></span> <span class='ocrx_word' id='word_1_478' title='bbox 942 3729 1113 3780; x_wconf 76' lang='lat' dir='ltr'><strong>aerea,</strong></span> <span class='ocrx_word' id='word_1_479' title='bbox 1145 3716 1199 3769; x_wconf 91' lang='lat' dir='ltr'><strong>in</strong></span> <span class='ocrx_word' id='word_1_480' title='bbox 1228 3732 1360 3771; x_wconf 90' lang='lat' dir='ltr'><strong>sono</strong></span> <span class='ocrx_word' id='word_1_481' title='bbox 1390 3728 1592 3773; x_wconf 86' lang='lat' dir='ltr'><strong>tantum</strong></span> <span class='ocrx_word' id='word_1_482' title='bbox 1619 3722 1765 3775; x_wconf 84' lang='lat' dir='ltr'><strong>vocis</strong></span> <span class='ocrx_word' id='word_1_483' title='bbox 1789 3736 1920 3775; x_wconf 87' lang='lat' dir='ltr'><strong>con-</strong></span> 
     </span>
    </p>
   </div>
   <div class='ocr_carea' id='block_1_55' title="bbox 209 3804 1924 3878">
    <p class='ocr_par' dir='ltr' id='par_1_55' title="bbox 209 3804 1924 3878">
     <span class='ocr_line' id='line_1_68' title="bbox 209 3804 1924 3878; baseline 0.006 -24"><span class='ocrx_word' id='word_1_484' title='bbox 209 3804 560 3867; x_wconf 67' lang='lat' dir='ltr'><strong>sistunt,</strong></span> <span class='ocrx_word' id='word_1_485' title='bbox 591 3821 699 3859; x_wconf 79' lang='lat' dir='ltr'><strong>non</strong></span> <span class='ocrx_word' id='word_1_486' title='bbox 735 3806 791 3859; x_wconf 90' lang='lat' dir='ltr'><strong>in</strong></span> <span class='ocrx_word' id='word_1_487' title='bbox 826 3806 1036 3860; x_wconf 85' lang='lat' dir='ltr'><strong>virtute</strong></span> <span class='ocrx_word' id='word_1_488' title='bbox 1067 3807 1311 3875; x_wconf 90' lang='lat' dir='ltr'><strong>spiritus,</strong></span> <span class='ocrx_word' id='word_1_489' title='bbox 1356 3818 1409 3861; x_wconf 91' lang='lat' dir='ltr'><strong>et</strong></span> <span class='ocrx_word' id='word_1_490' title='bbox 1439 3818 1586 3875; x_wconf 89' lang='lat' dir='ltr'><strong>sunt,</strong></span> <span class='ocrx_word' id='word_1_491' title='bbox 1617 3820 1674 3864; x_wconf 93' lang='lat' dir='ltr'><strong>ut</strong></span> <span class='ocrx_word' id='word_1_492' title='bbox 1699 3810 1924 3878; x_wconf 84' lang='lat' dir='ltr'><strong>Aposto-</strong></span> 
     </span>
    </p>
   </div>
   <div class='ocr_carea' id='block_1_56' title="bbox 210 3894 1917 3971">
    <p class='ocr_par' dir='ltr' id='par_1_56' title="bbox 210 3894 1917 3971">
     <span class='ocr_line' id='line_1_69' title="bbox 210 3894 1917 3971; baseline 0.005 -25"><span class='ocrx_word' id='word_1_493' title='bbox 210 3894 349 3947; x_wconf 75' lang='lat' dir='ltr'><strong>lus</strong></span> <span class='ocrx_word' id='word_1_494' title='bbox 400 3894 587 3949; x_wconf 77' lang='lat' dir='ltr'><strong>dicit</strong></span> <span class='ocrx_word' id='word_1_495' title='bbox 609 3896 655 3961; x_wconf 82' lang='grc'><em>⁸,</em></span> <span class='ocrx_word' id='word_1_496' title='bbox 711 3914 733 3944; x_wconf 73' lang='grc' dir='ltr'><strong><em>ι</em></strong></span> <span class='ocrx_word' id='word_1_497' title='bbox 755 3907 814 3950; x_wconf 95' lang='lat' dir='ltr'><strong>ut</strong></span> <span class='ocrx_word' id='word_1_498' title='bbox 844 3907 1206 3952; x_wconf 73' lang='lat' dir='ltr'><strong>mramentum</strong></span> <span class='ocrx_word' id='word_1_499' title='bbox 1240 3912 1472 3962; x_wconf 85' lang='lat' dir='ltr'><strong>sonans,</strong></span> <span class='ocrx_word' id='word_1_500' title='bbox 1502 3908 1594 3953; x_wconf 90' lang='lat' dir='ltr'><strong>aut</strong></span> <span class='ocrx_word' id='word_1_501' title='bbox 1618 3902 1917 3971; x_wconf 68' lang='lat' dir='ltr'><strong>cymbalum</strong></span> 
     </span>
    </p>
   </div>
   <div class='ocr_carea' id='block_1_57' title="bbox 214 3984 1922 4055">
    <p class='ocr_par' dir='ltr' id='par_1_57' title="bbox 214 3984 1922 4055">
     <span class='ocr_line' id='line_1_70' title="bbox 214 3984 1922 4055; baseline 0.004 -18"><span class='ocrx_word' id='word_1_502' title='bbox 214 3984 603 4039; x_wconf 65' lang='lat' dir='ltr'><strong>tinniens.</strong></span> <span class='ocrx_word' id='word_1_503' title='bbox 654 4004 675 4038; x_wconf 74' lang='grc' dir='ltr'><strong>ι</strong></span> <span class='ocrx_word' id='word_1_504' title='bbox 719 3985 829 4040; x_wconf 87' lang='lat' dir='ltr'><strong>ista</strong></span> <span class='ocrx_word' id='word_1_505' title='bbox 876 4000 1013 4055; x_wconf 88' lang='lat' dir='ltr'><strong>ergo</strong></span> <span class='ocrx_word' id='word_1_506' title='bbox 1042 3985 1224 4041; x_wconf 88' lang='lat' dir='ltr'><strong>batilla</strong></span> <span class='ocrx_word' id='word_1_507' title='bbox 1254 4000 1413 4051; x_wconf 74' lang='lat' dir='ltr'><strong>terea,</strong></span> <span class='ocrx_word' id='word_1_508' title='bbox 1448 3988 1498 4040; x_wconf 88' lang='lat' dir='ltr'><strong>id</strong></span> <span class='ocrx_word' id='word_1_509' title='bbox 1530 3997 1613 4042; x_wconf 88' lang='lat' dir='ltr'><strong>est</strong></span> <span class='ocrx_word' id='word_1_510' title='bbox 1644 3990 1922 4044; x_wconf 69' lang='lat' dir='ltr'><strong>haeretico-</strong></span> 
     </span>
    </p>
   </div>
   <div class='ocr_carea' id='block_1_58' title="bbox 222 4074 1922 4141">
    <p class='ocr_par' dir='ltr' id='par_1_58' title="bbox 222 4074 1922 4141">
     <span class='ocr_line' id='line_1_71' title="bbox 222 4074 1922 4141; baseline 0.005 -18"><span class='ocrx_word' id='word_1_511' title='bbox 222 4085 423 4125; x_wconf 75' lang='lat' dir='ltr'><strong>rum</strong></span> <span class='ocrx_word' id='word_1_512' title='bbox 489 4087 692 4137; x_wconf 72' lang='lat' dir='ltr'><strong>voces,</strong></span> <span class='ocrx_word' id='word_1_513' title='bbox 730 4074 778 4127; x_wconf 88' lang='lat' dir='ltr'><strong>si</strong></span> <span class='ocrx_word' id='word_1_514' title='bbox 813 4075 1177 4129; x_wconf 85' lang='lat' dir='ltr'><strong>adhibeamus</strong></span> <span class='ocrx_word' id='word_1_515' title='bbox 1224 4076 1291 4128; x_wconf 88' lang='lat' dir='ltr'><strong>ad</strong></span> <span class='ocrx_word' id='word_1_516' title='bbox 1323 4075 1491 4130; x_wconf 88' lang='lat' dir='ltr'><strong>altare</strong></span> <span class='ocrx_word' id='word_1_517' title='bbox 1524 4076 1640 4141; x_wconf 89' lang='lat' dir='ltr'><strong>Dei,</strong></span> <span class='ocrx_word' id='word_1_518' title='bbox 1674 4077 1759 4131; x_wconf 86' lang='lat' dir='ltr'><strong>ubi</strong></span> <span class='ocrx_word' id='word_1_519' title='bbox 1787 4077 1922 4132; x_wconf 84' lang='lat' dir='ltr'><strong>divi-</strong></span> 
     </span>
    </p>
   </div>
   <div class='ocr_carea' id='block_1_59' title="bbox 215 4161 1917 4237">
    <p class='ocr_par' dir='ltr' id='par_1_59' title="bbox 215 4161 1917 4237">
     <span class='ocr_line' id='line_1_72' title="bbox 215 4161 1917 4237; baseline 0.005 -24"><span class='ocrx_word' id='word_1_520' title='bbox 215 4175 389 4215; x_wconf 82' lang='lat' dir='ltr'><strong>nus</strong></span> <span class='ocrx_word' id='word_1_521' title='bbox 439 4161 619 4229; x_wconf 81' lang='lat' dir='ltr'><strong>ignis</strong></span> <span class='ocrx_word' id='word_1_522' title='bbox 646 4172 756 4225; x_wconf 89' lang='lat' dir='ltr'><strong>e.-t,</strong></span> <span class='ocrx_word' id='word_1_523' title='bbox 807 4163 903 4216; x_wconf 93' lang='lat' dir='ltr'><strong>ubi</strong></span> <span class='ocrx_word' id='word_1_524' title='bbox 942 4177 1070 4216; x_wconf 85' lang='lat' dir='ltr'><strong>vera</strong></span> <span class='ocrx_word' id='word_1_525' title='bbox 1098 4161 1190 4215; x_wconf 85' lang='lat' dir='ltr'><strong>Dei</strong></span> <span class='ocrx_word' id='word_1_526' title='bbox 1226 4164 1559 4232; x_wconf 82' lang='lat' dir='ltr'><strong>praedicatio,</strong></span> <span class='ocrx_word' id='word_1_527' title='bbox 1589 4166 1777 4221; x_wconf 90' lang='lat' dir='ltr'><strong>melius</strong></span> <span class='ocrx_word' id='word_1_528' title='bbox 1806 4167 1917 4237; x_wconf 83' lang='lat' dir='ltr'><strong>ipsa</strong></span> 
     </span>
    </p>
   </div>
   <div class='ocr_carea' id='block_1_60' title="bbox 221 4247 1917 4321">
    <p class='ocr_par' dir='ltr' id='par_1_60' title="bbox 221 4247 1917 4321">
     <span class='ocr_line' id='line_1_73' title="bbox 221 4247 1917 4321; baseline 0.005 -24"><span class='ocrx_word' id='word_1_529' title='bbox 221 4247 547 4300; x_wconf 71' lang='lat' dir='ltr'><strong>veritas</strong></span> <span class='ocrx_word' id='word_1_530' title='bbox 567 4263 633 4301; x_wconf 80' lang='lat' dir='ltr'><strong>ex</strong></span> <span class='ocrx_word' id='word_1_531' title='bbox 661 4249 928 4302; x_wconf 89' lang='lat' dir='ltr'><strong>falsorum</strong></span> <span class='ocrx_word' id='word_1_532' title='bbox 955 4251 1364 4317; x_wconf 86' lang='lat' dir='ltr'><strong>comparatione</strong></span> <span class='ocrx_word' id='word_1_533' title='bbox 1401 4250 1642 4321; x_wconf 88' lang='lat' dir='ltr'><strong>fulgebit.</strong></span> <span class='ocrx_word' id='word_1_534' title='bbox 1676 4252 1731 4307; x_wconf 89' lang='lat' dir='ltr'><strong>Si</strong></span> <span class='ocrx_word' id='word_1_535' title='bbox 1753 4255 1917 4319; x_wconf 88' lang='lat' dir='ltr'><strong>enim,</strong></span> 
     </span>
    </p>
   </div>
   <div class='ocr_carea' id='block_1_61' title="bbox 220 4336 1922 4409">
    <p class='ocr_par' dir='ltr' id='par_1_61' title="bbox 220 4336 1922 4409">
     <span class='ocr_line' id='line_1_74' title="bbox 220 4336 1922 4409; baseline 0.006 -23"><span class='ocrx_word' id='word_1_536' title='bbox 220 4346 319 4386; x_wconf 69' lang='lat' dir='ltr'><strong>ut</strong></span> <span class='ocrx_word' id='word_1_537' title='bbox 362 4336 581 4390; x_wconf 73' lang='lat' dir='ltr'><strong>verbi</strong></span> <span class='ocrx_word' id='word_1_538' title='bbox 608 4338 781 4406; x_wconf 86' lang='lat' dir='ltr'><strong>gratia</strong></span> <span class='ocrx_word' id='word_1_539' title='bbox 840 4338 1046 4402; x_wconf 89' lang='lat' dir='ltr'><strong>dicam,</strong></span> <span class='ocrx_word' id='word_1_540' title='bbox 1081 4352 1277 4405; x_wconf 86' lang='lat' dir='ltr'><strong>ponant</strong></span> <span class='ocrx_word' id='word_1_541' title='bbox 1311 4339 1452 4392; x_wconf 86' lang='lat' dir='ltr'><strong>dicta</strong></span> <span class='ocrx_word' id='word_1_542' title='bbox 1489 4339 1795 4409; x_wconf 81' lang='lat' dir='ltr'><strong>Marcionis,</strong></span> <span class='ocrx_word' id='word_1_543' title='bbox 1831 4353 1922 4398; x_wconf 84' lang='lat' dir='ltr'><strong>aut</strong></span> 
     </span>
    </p>
   </div>
   <div class='ocr_carea' id='block_1_62' title="bbox 224 4424 1920 4497">
    <p class='ocr_par' dir='ltr' id='par_1_62' title="bbox 224 4424 1920 4497">
     <span class='ocr_line' id='line_1_75' title="bbox 224 4424 1920 4497; baseline 0.006 -20"><span class='ocrx_word' id='word_1_544' title='bbox 224 4424 614 4489; x_wconf 75' lang='lat' dir='ltr'><strong>Basilidis,</strong></span> <span class='ocrx_word' id='word_1_545' title='bbox 663 4436 758 4480; x_wconf 91' lang='lat' dir='ltr'><strong>aut</strong></span> <span class='ocrx_word' id='word_1_546' title='bbox 806 4426 1039 4480; x_wconf 89' lang='lat' dir='ltr'><strong>alterius</strong></span> <span class='ocrx_word' id='word_1_547' title='bbox 1086 4425 1377 4493; x_wconf 86' lang='lat' dir='ltr'><strong>cujuslibet</strong></span> <span class='ocrx_word' id='word_1_548' title='bbox 1426 4429 1687 4497; x_wconf 65' lang='lat' dir='ltr'><strong>haeretici,</strong></span> <span class='ocrx_word' id='word_1_549' title='bbox 1717 4443 1770 4486; x_wconf 92' lang='lat' dir='ltr'><strong>et</strong></span> <span class='ocrx_word' id='word_1_550' title='bbox 1801 4433 1920 4490; x_wconf 64' lang='lat' dir='ltr'><strong>haec</strong></span> 
     </span>
    </p>
   </div>
   <div class='ocr_carea' id='block_1_63' title="bbox 224 4509 1988 4581">
    <p class='ocr_par' dir='ltr' id='par_1_63' title="bbox 224 4509 1988 4581">
     <span class='ocr_line' id='line_1_76' title="bbox 224 4509 1988 4581; baseline 0.006 -16"><span class='ocrx_word' id='word_1_551' title='bbox 224 4515 682 4570; x_wconf 62' lang='lat' dir='ltr'><strong>sermonibus</strong></span> <span class='ocrx_word' id='word_1_552' title='bbox 742 4516 1000 4570; x_wconf 83' lang='lat' dir='ltr'><strong>veritatis</strong></span> <span class='ocrx_word' id='word_1_553' title='bbox 1050 4529 1118 4570; x_wconf 87' lang='lat' dir='ltr'><strong>ac</strong></span> <span class='ocrx_word' id='word_1_554' title='bbox 1156 4514 1562 4581; x_wconf 90' lang='lat' dir='ltr'><strong>Scripturarum</strong></span> <span class='ocrx_word' id='word_1_555' title='bbox 1614 4521 1911 4576; x_wconf 76' lang='lat' dir='ltr'><strong>divinarum</strong></span> <span class='ocrx_word' id='word_1_556' title='bbox 1948 4509 1988 4561; x_wconf 74' lang='grc' dir='ltr'><strong>θ</strong></span> 
     </span>
    </p>
   </div>
   <div class='ocr_carea' id='block_1_64' title="bbox 235 4602 1911 4675">
    <p class='ocr_par' dir='ltr' id='par_1_64' title="bbox 235 4602 1911 4675">
     <span class='ocr_line' id='line_1_77' title="bbox 235 4602 1911 4675; baseline 0.004 -18"><span class='ocrx_word' id='word_1_557' title='bbox 235 4602 678 4664; x_wconf 72' lang='lat' dir='ltr'><strong>testimoniis.</strong></span> <span class='ocrx_word' id='word_1_558' title='bbox 712 4604 864 4659; x_wconf 81' lang='lat' dir='ltr'><strong>velut</strong></span> <span class='ocrx_word' id='word_1_559' title='bbox 891 4604 1061 4658; x_wconf 79' lang='lat' dir='ltr'><strong>divini</strong></span> <span class='ocrx_word' id='word_1_560' title='bbox 1086 4602 1284 4656; x_wconf 88' lang='lat' dir='ltr'><strong>altaris</strong></span> <span class='ocrx_word' id='word_1_561' title='bbox 1311 4604 1432 4670; x_wconf 82' lang='lat' dir='ltr'><strong>igne</strong></span> <span class='ocrx_word' id='word_1_562' title='bbox 1455 4607 1748 4675; x_wconf 89' lang='lat' dir='ltr'><strong>confutem,</strong></span> <span class='ocrx_word' id='word_1_563' title='bbox 1781 4626 1911 4664; x_wconf 89' lang='lat' dir='ltr'><strong>non-</strong></span> 
     </span>
    </p>
   </div>
   <div class='ocr_carea' id='block_1_65' title="bbox 234 4689 1908 4768">
    <p class='ocr_par' dir='ltr' id='par_1_65' title="bbox 234 4689 1908 4768">
     <span class='ocr_line' id='line_1_78' title="bbox 234 4689 1908 4768; baseline 0.007 -26"><span class='ocrx_word' id='word_1_564' title='bbox 234 4705 340 4744; x_wconf 78' lang='lat' dir='ltr'><strong>ne</strong></span> <span class='ocrx_word' id='word_1_565' title='bbox 382 4689 736 4746; x_wconf 72' lang='lat' dir='ltr'><strong>evidentior</strong></span> <span class='ocrx_word' id='word_1_566' title='bbox 761 4706 957 4746; x_wconf 90' lang='lat' dir='ltr'><strong>eorum</strong></span> <span class='ocrx_word' id='word_1_567' title='bbox 998 4706 1070 4745; x_wconf 83' lang='lat' dir='ltr'><strong>ex</strong></span> <span class='ocrx_word' id='word_1_568' title='bbox 1102 4692 1224 4761; x_wconf 83' lang='lat' dir='ltr'><strong>ipsa</strong></span> <span class='ocrx_word' id='word_1_569' title='bbox 1255 4695 1655 4762; x_wconf 84' lang='lat' dir='ltr'><strong>comparatione</strong></span> <span class='ocrx_word' id='word_1_570' title='bbox 1684 4713 1908 4768; x_wconf 83' lang='lat' dir='ltr'><strong>appare-</strong></span> 
     </span>
    </p>
   </div>
   <div class='ocr_carea' id='block_1_66' title="bbox 236 4776 1910 4856">
    <p class='ocr_par' dir='ltr' id='par_1_66' title="bbox 236 4776 1910 4856">
     <span class='ocr_line' id='line_1_79' title="bbox 236 4776 1910 4856; baseline 0.006 -25"><span class='ocrx_word' id='word_1_571' title='bbox 236 4776 359 4831; x_wconf 70' lang='lat' dir='ltr'><strong>bit</strong></span> <span class='ocrx_word' id='word_1_572' title='bbox 408 4778 733 4843; x_wconf 78' lang='lat' dir='ltr'><strong>impietas?</strong></span> <span class='ocrx_word' id='word_1_573' title='bbox 763 4778 905 4832; x_wconf 80' lang='lat' dir='ltr'><strong>Nam</strong></span> <span class='ocrx_word' id='word_1_574' title='bbox 938 4778 986 4833; x_wconf 85' lang='lat' dir='ltr'><strong>si</strong></span> <span class='ocrx_word' id='word_1_575' title='bbox 1017 4779 1267 4832; x_wconf 85' lang='lat' dir='ltr'><strong>doctrina</strong></span> <span class='ocrx_word' id='word_1_576' title='bbox 1296 4780 1654 4838; x_wconf 65' lang='lat' dir='ltr'><strong>ecclesiastica</strong></span> <span class='ocrx_word' id='word_1_577' title='bbox 1683 4786 1910 4856; x_wconf 81' lang='lat' dir='ltr'><strong>simplex</strong></span> 
     </span>
    </p>
   </div>
   <div class='ocr_carea' id='block_1_67' title="bbox 234 4866 1906 4944">
    <p class='ocr_par' dir='ltr' id='par_1_67' title="bbox 234 4866 1906 4944">
     <span class='ocr_line' id='line_1_80' title="bbox 234 4866 1906 4944; baseline 0.007 -26"><span class='ocrx_word' id='word_1_578' title='bbox 234 4872 496 4930; x_wconf 71' lang='lat' dir='ltr'><strong>esset,</strong></span> <span class='ocrx_word' id='word_1_579' title='bbox 537 4873 589 4918; x_wconf 89' lang='lat' dir='ltr'><strong>et</strong></span> <span class='ocrx_word' id='word_1_580' title='bbox 620 4868 780 4924; x_wconf 88' lang='lat' dir='ltr'><strong>nullis</strong></span> <span class='ocrx_word' id='word_1_581' title='bbox 812 4868 1164 4923; x_wconf 87' lang='lat' dir='ltr'><strong>intrinsecus</strong></span> <span class='ocrx_word' id='word_1_582' title='bbox 1196 4866 1571 4924; x_wconf 71' lang='lat' dir='ltr'><strong>hatreticorum</strong></span> <span class='ocrx_word' id='word_1_583' title='bbox 1601 4873 1906 4944; x_wconf 88' lang='lat' dir='ltr'><strong>dogmatum</strong></span> 
     </span>
    </p>
   </div>
   <div class='ocr_carea' id='block_1_68' title="bbox 240 4955 1912 5031">
    <p class='ocr_par' dir='ltr' id='par_1_68' title="bbox 240 4955 1912 5031">
     <span class='ocr_line' id='line_1_81' title="bbox 240 4955 1912 5031; baseline 0.006 -22"><span class='ocrx_word' id='word_1_584' title='bbox 240 4955 717 5012; x_wconf 70' lang='lat' dir='ltr'><strong>assertionibus</strong></span> <span class='ocrx_word' id='word_1_585' title='bbox 765 4960 1119 5029; x_wconf 79' lang='lat' dir='ltr'><strong>cingeretur,</strong></span> <span class='ocrx_word' id='word_1_586' title='bbox 1173 4974 1286 5014; x_wconf 82' lang='lat' dir='ltr'><strong>non</strong></span> <span class='ocrx_word' id='word_1_587' title='bbox 1332 4969 1539 5026; x_wconf 85' lang='lat' dir='ltr'><strong>poterat</strong></span> <span class='ocrx_word' id='word_1_588' title='bbox 1581 4970 1687 5019; x_wconf 90' lang='lat' dir='ltr'><strong>tam</strong></span> <span class='ocrx_word' id='word_1_589' title='bbox 1735 4965 1912 5031; x_wconf 90' lang='lat' dir='ltr'><strong>clara,</strong></span> 
     </span>
    </p>
   </div>
   <div class='ocr_carea' id='block_1_69' title="bbox 234 5046 1911 5108">
    <p class='ocr_par' dir='ltr' id='par_1_69' title="bbox 234 5046 1911 5108">
     <span class='ocr_line' id='line_1_82' title="bbox 234 5046 1911 5108; baseline 0.007 -12"><span class='ocrx_word' id='word_1_590' title='bbox 234 5051 319 5096; x_wconf 70' lang='lat' dir='ltr'><strong>et</strong></span> <span class='ocrx_word' id='word_1_591' title='bbox 355 5052 528 5095; x_wconf 77' lang='lat' dir='ltr'><strong>tam</strong></span> <span class='ocrx_word' id='word_1_592' title='bbox 566 5046 868 5102; x_wconf 74' lang='lat' dir='ltr'><strong>examinata</strong></span> <span class='ocrx_word' id='word_1_593' title='bbox 904 5046 1092 5101; x_wconf 82' lang='lat' dir='ltr'><strong>videri</strong></span> <span class='ocrx_word' id='word_1_594' title='bbox 1142 5047 1286 5101; x_wconf 83' lang='lat' dir='ltr'><strong>ﬁdes</strong></span> <span class='ocrx_word' id='word_1_595' title='bbox 1315 5058 1516 5102; x_wconf 87' lang='lat' dir='ltr'><strong>nostra.</strong></span> <span class='ocrx_word' id='word_1_596' title='bbox 1557 5049 1663 5105; x_wconf 87' lang='lat' dir='ltr'><strong>Sed</strong></span> <span class='ocrx_word' id='word_1_597' title='bbox 1709 5052 1911 5108; x_wconf 88' lang='lat' dir='ltr'><strong>idcirco</strong></span> 
     </span>
    </p>
   </div>
   <div class='ocr_carea' id='block_1_70' title="bbox 244 5129 1907 5210">
    <p class='ocr_par' dir='ltr' id='par_1_70' title="bbox 244 5129 1907 5210">
     <span class='ocr_line' id='line_1_83' title="bbox 244 5129 1907 5210; baseline 0.009 -29"><span class='ocrx_word' id='word_1_598' title='bbox 244 5129 619 5189; x_wconf 75' lang='lat' dir='ltr'><strong>doctrinam</strong></span> <span class='ocrx_word' id='word_1_599' title='bbox 645 5137 986 5192; x_wconf 80' lang='lat' dir='ltr'><strong>catholicam</strong></span> <span class='ocrx_word' id='word_1_600' title='bbox 1031 5135 1526 5190; x_wconf 86' lang='lat' dir='ltr'><strong>contradicentium</strong></span> <span class='ocrx_word' id='word_1_601' title='bbox 1572 5139 1781 5195; x_wconf 90' lang='lat' dir='ltr'><strong>obsidet</strong></span> <span class='ocrx_word' id='word_1_602' title='bbox 1812 5157 1907 5210; x_wconf 88' lang='lat' dir='ltr'><strong>op-</strong></span> 
     </span>
    </p>
   </div>
   <div class='ocr_carea' id='block_1_71' title="bbox 236 5218 1906 5300">
    <p class='ocr_par' dir='ltr' id='par_1_71' title="bbox 236 5218 1906 5300">
     <span class='ocr_line' id='line_1_84' title="bbox 236 5218 1906 5300; baseline 0.003 -21"><span class='ocrx_word' id='word_1_603' title='bbox 236 5218 579 5289; x_wconf 66' lang='lat' dir='ltr'><strong>Pﬂsnalio,</strong></span> <span class='ocrx_word' id='word_1_604' title='bbox 625 5235 686 5282; x_wconf 77' lang='lat' dir='ltr'><strong>ut</strong></span> <span class='ocrx_word' id='word_1_605' title='bbox 734 5227 886 5282; x_wconf 83' lang='lat' dir='ltr'><strong>ﬁdes</strong></span> <span class='ocrx_word' id='word_1_606' title='bbox 941 5232 1161 5278; x_wconf 81' lang='lat' dir='ltr'><strong>nostra</strong></span> <span class='ocrx_word' id='word_1_607' title='bbox 1199 5240 1317 5280; x_wconf 83' lang='lat' dir='ltr'><strong>non</strong></span> <span class='ocrx_word' id='word_1_608' title='bbox 1355 5228 1460 5281; x_wconf 88' lang='lat' dir='ltr'><strong>otio</strong></span> <span class='ocrx_word' id='word_1_609' title='bbox 1490 5225 1600 5298; x_wconf 66' lang='lat'><strong>(92)</strong></span> <span class='ocrx_word' id='word_1_610' title='bbox 1643 5240 1906 5300; x_wconf 87' lang='lat' dir='ltr'><strong>torpescat</strong></span> 
     </span>
    </p>
   </div>
   <div class='ocr_carea' id='block_1_72' title="bbox 234 5305 1906 5387">
    <p class='ocr_par' dir='ltr' id='par_1_72' title="bbox 234 5305 1906 5387">
     <span class='ocr_line' id='line_1_85' title="bbox 234 5305 1906 5387; baseline 0.007 -26"><span class='ocrx_word' id='word_1_611' title='bbox 234 5305 375 5361; x_wconf 68' lang='lat' dir='ltr'><strong>sed</strong></span> <span class='ocrx_word' id='word_1_612' title='bbox 408 5316 690 5373; x_wconf 79' lang='lat' dir='ltr'><strong>exercitiis</strong></span> <span class='ocrx_word' id='word_1_613' title='bbox 716 5315 1021 5370; x_wconf 83' lang='lat' dir='ltr'><strong>elimetur.</strong></span> <span class='ocrx_word' id='word_1_614' title='bbox 1059 5308 1311 5380; x_wconf 86' lang='lat' dir='ltr'><strong>Propter</strong></span> <span class='ocrx_word' id='word_1_615' title='bbox 1332 5313 1430 5368; x_wconf 87' lang='lat' dir='ltr'><strong>hoc</strong></span> <span class='ocrx_word' id='word_1_616' title='bbox 1449 5315 1669 5384; x_wconf 87' lang='lat' dir='ltr'><strong>denique</strong></span> <span class='ocrx_word' id='word_1_617' title='bbox 1690 5328 1746 5371; x_wconf 93' lang='lat' dir='ltr'><strong>et</strong></span> <span class='ocrx_word' id='word_1_618' title='bbox 1767 5319 1906 5387; x_wconf 85' lang='lat' dir='ltr'><strong>Apo-</strong></span> 
     </span>
    </p>
   </div>
   <div class='ocr_carea' id='block_1_73' title="bbox 222 5388 1902 5468">
    <p class='ocr_par' dir='ltr' id='par_1_73' title="bbox 222 5388 1902 5468">
     <span class='ocr_line' id='line_1_86' title="bbox 222 5388 1902 5468; baseline 0.013 -29"><span class='ocrx_word' id='word_1_619' title='bbox 222 5388 475 5444; x_wconf 70' lang='grc' dir='ltr'><strong>ειοιυε</strong></span> <span class='ocrx_word' id='word_1_620' title='bbox 503 5395 705 5462; x_wconf 60' lang='lat' dir='ltr'><strong>dicebat</strong></span> <span class='ocrx_word' id='word_1_621' title='bbox 732 5403 761 5435; x_wconf 76' lang='grc' dir='ltr'><strong><em>ο</em></strong></span> <span class='ocrx_word' id='word_1_622' title='bbox 789 5417 810 5454; x_wconf 86' lang='lat'><strong><em>:</em></strong></span> <span class='ocrx_word' id='word_1_623' title='bbox 853 5417 879 5452; x_wconf 72' lang='grc' dir='ltr'><strong><em>ι</em></strong></span> <span class='ocrx_word' id='word_1_624' title='bbox 909 5397 1179 5467; x_wconf 89' lang='lat' dir='ltr'><strong>Oportet</strong></span> <span class='ocrx_word' id='word_1_625' title='bbox 1209 5406 1388 5455; x_wconf 81' lang='lat' dir='ltr'><strong>autem</strong></span> <span class='ocrx_word' id='word_1_626' title='bbox 1416 5408 1464 5454; x_wconf 88' lang='lat' dir='ltr'><strong>et</strong></span> <span class='ocrx_word' id='word_1_627' title='bbox 1505 5402 1735 5459; x_wconf 80' lang='lat' dir='ltr'><strong>haereses</strong></span> <span class='ocrx_word' id='word_1_628' title='bbox 1761 5420 1902 5468; x_wconf 87' lang='lat' dir='ltr'><strong>esse,</strong></span> 
     </span>
    </p>
   </div>
   <div class='ocr_carea' id='block_1_74' title="bbox 217 5474 1906 5565">
    <p class='ocr_par' dir='ltr' id='par_1_74' title="bbox 217 5474 1906 5565">
     <span class='ocr_line' id='line_1_87' title="bbox 217 5474 1906 5565; baseline 0.014 -37"><span class='ocrx_word' id='word_1_629' title='bbox 217 5485 295 5528; x_wconf 77' lang='lat' dir='ltr'><strong>ut</strong></span> <span class='ocrx_word' id='word_1_630' title='bbox 338 5475 565 5551; x_wconf 64' lang='lat' dir='ltr'><strong>prubm-</strong></span> <span class='ocrx_word' id='word_1_631' title='bbox 617 5490 850 5565; x_wconf 65' lang='lat' dir='ltr'><strong>quique</strong></span> <span class='ocrx_word' id='word_1_632' title='bbox 910 5474 1236 5541; x_wconf 75' lang='lat' dir='ltr'><strong>manifesti</strong></span> <span class='ocrx_word' id='word_1_633' title='bbox 1273 5485 1398 5542; x_wconf 88' lang='lat' dir='ltr'><strong>ﬁant</strong></span> <span class='ocrx_word' id='word_1_634' title='bbox 1443 5491 1578 5545; x_wconf 90' lang='lat' dir='ltr'><strong>inter</strong></span> <span class='ocrx_word' id='word_1_635' title='bbox 1606 5509 1760 5549; x_wconf 63' lang='lat' dir='ltr'><strong>vos.»</strong></span> <span class='ocrx_word' id='word_1_636' title='bbox 1796 5495 1906 5551; x_wconf 87' lang='lat' dir='ltr'><strong>lloc</strong></span> 
     </span>
    </p>
   </div>
   <div class='ocr_carea' id='block_1_75' title="bbox 304 5602 803 5697">
    <p class='ocr_par' dir='ltr' id='par_1_75' title="bbox 304 5602 803 5697">
     <span class='ocr_line' id='line_1_88' title="bbox 304 5602 803 5697; baseline 0.042 -64"><span class='ocrx_word' id='word_1_637' title='bbox 304 5603 338 5634; x_wconf 67' lang='grc' dir='ltr'><em>ι</em></span> <span class='ocrx_word' id='word_1_638' title='bbox 347 5602 513 5690; x_wconf 46' lang='grc' dir='ltr'><strong>Νηιη.</strong></span> <span class='ocrx_word' id='word_1_639' title='bbox 541 5651 576 5688; x_wconf 53' lang='grc' dir='ltr'><strong><em>ι</em></strong></span> <span class='ocrx_word' id='word_1_640' title='bbox 585 5649 668 5697; x_wconf 55' lang='grc' dir='ltr'><strong>η,</strong></span> <span class='ocrx_word' id='word_1_641' title='bbox 697 5628 803 5683; x_wconf 54' lang='grc'><strong>58⁸</strong></span> 
     </span>
    </p>
   </div>
   <div class='ocr_carea' id='block_1_76' title="bbox 2036 2032 3569 2106">
    <p class='ocr_par' dir='ltr' id='par_1_76' title="bbox 2036 2032 3569 2106">
     <span class='ocr_line' id='line_1_89' title="bbox 2036 2032 3569 2106; baseline -0.005 -16"><span class='ocrx_word' id='word_1_642' title='bbox 2036 2037 2328 2091; x_wconf 79' lang='lat' dir='ltr'><strong>inﬁdelium</strong></span> <span class='ocrx_word' id='word_1_643' title='bbox 2359 2038 2660 2106; x_wconf 88' lang='lat' dir='ltr'><strong>reprobatio</strong></span> <span class='ocrx_word' id='word_1_644' title='bbox 2687 2048 2739 2092; x_wconf 90' lang='lat' dir='ltr'><strong>et</strong></span> <span class='ocrx_word' id='word_1_645' title='bbox 2783 2049 2936 2103; x_wconf 65' lang='lat' dir='ltr'><strong>poena</strong></span> <span class='ocrx_word' id='word_1_646' title='bbox 2976 2037 3326 2092; x_wconf 85' lang='lat' dir='ltr'><strong>commendet.</strong></span> <span class='ocrx_word' id='word_1_647' title='bbox 3369 2032 3473 2087; x_wconf 86' lang='lat' dir='ltr'><strong>Sed</strong></span> <span class='ocrx_word' id='word_1_648' title='bbox 3502 2047 3569 2084; x_wconf 75' lang='lat' dir='ltr'><strong>ex</strong></span> 
     </span>
    </p>
   </div>
   <div class='ocr_carea' id='block_1_77' title="bbox 2037 2120 3571 2200">
    <p class='ocr_par' dir='ltr' id='par_1_77' title="bbox 2037 2120 3571 2200">
     <span class='ocr_line' id='line_1_90' title="bbox 2037 2120 3571 2200; baseline -0.004 -22"><span class='ocrx_word' id='word_1_649' title='bbox 2037 2125 2104 2179; x_wconf 85' lang='lat' dir='ltr'><strong>iis</strong></span> <span class='ocrx_word' id='word_1_650' title='bbox 2132 2138 2251 2192; x_wconf 61' lang='lat' dir='ltr'><strong>qua;</strong></span> <span class='ocrx_word' id='word_1_651' title='bbox 2298 2126 2541 2195; x_wconf 84' lang='lat' dir='ltr'><strong>legimus,</strong></span> <span class='ocrx_word' id='word_1_652' title='bbox 2594 2127 2793 2200; x_wconf 76' lang='lat' dir='ltr'><strong>singuli</strong></span> <span class='ocrx_word' id='word_1_653' title='bbox 2850 2129 3046 2198; x_wconf 86' lang='lat' dir='ltr'><strong>quique</strong></span> <span class='ocrx_word' id='word_1_654' title='bbox 3084 2126 3349 2193; x_wconf 79' lang='lat' dir='ltr'><strong>iustorum</strong></span> <span class='ocrx_word' id='word_1_655' title='bbox 3402 2120 3571 2188; x_wconf 83' lang='lat' dir='ltr'><strong>magis</strong></span> 
     </span>
    </p>
   </div>
   <div class='ocr_carea' id='block_1_78' title="bbox 2032 2208 3568 2284">
    <p class='ocr_par' dir='ltr' id='par_1_78' title="bbox 2032 2208 3568 2284">
     <span class='ocr_line' id='line_1_91' title="bbox 2032 2208 3568 2284; baseline -0.006 -16"><span class='ocrx_word' id='word_1_656' title='bbox 2032 2229 2101 2268; x_wconf 80' lang='lat' dir='ltr'><strong>ex</strong></span> <span class='ocrx_word' id='word_1_657' title='bbox 2143 2217 2538 2284; x_wconf 89' lang='lat' dir='ltr'><strong>comparatione</strong></span> <span class='ocrx_word' id='word_1_658' title='bbox 2587 2225 2899 2272; x_wconf 59' lang='lat' dir='ltr'><strong>ceterorum</strong></span> <span class='ocrx_word' id='word_1_659' title='bbox 2933 2218 3060 2271; x_wconf 88' lang='lat' dir='ltr'><strong>clari</strong></span> <span class='ocrx_word' id='word_1_660' title='bbox 3107 2215 3354 2269; x_wconf 81' lang='lat' dir='ltr'><strong>videntur</strong></span> <span class='ocrx_word' id='word_1_661' title='bbox 3402 2208 3568 2265; x_wconf 84' lang='lat' dir='ltr'><strong>habtti</strong></span> 
     </span>
    </p>
   </div>
   <div class='ocr_carea' id='block_1_79' title="bbox 2034 2298 3568 2376">
    <p class='ocr_par' dir='ltr' id='par_1_79' title="bbox 2034 2298 3568 2376">
     <span class='ocr_line' id='line_1_92' title="bbox 2034 2298 3568 2376; baseline -0.004 -19"><span class='ocrx_word' id='word_1_662' title='bbox 2034 2304 2171 2374; x_wconf 81' lang='lat' dir='ltr'><strong>apud</strong></span> <span class='ocrx_word' id='word_1_663' title='bbox 2198 2305 2385 2361; x_wconf 88' lang='lat' dir='ltr'><strong>Deum.</strong></span> <span class='ocrx_word' id='word_1_664' title='bbox 2426 2307 2668 2376; x_wconf 85' lang='lat' dir='ltr'><strong>Denique</strong></span> <span class='ocrx_word' id='word_1_665' title='bbox 2696 2308 2760 2362; x_wconf 87' lang='lat' dir='ltr'><strong>de</strong></span> <span class='ocrx_word' id='word_1_666' title='bbox 2788 2307 2897 2363; x_wconf 84' lang='lat' dir='ltr'><strong>Noe</strong></span> <span class='ocrx_word' id='word_1_667' title='bbox 2922 2307 3175 2375; x_wconf 85' lang='lat' dir='ltr'><strong>scriptum</strong></span> <span class='ocrx_word' id='word_1_668' title='bbox 3205 2311 3290 2358; x_wconf 84' lang='lat' dir='ltr'><strong>est</strong></span> <span class='ocrx_word' id='word_1_669' title='bbox 3314 2303 3378 2365; x_wconf 73' lang='grc'><strong>⁸⁸,</strong></span> <span class='ocrx_word' id='word_1_670' title='bbox 3426 2298 3568 2368; x_wconf 89' lang='lat' dir='ltr'><strong>quod</strong></span> 
     </span>
    </p>
   </div>
   <div class='ocr_carea' id='block_1_80' title="bbox 2031 2388 3567 2464">
    <p class='ocr_par' dir='ltr' id='par_1_80' title="bbox 2031 2388 3567 2464">
     <span class='ocr_line' id='line_1_93' title="bbox 2031 2388 3567 2464; baseline -0.004 -19"><span class='ocrx_word' id='word_1_671' title='bbox 2031 2402 2174 2448; x_wconf 85' lang='lat' dir='ltr'><strong>esset</strong></span> <span class='ocrx_word' id='word_1_672' title='bbox 2193 2391 2370 2459; x_wconf 79' lang='lat' dir='ltr'><strong>justus</strong></span> <span class='ocrx_word' id='word_1_673' title='bbox 2396 2401 2449 2448; x_wconf 87' lang='lat' dir='ltr'><strong>et</strong></span> <span class='ocrx_word' id='word_1_674' title='bbox 2481 2397 2747 2463; x_wconf 87' lang='lat' dir='ltr'><strong>perfectus</strong></span> <span class='ocrx_word' id='word_1_675' title='bbox 2775 2397 2826 2449; x_wconf 89' lang='lat' dir='ltr'><strong>in</strong></span> <span class='ocrx_word' id='word_1_676' title='bbox 2856 2394 3202 2464; x_wconf 85' lang='lat' dir='ltr'><strong>generatione</strong></span> <span class='ocrx_word' id='word_1_677' title='bbox 3225 2405 3340 2445; x_wconf 87' lang='lat' dir='ltr'><strong>sua.</strong></span> <span class='ocrx_word' id='word_1_678' title='bbox 3377 2388 3435 2442; x_wconf 91' lang='lat' dir='ltr'><strong>ln</strong></span> <span class='ocrx_word' id='word_1_679' title='bbox 3460 2398 3567 2453; x_wconf 86' lang='lat' dir='ltr'><strong>quo</strong></span> 
     </span>
    </p>
   </div>
   <div class='ocr_carea' id='block_1_81' title="bbox 2030 2476 3565 2552">
    <p class='ocr_par' dir='ltr' id='par_1_81' title="bbox 2030 2476 3565 2552">
     <span class='ocr_line' id='line_1_94' title="bbox 2030 2476 3565 2552; baseline -0.004 -18"><span class='ocrx_word' id='word_1_680' title='bbox 2030 2481 2330 2539; x_wconf 88' lang='lat' dir='ltr'><strong>ostenditur</strong></span> <span class='ocrx_word' id='word_1_681' title='bbox 2374 2484 2512 2550; x_wconf 90' lang='lat' dir='ltr'><strong>quod</strong></span> <span class='ocrx_word' id='word_1_682' title='bbox 2561 2499 2666 2538; x_wconf 90' lang='lat' dir='ltr'><strong>non</strong></span> <span class='ocrx_word' id='word_1_683' title='bbox 2713 2499 2776 2537; x_wconf 79' lang='lat' dir='ltr'><strong>ex</strong></span> <span class='ocrx_word' id='word_1_684' title='bbox 2812 2486 3021 2552; x_wconf 81' lang='lat' dir='ltr'><strong>integro</strong></span> <span class='ocrx_word' id='word_1_685' title='bbox 3066 2480 3349 2551; x_wconf 87' lang='lat' dir='ltr'><strong>perfectus,</strong></span> <span class='ocrx_word' id='word_1_686' title='bbox 3384 2477 3477 2531; x_wconf 82' lang='lat' dir='ltr'><strong>sed</strong></span> <span class='ocrx_word' id='word_1_687' title='bbox 3510 2476 3565 2531; x_wconf 90' lang='lat' dir='ltr'><strong>iu</strong></span> 
     </span>
    </p>
   </div>
   <div class='ocr_carea' id='block_1_82' title="bbox 2030 2564 3571 2637">
    <p class='ocr_par' dir='ltr' id='par_1_82' title="bbox 2030 2564 3571 2637">
     <span class='ocr_line' id='line_1_95' title="bbox 2030 2564 3571 2637; baseline -0.006 -16"><span class='ocrx_word' id='word_1_688' title='bbox 2030 2569 2375 2637; x_wconf 86' lang='lat' dir='ltr'><strong>generatione</strong></span> <span class='ocrx_word' id='word_1_689' title='bbox 2419 2584 2513 2622; x_wconf 87' lang='lat' dir='ltr'><strong>sua</strong></span> <span class='ocrx_word' id='word_1_690' title='bbox 2565 2570 2831 2637; x_wconf 87' lang='lat' dir='ltr'><strong>perfectus</strong></span> <span class='ocrx_word' id='word_1_691' title='bbox 2882 2567 3066 2629; x_wconf 88' lang='lat' dir='ltr'><strong>fuerit,</strong></span> <span class='ocrx_word' id='word_1_692' title='bbox 3111 2573 3167 2619; x_wconf 89' lang='lat' dir='ltr'><strong>et</strong></span> <span class='ocrx_word' id='word_1_693' title='bbox 3192 2564 3258 2619; x_wconf 90' lang='lat' dir='ltr'><strong>ad</strong></span> <span class='ocrx_word' id='word_1_694' title='bbox 3289 2574 3571 2630; x_wconf 75' lang='lat' dir='ltr'><strong>compara-</strong></span> 
     </span>
    </p>
   </div>
   <div class='ocr_carea' id='block_1_83' title="bbox 2032 2646 3571 2723">
    <p class='ocr_par' dir='ltr' id='par_1_83' title="bbox 2032 2646 3571 2723">
     <span class='ocr_line' id='line_1_96' title="bbox 2032 2646 3571 2723; baseline -0.005 -16"><span class='ocrx_word' id='word_1_695' title='bbox 2032 2656 2225 2709; x_wconf 90' lang='lat' dir='ltr'><strong>tionem</strong></span> <span class='ocrx_word' id='word_1_696' title='bbox 2254 2664 2567 2709; x_wconf 62' lang='lat' dir='ltr'><strong>esterorum</strong></span> <span class='ocrx_word' id='word_1_697' title='bbox 2607 2655 2781 2723; x_wconf 89' lang='lat' dir='ltr'><strong>justus</strong></span> <span class='ocrx_word' id='word_1_698' title='bbox 2829 2653 3199 2722; x_wconf 86' lang='lat' dir='ltr'><strong>pronuntiatus</strong></span> <span class='ocrx_word' id='word_1_699' title='bbox 3244 2650 3335 2706; x_wconf 84' lang='lat' dir='ltr'><strong>sit.</strong></span> <span class='ocrx_word' id='word_1_700' title='bbox 3394 2646 3571 2702; x_wconf 84' lang='lat' dir='ltr'><strong>Simili</strong></span> 
     </span>
    </p>
   </div>
   <div class='ocr_carea' id='block_1_84' title="bbox 2030 2738 3563 2812">
    <p class='ocr_par' dir='ltr' id='par_1_84' title="bbox 2030 2738 3563 2812">
     <span class='ocr_line' id='line_1_97' title="bbox 2030 2738 3563 2812; baseline -0.007 -16"><span class='ocrx_word' id='word_1_701' title='bbox 2030 2745 2184 2799; x_wconf 86' lang='lat' dir='ltr'><strong>modo</strong></span> <span class='ocrx_word' id='word_1_702' title='bbox 2218 2753 2344 2812; x_wconf 89' lang='lat' dir='ltr'><strong>puto</strong></span> <span class='ocrx_word' id='word_1_703' title='bbox 2369 2745 2529 2798; x_wconf 87' lang='lat' dir='ltr'><strong>etiam</strong></span> <span class='ocrx_word' id='word_1_704' title='bbox 2581 2744 2646 2798; x_wconf 89' lang='lat' dir='ltr'><strong>de</strong></span> <span class='ocrx_word' id='word_1_705' title='bbox 2693 2744 2792 2797; x_wconf 88' lang='lat' dir='ltr'><strong>Lot</strong></span> <span class='ocrx_word' id='word_1_706' title='bbox 2826 2743 3144 2797; x_wconf 87' lang='lat' dir='ltr'><strong>habendum.</strong></span> <span class='ocrx_word' id='word_1_707' title='bbox 3186 2739 3395 2805; x_wconf 87' lang='lat' dir='ltr'><strong>Quanto</strong></span> <span class='ocrx_word' id='word_1_708' title='bbox 3422 2738 3563 2790; x_wconf 87' lang='lat' dir='ltr'><strong>enim</strong></span> 
     </span>
    </p>
   </div>
   <div class='ocr_carea' id='block_1_85' title="bbox 2029 2821 3567 2899">
    <p class='ocr_par' dir='ltr' id='par_1_85' title="bbox 2029 2821 3567 2899">
     <span class='ocr_line' id='line_1_98' title="bbox 2029 2821 3567 2899; baseline -0.006 -17"><span class='ocrx_word' id='word_1_709' title='bbox 2029 2830 2318 2885; x_wconf 89' lang='lat' dir='ltr'><strong>deteriores</strong></span> <span class='ocrx_word' id='word_1_710' title='bbox 2343 2831 2580 2899; x_wconf 88' lang='lat' dir='ltr'><strong>quotidie</strong></span> <span class='ocrx_word' id='word_1_711' title='bbox 2609 2830 2806 2885; x_wconf 82' lang='lat' dir='ltr'><strong>fiebant</strong></span> <span class='ocrx_word' id='word_1_712' title='bbox 2838 2828 3143 2892; x_wconf 60' lang='lat' dir='ltr'><strong>Sodomitas,</strong></span> <span class='ocrx_word' id='word_1_713' title='bbox 3189 2834 3338 2879; x_wconf 91' lang='lat' dir='ltr'><strong>tanto</strong></span> <span class='ocrx_word' id='word_1_714' title='bbox 3370 2824 3457 2877; x_wconf 90' lang='lat' dir='ltr'><strong>ille</strong></span> <span class='ocrx_word' id='word_1_715' title='bbox 3481 2821 3567 2888; x_wconf 89' lang='lat' dir='ltr'><strong>ju-</strong></span> 
     </span>
    </p>
   </div>
   <div class='ocr_carea' id='block_1_86' title="bbox 2028 2912 3562 2991">
    <p class='ocr_par' dir='ltr' id='par_1_86' title="bbox 2028 2912 3562 2991">
     <span class='ocr_line' id='line_1_99' title="bbox 2028 2912 3562 2991; baseline -0.008 -16"><span class='ocrx_word' id='word_1_716' title='bbox 2028 2922 2160 2976; x_wconf 90' lang='lat' dir='ltr'><strong>stior</strong></span> <span class='ocrx_word' id='word_1_717' title='bbox 2187 2923 2498 2991; x_wconf 84' lang='lat' dir='ltr'><strong>apparebat.</strong></span> <span class='ocrx_word' id='word_1_718' title='bbox 2538 2920 2643 2975; x_wconf 89' lang='lat' dir='ltr'><strong>Sed</strong></span> <span class='ocrx_word' id='word_1_719' title='bbox 2675 2931 2727 2973; x_wconf 88' lang='lat' dir='ltr'><strong>et</strong></span> <span class='ocrx_word' id='word_1_720' title='bbox 2756 2920 2807 2972; x_wconf 91' lang='lat' dir='ltr'><strong>in</strong></span> <span class='ocrx_word' id='word_1_721' title='bbox 2836 2922 2933 2974; x_wconf 90' lang='lat' dir='ltr'><strong>hoc</strong></span> <span class='ocrx_word' id='word_1_722' title='bbox 2964 2920 3081 2987; x_wconf 92' lang='lat' dir='ltr'><strong>ipso</strong></span> <span class='ocrx_word' id='word_1_723' title='bbox 3115 2917 3248 2970; x_wconf 90' lang='lat' dir='ltr'><strong>libro</strong></span> <span class='ocrx_word' id='word_1_724' title='bbox 3277 2928 3429 2983; x_wconf 89' lang='lat' dir='ltr'><strong>quem</strong></span> <span class='ocrx_word' id='word_1_725' title='bbox 3464 2912 3562 2965; x_wconf 79' lang='lat' dir='ltr'><strong>Ita-</strong></span> 
     </span>
    </p>
   </div>
   <div class='ocr_carea' id='block_1_87' title="bbox 2027 3001 3563 3079">
    <p class='ocr_par' dir='ltr' id='par_1_87' title="bbox 2027 3001 3563 3079">
     <span class='ocr_line' id='line_1_100' title="bbox 2027 3001 3563 3079; baseline -0.008 -14"><span class='ocrx_word' id='word_1_726' title='bbox 2027 3012 2211 3066; x_wconf 81' lang='lat' dir='ltr'><strong>bemus</strong></span> <span class='ocrx_word' id='word_1_727' title='bbox 2244 3011 2294 3065; x_wconf 92' lang='lat' dir='ltr'><strong>in</strong></span> <span class='ocrx_word' id='word_1_728' title='bbox 2345 3011 2612 3076; x_wconf 89' lang='lat' dir='ltr'><strong>manibus,</strong></span> <span class='ocrx_word' id='word_1_729' title='bbox 2666 3023 2785 3063; x_wconf 90' lang='lat' dir='ltr'><strong>cum</strong></span> <span class='ocrx_word' id='word_1_730' title='bbox 2831 3008 3052 3079; x_wconf 84' lang='lat' dir='ltr'><strong>ingressi</strong></span> <span class='ocrx_word' id='word_1_731' title='bbox 3080 3017 3259 3061; x_wconf 83' lang='lat' dir='ltr'><strong>essent</strong></span> <span class='ocrx_word' id='word_1_732' title='bbox 3297 3004 3331 3056; x_wconf 90' lang='lat' dir='ltr'><strong>ii</strong></span> <span class='ocrx_word' id='word_1_733' title='bbox 3360 3002 3449 3069; x_wconf 89' lang='lat' dir='ltr'><strong>qui</strong></span> <span class='ocrx_word' id='word_1_734' title='bbox 3480 3001 3563 3054; x_wconf 90' lang='lat' dir='ltr'><strong>in-</strong></span> 
     </span>
    </p>
   </div>
   <div class='ocr_carea' id='block_1_88' title="bbox 2024 3091 3567 3169">
    <p class='ocr_par' dir='ltr' id='par_1_88' title="bbox 2024 3091 3567 3169">
     <span class='ocr_line' id='line_1_101' title="bbox 2024 3091 3567 3169; baseline -0.007 -16"><span class='ocrx_word' id='word_1_735' title='bbox 2024 3108 2306 3169; x_wconf 82' lang='lat' dir='ltr'><strong>spexerant</strong></span> <span class='ocrx_word' id='word_1_736' title='bbox 2334 3109 2524 3157; x_wconf 84' lang='lat' dir='ltr'><strong>terram</strong></span> <span class='ocrx_word' id='word_1_737' title='bbox 2551 3099 2616 3164; x_wconf 85' lang='lat'><strong>“,</strong></span> <span class='ocrx_word' id='word_1_738' title='bbox 2639 3109 2692 3155; x_wconf 90' lang='lat' dir='ltr'><strong>et</strong></span> <span class='ocrx_word' id='word_1_739' title='bbox 2713 3100 2893 3155; x_wconf 90' lang='lat' dir='ltr'><strong>decem</strong></span> <span class='ocrx_word' id='word_1_740' title='bbox 2921 3112 2984 3151; x_wconf 82' lang='lat' dir='ltr'><strong>ex</strong></span> <span class='ocrx_word' id='word_1_741' title='bbox 3010 3097 3075 3152; x_wconf 91' lang='lat' dir='ltr'><strong>iis</strong></span> <span class='ocrx_word' id='word_1_742' title='bbox 3098 3091 3418 3149; x_wconf 89' lang='lat' dir='ltr'><strong>meticulosis</strong></span> <span class='ocrx_word' id='word_1_743' title='bbox 3448 3104 3567 3143; x_wconf 82' lang='lat' dir='ltr'><strong>ser-</strong></span> 
     </span>
    </p>
   </div>
   <div class='ocr_carea' id='block_1_89' title="bbox 2025 3180 3564 3257">
    <p class='ocr_par' dir='ltr' id='par_1_89' title="bbox 2025 3180 3564 3257">
     <span class='ocr_line' id='line_1_102' title="bbox 2025 3180 3564 3257; baseline -0.006 -18"><span class='ocrx_word' id='word_1_744' title='bbox 2025 3187 2267 3242; x_wconf 90' lang='lat' dir='ltr'><strong>monibus</strong></span> <span class='ocrx_word' id='word_1_745' title='bbox 2287 3187 2707 3252; x_wconf 87' lang='lat' dir='ltr'><strong>desperationem</strong></span> <span class='ocrx_word' id='word_1_746' title='bbox 2736 3186 2912 3257; x_wconf 89' lang='lat' dir='ltr'><strong>populi</strong></span> <span class='ocrx_word' id='word_1_747' title='bbox 2942 3186 3307 3246; x_wconf 88' lang='lat' dir='ltr'><strong>incussissent,</strong></span> <span class='ocrx_word' id='word_1_748' title='bbox 3340 3180 3447 3233; x_wconf 90' lang='lat' dir='ltr'><strong>duo</strong></span> <span class='ocrx_word' id='word_1_749' title='bbox 3471 3191 3564 3231; x_wconf 74' lang='lat' dir='ltr'><strong>re-</strong></span> 
     </span>
    </p>
   </div>
   <div class='ocr_carea' id='block_1_90' title="bbox 2027 3272 3571 3346">
    <p class='ocr_par' dir='ltr' id='par_1_90' title="bbox 2027 3272 3571 3346">
     <span class='ocr_line' id='line_1_103' title="bbox 2027 3272 3571 3346; baseline -0.005 -15"><span class='ocrx_word' id='word_1_750' title='bbox 2027 3293 2086 3331; x_wconf 87' lang='lat' dir='ltr'><strong>ro</strong></span> <span class='ocrx_word' id='word_1_751' title='bbox 2132 3278 2344 3346; x_wconf 92' lang='lat' dir='ltr'><strong>reliqui,</strong></span> <span class='ocrx_word' id='word_1_752' title='bbox 2374 3277 2427 3330; x_wconf 90' lang='lat' dir='ltr'><strong>id</strong></span> <span class='ocrx_word' id='word_1_753' title='bbox 2455 3284 2536 3332; x_wconf 88' lang='lat' dir='ltr'><strong>est</strong></span> <span class='ocrx_word' id='word_1_754' title='bbox 2565 3276 2725 3332; x_wconf 90' lang='lat' dir='ltr'><strong>Caleb</strong></span> <span class='ocrx_word' id='word_1_755' title='bbox 2756 3286 2810 3332; x_wconf 91' lang='lat' dir='ltr'><strong>et</strong></span> <span class='ocrx_word' id='word_1_756' title='bbox 2838 3276 3022 3341; x_wconf 82' lang='lat' dir='ltr'><strong>Josue,</strong></span> <span class='ocrx_word' id='word_1_757' title='bbox 3057 3276 3191 3330; x_wconf 89' lang='lat' dir='ltr'><strong>bona</strong></span> <span class='ocrx_word' id='word_1_758' title='bbox 3227 3272 3571 3336; x_wconf 68' lang='lat' dir='ltr'><strong>nuntiarent,</strong></span> 
     </span>
    </p>
   </div>
   <div class='ocr_carea' id='block_1_91' title="bbox 2023 3361 3554 3434">
    <p class='ocr_par' dir='ltr' id='par_1_91' title="bbox 2023 3361 3554 3434">
     <span class='ocr_line' id='line_1_104' title="bbox 2023 3361 3554 3434; baseline -0.005 -15"><span class='ocrx_word' id='word_1_759' title='bbox 2023 3378 2078 3421; x_wconf 91' lang='lat' dir='ltr'><strong>et</strong></span> <span class='ocrx_word' id='word_1_760' title='bbox 2123 3367 2466 3421; x_wconf 85' lang='lat' dir='ltr'><strong>hortarentur</strong></span> <span class='ocrx_word' id='word_1_761' title='bbox 2515 3365 2764 3434; x_wconf 87' lang='lat' dir='ltr'><strong>populum</strong></span> <span class='ocrx_word' id='word_1_762' title='bbox 2816 3378 3128 3433; x_wconf 88' lang='lat' dir='ltr'><strong>permanere</strong></span> <span class='ocrx_word' id='word_1_763' title='bbox 3175 3363 3229 3418; x_wconf 89' lang='lat' dir='ltr'><strong>in</strong></span> <span class='ocrx_word' id='word_1_764' title='bbox 3260 3361 3554 3431; x_wconf 51' lang='lat' dir='ltr'><strong>proposito,</strong></span> 
     </span>
    </p>
   </div>
   <div class='ocr_carea' id='block_1_92' title="bbox 2026 3452 3559 3509">
    <p class='ocr_par' dir='ltr' id='par_1_92' title="bbox 2026 3452 3559 3509">
     <span class='ocr_line' id='line_1_105' title="bbox 2026 3452 3559 3509; baseline -0.003 -2"><span class='ocrx_word' id='word_1_765' title='bbox 2026 3455 2325 3509; x_wconf 86' lang='lat' dir='ltr'><strong>immortale</strong></span> <span class='ocrx_word' id='word_1_766' title='bbox 2353 3456 2432 3509; x_wconf 92' lang='lat' dir='ltr'><strong>eis</strong></span> <span class='ocrx_word' id='word_1_767' title='bbox 2461 3470 2489 3508; x_wconf 88' lang='lat' dir='ltr'><strong>a</strong></span> <span class='ocrx_word' id='word_1_768' title='bbox 2527 3454 2751 3508; x_wconf 90' lang='lat' dir='ltr'><strong>Domino</strong></span> <span class='ocrx_word' id='word_1_769' title='bbox 2778 3455 3022 3507; x_wconf 88' lang='lat' dir='ltr'><strong>meritum</strong></span> <span class='ocrx_word' id='word_1_770' title='bbox 3048 3452 3272 3506; x_wconf 86' lang='lat' dir='ltr'><strong>contulit</strong></span> <span class='ocrx_word' id='word_1_771' title='bbox 3304 3467 3408 3505; x_wconf 90' lang='lat' dir='ltr'><strong>non</strong></span> <span class='ocrx_word' id='word_1_772' title='bbox 3443 3460 3559 3503; x_wconf 90' lang='lat' dir='ltr'><strong>tan-</strong></span> 
     </span>
    </p>
   </div>
   <div class='ocr_carea' id='block_1_93' title="bbox 2024 3537 3552 3607">
    <p class='ocr_par' dir='ltr' id='par_1_93' title="bbox 2024 3537 3552 3607">
     <span class='ocr_line' id='line_1_106' title="bbox 2024 3537 3552 3607; baseline -0.002 -14"><span class='ocrx_word' id='word_1_773' title='bbox 2024 3549 2132 3595; x_wconf 89' lang='lat' dir='ltr'><strong>tum</strong></span> <span class='ocrx_word' id='word_1_774' title='bbox 2180 3552 2276 3591; x_wconf 89' lang='lat' dir='ltr'><strong>sua</strong></span> <span class='ocrx_word' id='word_1_775' title='bbox 2341 3539 2626 3604; x_wconf 82' lang='lat' dir='ltr'><strong>confessio,</strong></span> <span class='ocrx_word' id='word_1_776' title='bbox 2681 3548 2937 3607; x_wconf 90' lang='lat' dir='ltr'><strong>quantum</strong></span> <span class='ocrx_word' id='word_1_777' title='bbox 2999 3538 3226 3593; x_wconf 89' lang='lat' dir='ltr'><strong>formido</strong></span> <span class='ocrx_word' id='word_1_778' title='bbox 3273 3537 3552 3591; x_wconf 86' lang='lat' dir='ltr'><strong>sodalium.</strong></span> 
     </span>
    </p>
   </div>
   <div class='ocr_carea' id='block_1_94' title="bbox 2021 3624 3553 3698">
    <p class='ocr_par' dir='ltr' id='par_1_94' title="bbox 2021 3624 3553 3698">
     <span class='ocr_line' id='line_1_107' title="bbox 2021 3624 3553 3698; baseline -0.003 -17"><span class='ocrx_word' id='word_1_779' title='bbox 2021 3627 2203 3698; x_wconf 83' lang='lat' dir='ltr'><strong>Neque</strong></span> <span class='ocrx_word' id='word_1_780' title='bbox 2231 3627 2371 3685; x_wconf 89' lang='lat' dir='ltr'><strong>enim</strong></span> <span class='ocrx_word' id='word_1_781' title='bbox 2399 3635 2506 3680; x_wconf 88' lang='lat' dir='ltr'><strong>tam</strong></span> <span class='ocrx_word' id='word_1_782' title='bbox 2546 3625 2827 3696; x_wconf 78' lang='lat' dir='ltr'><strong>magniﬁce</strong></span> <span class='ocrx_word' id='word_1_783' title='bbox 2857 3626 2908 3678; x_wconf 93' lang='lat' dir='ltr'><strong>in</strong></span> <span class='ocrx_word' id='word_1_784' title='bbox 2942 3625 3020 3679; x_wconf 86' lang='lat' dir='ltr'><strong>eis</strong></span> <span class='ocrx_word' id='word_1_785' title='bbox 3054 3625 3219 3678; x_wconf 87' lang='lat' dir='ltr'><strong>virtus</strong></span> <span class='ocrx_word' id='word_1_786' title='bbox 3247 3624 3411 3677; x_wconf 90' lang='lat' dir='ltr'><strong>animi</strong></span> <span class='ocrx_word' id='word_1_787' title='bbox 3440 3624 3553 3677; x_wconf 88' lang='lat' dir='ltr'><strong>cla-</strong></span> 
     </span>
    </p>
   </div>
   <div class='ocr_carea' id='block_1_95' title="bbox 2019 3707 3552 3783">
    <p class='ocr_par' dir='ltr' id='par_1_95' title="bbox 2019 3707 3552 3783">
     <span class='ocr_line' id='line_1_108' title="bbox 2019 3707 3552 3783; baseline -0.007 -11"><span class='ocrx_word' id='word_1_788' title='bbox 2019 3717 2238 3780; x_wconf 87' lang='lat' dir='ltr'><strong>ruisset,</strong></span> <span class='ocrx_word' id='word_1_789' title='bbox 2283 3715 2384 3768; x_wconf 88' lang='lat' dir='ltr'><strong>nisi</strong></span> <span class='ocrx_word' id='word_1_790' title='bbox 2420 3714 2745 3783; x_wconf 89' lang='lat' dir='ltr'><strong>reliquorum</strong></span> <span class='ocrx_word' id='word_1_791' title='bbox 2778 3714 2956 3767; x_wconf 88' lang='lat' dir='ltr'><strong>decem</strong></span> <span class='ocrx_word' id='word_1_792' title='bbox 2987 3710 3158 3779; x_wconf 86' lang='lat' dir='ltr'><strong>turpis</strong></span> <span class='ocrx_word' id='word_1_793' title='bbox 3185 3709 3408 3778; x_wconf 68' lang='lat' dir='ltr'><strong>ignavia:</strong></span> <span class='ocrx_word' id='word_1_794' title='bbox 3439 3707 3552 3762; x_wconf 78' lang='lat' dir='ltr'><strong>for-</strong></span> 
     </span>
    </p>
   </div>
   <div class='ocr_carea' id='block_1_96' title="bbox 2020 3797 3555 3873">
    <p class='ocr_par' dir='ltr' id='par_1_96' title="bbox 2020 3797 3555 3873">
     <span class='ocr_line' id='line_1_109' title="bbox 2020 3797 3555 3873; baseline -0.006 -14"><span class='ocrx_word' id='word_1_795' title='bbox 2020 3806 2163 3859; x_wconf 90' lang='lat' dir='ltr'><strong>mido</strong></span> <span class='ocrx_word' id='word_1_796' title='bbox 2191 3804 2468 3873; x_wconf 83' lang='lat' dir='ltr'><strong>patuisset.</strong></span> <span class='ocrx_word' id='word_1_797' title='bbox 2513 3801 2635 3856; x_wconf 58' lang='lat' dir='ltr'><strong>llaec</strong></span> <span class='ocrx_word' id='word_1_798' title='bbox 2669 3811 2846 3856; x_wconf 89' lang='lat' dir='ltr'><strong>autem</strong></span> <span class='ocrx_word' id='word_1_799' title='bbox 2873 3801 3102 3854; x_wconf 81' lang='lat' dir='ltr'><strong>diximus</strong></span> <span class='ocrx_word' id='word_1_800' title='bbox 3141 3800 3206 3853; x_wconf 88' lang='lat' dir='ltr'><strong>de</strong></span> <span class='ocrx_word' id='word_1_801' title='bbox 3238 3797 3433 3852; x_wconf 89' lang='lat' dir='ltr'><strong>batillis</strong></span> <span class='ocrx_word' id='word_1_802' title='bbox 3464 3810 3555 3850; x_wconf 85' lang='lat' dir='ltr'><strong>eo-</strong></span> 
     </span>
    </p>
   </div>
   <div class='ocr_carea' id='block_1_97' title="bbox 2020 3883 3557 3961">
    <p class='ocr_par' dir='ltr' id='par_1_97' title="bbox 2020 3883 3557 3961">
     <span class='ocr_line' id='line_1_110' title="bbox 2020 3883 3557 3961; baseline -0.008 -13"><span class='ocrx_word' id='word_1_803' title='bbox 2020 3909 2137 3948; x_wconf 89' lang='lat' dir='ltr'><strong>rum</strong></span> <span class='ocrx_word' id='word_1_804' title='bbox 2166 3893 2254 3961; x_wconf 91' lang='lat' dir='ltr'><strong>qui</strong></span> <span class='ocrx_word' id='word_1_805' title='bbox 2287 3889 2627 3945; x_wconf 87' lang='lat' dir='ltr'><strong>condemnati</strong></span> <span class='ocrx_word' id='word_1_806' title='bbox 2658 3899 2799 3954; x_wconf 87' lang='lat' dir='ltr'><strong>sunt,</strong></span> <span class='ocrx_word' id='word_1_807' title='bbox 2847 3900 2966 3955; x_wconf 82' lang='lat' dir='ltr'><strong>quae</strong></span> <span class='ocrx_word' id='word_1_808' title='bbox 2994 3887 3149 3942; x_wconf 88' lang='lat' dir='ltr'><strong>altari</strong></span> <span class='ocrx_word' id='word_1_809' title='bbox 3185 3886 3439 3956; x_wconf 87' lang='lat' dir='ltr'><strong>jubentur</strong></span> <span class='ocrx_word' id='word_1_810' title='bbox 3470 3883 3528 3937; x_wconf 86' lang='lat' dir='ltr'><strong>af</strong></span> <span class='ocrx_word' id='word_1_811' title='bbox 3550 3920 3557 3925; x_wconf 67' lang='grc' dir='ltr'><em>η</em></span> 
     </span>
    </p>
   </div>
   <div class='ocr_carea' id='block_1_98' title="bbox 2021 3975 3549 4052">
    <p class='ocr_par' dir='ltr' id='par_1_98' title="bbox 2021 3975 3549 4052">
     <span class='ocr_line' id='line_1_111' title="bbox 2021 3975 3549 4052; baseline -0.005 -18"><span class='ocrx_word' id='word_1_812' title='bbox 2021 3982 2129 4052; x_wconf 87' lang='lat' dir='ltr'><strong>ﬁgi,</strong></span> <span class='ocrx_word' id='word_1_813' title='bbox 2161 3982 2298 4050; x_wconf 89' lang='lat' dir='ltr'><strong>quod</strong></span> <span class='ocrx_word' id='word_1_814' title='bbox 2325 3996 2391 4035; x_wconf 79' lang='lat' dir='ltr'><strong>ex</strong></span> <span class='ocrx_word' id='word_1_815' title='bbox 2436 3982 2831 4049; x_wconf 83' lang='lat' dir='ltr'><strong>comparatione</strong></span> <span class='ocrx_word' id='word_1_816' title='bbox 2879 3977 3185 4034; x_wconf 90' lang='lat' dir='ltr'><strong>inferiorum</strong></span> <span class='ocrx_word' id='word_1_817' title='bbox 3233 3975 3360 4043; x_wconf 91' lang='lat' dir='ltr'><strong>justi</strong></span> <span class='ocrx_word' id='word_1_818' title='bbox 3388 3988 3549 4042; x_wconf 65' lang='lat' dir='ltr'><strong>appao</strong></span> 
     </span>
    </p>
   </div>
   <div class='ocr_carea' id='block_1_99' title="bbox 2020 4068 3549 4137">
    <p class='ocr_par' dir='ltr' id='par_1_99' title="bbox 2020 4068 3549 4137">
     <span class='ocr_line' id='line_1_112' title="bbox 2020 4068 3549 4137; baseline -0.007 -11"><span class='ocrx_word' id='word_1_819' title='bbox 2020 4082 2172 4126; x_wconf 89' lang='lat' dir='ltr'><strong>reant</strong></span> <span class='ocrx_word' id='word_1_820' title='bbox 2202 4071 2477 4137; x_wconf 87' lang='lat' dir='ltr'><strong>clariores,</strong></span> <span class='ocrx_word' id='word_1_821' title='bbox 2505 4070 2662 4125; x_wconf 89' lang='lat' dir='ltr'><strong>simul</strong></span> <span class='ocrx_word' id='word_1_822' title='bbox 2693 4079 2750 4123; x_wconf 92' lang='lat' dir='ltr'><strong>ut</strong></span> <span class='ocrx_word' id='word_1_823' title='bbox 2783 4076 2834 4123; x_wconf 90' lang='lat' dir='ltr'><strong>et</strong></span> <span class='ocrx_word' id='word_1_824' title='bbox 2857 4069 3083 4137; x_wconf 90' lang='lat' dir='ltr'><strong>posteris</strong></span> <span class='ocrx_word' id='word_1_825' title='bbox 3116 4068 3337 4121; x_wconf 85' lang='lat' dir='ltr'><strong>daretur</strong></span> <span class='ocrx_word' id='word_1_826' title='bbox 3362 4077 3549 4117; x_wconf 68' lang='lat' dir='ltr'><strong>exemo</strong></span> 
     </span>
    </p>
   </div>
   <div class='ocr_carea' id='block_1_100' title="bbox 2022 4156 3552 4232">
    <p class='ocr_par' dir='ltr' id='par_1_100' title="bbox 2022 4156 3552 4232">
     <span class='ocr_line' id='line_1_113' title="bbox 2022 4156 3552 4232; baseline -0.006 -18"><span class='ocrx_word' id='word_1_827' title='bbox 2022 4165 2187 4232; x_wconf 91' lang='lat' dir='ltr'><strong>pium,</strong></span> <span class='ocrx_word' id='word_1_828' title='bbox 2226 4176 2291 4216; x_wconf 92' lang='lat' dir='ltr'><strong>ne</strong></span> <span class='ocrx_word' id='word_1_829' title='bbox 2337 4162 2428 4229; x_wconf 87' lang='lat' dir='ltr'><strong>qui</strong></span> <span class='ocrx_word' id='word_1_830' title='bbox 2476 4161 2886 4229; x_wconf 71' lang='lat' dir='ltr'><strong>praesumptione</strong></span> <span class='ocrx_word' id='word_1_831' title='bbox 2914 4159 3127 4226; x_wconf 84' lang='lat' dir='ltr'><strong>superbi</strong></span> <span class='ocrx_word' id='word_1_832' title='bbox 3177 4156 3394 4224; x_wconf 85' lang='lat' dir='ltr'><strong>spiritus</strong></span> <span class='ocrx_word' id='word_1_833' title='bbox 3443 4166 3552 4206; x_wconf 89' lang='lat' dir='ltr'><strong>non</strong></span> 
     </span>
    </p>
   </div>
   <div class='ocr_carea' id='block_1_101' title="bbox 2020 4236 3553 4316">
    <p class='ocr_par' dir='ltr' id='par_1_101' title="bbox 2020 4236 3553 4316">
     <span class='ocr_line' id='line_1_114' title="bbox 2020 4236 3553 4316; baseline -0.007 -11"><span class='ocrx_word' id='word_1_834' title='bbox 2020 4252 2121 4305; x_wconf 85' lang='lat' dir='ltr'><strong>sibi</strong></span> <span class='ocrx_word' id='word_1_835' title='bbox 2147 4266 2178 4303; x_wconf 90' lang='lat' dir='ltr'><strong>a</strong></span> <span class='ocrx_word' id='word_1_836' title='bbox 2214 4251 2320 4305; x_wconf 89' lang='lat' dir='ltr'><strong>Deo</strong></span> <span class='ocrx_word' id='word_1_837' title='bbox 2343 4251 2524 4304; x_wconf 89' lang='lat' dir='ltr'><strong>datum</strong></span> <span class='ocrx_word' id='word_1_838' title='bbox 2548 4264 2738 4303; x_wconf 92' lang='lat' dir='ltr'><strong>munus</strong></span> <span class='ocrx_word' id='word_1_839' title='bbox 2768 4246 3105 4316; x_wconf 87' lang='lat' dir='ltr'><strong>pontiﬁcatus</strong></span> <span class='ocrx_word' id='word_1_840' title='bbox 3132 4236 3424 4306; x_wconf 75' lang='lat' dir='ltr'><strong>invaderet,</strong></span> <span class='ocrx_word' id='word_1_841' title='bbox 3457 4241 3553 4296; x_wconf 82' lang='lat' dir='ltr'><strong>sed</strong></span> 
     </span>
    </p>
   </div>
   <div class='ocr_carea' id='block_1_102' title="bbox 2021 4329 3524 4408">
    <p class='ocr_par' dir='ltr' id='par_1_102' title="bbox 2021 4329 3524 4408">
     <span class='ocr_line' id='line_1_115' title="bbox 2021 4329 3524 4408; baseline -0.006 -17"><span class='ocrx_word' id='word_1_842' title='bbox 2021 4350 2078 4394; x_wconf 87' lang='lat' dir='ltr'><strong>ut</strong></span> <span class='ocrx_word' id='word_1_843' title='bbox 2126 4339 2205 4393; x_wconf 88' lang='lat' dir='ltr'><strong>illi</strong></span> <span class='ocrx_word' id='word_1_844' title='bbox 2252 4340 2426 4403; x_wconf 87' lang='lat' dir='ltr'><strong>cedat,</strong></span> <span class='ocrx_word' id='word_1_845' title='bbox 2461 4353 2617 4408; x_wconf 87' lang='lat' dir='ltr'><strong>quem</strong></span> <span class='ocrx_word' id='word_1_846' title='bbox 2651 4352 2754 4390; x_wconf 90' lang='lat' dir='ltr'><strong>non</strong></span> <span class='ocrx_word' id='word_1_847' title='bbox 2796 4337 3015 4389; x_wconf 85' lang='lat' dir='ltr'><strong>ambitio</strong></span> <span class='ocrx_word' id='word_1_848' title='bbox 3052 4336 3299 4399; x_wconf 86' lang='lat' dir='ltr'><strong>humana,</strong></span> <span class='ocrx_word' id='word_1_849' title='bbox 3332 4345 3437 4384; x_wconf 90' lang='lat' dir='ltr'><strong>non</strong></span> <span class='ocrx_word' id='word_1_850' title='bbox 3477 4329 3524 4382; x_wconf 78' lang='lat' dir='ltr'><strong>fa</strong></span> 
     </span>
    </p>
   </div>
   <div class='ocr_carea' id='block_1_103' title="bbox 2024 4418 3551 4496">
    <p class='ocr_par' dir='ltr' id='par_1_103' title="bbox 2024 4418 3551 4496">
     <span class='ocr_line' id='line_1_116' title="bbox 2024 4418 3551 4496; baseline -0.007 -14"><span class='ocrx_word' id='word_1_851' title='bbox 2024 4443 2118 4482; x_wconf 82' lang='grc' dir='ltr'><strong>νοι-</strong></span> <span class='ocrx_word' id='word_1_852' title='bbox 2143 4437 2425 4496; x_wconf 89' lang='lat' dir='ltr'><strong>corruptus</strong></span> <span class='ocrx_word' id='word_1_853' title='bbox 2469 4426 2740 4491; x_wconf 79' lang='lat' dir='ltr'><strong>asciverit,</strong></span> <span class='ocrx_word' id='word_1_854' title='bbox 2772 4438 2869 4478; x_wconf 91' lang='lat' dir='ltr'><strong>nec</strong></span> <span class='ocrx_word' id='word_1_855' title='bbox 2913 4423 3122 4492; x_wconf 85' lang='lat' dir='ltr'><strong>largitio</strong></span> <span class='ocrx_word' id='word_1_856' title='bbox 3152 4418 3551 4476; x_wconf 80' lang='lat' dir='ltr'><strong>condemnanda</strong></span> 
     </span>
    </p>
   </div>
   <div class='ocr_carea' id='block_1_104' title="bbox 2019 4507 3563 4584">
    <p class='ocr_par' dir='ltr' id='par_1_104' title="bbox 2019 4507 3563 4584">
     <span class='ocr_line' id='line_1_117' title="bbox 2019 4507 3563 4584; baseline -0.008 -14"><span class='ocrx_word' id='word_1_857' title='bbox 2019 4515 2407 4584; x_wconf 85' lang='lat' dir='ltr'><strong>subrogaverlt,</strong></span> <span class='ocrx_word' id='word_1_858' title='bbox 2437 4517 2529 4568; x_wconf 88' lang='lat' dir='ltr'><strong>sed</strong></span> <span class='ocrx_word' id='word_1_859' title='bbox 2563 4513 2873 4567; x_wconf 88' lang='lat' dir='ltr'><strong>meritorum</strong></span> <span class='ocrx_word' id='word_1_860' title='bbox 2906 4509 3229 4565; x_wconf 70' lang='lat' dir='ltr'><strong>conscientia</strong></span> <span class='ocrx_word' id='word_1_861' title='bbox 3258 4514 3319 4561; x_wconf 89' lang='lat' dir='ltr'><strong>et</strong></span> <span class='ocrx_word' id='word_1_862' title='bbox 3340 4507 3432 4561; x_wconf 87' lang='lat' dir='ltr'><strong>Dei</strong></span> <span class='ocrx_word' id='word_1_863' title='bbox 3459 4522 3563 4563; x_wconf 56' lang='grc' dir='ltr'><strong>νος-μ</strong></span> 
     </span>
    </p>
   </div>
   <div class='ocr_carea' id='block_1_105' title="bbox 2017 4602 2587 4670">
    <p class='ocr_par' dir='ltr' id='par_1_105' title="bbox 2017 4602 2587 4670">
     <span class='ocr_line' id='line_1_118' title="bbox 2017 4602 2587 4670; baseline -0.007 -11"><span class='ocrx_word' id='word_1_864' title='bbox 2017 4606 2192 4659; x_wconf 91' lang='lat' dir='ltr'><strong>luntas</strong></span> <span class='ocrx_word' id='word_1_865' title='bbox 2222 4602 2587 4670; x_wconf 82' lang='lat' dir='ltr'><strong>assumpserit.</strong></span> 
     </span>
    </p>
   </div>
   <div class='ocr_carea' id='block_1_106' title="bbox 2081 4687 3547 4751">
    <p class='ocr_par' dir='ltr' id='par_1_106' title="bbox 2081 4687 3547 4751">
     <span class='ocr_line' id='line_1_119' title="bbox 2081 4687 3547 4751; baseline -0.008 -3"><span class='ocrx_word' id='word_1_866' title='bbox 2081 4696 2138 4750; x_wconf 74' lang='lat'><strong>2.</strong></span> <span class='ocrx_word' id='word_1_867' title='bbox 2176 4692 2304 4748; x_wconf 86' lang='lat' dir='ltr'><strong>Post</strong></span> <span class='ocrx_word' id='word_1_868' title='bbox 2338 4692 2450 4746; x_wconf 65' lang='lat' dir='ltr'><strong>haec</strong></span> <span class='ocrx_word' id='word_1_869' title='bbox 2481 4690 2709 4745; x_wconf 88' lang='lat' dir='ltr'><strong>refertur</strong></span> <span class='ocrx_word' id='word_1_870' title='bbox 2743 4707 2756 4743; x_wconf 90' lang='lat'><strong>:</strong></span> <span class='ocrx_word' id='word_1_871' title='bbox 2797 4689 2899 4744; x_wconf 82' lang='lat' dir='ltr'><strong>tEt</strong></span> <span class='ocrx_word' id='word_1_872' title='bbox 2929 4698 3414 4751; x_wconf 82' lang='lat' dir='ltr'><strong>murmuraverunt,</strong></span> <span class='ocrx_word' id='word_1_873' title='bbox 3464 4687 3547 4738; x_wconf 45' lang='lat' dir='ltr'><strong>in,—</strong></span> 
     </span>
    </p>
   </div>
   <div class='ocr_carea' id='block_1_107' title="bbox 2016 4775 3549 4851">
    <p class='ocr_par' dir='ltr' id='par_1_107' title="bbox 2016 4775 3549 4851">
     <span class='ocr_line' id='line_1_120' title="bbox 2016 4775 3549 4851; baseline -0.006 -15"><span class='ocrx_word' id='word_1_874' title='bbox 2016 4783 2130 4851; x_wconf 89' lang='lat' dir='ltr'><strong>quit</strong></span> <span class='ocrx_word' id='word_1_875' title='bbox 2155 4783 2219 4848; x_wconf 68' lang='grc' dir='ltr'><strong>ι’,</strong></span> <span class='ocrx_word' id='word_1_876' title='bbox 2260 4780 2353 4834; x_wconf 85' lang='lat' dir='ltr'><strong>lilii</strong></span> <span class='ocrx_word' id='word_1_877' title='bbox 2403 4779 2565 4833; x_wconf 84' lang='lat' dir='ltr'><strong>Israel</strong></span> <span class='ocrx_word' id='word_1_878' title='bbox 2595 4776 2882 4832; x_wconf 79' lang='lat' dir='ltr'><strong>adversum</strong></span> <span class='ocrx_word' id='word_1_879' title='bbox 2928 4777 3139 4848; x_wconf 74' lang='lat' dir='ltr'><strong>Moysen</strong></span> <span class='ocrx_word' id='word_1_880' title='bbox 3173 4785 3227 4830; x_wconf 92' lang='lat' dir='ltr'><strong>et</strong></span> <span class='ocrx_word' id='word_1_881' title='bbox 3258 4776 3432 4830; x_wconf 80' lang='lat' dir='ltr'><strong>Aaron</strong></span> <span class='ocrx_word' id='word_1_882' title='bbox 3469 4775 3549 4827; x_wconf 89' lang='lat' dir='ltr'><strong>di-</strong></span> 
     </span>
    </p>
   </div>
   <div class='ocr_carea' id='block_1_108' title="bbox 2014 4863 3549 4938">
    <p class='ocr_par' dir='ltr' id='par_1_108' title="bbox 2014 4863 3549 4938">
     <span class='ocr_line' id='line_1_121' title="bbox 2014 4863 3549 4938; baseline -0.008 -10"><span class='ocrx_word' id='word_1_883' title='bbox 2014 4882 2195 4928; x_wconf 88' lang='lat' dir='ltr'><strong>centes</strong></span> <span class='ocrx_word' id='word_1_884' title='bbox 2225 4889 2241 4928; x_wconf 90' lang='lat'><strong>:</strong></span> <span class='ocrx_word' id='word_1_885' title='bbox 2270 4870 2376 4925; x_wconf 76' lang='lat' dir='ltr'><strong>Vos</strong></span> <span class='ocrx_word' id='word_1_886' title='bbox 2401 4870 2673 4927; x_wconf 89' lang='lat' dir='ltr'><strong>occidistis</strong></span> <span class='ocrx_word' id='word_1_887' title='bbox 2703 4868 2949 4938; x_wconf 83' lang='lat' dir='ltr'><strong>populum</strong></span> <span class='ocrx_word' id='word_1_888' title='bbox 2984 4866 3211 4920; x_wconf 90' lang='lat' dir='ltr'><strong>Domini.</strong></span> <span class='ocrx_word' id='word_1_889' title='bbox 3253 4864 3318 4918; x_wconf 87' lang='lat' dir='ltr'><strong>Et</strong></span> <span class='ocrx_word' id='word_1_890' title='bbox 3345 4863 3549 4917; x_wconf 82' lang='lat' dir='ltr'><strong>facturn-</strong></span> 
     </span>
    </p>
   </div>
   <div class='ocr_carea' id='block_1_109' title="bbox 2011 4955 3541 5030">
    <p class='ocr_par' dir='ltr' id='par_1_109' title="bbox 2011 4955 3541 5030">
     <span class='ocr_line' id='line_1_122' title="bbox 2011 4955 3541 5030; baseline -0.008 -11"><span class='ocrx_word' id='word_1_891' title='bbox 2011 4973 2093 5019; x_wconf 84' lang='lat' dir='ltr'><strong>est</strong></span> <span class='ocrx_word' id='word_1_892' title='bbox 2125 4978 2245 5018; x_wconf 92' lang='lat' dir='ltr'><strong>cum</strong></span> <span class='ocrx_word' id='word_1_893' title='bbox 2273 4964 2501 5017; x_wconf 89' lang='lat' dir='ltr'><strong>irrueret</strong></span> <span class='ocrx_word' id='word_1_894' title='bbox 2532 4974 2797 5030; x_wconf 82' lang='lat' dir='ltr'><strong>synagoga</strong></span> <span class='ocrx_word' id='word_1_895' title='bbox 2829 4972 2988 5026; x_wconf 86' lang='lat' dir='ltr'><strong>super</strong></span> <span class='ocrx_word' id='word_1_896' title='bbox 3020 4955 3230 5025; x_wconf 74' lang='lat' dir='ltr'><strong>Moysen</strong></span> <span class='ocrx_word' id='word_1_897' title='bbox 3264 4964 3315 5010; x_wconf 90' lang='lat' dir='ltr'><strong>et</strong></span> <span class='ocrx_word' id='word_1_898' title='bbox 3344 4957 3541 5019; x_wconf 79' lang='lat' dir='ltr'><strong>Aaron,</strong></span> 
     </span>
    </p>
   </div>
   <div class='ocr_carea' id='block_1_110' title="bbox 2014 5047 3538 5120">
    <p class='ocr_par' dir='ltr' id='par_1_110' title="bbox 2014 5047 3538 5120">
     <span class='ocr_line' id='line_1_123' title="bbox 2014 5047 3538 5120; baseline -0.007 -12"><span class='ocrx_word' id='word_1_899' title='bbox 2014 5056 2066 5108; x_wconf 92' lang='lat' dir='ltr'><strong>in</strong></span> <span class='ocrx_word' id='word_1_900' title='bbox 2123 5054 2319 5120; x_wconf 88' lang='lat' dir='ltr'><strong>impetu</strong></span> <span class='ocrx_word' id='word_1_901' title='bbox 2363 5051 2610 5120; x_wconf 83' lang='lat' dir='ltr'><strong>ingerunt</strong></span> <span class='ocrx_word' id='word_1_902' title='bbox 2654 5053 2721 5105; x_wconf 89' lang='lat' dir='ltr'><strong>ad</strong></span> <span class='ocrx_word' id='word_1_903' title='bbox 2770 5048 3167 5106; x_wconf 84' lang='lat' dir='ltr'><strong>tabernaculum</strong></span> <span class='ocrx_word' id='word_1_904' title='bbox 3231 5047 3538 5101; x_wconf 83' lang='lat' dir='ltr'><strong>testimonii.</strong></span> 
     </span>
    </p>
   </div>
   <div class='ocr_carea' id='block_1_111' title="bbox 2010 5136 3542 5210">
    <p class='ocr_par' dir='ltr' id='par_1_111' title="bbox 2010 5136 3542 5210">
     <span class='ocr_line' id='line_1_124' title="bbox 2010 5136 3542 5210; baseline -0.006 -13"><span class='ocrx_word' id='word_1_905' title='bbox 2010 5141 2146 5197; x_wconf 85' lang='lat' dir='ltr'><strong>Illud</strong></span> <span class='ocrx_word' id='word_1_906' title='bbox 2178 5154 2304 5197; x_wconf 81' lang='lat' dir='ltr'><strong>vero</strong></span> <span class='ocrx_word' id='word_1_907' title='bbox 2331 5141 2535 5196; x_wconf 76' lang='lat' dir='ltr'><strong>obtexit</strong></span> <span class='ocrx_word' id='word_1_908' title='bbox 2566 5141 2753 5206; x_wconf 86' lang='lat' dir='ltr'><strong>nubes,</strong></span> <span class='ocrx_word' id='word_1_909' title='bbox 2791 5150 2845 5194; x_wconf 91' lang='lat' dir='ltr'><strong>et</strong></span> <span class='ocrx_word' id='word_1_910' title='bbox 2877 5141 3123 5210; x_wconf 89' lang='lat' dir='ltr'><strong>apparuit</strong></span> <span class='ocrx_word' id='word_1_911' title='bbox 3157 5139 3409 5207; x_wconf 88' lang='lat' dir='ltr'><strong>majestas</strong></span> <span class='ocrx_word' id='word_1_912' title='bbox 3438 5136 3542 5188; x_wconf 85' lang='lat' dir='ltr'><strong>Do-</strong></span> 
     </span>
    </p>
   </div>
   <div class='ocr_carea' id='block_1_112' title="bbox 2013 5225 3544 5299">
    <p class='ocr_par' dir='ltr' id='par_1_112' title="bbox 2013 5225 3544 5299">
     <span class='ocr_line' id='line_1_125' title="bbox 2013 5225 3544 5299; baseline -0.006 -15"><span class='ocrx_word' id='word_1_913' title='bbox 2013 5229 2162 5296; x_wconf 83' lang='lat' dir='ltr'><strong>mini,</strong></span> <span class='ocrx_word' id='word_1_914' title='bbox 2194 5239 2247 5286; x_wconf 90' lang='lat' dir='ltr'><strong>et</strong></span> <span class='ocrx_word' id='word_1_915' title='bbox 2268 5229 2504 5284; x_wconf 86' lang='lat' dir='ltr'><strong>introivit</strong></span> <span class='ocrx_word' id='word_1_916' title='bbox 2531 5228 2737 5299; x_wconf 82' lang='lat' dir='ltr'><strong>Moyses</strong></span> <span class='ocrx_word' id='word_1_917' title='bbox 2760 5238 2813 5283; x_wconf 88' lang='lat' dir='ltr'><strong>et</strong></span> <span class='ocrx_word' id='word_1_918' title='bbox 2844 5230 3016 5284; x_wconf 83' lang='lat' dir='ltr'><strong>Aaron</strong></span> <span class='ocrx_word' id='word_1_919' title='bbox 3042 5229 3106 5282; x_wconf 91' lang='lat' dir='ltr'><strong>ad</strong></span> <span class='ocrx_word' id='word_1_920' title='bbox 3143 5227 3333 5281; x_wconf 88' lang='lat' dir='ltr'><strong>faciem</strong></span> <span class='ocrx_word' id='word_1_921' title='bbox 3366 5225 3544 5277; x_wconf 85' lang='lat' dir='ltr'><strong>taber-</strong></span> 
     </span>
    </p>
   </div>
   <div class='ocr_carea' id='block_1_113' title="bbox 2015 5312 3542 5388">
    <p class='ocr_par' dir='ltr' id='par_1_113' title="bbox 2015 5312 3542 5388">
     <span class='ocr_line' id='line_1_126' title="bbox 2015 5312 3542 5388; baseline -0.009 -15"><span class='ocrx_word' id='word_1_922' title='bbox 2015 5318 2188 5373; x_wconf 90' lang='lat' dir='ltr'><strong>naculi</strong></span> <span class='ocrx_word' id='word_1_923' title='bbox 2213 5317 2521 5374; x_wconf 90' lang='lat' dir='ltr'><strong>testimonii.</strong></span> <span class='ocrx_word' id='word_1_924' title='bbox 2546 5336 2565 5371; x_wconf 73' lang='grc' dir='ltr'><strong><em>ι</em></strong></span> <span class='ocrx_word' id='word_1_925' title='bbox 2605 5318 2718 5372; x_wconf 77' lang='lat' dir='ltr'><strong>Non</strong></span> <span class='ocrx_word' id='word_1_926' title='bbox 2741 5318 2965 5388; x_wconf 82' lang='lat' dir='ltr'><strong>legimus</strong></span> <span class='ocrx_word' id='word_1_927' title='bbox 2988 5325 3140 5369; x_wconf 81' lang='lat' dir='ltr'><strong>antea</strong></span> <span class='ocrx_word' id='word_1_928' title='bbox 3167 5314 3288 5381; x_wconf 86' lang='lat' dir='ltr'><strong>quia</strong></span> <span class='ocrx_word' id='word_1_929' title='bbox 3320 5312 3542 5365; x_wconf 67' lang='lat' dir='ltr'><strong>obtere-</strong></span> 
     </span>
    </p>
   </div>
   <div class='ocr_carea' id='block_1_114' title="bbox 2010 5397 3541 5477">
    <p class='ocr_par' dir='ltr' id='par_1_114' title="bbox 2010 5397 3541 5477">
     <span class='ocr_line' id='line_1_127' title="bbox 2010 5397 3541 5477; baseline -0.01 -14"><span class='ocrx_word' id='word_1_930' title='bbox 2010 5409 2080 5464; x_wconf 89' lang='lat' dir='ltr'><strong>rit</strong></span> <span class='ocrx_word' id='word_1_931' title='bbox 2093 5407 2263 5467; x_wconf 87' lang='lat' dir='ltr'><strong>nubes</strong></span> <span class='ocrx_word' id='word_1_932' title='bbox 2277 5408 2699 5477; x_wconf 82' lang='lat' dir='ltr'><strong>tabernaculum,</strong></span> <span class='ocrx_word' id='word_1_933' title='bbox 2712 5417 2765 5460; x_wconf 87' lang='lat' dir='ltr'><strong>et</strong></span> <span class='ocrx_word' id='word_1_934' title='bbox 2780 5404 3090 5475; x_wconf 81' lang='lat' dir='ltr'><strong>apparuerit</strong></span> <span class='ocrx_word' id='word_1_935' title='bbox 3106 5401 3355 5467; x_wconf 83' lang='lat' dir='ltr'><strong>majestas</strong></span> <span class='ocrx_word' id='word_1_936' title='bbox 3368 5397 3541 5455; x_wconf 85' lang='lat' dir='ltr'><strong>Domi-</strong></span> 
     </span>
    </p>
   </div>
   <div class='ocr_carea' id='block_1_115' title="bbox 2011 5484 3539 5567">
    <p class='ocr_par' dir='ltr' id='par_1_115' title="bbox 2011 5484 3539 5567">
     <span class='ocr_line' id='line_1_128' title="bbox 2011 5484 3539 5567; baseline -0.01 -13"><span class='ocrx_word' id='word_1_937' title='bbox 2011 5500 2086 5566; x_wconf 90' lang='lat' dir='ltr'><strong>ni,</strong></span> <span class='ocrx_word' id='word_1_938' title='bbox 2114 5507 2169 5554; x_wconf 87' lang='lat' dir='ltr'><strong>et</strong></span> <span class='ocrx_word' id='word_1_939' title='bbox 2194 5499 2456 5567; x_wconf 88' lang='lat' dir='ltr'><strong>receperit</strong></span> <span class='ocrx_word' id='word_1_940' title='bbox 2488 5498 2625 5551; x_wconf 88' lang='lat' dir='ltr'><strong>intra</strong></span> <span class='ocrx_word' id='word_1_941' title='bbox 2664 5497 2854 5549; x_wconf 90' lang='lat' dir='ltr'><strong>nubem</strong></span> <span class='ocrx_word' id='word_1_942' title='bbox 2887 5492 3103 5559; x_wconf 78' lang='lat' dir='ltr'><strong>Moysen</strong></span> <span class='ocrx_word' id='word_1_943' title='bbox 3121 5494 3174 5538; x_wconf 89' lang='lat' dir='ltr'><strong>et</strong></span> <span class='ocrx_word' id='word_1_944' title='bbox 3205 5486 3411 5549; x_wconf 85' lang='lat' dir='ltr'><strong>Aaron,</strong></span> <span class='ocrx_word' id='word_1_945' title='bbox 3436 5484 3539 5538; x_wconf 87' lang='lat' dir='ltr'><strong>nisi</strong></span> 
     </span>
    </p>
   </div>
   <div class='ocr_carea' id='block_1_116' title="bbox 901 5612 2417 5699">
    <p class='ocr_par' dir='ltr' id='par_1_116' title="bbox 901 5617 2417 5699">
     <span class='ocr_line' id='line_1_129' title="bbox 901 5617 2417 5699; baseline 0 -16"><span class='ocrx_word' id='word_1_946' title='bbox 901 5621 928 5652; x_wconf 80' lang='grc'><strong><em>⁸</em></strong></span> <span class='ocrx_word' id='word_1_947' title='bbox 954 5618 979 5673; x_wconf 87' lang='grc' dir='ltr'><strong>Ι</strong></span> <span class='ocrx_word' id='word_1_948' title='bbox 1010 5617 1163 5673; x_wconf 76' lang='grc' dir='ltr'><strong>σοι’-</strong></span> <span class='ocrx_word' id='word_1_949' title='bbox 1192 5632 1321 5684; x_wconf 73' lang='lat' dir='ltr'><strong>xm.</strong></span> <span class='ocrx_word' id='word_1_950' title='bbox 1347 5621 1394 5679; x_wconf 81' lang='lat' dir='ltr'><strong>l.</strong></span> <span class='ocrx_word' id='word_1_951' title='bbox 1462 5628 1482 5658; x_wconf 80' lang='lat'>&#39;</span> <span class='ocrx_word' id='word_1_952' title='bbox 1503 5625 1523 5678; x_wconf 89' lang='lat' dir='ltr'><strong>l</strong></span> <span class='ocrx_word' id='word_1_953' title='bbox 1546 5626 1670 5688; x_wconf 89' lang='lat' dir='ltr'><strong>Cor.</strong></span> <span class='ocrx_word' id='word_1_954' title='bbox 1696 5647 1771 5699; x_wconf 84' lang='lat' dir='ltr'><strong>xt,</strong></span> <span class='ocrx_word' id='word_1_955' title='bbox 1797 5634 1886 5690; x_wconf 83' lang='lat' dir='ltr'><strong>l9.</strong></span> <span class='ocrx_word' id='word_1_956' title='bbox 1966 5639 2008 5671; x_wconf 74' lang='grc' dir='ltr'><strong>ιο</strong></span> <span class='ocrx_word' id='word_1_957' title='bbox 2031 5634 2165 5691; x_wconf 86' lang='lat' dir='ltr'><strong>Gen.</strong></span> <span class='ocrx_word' id='word_1_958' title='bbox 2190 5648 2266 5698; x_wconf 79' lang='grc' dir='ltr'><strong>γι,</strong></span> <span class='ocrx_word' id='word_1_959' title='bbox 2288 5630 2338 5685; x_wconf 89' lang='lat'><strong>9.</strong></span> <span class='ocrx_word' id='word_1_960' title='bbox 2415 5638 2417 5660; x_wconf 55' lang='grc' dir='ltr'><strong><em>ῖ</em></strong></span> 
     </span>
    </p>
   </div>
   <div class='ocr_carea' id='block_1_117' title="bbox 2021 5612 3537 5699">
    <p class='ocr_par' dir='ltr' id='par_1_117' title="bbox 2031 5612 3537 5698">
     <span class='ocr_line' id='line_1_130' title="bbox 2031 5612 3537 5698; baseline -0.015 -8"><span class='ocrx_word' id='word_1_961' title='bbox 2031 5634 2165 5691; x_wconf 85' lang='lat' dir='ltr'><strong>Gen.</strong></span> <span class='ocrx_word' id='word_1_962' title='bbox 2190 5648 2266 5698; x_wconf 79' lang='grc' dir='ltr'><strong>γι,</strong></span> <span class='ocrx_word' id='word_1_963' title='bbox 2288 5630 2338 5685; x_wconf 89' lang='lat'><strong>9.</strong></span> <span class='ocrx_word' id='word_1_964' title='bbox 2415 5631 2455 5662; x_wconf 84' lang='lat'>“</span> <span class='ocrx_word' id='word_1_965' title='bbox 2483 5628 2637 5684; x_wconf 81' lang='lat' dir='ltr'><strong>Nunt.</strong></span> <span class='ocrx_word' id='word_1_966' title='bbox 2661 5641 2767 5679; x_wconf 79' lang='lat' dir='ltr'><strong>xw.</strong></span> <span class='ocrx_word' id='word_1_967' title='bbox 2844 5625 2893 5656; x_wconf 69' lang='grc' dir='ltr'><strong>ι’</strong></span> <span class='ocrx_word' id='word_1_968' title='bbox 2910 5621 3064 5675; x_wconf 81' lang='lat' dir='ltr'><strong>Num.</strong></span> <span class='ocrx_word' id='word_1_969' title='bbox 3088 5627 3200 5676; x_wconf 74' lang='grc' dir='ltr'><strong>ινι,</strong></span> <span class='ocrx_word' id='word_1_970' title='bbox 3222 5612 3314 5677; x_wconf 72' lang='lat' dir='ltr'><strong>ﬂ,</strong></span> <span class='ocrx_word' id='word_1_971' title='bbox 3337 5614 3425 5678; x_wconf 64' lang='lat'><strong>42,</strong></span> <span class='ocrx_word' id='word_1_972' title='bbox 3451 5615 3537 5672; x_wconf 65' lang='lat' dir='ltr'><strong>i3.</strong></span> 
     </span>
    </p>
   </div>
   <div class='ocr_carea' id='block_1_118' title="bbox 273 5728 3247 5839">
    <p class='ocr_par' dir='ltr' id='par_1_118' title="bbox 273 5728 3247 5839">
     <span class='ocr_line' id='line_1_131' title="bbox 273 5728 3247 5839; baseline -0.009 -18"><span class='ocrx_word' id='word_1_973' title='bbox 273 5728 419 5802; x_wconf 60' lang='lat'><strong>‘92)</strong></span> <span class='ocrx_word' id='word_1_974' title='bbox 442 5770 460 5804; x_wconf 76' lang='grc' dir='ltr'>ι</span> <span class='ocrx_word' id='word_1_975' title='bbox 499 5765 647 5821; x_wconf 86' lang='lat' dir='ltr'><strong>Otio</strong></span> <span class='ocrx_word' id='word_1_976' title='bbox 696 5776 718 5812; x_wconf 73' lang='grc' dir='ltr'><strong><em>ι</em></strong></span> <span class='ocrx_word' id='word_1_977' title='bbox 775 5754 961 5807; x_wconf 82' lang='lat' dir='ltr'><strong>deest</strong></span> <span class='ocrx_word' id='word_1_978' title='bbox 994 5747 1060 5799; x_wconf 86' lang='lat' dir='ltr'><strong>in</strong></span> <span class='ocrx_word' id='word_1_979' title='bbox 1100 5744 1249 5798; x_wconf 78' lang='lat' dir='ltr'><strong>libb.</strong></span> <span class='ocrx_word' id='word_1_980' title='bbox 1296 5752 1467 5827; x_wconf 68' lang='lat' dir='ltr'><strong>editiS.</strong></span> <span class='ocrx_word' id='word_1_981' title='bbox 1500 5760 1591 5815; x_wconf 86' lang='lat' dir='ltr'><strong>sed</strong></span> <span class='ocrx_word' id='word_1_982' title='bbox 1619 5764 1900 5836; x_wconf 82' lang='lat' dir='ltr'><strong>suppletur</strong></span> <span class='ocrx_word' id='word_1_983' title='bbox 1926 5785 1955 5826; x_wconf 92' lang='lat' dir='ltr'><strong>e</strong></span> <span class='ocrx_word' id='word_1_984' title='bbox 1983 5784 2109 5826; x_wconf 87' lang='lat' dir='ltr'><strong>mss.</strong></span> <span class='ocrx_word' id='word_1_985' title='bbox 2133 5765 2465 5831; x_wconf 75' lang='lat' dir='ltr'><strong>Belracensi,</strong></span> <span class='ocrx_word' id='word_1_986' title='bbox 2493 5758 2796 5816; x_wconf 81' lang='lat' dir='ltr'><strong>Ebroicensi</strong></span> <span class='ocrx_word' id='word_1_987' title='bbox 2829 5767 2881 5812; x_wconf 90' lang='lat' dir='ltr'><strong>et</strong></span> <span class='ocrx_word' id='word_1_988' title='bbox 2906 5740 3247 5839; x_wconf 74' lang='lat' dir='ltr'><strong>Carnutensi.</strong></span> 
     </span>
    </p>
   </div>
  </div>
