3838 6200
227 252 364 328 429
1457 260 1522 314 ῐΝ
1558 259 1867 317 nuunnos

1976 255 2180 310 )MILIA
2206 251 2293 306 IX.
3383 234 3498 288 650'

231 357 562 445 ‘elligentia
587 349 845 458 Imitﬂf:
866 348 1113 458 Annon
1150 376 1212 422 et
1237 373 1514 441 apostolus
1543 375 1772 429 Joannes
1799 373 1850 426 in

1976 377 2111 423 tatus
2137 374 2217 420 est
2261 365 2313 418 in
2341 373 2502 415 carne
2524 397 2539 422 ,
2572 351 2776 420 adjecto
2826 351 2984 406 etiam
3015 350 3256 411 incenso,
3285 347 3375 415 qui
3401 357 3485 400 est

240 457 511 533 θυῖειοιθδ
531 463 614 507 5‘“
630 443 800 502 eadem
822 445 1047 513 sem“:
1077 467 1216 510 cum
1250 438 1418 514 dicit:
1450 462 1563 528 (-97)
1595 481 1612 512 ι
1638 460 1806 514 Filioli
1835 497 1851 522 ,
1955 456 2172 524 spiritus
2215 447 2585 504 immaculatus
2613 481 2629 505 ,
2661 439 2865 494 medius
2894 439 3033 492 inter
3070 438 3219 489 vivos
3245 447 3297 488 et
3339 447 3484 487 mor—
3537 479 3544 483 _

278 550 580 608 mandatum
599 549 776 595 novum
797 533 868 587 do
887 537 1102 606 vobis,
1133 556 1200 600 ut
1219 547 1451 603 invicem
1475 549 1702 616 diligatis
1726 546 1805 598 ὀἳ
1831 565 1848 597 ι

289 656 408 694 cum
436 638 609 706 utique
633 629 782 685 sciret
809 622 947 679 olim
983 629 1190 688 datum
1223 651 1350 691 esse
1384 637 1691 689 mandatum
1722 636 1856 688 dile-

290 728 482 782 ctionis
531 725 584 778 in
627 721 754 789 lege.
803 714 914 771 Sed
977 724 1254 789 quoniam
1306 726 1540 778 Charitas
1590 739 1855 790 nunquam

289 818 451 880 cadit,
472 829 574 868 nec
589 813 880 866 mandatum
912 808 1220 867 charitatis
1243 813 1530 882 aliquando
1556 811 1855 876 veterascit,

290 908 388 958 hoc
425 904 571 970 quod
602 911 860 968 nunquam
890 903 1222 965 veterascit,
1266 917 1478 968 semper
1514 916 1706 954 novum
1741 914 1858 954 esse

290 993 630 1062 pronuntiat.
661 990 880 1058 Semper
909 991 1068 1044 enim
1103 992 1448 1045 observantes
1480 1000 1531 1044 et
1560 990 1859 1045 custodien-

294 1091 372 1133 tes
403 1082 456 1132 in
513 1094 574 1132 se
605 1078 882 1132 cliaritatis
923 1081 1242 1133 mandatmn
1278 1094 1442 1133 novos
1469 1079 1635 1131 reddit
1667 1079 1717 1130 in
1752 1078 1860 1144 spi-

243 1201 246 1204 ~
290 1169 416 1220 ritu.
468 1165 751 1219 Peccatori
806 1174 995 1218 autem
1052 1175 1107 1220 et
1156 1164 1432 1218 charitatis
1499 1163 1696 1216 foedera
1753 1177 1859 1214 non

289 1255 529 1309 servanti
556 1293 571 1316 ,
604 1252 768 1307 etiam
801 1251 1108 1321 Evangelia
1160 1251 1324 1318 298
1369 1257 1724 1303 veterascunt.
1753 1248 1860 1302 Nec

290 1352 462 1412 potest
489 1343 539 1396 ei
569 1355 769 1394 novum
802 1355 926 1394 esse
959 1350 1363 1404 testamentum,
1399 1341 1488 1408 qui
1521 1354 1620 1392 non
1649 1336 1860 1404 deponit

287 1442 527 1484 veterem
562 1429 864 1492 hominem,
893 1437 951 1481 et
978 1430 1221 1482 induitur
1247 1444 1458 1489 novum,
1483 1443 1544 1480 ac
1573 1427 1858 1480 secundum

288 1520 451 1572 Deum
502 1527 782 1572 creatum.
837 1518 1101 1571 Hortatur
1128 1533 1254 1586 ergo
1305 1517 1510 1585 Moyses
1558 1516 1860 1583 pontificem

287 1621 568 1673 magnum,
621 1615 684 1659 ut
735 1605 932 1660 olferat
985 1605 1260 1657 incensum
1312 1605 1364 1656 in
1405 1605 1598 1656 castris
1624 1603 1776 1671 (98),
1809 1612 1862 1654 ct

286 1705 471 1748 exoret
498 1710 606 1763 pro
639 1693 858 1764 pupulo.
892 1693 1012 1748 Jam
1044 1694 1206 1758 enim,
1241 1694 1428 1761 inquit,
1461 1694 1656 1746 vastari
1687 1707 1852 1759 popu-

288 1783 366 1835 lus
395 1781 592 1847 ccepit.
646 1781 703 1833 ln
739 1781 931 1849 spiritu
965 1781 1179 1833 videbat
1216 1780 1422 1848 Moyses
1449 1795 1562 1846 quae
1603 1780 1857 1847 gereban-

289 1880 389 1922 tur.
425 1870 581 1922 Vidit
617 1869 880 1922 virtutem
927 1869 1106 1921 exisse
1150 1869 1213 1919 ad
1253 1878 1450 1930 castra,
1479 1875 1534 1920 et
1564 1876 1768 1918 vastare
1796 1880 1857 1918 ac

291 1958 560 2022 perimere
602 1968 966 2024 peccatores;
993 1967 1045 2009 et
1086 1967 1303 2024 propter
1329 1956 1427 2008 hoc
1460 1955 1699 2007 hortatur
1728 1970 1857 2022 pon-

287 2045 484 2097 tificem
505 2059 798 2098 assumere
822 2043 1087 2106 batillum,
1114 2044 1284 2110 ignem
1311 2043 1373 2094 de
1395 2041 1544 2093 altari
1569 2041 1854 2107 imponere,

286 2145 449 2201 atque
475 2136 710 2189 incenso
741 2135 1046 2203 superjecto
1063 2135 1206 2186 exire
1231 2140 1282 2184 et
1307 2129 1601 2183 stareiuter
1627 2127 1855 2180 medium

289 2234 632 2276 mortuorum
667 2234 726 2277 et
761 2224 1002 2275 vivorum
1023 2261 1038 2283 ,
1073 2236 1139 2274 ne
1171 2220 1309 2272 ultra
1334 2217 1588 2285 procedat
1612 2214 1858 2275 vastatio,

288 2315 371 2366 vel
399 2324 578 2376 certe,
605 2322 667 2367 ut
700 2313 884 2366 verius
913 2311 1072 2364 habet
1102 2324 1159 2362 se
1194 2308 1479 2376 Scriptura:
1508 2321 1701 2371 sermo,
1735 2320 1860 2356 conc

293 2404 482 2458 fractio
515 2403 659 2471 (99).

357 2496 408 2548 5.
465 2494 578 2547 Sed
616 2492 824 2559 primo,
849 2489 892 2543 si
930 2488 1160 2551 videtur,
1190 2486 1425 2540 historiae
1468 2485 1633 2553 ipsius
1677 2481 1862 2548 imagi-

295 2598 411 2636 nem
444 2579 836 2634 describamus
862 2617 878 2641 ,
915 2583 973 2628 ut
1002 2589 1122 2628 cum
1155 2575 1228 2627 rei
1272 2582 1428 2640 gesta:
1467 2572 1672 2639 species
1702 2586 1863 2638 appa-

297 2671 499 2732 ruerit,
539 2679 678 2720 tunc
709 2667 927 2719 domum
961 2664 1126 2718 etiam
1157 2663 1200 2714 si
1244 2662 1368 2730 quid
1413 2669 1495 2714 est
1525 2660 1575 2712 in
1608 2660 1708 2713 hoc
1750 2659 1863 2712 loco

299 2758 594 2829 mysticum
626 2754 991 2820 requiramus.
1021 2750 1262 2816 Intellige
1286 2763 1412 2817 ergo
1443 2748 1686 2816 pOpulum
1718 2746 1862 2799 illum

297 2849 453 2903 Israel
491 2848 547 2900 in
577 2845 782 2898 castris
810 2857 905 2910 per
933 2841 1149 2895 ordines
1182 2839 1408 2890 tribumn
1440 2836 1866 2903 familiarumque

300 2935 650 3003 dispositum,
676 2932 932 2983 virtutem
963 2942 1091 2980 vero
1121 2925 1402 2992 quamdam
1435 2939 1463 2977 a
1494 2924 1600 2978 Deo
1631 2925 1861 2982 missam.

301 3039 396 3076 non
445 3021 736 3090 sparsim,
783 3016 880 3070 sed
927 3029 996 3068 ex
1030 3015 1198 3082 prima
1251 3014 1424 3081 aliqua
1469 3021 1618 3078 parte
1647 3011 1869 3077 cmpisse

299 3111 555 3180 populum
596 3116 780 3161 morte
811 3113 1056 3168 vastare,
1097 3110 1151 3156 et
1183 3101 1557 3171 procedentem
1586 3113 1678 3167 per
1722 3098 1867 3152 ordi-

299 3217 418 3255 nem
453 3198 658 3253 mortis
707 3203 948 3261 stragem
995 3191 1293 3244 considera.
1342 3188 1466 3242 Post
1518 3189 1627 3241 haec
1656 3189 1867 3256 pontiﬁ-

303 3307 415 3346 cem
451 3271 712 3343 indntum
745 3291 901 3336 veste
929 3279 1216 3348 pontiﬁcali
1244 3280 1548 3346 procedere,
1578 3286 1630 3332 et
1654 3287 1872 3345 portan-

303 3389 401 3433 tem
439 3376 723 3438 batillum,
751 3382 918 3438 atque
952 3369 1123 3436 ignem
1156 3383 1272 3420 cum
1307 3369 1541 3434 incenso,
1570 3368 1785 3420 tendere
1809 3366 1873 3419 ad

302 3470 447 3521 illum
510 3465 695 3516 locum
726 3500 743 3525 ,
788 3474 897 3528 quo
945 3472 1040 3526 per
1103 3457 1346 3524 angelum
1383 3466 1680 3509 vastantem
1732 3472 1874 3510 mors

300 3557 443 3610 illata
480 3557 856 3620 pervenerat,
894 3556 950 3600 et
977 3553 1208 3598 stantem
1237 3546 1288 3597 in
1334 3559 1397 3598 eo
1429 3544 1544 3596 loco
1567 3583 1581 3606 ,
1615 3543 1700 3595 ubi
1736 3557 1876 3596 mors

301 3647 463 3700 linem
500 3641 735 3695 dederat
767 3637 960 3707 primis
985 3675 1000 3700 ,
1035 3645 1088 3688 et
1121 3643 1236 3689 erat
1266 3635 1434 3688 vicina
1467 3631 1768 3701 postremis.
1797 3632 1877 3684 ln-

265 3746 457 3788 -tucre
504 3740 754 3786 stantem
803 3725 1154 3796 pontificem,
1210 3734 1263 3778 et
1305 3723 1604 3790 objectione
1650 3725 1876 3790 quadam

297 3828 404 3888 sui,
444 3824 707 3875 viventes
738 3832 769 3870 a
805 3814 1036 3869 mortuis
1064 3814 1435 3877 dirimentem;
1469 3814 1722 3865 virtutem
1753 3827 1879 3865 vero

297 3905 783 3980 repropitiationis
803 3902 941 3970 ejus,
959 3910 1012 3956 et
1035 3899 1235 3954 incensi
1262 3900 1574 3970 mysterium
1603 3900 1881 3954 erubuisse

294 4001 566 4071 angelum
620 4002 996 4054 vastatorem,
1044 3999 1099 4044 et
1148 3991 1198 4042 in
1248 3967 1350 4042 hoc
1397 3999 1619 4041 mortem
1669 3967 1880 4056 quidem

291 4093 544 4152 ﬁnitam,
582 4085 758 4138 vitam
789 4096 916 4135 vero
949 4087 1271 4146 reparatam.
1298 4076 1355 4131 Si
1381 4076 1689 4130 intellexisti
1716 4077 1882 4131 histo-

290 4183 391 4236 ria:
442 4177 708 4232 ordinem
737 4211 754 4237 ,
801 4179 855 4225 et
885 4170 1080 4234 oculis,
1115 4177 1173 4222 ut
1207 4169 1281 4221 ita
1313 4168 1508 4233 dicam,
1540 4181 1758 4221 cernere
1785 4182 1881 4235 po-

289 4269 459 4324 tuisti
487 4262 814 4336 pontificem
839 4268 1068 4314 stantem
1094 4257 1323 4310 medium
1348 4256 1487 4308 inter
1504 4255 1652 4309 vivos
1671 4265 1724 4309 et
1749 4271 1885 4311 mor-

286 4370 468 4412 tuos:
499 4351 749 4408 ascende
775 4361 915 4401 nunc
945 4346 1010 4399 ad
1041 4344 1186 4398 verbi
1215 4343 1372 4410 hujus
1395 4342 1618 4394 celsiora
1650 4341 1880 4412 fastigia,

283 4459 346 4504 et
382 4448 523 4500 vide
557 4439 839 4512 quomodo
869 4451 1029 4490 verus
1070 4434 1307 4504 pontifex
1342 4430 1494 4484 Iesus
1522 4432 1763 4488 Christus
1793 4449 1880 4486 as~

283 4544 534 4603 sumpto
570 4529 770 4585 batillo
801 4526 980 4581 carnis
1020 4524 1298 4586 humanae,
1327 4531 1382 4574 et
1416 4522 1745 4590 superposito
1776 4521 1882 4590 igni

286 4625 506 4682 altaris
530 4661 549 4687 ,
580 4619 770 4673 anima
819 4615 937 4669 sine
967 4613 1126 4666 dubio
1173 4612 1259 4663 illa
1307 4611 1591 4676 magniﬁca
1627 4624 1745 4662 cum
1783 4624 1882 4677 qua

369 4716 424 4748 ”
460 4715 478 4765 Ι
511 4710 682 4765 .Ioan.
711 4721 773 4768 ll,
801 4705 857 4758 8.
954 4704 994 4736 ⁸³
1025 4701 1184 4758 Hebr.
1222 4714 1293 4763 tt,
1320 4700 1405 4752 Η.

288 4787 343 4820 ³⁸
374 4781 558 4836 Num.
610 4789 726 4841 xvi,
757 4772 847 4826 50.

376 4892 504 4961 (97)
540 4881 1126 4961 _Filioli,_3nandqtum.
1146 4891 1340 4961 in‘ovum
1371 4875 1436 4926 do
1469 4873 1606 4961 paleis
1633 4913 1646 4936 ,
1674 4881 1728 4924 ut
1757 4873 1888 4952 invi:

295 4940 434 5019 cera;
458 4940 1030 5024 diligalit-MWJO'I‘“
1072 4947 1164 5024 .l'ic
1191 4946 1378 5024 mpsim
1408 4948 1486 4993 es‘
1517 4940 1770 5024 ρίίοεῗρθε
1795 4941 1887 5008 qui

299 5008 675 5095 ex-vEpistvola
700 5019 934 5095 Joannis
965 5014 1148 5095 laudat
1187 5008 1328 5079 quod
1355 5021 1458 5061 una
1488 5025 1506 5056 ι
1544 5008 1687 5086 ﬁlioli
1717 5027 1736 5058 ι
1763 5022 1892 5061 voce

299 5077 573 5162 Eleans,
609 5093 664 5145 in
712 5089 836 5158 ejus
890 5077 1432 5148 Evangelio'tantum
1483 5077 1743 5141 reperitur
1771 5091 1891 5143 cap.

303 5163 695 5304 ιηίέὸῗιίὲὺῄ.
725 5222 890 5304 editi,
923 5223 1035 5294 rut
1063 5213 1257 5304 (iuerat
1285 5211 1550 5286 incensum
1565 5209 1638 5304 ἐκ).
1655 5219 1850 5274 castra,
1874 5227 1892 5260 ι

307 5275 998 5359 ςεδνιῖίεέῗῖὑῑῖἱεεὶιθὶδ
1046 5292 1100 5334 et
1144 5276 1478 5332 Belvacensis
1527 5285 1582 5330 ut
1625 5275 1676 5328 in
1712 5287 1896 5331 ηοειτο

308 5385 476 5430 ωιω.

361 5442 482 5516 (99)
527 5430 836 5516 Vastatiq:

280 5507 469 5590 plum”
495 5518 686 5568 sermo
712 5537 730 5562 ι
770 5507 880 5546 σοι’

872 5417 957 5472 vel
998 5423 1137 5466 certe
1165 5449 1180 5472 ,
1215 5420 1266 5459 ut
1298 5408 1456 5459 verius
1483 5408 1626 5461 habet
1668 5425 1722 5462 se
1751 5411 1897 5464 Scri-

887 5484 1110 5553 [ractio.
1147 5477 1397 5541 Suspicor
1441 5476 1741 5532 varietatem
1789 5494 1899 5536 non

1503 4703 1547 4731 ²¹
1582 4699 1734 4756 Joan.
1776 4714 1856 4760 ut,
1891 4699 1974 4753 15.

1957 523 2074 601 tuos
2101 543 2266 604 stetit,
2296 551 2349 592 et
2381 544 2606 590 mortem
2638 545 2740 584 non
2773 529 2897 582 fecit
2925 529 3060 580 ultra
3091 526 3348 595 grassari;
3389 523 3486 576 sed

1954 638 2090 690 sicut
2132 630 2415 701 Apostolus
2449 627 2576 679 dicit
2606 625 2671 687 ",
2703 618 2965 674 destruxit
2999 637 3016 668 σ
3044 632 3163 670 eum
3195 617 3285 683 qui
3322 616 3484 667 hahe-

1955 725 2045 778 bat
2071 700 2256 776 mortis
2281 717 2582 784 imperium,
2611 711 2660 763 id
2689 719 2770 765 est
2800 708 3092 770 diabolum,
3125 714 3181 756 ut
3206 705 3296 772 qui
3321 700 3485 755 credit

1957 810 2009 863 in
2027 824 2144 864 eum
2169 806 2275 873 jam
2301 819 2403 857 non
2434 801 2710 860 moriatur,
2733 795 2822 848 sed
2845 794 2986 847 vivat
3011 793 3062 844 in
3095 787 3430 842 aeternum".
3461 801 3482 834 ι

1958 898 2068 950 Hoc
2096 871 2194 948 fuit
2226 907 2353 961 ergo
2385 887 2693 957 mysterium
2719 884 2856 952 quod
2889 890 3069 948 postea
3101 876 3356 934 futurum,
3377 871 3486 937 jam

1959 994 2083 1036 tunc
2123 982 2210 1034 ille
2239 981 2326 1047 qui
2362 975 2608 1045 populum
2645 971 2906 1032 vastabat,
2947 964 3179 1034 expavit.
3217 961 3486 1027 Agnosce-

1958 1073 2047 1126 bat
2075 1071 2214 1124 enim
2252 1070 2470 1133 ﬁguram
2515 1061 2681 1116 batilli
2710 1099 2726 1125 ,
2760 1068 2812 1113 et
2860 1057 2996 1125 ignis
3020 1093 3034 1118 ,
3077 1062 3129 1105 et
3159 1048 3392 1102 incensi:
3433 1054 3487 1095 et

1957 1161 2132 1230 qualis
2159 1155 2420 1210 oﬂ'erenda
2452 1159 2591 1206 esset
2621 1151 2728 1203 Deo
2757 1147 2928 1200 hostia
2959 1146 3023 1197 ab
3051 1155 3134 1204 eo,
3163 1139 3251 1206 qui
3283 1134 3488 1188 medius

1959 1258 2288 1305 mortuorum
2317 1247 2664 1310 vivorumque
2693 1238 3024 1296 constiterat,
3059 1227 3398 1300 praevidebat.
3426 1224 3490 1276 Et

1959 1339 2080 1392 illos
2125 1335 2333 1404 quidem
2379 1341 2508 1385 tunc
2547 1331 2717 1395 imago
2761 1324 3094 1391 prtcﬁgurata
3127 1313 3390 1372 salvavit,
3423 1310 3489 1362 ad

1959 1440 2056 1479 nos
2108 1433 2286 1476 autem
2331 1418 2519 1472 salutis
2577 1415 2776 1468 veritas
2833 1411 2942 1475 ipsa
2999 1403 3258 1474 pervenit.
3314 1399 3495 1464 Neque

1960 1512 2101 1567 enim
2133 1511 2441 1562 indumenta
2475 1500 2738 1571 pontiﬁcis
2775 1507 3006 1566 purpura
3049 1505 3111 1543 ac
3140 1490 3257 1541 lana
3303 1486 3490 1554 bysso-

1961 1615 2063 1668 que
2094 1607 2340 1652 contexta
2382 1590 2679 1647 erubuisset
2726 1585 2939 1652 angelus
2984 1579 3069 1633 ille
3100 1584 3332 1630 vastator
3356 1615 3369 1636 ,
3399 1571 3490 1622 sed

1891 1669 1931 1722 Β
1960 1693 2057 1745 ista
2087 1704 2205 1757 quae
2251 1687 2428 1739 futura
2461 1689 2611 1736 erant
2647 1677 2951 1730 indumenta
2999 1668 3172 1737 magni
3225 1661 3492 1733 pontiﬁcis

1960 1779 2236 1840 intellexit,
2267 1785 2320 1829 et
2349 1775 2413 1828 iis
2441 1770 2618 1832 cessit,
2650 1765 2841 1834 quibus
2864 1762 3045 1827 utique
3072 1757 3316 1810 universa
3342 1764 3494 1805 crea-

1963 1880 2077 1924 tura
2127 1839 2346 1922 inferior
2391 1868 2526 1917 erat.
2589 1857 2722 1911 Puto
2769 1861 2944 1905 autem
2985 1845 3126 1914 quod
3177 1858 3277 1895 non
3324 1839 3490 1892 solum

1961 1961 2133 2028 primo
2181 1957 2404 2010 adventu
2447 1945 2653 2002 Domini
2688 1950 2741 1997 et
2776 1937 3065 1994 Salvatoris
3106 1933 3270 1986 nostri
3319 1929 3488 1982 forma

1961 2049 2060 2102 ista
2091 2043 2349 2110 completa
2379 2039 2468 2102 sit,
2504 2037 2596 2090 sed
2627 2033 2810 2086 eadem
2839 2025 3084 2082 fortassis
3113 2019 3411 2075 servabitur
3442 2017 3492 2068 in

1963 2136 2213 2189 secundo.
2252 2130 2440 2184 Veniet
2489 2124 2631 2179 enim
2685 2122 2877 2174 iterum
2929 2114 3092 2167 Filius
3136 2108 3403 2162 hominis:
3443 2116 3504 2157 et.

1964 2239 2082 2277 cum
2122 2222 2325 2273 venerit
2350 2257 2364 2281 ,
2395 2218 2510 2270 sine
2541 2213 2699 2267 dubio
2737 2207 2970 2263 inveniet
2995 2202 3250 2271 quosdam
3281 2198 3493 2266 quidem

1967 2322 2216 2372 mortuos,
2248 2306 2505 2376 quosdam
2542 2309 2719 2355 autem
2747 2297 3004 2350 viventes.
3039 2289 3186 2354 Quod
3216 2299 3498 2353 possumus

1965 2400 2174 2468 quidem
2206 2373 2368 2449 et_sic
2419 2389 2752 2456 intelligere:
2785 2385 2907 2453 quia
2960 2377 3197 2434 nonnulli
3240 2375 3414 2428 adhuc
3444 2373 3498 2425 in

1968 2467 2070 2542 hoc
2105 2487 2227 2538 vitae
2264 2491 2401 2536 statu
2431 2494 2536 2547 quo
2569 2489 2710 2530 nunc
2741 2485 2926 2527 sumus
2973 2467 3308 2521 inveniantur
3332 2500 3348 2522 ,
3378 2476 3496 2512 cum

1968 2576 2114 2630 multi
2147 2575 2254 2644 jam
2306 2565 2682 2639 praecesserint
2728 2559 2943 2615 mortui.
2998 2556 3176 2609 Potest
3223 2561 3399 2604 autem
3447 2557 3501 2600 et.

1968 2665 2120 2718 aliter
2147 2638 2344 2730 accipi;
2373 2666 2430 2711 ut
2460 2663 2716 2717 mortuos,
2744 2662 2972 2718 corpora
3011 2642 3394 2709 intelligamus:
3425 2638 3502 2689 vi-

1968 2764 2152 2807 ventes
2181 2728 2354 2804 antem
2381 2785 2396 2812 ,
2443 2745 2665 2798 animas.
2712 2740 2934 2806 Quidam
2968 2747 3140 2787 tamen
3169 2745 3232 2784 ex
3265 2729 3326 2803 iis
3355 2767 3369 2791 ,
3407 2728 3499 2796 qui

1969 2851 2090 2895 ante
2135 2854 2230 2892 nos
2277 2832 2614 2903 interpretati
2662 2837 2786 2882 sunt
2833 2828 3005 2879 locum
3055 2823 3199 2876 hunc
3227 2861 3242 2884 ,
3287 2817 3500 2870 memini

1970 2930 2110 2999 quod
2133 2938 2368 2983 mortuos
2393 2923 2642 2978 dixerunt
2671 2932 2784 2979 eos,
2817 2915 2904 2982 qui
2933 2913 3210 2965 nimietate
3242 2907 3501 2961 scelerum

1970 3025 2022 3075 in
2054 3017 2288 3088 peccatis
2329 3015 2439 3068 suis
2466 3009 2663 3065 mortui
2715 3004 3111 3070 intelliguntur:
3145 2999 3381 3051 viventes
3409 3011 3504 3046 au-

1971 3118 2072 3161 tem
2119 3121 2248 3169 eos,
2297 3103 2385 3170 qui
2418 3101 2470 3153 in
2512 3098 2760 3166 Operibus
2809 3093 2927 3144 vitae
2959 3087 3366 3157 permanserint.
3403 3082 3504 3135 Ve-

1971 3203 2266 3250 rumtamen
2320 3188 2574 3244 utrolibet
2619 3181 2773 3236 modo
2821 3177 2984 3232 stabit
3025 3177 3186 3229 etiam
3232 3175 3282 3226 in
3329 3173 3506 3225 futuro

1971 3297 2188 3352 magnus
2215 3282 2301 3334 hic
2327 3276 2560 3348 pontifex
2592 3282 2644 3326 et
2679 3269 2922 3323 Salvator
2953 3273 3152 3326 noster,
3183 3262 3388 3315 medius
3421 3262 3501 3312 vi-

1972 3351 2155 3423 vorum
2183 3379 2236 3421 et
2274 3375 2624 3421 mortuorum.
2660 3359 2762 3410 Sed
2797 3365 2849 3409 et
2880 3363 3008 3406 tunc
3039 3352 3172 3405 forte
3197 3351 3396 3403 medius
3425 3351 3504 3401 vi-

1973 3474 2156 3512 vorum
2186 3465 2239 3510 et
2276 3463 2599 3508 mortuorum
2647 3460 2791 3501 Stare
2833 3444 3086 3498 dicendus
3109 3448 3210 3505 est,
3239 3454 3359 3493 cum
3392 3448 3504 3491 sta-

1976 3555 2084 3601 tuet
2107 3559 2230 3598 oves
2255 3542 2467 3612 quidem
2507 3554 2533 3591 a
2570 3535 2768 3591 dextris
2796 3533 2926 3596 suis,
2957 3529 3134 3583 haedos
3169 3536 3341 3581 autem
3375 3542 3404 3580 a
3431 3527 3506 3580 si-

1976 3634 2181 3696 nistris,
2217 3640 2268 3685 et
2297 3630 2434 3683 dicet
2461 3627 2524 3680 iis
2553 3626 2640 3693 qui
2670 3639 2699 3676 a
2728 3621 2926 3675 dextris
2952 3629 3073 3672 sunt
3098 3635 3111 3669 :
3144 3636 3162 3668 ι
3187 3615 3391 3679 Venite,
3423 3618 3509 3668 be-

1977 3721 2170 3776 nedicti
2206 3719 2376 3773 Patris
2415 3716 2556 3779 mei,
2604 3710 2861 3782 percipite
2899 3721 3137 3774 regnum,
3172 3705 3312 3773 quod
3357 3703 3509 3756 vobis

1979 3822 2214 3880 paratum
2242 3819 2326 3863 est
2353 3823 2380 3859 a
2406 3803 2783 3860 constitutione
2814 3799 2992 3852 mundi
3022 3798 3088 3857 ¹³,
3124 3805 3226 3849 etc.
3261 3813 3280 3846 ι
3320 3793 3387 3846 lis
3425 3805 3509 3844 au.

1978 3910 2083 3956 tem
2115 3899 2204 3968 qui
2243 3912 2271 3950 a
2303 3895 2536 3950 sinistris
2565 3899 2688 3946 sunt
2717 3889 2892 3942 dicet:
2938 3905 2959 3939 ι
2985 3886 3058 3938 lte
3081 3887 3132 3937 in
3160 3884 3330 3951 ignem
3357 3890 3510 3932 aeter-

1980 4005 2123 4048 num.
2147 3987 2377 4056 operarii
2424 3981 2720 4050 iniquitatis
2747 4018 2762 4043 ,
2803 3990 2957 4044 quem
3006 3973 3324 4043 praeparavit
3349 3970 3510 4025 Pater

1981 4094 2130 4135 meus
2167 4076 2376 4133 diabolo
2417 4083 2470 4128 et
2514 4069 2717 4139 angelis
2770 4068 2883 4135 ejus
2914 4106 2929 4131 ,
2961 4062 3210 4133 quoniam
3255 4076 3356 4114 non
3391 4059 3512 4113 novi

1983 4185 2074 4224 vos
2119 4169 2184 4222 “.
2231 4185 2248 4218 ι
2293 4165 2357 4218 Ει
2407 4170 2527 4217 sunt
2555 4162 2736 4227 utique
2773 4156 2964 4212 mortui
3002 4154 3074 4217 ii,
3112 4153 3202 4220 qui
3250 4151 3302 4204 in
3339 4151 3511 4218 ignem

1916 4293 1960 4346 Β
1987 4258 2267 4312 mittuntur
2289 4260 2572 4312 aeternum;
2604 4256 2726 4304 sunt
2751 4255 2926 4303 autem
2957 4241 3062 4296 vivi
3087 4241 3158 4295 illi
3183 4241 3271 4310 qui
3298 4241 3516 4294 mittun-

1987 4355 2072 4396 tur
2101 4342 2166 4394 ad
2192 4353 2426 4408 regnum.

2055 4434 2108 4486 6.
2143 4448 2161 4480 r
2191 4429 2252 4483 Et
2279 4429 2541 4489 cessavit,
2573 4424 2748 4492 inquit
2777 4424 2846 4486 ",
2873 4419 3101 4475 vastatio
3125 4417 3352 4489 (1),»vcl,
3379 4425 3436 4470 ut
3463 4417 3513 4468 in

1988 4518 2104 4572 aliis
2123 4516 2512 4584 exemplaribus
2536 4513 2633 4580 legi
2654 4509 2932 4572 diximus,r
2946 4507 3234 4562 confractio
3252 4524 3262 4557 :
3278 4505 3442 4572 aquod
3464 4511 3516 4555 et

1989 4608 2156 4676 magis
2179 4603 2629 4674 interpretationis
2669 4600 2915 4654 convenit
2945 4597 3178 4651 veritati.
3216 4593 3518 4649 Confractio

2074 4697 2118 4728 ⁸³
2161 4695 2349 4754 Matth.
2378 4710 2508 4760 xxv,
2532 4694 2620 4746 34.
2730 4690 2774 4721 ’δ
2809 4689 2937 4743 ibid.
2967 4689 3023 4741 41
3056 4703 3070 4752 ;
3105 4685 3213 4741 Luc
3261 4701 3380 4750 xm,
3428 4682 3522 4736 27.

1990 4871 2152 4926 fuisse
2176 4873 2227 4925 in
2272 4869 2660 4939 exemplaribus
2691 4867 2933 4939 _Graecis,
2977 4867 3068 4920 sed
3101 4861 3421 4939 itu-Latinis.
3462 4859 3517 4939 l_n

1994 4928 2640 5020 hodiernisﬁeptuzlginta
2691 4935 3034 5020 Interpretum
3059 4932 3353 5020 .coldicihus
3378 4928 3518 5020 rsola

1996 5009 2250 5075 reperitur
2271 4996 2446 5070 lectio,
2471 4996 2688 5072 Θραῦσις
2715 5021 2732 5053 ι
2759 4996 2981 5075 fractio;
3007 5019 3024 5051 ι
3059 5000 3108 5075 in
3132 4997 3356 5075 _H.ebraeo
3377 4996 3522 5072 fonto

1995 5061 2184 5144 Ιεέἱιιιΐ
2217 5084 2372 5135 una:
2412 5061 2641 5144 (plaga,
2669 5061 2982 5144 ipercussio.
3014 5087 3031 5118 ι
3067 5066 3143 5144 ᾼά
3179 5066 3316 5144 hanc
3359 5061 3522 5128 signi-

1999 5131 2491 5211 lie'ationem’magis
2525 5131 2732 5194 accedit
2770 5153 2866 5192 vox
2920 5154 2938 5186 ι
2962 5131 3270 5194 confractio,
3296 5147 3316 5180 ι
3360 5143 3518 5194 qnam

2006 5231 2024 5263 ι
2057 5213 2299 5265 vastatio.
2333 5229 2350 5260 ι
3036 5247 3042 5254 .

2069 5261 2432 5349 {lilii—codice
2461 5274 2765 5349 Ebroi‘censi
2797 5264 3379 5349 legitttrtc‘quassgtio.
3408 5280 3425 5312 ι
3456 5261 3522 5339 Et

2001 5330 2630 5412 rndx'(interpretationi
2652 5330 2893 5398 convenit
2912 5330 3163 5389 veritatis.
3195 5349 3212 5382 ι
3249 5330 3442 5400 Sicque
3467 5331 3532 5382 in.

2003 5417 2176 5472 codice
2210 5412 2538 5469 Belvaccnsi.
