3838 6222
415 265 507 316 031

1863 252 2179 309 ORIGENIS

3618 237 3719 287 63?.

417 389 641 444 namque
671 382 751 429 est
773 417 788 440 ,
816 387 934 443 qua:
971 371 1114 426 velut
1151 371 1202 424 in
1234 372 1376 425 vasis
1424 369 1674 424 ﬁctilibus
1702 346 1946 422 efﬁcitur.
1978 374 2022 429 Α
2049 368 2238 422 domos
2263 362 2597 418 familiarum
2629 361 2934 429 ipsorum,
2966 354 3050 408 ab
3083 347 3360 444 omnibus
3377 348 3722 418 principibus

414 465 728 518 Peccatores
761 477 887 530 ergo
929 474 1056 515 vasa
1108 459 1291 513 ﬁctilia
1330 459 1489 522 ﬁunt,
1526 458 1663 512 sicut
1691 455 1948 510 Jeremias

415 553 672 623 propheta
716 552 957 619 designat
1000 551 1053 602 in
1093 547 1583 601 Lamentationibus
1610 547 1674 610 “,
1725 545 1941 598 dicens:

421 663 438 693 ι
471 643 586 695 Filii
619 642 769 703 Sion,
812 641 902 708 qui
934 649 1087 693 erant
1115 637 1448 692 honorabiles
1479 644 1534 690 et
1561 637 1610 688 in
1644 650 1773 688 auro
1800 633 1948 696 elati,

415 733 679 800 quomodo
726 729 950 797 reputati
984 737 1107 782 sunt
1152 729 1202 781 in
1232 741 1357 781 vasa
1406 726 1608 788 ﬁctilia,
1639 739 1800 792 opera
1837 737 1950 776 ma-

415 835 578 873 nuum
609 819 795 887 ﬁguli?
835 837 852 869 ι
908 817 1011 870 Et:
1064 836 1080 868 ι
1126 817 1180 870 lo
1216 816 1372 872 domo
1415 829 1602 884 magna
1647 829 1750 868 non
1805 821 1950 876 sunt,

416 908 586 976 inquit
627 907 906 974 Apostolus
957 907 1034 970 ’⁷,
1082 904 1444 958 tantummodo
1487 917 1612 957 vasa
1654 917 1812 955 aurea
1841 942 1854 964 ,
1891 910 1945 955 et

415 1005 689 1064 argentea,
717 995 808 1048 sed
833 1005 884 1048 et
912 995 1079 1062 lignea
1107 1003 1160 1047 et
1189 993 1406 1047 ﬁctilia:
1439 1001 1492 1046 et
1521 992 1624 1045 alia
1651 992 1862 1058 quidem
1887 991 1952 1044 ad

416 1085 694 1148 honorem,
730 1083 832 1134 alia
863 1093 1036 1136 autem
1073 1083 1136 1135 ad
1164 1080 1559 1134 contumeliam.
1593 1098 1610 1131 ι
1657 1078 1793 1132 Sunt
1826 1092 1953 1146 ergo

415 1187 538 1225 vasa
573 1171 751 1225 ﬁctilia
778 1171 842 1223 ad
875 1170 1239 1223 contumeliam
1263 1207 1276 1231 ,
1307 1182 1424 1234 qua:
1464 1175 1518 1220 et
1539 1165 1796 1234 confringi
1828 1179 1951 1233 pos-

415 1270 557 1314 sunt.
592 1259 697 1314 Sed
733 1259 1130 1312 consideremus
1159 1257 1466 1324 diligentius
1502 1256 1627 1322 quid
1675 1257 1726 1308 in
1761 1268 1952 1308 conse-

412 1349 698 1416 quentibus
744 1345 1023 1414 Apostolus
1057 1344 1122 1399 dc
1166 1344 1294 1411 ipsis
1320 1343 1462 1396 vasis
1493 1342 1745 1396 ﬁctilibus
1775 1341 1951 1395 dicat:

419 1456 438 1485 σ
463 1433 518 1488 Si
547 1435 689 1502 quis,
722 1433 893 1500 inquit
919 1432 983 1498 ⁸⁸,
1013 1431 1377 1484 cmundavcrit
1404 1431 1743 1496 semetipsum
1769 1428 1837 1479 al;
1865 1427 1950 1491 iis,

415 1525 516 1578 crit
540 1523 735 1586 vas,ad
763 1523 1016 1574 honorem
1050 1519 1463 1584 sanctiﬁcatum,
1495 1528 1546 1570 et
1571 1517 1699 1570 utile
1732 1516 1952 1569 Domino

415 1615 478 1664 ad
509 1626 663 1665 onme
691 1624 823 1679 opus
853 1610 1048 1662 bonum
1086 1617 1348 1675 paratum.
1385 1625 1403 1657 ι
1455 1606 1509 1657 In
1542 1620 1644 1669 quo
1674 1604 1952 1658 ostendere

2052 457 2289 524 ipsorum
2321 451 2612 508 duodecim
2639 451 2884 518 virgas;
2927 454 2994 499 et
3031 439 3501 507 uniuscujusque
3536 455 3721 492 eorum

2051 560 2242 598 nomen
2268 544 2454 597 scribe
2489 543 2545 595 in
2567 539 2724 607 virga
2767 551 2880 590 sua
2936 550 2955 586 :
2992 541 3059 586 et
3089 541 3310 583 nomen
3335 529 3526 580 Aaron
3553 527 3725 580 scribe

2050 633 2102 686 in
2131 634 2280 700 virga
2333 631 2463 686 Levi
2493 645 2510 682 :
2541 638 2626 683 est
2652 627 2810 681 enim
2856 624 3036 689 virga
3079 633 3206 672 una
3244 616 3336 686 (Ξ),
3361 631 3471 684 per
3504 616 3721 680 tribum,

2051 737 2148 790 per
2176 723 2371 775 domos
2421 719 2767 772 faiitiliarum
2814 724 3084 768 suarum
3122 706 3343 761 dabunt
3376 705 3512 758 tibi.
3547 704 3612 757 Et
3637 720 3727 773 po-

2052 826 2149 865 nes
2174 825 2268 864 eas
2309 811 2365 863 in
2399 807 2831 862 tabernaculum
2887 797 3251 856 testimonii
3293 804 3492 850 contra
3525 810 3725 860 arcam,

2053 914 2118 952 ex
2149 899 2350 967 quibus
2382 911 2662 965 agnoscar
2693 894 2800 948 tibi
2839 891 3013 946 inde.
3076 887 3158 940 Et
3195 885 3306 938 erit
3330 885 3509 939 homo
3539 897 3727 952 quem-

2053 1005 2268 1057 cunque
2293 991 2534 1058 elegero,
2565 989 2718 1057 virga
2756 987 2889 1052 ejus
2914 977 3332 1051 'germinabit,
3378 986 3441 1030 et
3490 974 3730 1027 auferam

2054 1097 2083 1133 a
2115 1091 2165 1133 te
2198 1080 2697 1132 murmurationem
2728 1078 2999 1130 ﬁliorum
3033 1068 3235 1124 Israel
3274 1069 3367 1121 :in
3401 1067 3733 1134 quibuscun-

2053 1186 2159 1238 que
2185 1179 2535 1223 murmurant
2562 1169 2666 1236 ipsi
2695 1170 2768 1223 de
2792 1167 2997 1221 vobis.
3037 1183 3059 1216 ι
3102 1161 3314 1217 Omnis
3340 1159 3614 1227 princeps
3645 1155 3734 1208 tri-

2055 1259 2157 1310 bus
2189 1269 2241 1310 ct
2269 1257 2451 1326 populi
2490 1256 2657 1308 habet
2705 1256 2967 1323 virgam.
3011 1251 3151 1305 Non
3211 1248 3364 1302 enim
3402 1253 3597 1312 potest
3621 1245 3734 1311 quis

2055 1361 2244 1414 regere
2280 1348 2566 1414 populum,
2606 1347 2711 1400 nisi
2747 1346 2973 1400 habeat
2998 1343 3274 1412 virgam.
3313 1339 3488 1394 Unde
3512 1345 3572 1391 et
3597 1335 3730 1389 Pau-

2053 1433 2138 1487 lus
2165 1435 2467 1502 apostolus,
2497 1434 2625 1502 quia
2651 1434 2935 1502 princeps
2973 1440 3113 1485 erat
3149 1429 3372 1497 pepuli,
3417 1425 3632 1479 idcirco
3663 1425 3738 1476 di-

2055 1525 2213 1577 cebat
2247 1543 2260 1577 :
2299 1541 2321 1576 ι
2367 1523 2508 1589 Quid
2551 1523 2765 1578 vultis?
2794 1523 2855 1578 In
2895 1521 3078 1592 virga
3117 1523 3360 1573 veniant
3399 1517 3472 1569 ad
3506 1530 3626 1576 vos,
3652 1523 3736 1566 :mt

2057 1612 2110 1664 in
2136 1614 2428 1675 charitate,
2462 1615 2784 1680 spirituque
2818 1609 3326 1665 mansuetudinis
3367 1607 3466 1658 '3?
3505 1627 3524 1657 ι
3555 1605 3738 1660 Omnis

415 1701 646 1761 videtur,
677 1700 813 1766 quod
837 1705 889 1750 et
913 1711 1006 1750 vas
1030 1697 1198 1764 ipsum
1223 1695 1363 1762 quod
1391 1695 1467 1758 ﬁt,
1487 1704 1540 1748 et
1564 1708 1658 1762 per
1682 1707 1838 1760 quem
1870 1693 1952 1756 ﬁt,

2173 1703 2470 1770 iprinceps
2512 1703 2761 1755 trihttum
2824 1701 3062 1753 habeat
3110 1710 3363 1750 necesse
3398 1703 3493 1747 est
3531 1694 3735 1760 virgam

417 1805 552 1842 unus
575 1798 733 1855 atque
757 1788 896 1839 idem
925 1786 1083 1838 homo
1105 1785 1193 1837 sit.
1219 1782 1451 1849 lntellige
1471 1795 1595 1849 ergo
1621 1781 1946 1848 propositum

415 1878 578 1947 299
606 1877 819 1944 quidem
873 1874 1108 1927 hominis
1151 1886 1270 1924 esse
1303 1872 1439 1938 quod
1481 1879 1736 1937 operatur
1777 1887 1791 1923 :
1829 1870 1950 1923 reli-

415 1982 571 2032 quam
604 1975 781 2018 autem
813 1972 1017 2032 partem
1055 1959 1286 2014 hominis
1313 1960 1483 2027 ipsum
1511 1973 1631 2012 esse
1663 1971 1774 2021 vas,
1810 1958 1950 2025 quod

417 2053 475 2105 ﬁt
519 2051 600 2104 vel
646 2050 710 2102 ad
753 2049 1031 2109 honorem,
1065 2046 1147 2098 vel
1190 2044 1590 2098 contumeliam.
1650 2044 1780 2097 Cum
1821 2059 1950 2112 ergo

413 2155 602 2194 sensus
635 2149 813 2193 noster
839 2153 954 2204 qua:
983 2138 1117 2190 bona
1141 2145 1261 2187 sunt
1281 2133 1448 2201 eligit,
1473 2133 1604 2185 etad
1635 2132 1825 2185 bonam
1855 2148 1953 2187 nos

414 2231 880 2285 conversationem
915 2226 1097 2288 trahit,
1126 2225 1257 2277 facit
1283 2238 1378 2276 nos
1408 2237 1499 2276 vas
1532 2222 1679 2276 utile.
1699 2223 1829 2276 Cum
1858 2237 1954 2276 au-

416 2330 520 2373 tem
551 2317 864 2384 neglexerit,
895 2323 943 2368 et
981 2315 1240 2368 deciderit
1283 2313 1612 2383 propositum
1650 2294 1889 2365 nostrum
1922 2328 1950 2364 a

414 2408 586 2472 bonis,
610 2408 870 2461 ellicimur
900 2418 994 2458 vas
1018 2405 1084 2458 ad
1111 2403 1507 2458 contumeliam.
1539 2403 1595 2455 Si
1633 2416 1762 2470 ergo
1792 2401 1952 2454 intel-

412 2497 584 2552 lectus
616 2506 800 2550 noster
849 2495 1027 2548 luteus
1067 2495 1155 2559 sit,
1187 2502 1238 2548 et
1276 2495 1341 2547 de
1385 2493 1493 2544 luto
1529 2506 1740 2560 semper
1781 2505 1842 2544 ac
1891 2491 1956 2543 de

414 2589 642 2642 terrenis
670 2588 890 2654 cogitet,
923 2585 1180 2639 efﬁcimur
1211 2598 1306 2638 vas
1356 2583 1542 2647 ﬁctile,
1573 2591 1627 2636 et
1672 2597 1804 2648 opus
1845 2595 1957 2633 ma-

412 2692 576 2730 nuum
633 2676 803 2744 ﬁguli.
865 2675 930 2728 Et
976 2673 1112 2728 forte
1157 2681 1375 2742 propter
1406 2673 1504 2726 hoc
1551 2673 1651 2726 iste
1691 2671 1778 2738 qui
1832 2670 1954 2723 talis

412 2776 518 2830 est,
549 2767 859 2833 increpatur
889 2765 956 2817 ab
987 2764 1264 2832 Apostolo,
1301 2763 1452 2832 quasi
1485 2763 1572 2830 qui
1610 2775 1825 2815 sensum
1859 2764 1956 2814 ha-

413 2855 551 2907 bens
581 2853 778 2906 luteum
803 2863 856 2928 et
891 2862 1179 2917 terrenum,
1207 2853 1272 2905 de
1300 2850 1504 2918 magnis
1529 2858 1582 2902 et
1617 2850 1680 2901 iis
1719 2865 1834 2918 qua:
1861 2865 1953 2902 ca-

414 2959 542 3014 pere
565 2959 669 2996 non
702 2952 895 3010 potest,
925 2951 1128 3009 quarrat
1157 2952 1211 2995 et
1247 2943 1390 2995 dicat
1418 2958 1430 2992 :
1467 2959 1484 2991 ι
1525 2940 1662 3004 Quid
1707 2957 1834 3010 ergo
1862 2944 1955 2997 ad-

417 3012 524 3084 huc
544 3029 928 3097 conqueritur?
955 3027 1222 3080 Voluntati
1244 3027 1385 3080 enim
1410 3025 1524 3092 ejus
1547 3026 1665 3092 quis
1686 3026 1950 3080 resistit?»
1985 3012 2031 3073 C

415 3119 511 3172 Cui
541 3116 836 3187 Apostolus
871 3115 1024 3184 quasi
1075 3115 1217 3168 luteo
1252 3113 1526 3181 respondit
1550 3114 1594 3144 ’θ
1623 3131 1638 3167 :
1673 3132 1690 3163 ι
1727 3113 1806 3167 Tu
1841 3115 1964 3182 quis

413 3219 495 3270 es,
519 3220 552 3258 ο
583 3205 765 3268 homo,
793 3204 884 3272 qui
917 3213 1108 3256 contra
1157 3203 1482 3270 respondeas
1531 3201 1639 3255 Deo
1663 3202 1686 3252 ?
1715 3202 1964 3270 Nunquid

415 3295 546 3348 dicit
576 3295 882 3364 ﬁgmentum
925 3293 972 3347 ei
1021 3295 1112 3362 qui
1165 3307 1223 3347 se
1272 3293 1446 3356 ﬁnxit,
1469 3291 1604 3358 Quid
1652 3307 1738 3345 me
1785 3293 1961 3346 fecisti

415 3385 532 3438 sic?
565 3403 585 3436 ι
632 3383 833 3437 Dicitur
859 3392 1120 3451 praeterea
1145 3397 1339 3450 corpus
1371 3392 1610 3435 nostrum
1641 3396 1733 3433 vas
1780 3382 1960 3445 ﬁctile,

415 3477 527 3529 sive
555 3475 714 3528 etiam
746 3474 876 3542 legis
911 3475 1110 3538 littera,
1138 3475 1192 3528 in
1215 3487 1279 3526 eo
1301 3474 1438 3540 quod
1471 3473 1545 3525 ait
1571 3472 1856 3540 Apostolus
1877 3473 1920 3504 ³⁰
1944 3488 1959 3525 :

420 3583 439 3615 ι
473 3567 738 3620 Habentes
765 3577 942 3617 autem
974 3565 1279 3618 thesaurum
1315 3565 1456 3617 hunc
1503 3564 1556 3617 in
1591 3569 1734 3618 vasis
1787 3565 1961 3617 ﬁctili-

415 3657 530 3709 bus.
573 3675 592 3706 ι
632 3653 923 3720 Utrumque
958 3653 1098 3706 enim
1150 3655 1200 3706 in
1251 3655 1352 3707 hoc
1396 3669 1642 3707 sermone
1671 3654 1837 3722 accipi
1869 3669 1962 3721 po-

417 3755 544 3811 test,
584 3755 638 3799 et
669 3747 810 3815 quod
849 3747 900 3798 in
941 3758 1165 3813 corpore
1209 3745 1362 3798 nobis
1413 3745 1602 3812 positis
1649 3747 1959 3798 thesaurum

416 3833 602 3900 gratia:
626 3848 721 3902 per
743 3831 1002 3900 Spiritum
1031 3841 1274 3886 sanctum
1313 3832 1567 3886 Dominus
1594 3833 1872 3902 largiatur,
1908 3842 1962 3886 et

415 3922 556 3988 quod
596 3922 645 3974 in
678 3922 1015 3976 sermonibus
1047 3921 1200 3990 legis,
1225 3921 1315 3988 qui
1345 3921 1473 3974 viles
1501 3932 1553 3974 et
1579 3923 1628 3975 in
1659 3932 1958 3990 contemptu

419 4011 686 4063 habentur
717 4025 812 4077 pro
835 4026 899 4064 eo
928 4011 1067 4079 quod
1100 4011 1245 4064 nulla
1275 4021 1388 4064 arte
1417 4013 1764 4079 grammatica
1794 4029 1958 4083 expo-

418 4097 495 4148 liti
529 4097 799 4162 vidcntttr,
825 4100 1130 4153 reconditus
1160 4100 1227 4153 sit
1271 4100 1556 4154 thesaurus
1590 4103 1865 4168 sapientia:
1903 4113 1957 4158 et

418 4185 656 4236 scientiae
687 4184 816 4246 Dei;
865 4185 936 4235 ita
995 4194 1052 4237 ut
1105 4188 1296 4240 merito
1336 4187 1438 4240 dici
1477 4190 1669 4256 possit,
1719 4193 1861 4257 quod
1906 4193 1956 4246 in

418 4273 550 4336 ipsis
597 4271 705 4321 sint
737 4271 969 4340 thesauri
1008 4274 1299 4340 sapientiae,
1356 4286 1412 4328 et
1458 4277 1694 4330 scientiae
1717 4280 1804 4332 Dci
1839 4285 1956 4337 abs-

418 4356 620 4408 conditi
651 4356 717 4408 ⁸⁸.
785 4356 906 4410 llaec
951 4361 1104 4413 nobis
1136 4363 1275 4415 dicta
1320 4365 1426 4417 sint
1464 4363 1528 4416 de
1569 4365 1954 4433 contractione,

419 4459 537 4513 qua:
567 4457 806 4498 cessasse
836 4457 1156 4502 memoratur
1190 4467 1202 4502 :
1235 4468 1373 4506 nunc
1401 4463 1574 4507 autem
1601 4471 1765 4522 pauca
1797 4460 1956 4514 etiam

424 4536 488 4586 de
519 4532 762 4600 sequenti
805 4533 1024 4589 historia
1068 4539 1415 4605 disseramus,
1446 4544 1497 4594 in
1535 4559 1639 4612 qua
1691 4548 1955 4616 virgarum

421 4623 861 4676 commemoratio
893 4623 1262 4682 introducitur.

489 4709 542 4760 7.
562 4709 636 4760 ιδ’
651 4710 715 4762 Ει
743 4711 946 4766 locutus
968 4724 1050 4766 est
1077 4714 1330 4772 Dominus
1361 4721 1425 4771 ad
1457 4719 1694 4788 Moysen,
1724 4724 1906 4779 dicens
1941 4745 1953 4780 :

420 4793 664 4866 Loquere
695 4797 819 4851 ﬁliis
864 4798 1045 4865 Israel,
1081 4812 1130 4854 et
1185 4805 1366 4872 accipe
1419 4806 1483 4857 ab
1516 4807 1592 4856 cis
1621 4806 1823 4871 virgam
1865 4827 1959 4877 per

489 4962 536 4995 ⁸⁸
563 4963 756 5018 Tltren.
790 4981 860 5026 tv,
887 4966 940 5020 2.

421 5034 464 5066 ⁵³
491 5031 646 5086 Νυιιι.
677 5049 807 5100 xvu,
837 5035 938 5088 1-5.

1016 4970 1056 4997 ³⁷
1083 4967 1119 5020 ιι
1149 4967 1286 5021 Tim.
1320 4986 1379 5023 ιι.
1415 4967 1503 5020 9.0.

1014 5036 1054 5066 ³³
1076 5036 1234 5094 lCor.
1258 5054 1328 5101 tv,
1357 5036 1443 5088 2|.

1579 4967 1623 4997 ’⁸
1653 4967 1779 5022 ibid.
1820 4974 1879 5027 2|
1896 5016 1907 5027 .

492 5165 568 5238 (2)
595 5165 686 5246 Ινξεί
710 5168 847 5246 inim
873 5170 1011 5246 virga
1041 5187 1166 5222 uua.
1183 5170 1287 5246 _S_ic
1322 5177 1485 5246 recte.
1500 5171 1652 5222 codd.
1674 5185 1812 5246 .mss_.
1844 5173 1956 5228 Bel-

421 5234 681 5298 Vacensis,
710 5234 1030 5291 Turonensis
1077 5249 1130 5290 et
1181 5237 1537 5298 Ebroicensis,
1567 5247 1621 5289 ιιι
1674 5237 1723 5288 in
1774 5240 1956 5296 (lt-areo

423 5311 589 5380 testu,
619 5302 730 5355 ἐστι
767 5303 872 5380 γὰρ
901 5305 1088 5380 ῥάϐδος
1118 5306 1234 5374 μία.
1263 5304 1396 5357 lllale
1429 5304 1482 5356 in
1509 5315 1666 5358 antea
1695 5307 1851 5362 cditis
1878 5310 1958 5364 lc-

423 5375 583 5438 gitur,
613 5390 630 5419 ι
662 5375 852 5424 ctenim
878 5375 1077 5438 virgam
1104 5387 1284 5424 unam.
1317 5389 1338 5422 ι

427 5498 438 5508 .
493 5437 566 5500 (5)
592 5439 784 5508 Omnes
811 5436 1019 5506 mss.,_t
1054 5441 1396 5494 auditorio.»
1437 5436 1588 5508 Libb.
1615 5441 1763 5501 editi,
1803 5461 1822 5492 ι
1864 5445 1956 5496 ad.

421 5505 633 5562 jutotio.
670 5505 830 5562 Paulo
857 5519 973 5576 post
1006 5523 1131 5565 mss.
1170 5526 1187 5559 ι
1232 5522 1329 5576 per
1359 5507 1686 5563 occidentem
1725 5510 1956 5568 litteram

1984 4982 2026 5010 ²⁹
2053 4981 2211 5038 Rom.
2244 5001 2323 5054 ιι,
2360 4990 2429 5050 l9
2457 5005 2516 5050 et
2538 4997 2637 5054 20.

2054 5181 2164 5235 desi

2055 5249 2619 5328 demonstran

2055 1805 2235 1854 suam,
2271 1792 2363 1844 sed
2418 1806 2562 1844 unus
2594 1790 2752 1843 solus
2790 1797 2910 1850 cst,
2956 1787 3129 1841 sicut
3191 1784 3503 1853 Scriptura
3557 1781 3739 1841 refert,

2056 1881 2300 1948 pontifex
2327 1882 2510 1936 Aaron
2545 1882 2705 1949 cujus
2745 1881 2908 1947 virga
2940 1877 3340 1948 germinavit.
3375 1876 3593 1928 Verum
3619 1886 3742 1938 quo~
3775 1929 3777 1931 ι

2024 1971 2029 1977 ’
2056 1965 2223 2028 niam,
2249 1974 2306 2019 ut
2333 1982 2478 2034 smpe
2507 1967 2892 2030 ostendimus,
2943 1979 3142 2017 verus
3170 1963 3444 2032 pontifex
3493 1961 3740 2016 Christus

2059 2066 2160 2119 εει,
2195 2056 2308 2124 ipse
2341 2057 2495 2110 solus
2529 2065 2634 2120 est,
2687 2056 2853 2123 cujus
2898 2055 3080 2123 virga
3137 2055 3344 2108 crucis
3393 2067 3514 2106 non
3567 2051 3734 2104 solum

2057 2146 2403 2214 germinavit,
2430 2145 2524 2198 sed
2553 2156 2610 2198 et
2639 2143 2857 2206 ﬂoruit,
2893 2153 2959 2198 et
2996 2159 3226 2197 omnes
3257 2146 3358 2198 hos
3392 2142 3738 2197 credentium

2057 2233 2375 2304 populorum
2415 2234 2605 2286 attulit
2632 2234 2881 2288 fructus.
2923 2234 3086 2300 Quis
3130 2245 3335 2287 autem
3369 2233 3482 2286 iste
3511 2242 3598 2285 est
3636 2230 3741 2282 fru-

2058 2334 2196 2388 ctus,
2217 2338 2375 2393 quem
2401 2323 2619 2376 attulit?
2649 2323 2866 2387 Nuces,
2899 2323 3144 2391 inquit,
3176 2324 3280 2392 qui
3317 2321 3548 2376 fructus
3572 2321 3738 2389 primo

2059 2417 2271 2483 quidem
2305 2416 2632 2470 indumento
2665 2431 2904 2470 amarus
2959 2426 3060 2470 est
3111 2435 3128 2470 :
3169 2416 3449 2480 sequenti
3506 2413 3740 2466 munitur

2059 2513 2114 2556 et
2145 2503 2365 2572 tegitur.
2392 2502 2581 2557 Tertio
2618 2511 2958 2556 sumentem
2999 2505 3212 2572 pascit
3259 2518 3330 2557 ac
3360 2503 3568 2555 nutrit.
3599 2499 3738 2554 Talis

2059 2605 2186 2658 ergo
2209 2602 2291 2644 est
2335 2591 2391 2644 in
2429 2592 2705 2646 auditorio
2745 2592 2830 2663 (5)
2865 2591 3107 2647 Christi
3153 2594 3440 2648 doctrina
3489 2591 3631 2661 legis
3682 2599 3734 2640 et

2061 2682 2476 2749 prophetarum.
2515 2682 2704 2736 Prima
2738 2682 2964 2738 littera:
3000 2683 3200 2738 facies
3229 2685 3384 2738 satis
3417 2697 3610 2737 amara
3637 2691 3736 2743 est,

2059 2787 2179 2840 qua:
2209 2771 2684 2827 circumcisionem
2717 2773 2927 2826 carnis
2970 2775 3279 2844 praecipit,
3309 2789 3451 2843 qum
3481 2776 3550 2827 de
3573 2771 3736 2827 sacri-

2063 2861 2198 2914 ﬁciis
2229 2861 2471 2936 mandat,
2508 2869 2564 2914 et
2590 2870 2797 2914 caetera
2835 2876 2979 2930 qua:
3011 2878 3128 2932 per
3171 2866 3560 2918 occidentem
3607 2861 3742 2915 littt»

2062 2965 2178 3003 ram
2210 2949 2594 3014 designantur.
2651 2949 2784 3005 "me
2851 2953 3068 3006 omnia
3133 2963 3442 3021 tanquam
3502 2968 3740 3006 amarum

2063 3039 2216 3093 nucis
2259 3039 2516 3090 corticem
2570 3037 2802 3104 projice.
2839 3039 3132 3095 Secundo
3163 3043 3223 3096 in
3261 3043 3426 3098 loco
3462 3042 3534 3095 ad
3576 3041 3745 3095 muni-

2063 3138 2244 3182 menta
2271 3139 2420 3182 testae
2449 3129 2766 3196 pervenies,
2801 3129 2861 3183 in
2900 3147 3022 3200 quo
3044 3136 3133 3188 vel
3169 3149 3340 3188 mora
3367 3137 3444 3189 lis
3482 3134 3742 3195 doctrina,

2064 3218 2144 3269 vel
2177 3217 2313 3269 ratio
2345 3218 2701 3270 continentim
2755 3221 3136 3291 designatur.
3201 3224 3382 3289 Que
3434 3223 3741 3279 necessaria

2062 3305 2276 3371 quidem
2317 3316 2444 3358 sunt
2491 3307 2558 3358 ad
2602 3309 2930 3363 custodiam
2990 3327 3196 3365 eorum
3252 3329 3338 3382 qu
3365 3330 3423 3369 :2-
3466 3321 3746 3368 servantur

2062 3395 2409 3458 iutrinsccus,
2461 3395 2773 3465 frangenda
2823 3403 3186 3470 quandoque
3232 3414 3475 3459 lar-ten
3534 3415 3590 3458 et
3641 3403 3745 3454 sine

2059 3483 2226 3536 dubio
2254 3484 2598 3538 dissolvenda
2631 3497 2787 3542 sunt.
2811 3490 2892 3544 Ut
2923 3492 2974 3544 si
3013 3492 3175 3545 verbi
3208 3497 3441 3560 gratia
3483 3496 3743 3554 dicamus,

2061 3571 2392 3625 abstinentia
2441 3575 2724 3640 ciborum,
2760 3587 2818 3631 et
2853 3581 3165 3650 castigatio
3207 3585 3548 3651 corporis,
3582 3583 3742 3636 donec

2059 3674 2246 3712 sumus
2282 3661 2334 3712 in
2362 3677 2596 3731 corpore
2630 3667 2738 3719 isto
2768 3671 3151 3738 corruptibili
3182 3679 3250 3723 et
3283 3673 3608 3739 patssihiIi,
3638 3671 3746 3723 sine

2061 3748 2221 3801 dubio
2243 3752 2557 3804 necessaria
2593 3765 2702 3807 est.
2743 3755 2892 3809 Cum
2939 3768 3136 3812 autem
3189 3759 3606 3815 court-actum
3640 3761 3746 3812 fue-

2062 3840 2129 3890 rit
2161 3854 2223 3893 ac
2257 3841 2589 3907 resolutum,
2630 3854 2687 3898 et
2720 3851 3178 3903 resurrectionis
3233 3859 3540 3921 tetnpore
3575 3854 3740 3906 incor—

2061 3927 2315 3995 ruptibile
2359 3942 2425 3980 ex
2473 3935 2829 4002 corruptibili
2875 3939 3196 4000 redditum,
3259 3950 3474 4011 atque
3519 3959 3586 3996 ex
3635 3942 3741 3994 ani-

2060 4017 2180 4070 mali
2222 4017 2465 4085 spiritale
2494 4039 2506 4072 :
2546 4039 2658 4078 non
2693 4025 2807 4091 jam
2845 4026 3046 4082 labore
3070 4028 3460 4102 alilictionis,
3492 4051 3596 4089 nec
3626 4034 3716 4087 abs

2061 4109 2293 4199 liuentia:
2328 4113 2721 4180 castigatione,
2760 4120 2861 4172 sed
2913 4123 3220 4189 qualitate,
3267 4131 3452 4183 nulla
3483 4131 3599 4199 jam
3627 4143 3738 4182 cor-

2061 4197 2172 4266 pori
2205 4201 2513 4267 corruptela
2562 4204 2957 4263 dominabitur
2988 4210 3095 4281 (4).
3149 4212 3256 4268 Sic
3307 4197 3560 4290 ergoet
3605 4231 3737 4273 nunc

1989 4319 2033 4372 ι)
2065 4290 2368 4342 necessaria
2403 4291 2768 4350 abstinentia:
2801 4300 2952 4354 ratio
2979 4303 3232 4368 videtur,
3272 4322 3344 4364 et
3377 4312 3733 4381 posnnodum

2065 4391 2169 4474 non
2198 4381 2509 4474 qnzerenda.
2542 4381 2738 4438 Tertio
2765 4396 2958 4442 autent
3001 4393 3131 4448 loco
3163 4404 3556 4454 reconditum
3593 4402 3644 4453 in
3677 4400 3737 4451 iis

2064 4478 2310 4564 invenies
2338 4477 2418 4564 “et
2475 4479 2766 4525 secretum
2823 4481 3245 4546 mysteriorum
3319 4490 3631 4557 sapientia:
3685 4497 3734 4538 et

2064 4552 2303 4650 scientia:
2338 4552 2434 4607 Dei
2477 4571 2740 4627 sensum,
2774 4581 2888 4633 quo
2928 4573 3276 4629 nutriantur
3311 4552 3410 4631 ει-
3433 4587 3734 4649 pascantur

2062 4654 2612 4741 all'lllliefanctorum
2671 4669 2782 4706 non
2821 4658 3012 4711 solum
3051 4662 3108 4714 itt
3143 4671 3423 4733 praesenti
3474 4671 3614 4733 vita,
3642 4668 3728 4720 sed

2063 4733 2230 4821 etiam
2264 4733 2315 4782 in
2356 4733 2571 4791 futura.
2612 4741 2726 4797 Iste
2757 4747 2911 4800 enim
2967 4762 3058 4804 est
3107 4757 3465 4821 pontiﬁcalis
3497 4759 3728 4815 fructus.

2067 4817 2131 4870 de
2157 4833 2266 4886 quo
2297 4827 2656 4890 promittitur
2695 4835 2765 4890 iis
2800 4837 2896 4906 qui
2923 4817 3196 4898 esuritint
3229 4857 3290 4901 et
3319 4848 3531 4900 sitiunt
3570 4849 3730 4914 justi-

2723 5003 2768 5034 ³⁰
2797 5003 2842 5060 ιι
2872 5004 3006 5060 Cor.
3049 5024 3137 5074 tv,
3184 5012 3242 5070 7.
3321 5011 3358 5044 ³⁸
3405 5011 3538 5064 Col.
3581 5027 3645 5074 tt,
3674 5011 3722 5065 ’5.

2173 5200 2447 5282 PBN”.
2479 5221 2498 5253 ι
2521 5202 2690 5261 Lihb.
2721 5209 2880 5275 editi,
2905 5228 2924 5261 ι
2949 5226 3048 5282 per
3079 5217 3462 5278 occidentem
3495 5213 3741 5265 litterata

2238 5331 2470 5417 LCo‘tld.
2530 5344 2914 5415 Ehroicensis,
2957 5348 3370 5417 Belvacensis
3416 5354 3481 5396 et
3521 5345 3763 5417 Torona

2061 5396 2634 5540 feftli
2653 5396 3051 5489 amittatis
3057 5396 3240 5489 {5.1.7:
3251 5396 3666 5494 ’ἒξςςιιιιιιδιιι
3686 5396 3778 5464 te}.
