3838 6236
75 167 113 177 ξ

275 221 304 292 ti

275 221 304 292 λ

186 214 365 431 [ἴω
413 402 646 431 ...ὠμῷ
1511 368 1574 421 IN
1609 369 1932 425 nummos
1968 369 2240 426 MILIA
2280 372 2369 429 tx.
3438 373 3541 429 est

286 397 395 475 ﬁm‘
1190 471 1264 505 ,κ
1474 484 1488 497 ⁸
1511 397 1572 497 ιίῚ
1609 397 1932 497 uomunt”:
1968 397 2240 497 (suntnam
2280 397 2369 429 In.
2449 485 2461 498 .
3438 397 3541 429 υῡι

286 496 553 580 w‘wms
592 516 837 580 mm)“
867 480 1163 580 “‘an
1205 479 1450 580 ιλιιοδ
1474 494 1633 552 igitur
1658 486 1813 580 modo
1848 500 1900 580 ut
1929 488 1976 539 Δ
1999 485 2167 552 gloria
2200 524 2217 580 ἶ
2248 495 2304 580 et
2329 490 2655 580 semiustum
2692 488 3172 555 ,corpus’animale,
3196 497 3386 580 surgat
3424 504 3542 580 cor:

1029 541 1046 554 .
1102 512 1149 562 .‘
1254 512 1450 577 ‘..IIUU
1474 512 1632 552 Ιδιωῐ
1658 512 1813 539 Ιυυυυ
1849 512 1900 582 ΙῘΙ
1929 512 1976 539 ιι
1999 512 2167 552 suum
2200 524 2216 539 ο
2248 512 2304 539 τι
2329 512 2654 539 ΙΒΠΙΙΙΙΠΌΠΊΙΙ
2692 512 3172 555 ίυυινυυυθωηηιδιε,
3196 512 3386 558 δυῐῗδῗι
3424 512 3541 543 ευτ-

312 607 543 647 Αωηηὼ
594 608 682 647 εἴ.
724 627 772 647 Μ
818 537 1171 647 LAW“
1205 558 1404 633 lituus
1434 572 1748 626 sacramenti
1777 580 1911 625 ratio
2010 585 2111 640 pus
2140 573 2382 642 spiritale
2405 574 2475 624 δ’.
2509 572 2614 626 Ista
2645 581 2771 627 sunt
2813 584 3043 641 quatuor
3068 588 3188 645 quae
3218 579 3362 647 virga
3400 575 3541 631 aridi

296 608 691 726 W““‘"§“{
724 627 781 675 ει
818 619 1159 726 sane“...
1207 608 1912 726 ;:.:;.':-:';1";;;;;;'.‘;:

323 730 435 783 mus
451 711 668 817 sanabis
679 712 735 770 in
757 716 920 817 corde
949 726 1333 817 tripliciter,
1361 711 1433 802 ad
1463 711 1909 817 respondendum,

331 808 525 885 illiut“.
547 807 760 866 Verbum
779 809 1044 905 veritatis
1073 822 1160 883 iis
1190 835 1300 900 qui
1319 807 1713 905 proposuerint
1735 807 1906 896 nobis.

338 908 435 962 Sic
460 915 563 962 tres
593 913 776 974 puteos
801 901 932 958 fodit
970 905 1155 970 lsaae
1204 901 1527 988 patriarcha
1563 926 1649 979 “:
1683 942 1907 994 quorum

328 998 483 1053 solus
510 995 601 1051 ille
627 995 805 1052 tertius
825 995 893 1051 ab
917 1008 989 1052 eo
1016 999 1280 1064 latitudo
1314 1015 1401 1069 vel
1428 1015 1715 1083 amplitudo
1737 1015 1910 1069 nomi-

328 1098 527 1144 natur.
580 1088 705 1154 Quia
756 1098 933 1144 autem
991 1104 1419 1155 sacramentum
1450 1104 1786 1159 sacerdotale
1826 1113 1909 1159 est

328 1179 494 1247 virga
534 1179 708 1243 nucis,
760 1178 961 1234 idcirco
1022 1185 1282 1241 arbitror
1317 1189 1481 1243 etiam
1515 1190 1802 1246 Jeremiam
1838 1194 1905 1257 ⁸⁷,

322 1266 429 1334 qui
476 1277 604 1321 erat
633 1282 769 1322 unus
798 1268 863 1323 de
898 1272 1288 1330 sacerdotibus
1316 1293 1378 1333 ex
1413 1279 1679 1344 Auathob,
1711 1281 1908 1337 vidisse

323 1357 548 1424 virgam
578 1373 825 1423 noceam.
855 1369 910 1414 et
937 1365 1302 1432 prophetasse
1326 1368 1392 1420 de
1416 1382 1479 1421 ea
1512 1368 1601 1422 illa
1630 1384 1748 1437 quae
1773 1370 1909 1425 scri-

323 1454 425 1511 pta
454 1454 593 1499 sunt
626 1447 713 1501 vel
743 1450 809 1502 de
840 1450 988 1520 virga
1023 1468 1219 1517 nucea,
1249 1457 1333 1511 vel
1367 1457 1432 1511 de
1466 1457 1659 1521 lebete,
1691 1460 1804 1513 sive
1839 1461 1907 1515 de

318 1532 440 1585 olla
470 1549 752 1589 succensa
780 1551 799 1589 :
830 1541 984 1606 quasi
1017 1542 1063 1595 si
1098 1545 1413 1600 ostenderet
1439 1561 1535 1616 per
1558 1548 1668 1602 haec
1690 1549 1740 1601 in
1761 1550 1906 1619 virga

321 1635 507 1675 nueea
536 1638 669 1679 esse
704 1627 899 1691 vitam.
927 1630 1064 1685 etin
1108 1632 1287 1688 lebete
1322 1650 1583 1691 succenso
1615 1650 1735 1691 esse
1766 1645 1906 1690 mer-

2006 662 2255 728 corporis
2281 663 2448 718 nostri
2472 663 2526 717 in
2551 664 2949 717 resurrectione
2974 666 3454 733 germinahit.‘Sed
3484 674 3539 720 et

2008 747 2137 805 illud
2160 750 2395 805 secundo
2419 750 2472 804 in
2494 749 2610 804 loco
2625 750 2895 814 dicemus;
2919 752 3070 818 quia,
3092 752 3228 806 sicut
3250 754 3301 806 in
3330 755 3395 809 iis
3414 766 3541 821 pro-

2009 837 2313 893 missionem
2336 854 2488 894 suam
2515 837 2656 893 Deus
2677 839 2728 891 in
2760 839 3107 907 quadruplum
3135 843 3277 895 dedit
3297 852 3352 896 et
3375 842 3541 895 multo

2007 928 2159 995 plura
2188 938 2244 984 et
2270 930 2586 997 pretiosiora
2618 929 2839 998 largitus
2859 939 2940 983 est
2973 944 3131 996 quam
3178 931 3437 997 promisit,
3465 931 3538 985 ita

2006 1017 2176 1070 multo
2200 1019 2369 1086 magis
2405 1018 2457 1071 in
2484 1019 2734 1071 ontnibns
2762 1017 3051 1084 Scriptura
3077 1017 3227 1081 locis,
3247 1017 3333 1069 ubi
3360 1016 3538 1084 aliqua

2004 1105 2098 1158 Dei
2125 1107 2414 1170 promissio
2461 1106 2791 1169 continetur,
2833 1106 2876 1159 si
2919 1106 3040 1174 quis
3088 1114 3264 1157 tamen
3311 1105 3377 1157 ad
3419 1117 3537 1159 eam

2004 1194 2286 1262 pervenire
2314 1204 2604 1259 mereatur,
2634 1198 2688 1248 itt
2718 1195 2896 1249 futuro
2927 1193 3289 1261 multipliciter
3332 1206 3536 1260 praepa-

2005 1284 2240 1347 rabitur;
2276 1293 2331 1338 et
2354 1285 2434 1338 sic
2465 1298 2591 1339 vere
2616 1283 2968 1351 complebitur
2994 1282 3123 1336 illud
3146 1283 3284 1350 quod
3308 1282 3537 1350 Aposto-
3562 1308 3565 1311 π

2004 1369 2086 1424 lus
2119 1371 2249 1424 dicit
2278 1372 2345 1435 ⁴³,
2376 1372 2500 1441 quia
2531 1390 2550 1423 ι
2579 1372 2765 1427 oculus
2801 1386 2907 1426 non
2936 1372 3088 1436 vidit,
3127 1385 3225 1425 nec
3252 1372 3397 1424 auris
3443 1385 3539 1423 au-

2001 1458 2156 1523 divit,
2190 1474 2288 1514 nec
2315 1460 2368 1514 in
2400 1476 2498 1514 cor
2532 1462 2763 1515 hominis
2784 1462 3044 1526 ascendit,
3073 1476 3191 1528 qua:
3221 1459 3538 1528 prwparavit

2007 1545 2146 1603 Deus
2168 1546 2234 1600 iis
2258 1548 2350 1615 qui
2380 1548 2609 1617 diligunt
2640 1561 2783 1600 eum.
2818 1566 2838 1600 ι
2873 1546 3004 1601 Vide
3026 1560 3155 1614 ergo
3174 1554 3370 1611 quanta
3403 1543 3533 1605 sint,

2000 1644 2058 1689 et
2081 1635 2282 1703 qualia,
2313 1650 2434 1704 quae
2473 1653 2576 1691 non
2616 1636 2784 1691 solum
2816 1636 2995 1690 videre
3025 1646 3082 1690 et
3120 1635 3306 1688 audire
3334 1632 3532 1686 nemini

248 1749 259 1753 -
319 1718 463 1767 tem.
499 1710 629 1766 Vita
664 1716 812 1770 enim
858 1726 913 1772 et
960 1732 1110 1775 mors
1141 1723 1360 1790 ponitur
1408 1735 1533 1779 ante
1572 1726 1762 1780 faciem
1812 1742 1906 1780 no-
1935 1789 1968 1795 _
2004 1725 2173 1790 licuit,
2204 1726 2294 1779 sed
2318 1740 2384 1779 ne
2408 1726 2460 1779 in
2491 1740 2584 1780 cor
2605 1727 2837 1795 quidem,
2865 1726 2916 1780 id
2948 1735 3031 1780 est
3068 1725 3135 1778 ad
3161 1723 3534 1793 cogitationem

312 1810 525 1892 stram.
566 1802 643 1857 Et
677 1815 762 1860 est
790 1808 901 1861 vita
932 1789 1155 1877 quidem
1193 1811 1441 1868 Christus
1474 1814 1528 1868 in
1570 1789 1974 1892 sacramento.B
2005 1789 2291 1868 humanam
2319 1815 2490 1884 potuit
2517 1789 2825 1869 ascendere.
2860 1814 2983 1868 Sive
3010 1829 3140 1882 ergo
3180 1789 3399 1876 terram,
3425 1812 3537 1865 sive

314 1888 522 1943 nucis:
574 1906 735 1946 mors
778 1905 960 1951 autem
1002 1898 1248 1954 diabolus
1279 1901 1333 1954 in
1375 1900 1542 1971 ﬁgura
1570 1902 1758 1957 lebetis
1789 1919 1903 1959 suc-

312 1976 495 2030 censi.
536 1978 601 2031 Si
640 1995 780 2051 ergo
822 1988 1171 2050 peccaveris,
1196 1990 1497 2056 portionem
1543 2000 1688 2044 tuam
1738 2005 1903 2059 pones

306 2079 446 2118 cum
480 2066 675 2124 lebete
699 2086 1000 2140 succenso;
1040 2077 1204 2146 300
1243 2078 1500 2147 siautem
1542 2078 1683 2146 iuste
1709 2081 1899 2148 egeris,

304 2153 604 2217 elicietur
631 2164 821 2229 portio
848 2173 941 2218 tua
977 2166 1030 2219 in
1047 2167 1196 2235 virga
1224 2181 1395 2222 nuces
1416 2183 1537 2223 cum
1561 2184 1750 2237 magno
1773 2185 1902 2237 pon-

311 2246 498 2299 tifice.
532 2248 652 2302 Sed
687 2259 746 2303 et
778 2252 832 2303 in
869 2251 1113 2329 Cautio-is
1139 2255 1466 2309 canticorum
1509 2256 1554 2288 ³⁸
1590 2271 1784 2325 sponsa
1815 2259 1904 2311 de-

308 2337 604 2391 scendere
639 2337 849 2392 dicitur
875 2340 929 2394 in
960 2342 1176 2396 hortum
1203 2345 1376 2407 nucis,
1408 2345 1497 2398 ubi
1527 2346 1685 2399 etiam
1702 2347 1904 2413 pariter

305 2436 447 2478 cum
488 2426 742 2480 nucibus
766 2429 1184 2484 sacerdotalium
1215 2434 1601 2500 quodammodo
1625 2450 1900 2503 pomorum

305 2513 548 2581 cupiam
589 2517 963 2582 perscribitur
986 2518 1277 2575 invenisse.
1297 2519 1670 2576 Verumtamen
1702 2523 1773 2578 de
1796 2506 1901 2576 vir-

307 2603 428 2672 gis,
456 2611 529 2656 ut
551 2603 751 2659 dicere
783 2618 1149 2674 cmperamus,
1179 2624 1341 2663 unum
1363 2612 1607 2677 promisit
1637 2613 1775 2668 Deus
1798 2612 1903 2666 fru-

305 2698 471 2742 ctum
507 2691 570 2745 in
612 2691 796 2760 virga,
825 2700 882 2745 et
920 2692 1098 2760 plures
1134 2694 1299 2749 dedit.
1333 2696 1436 2750 Sed
1480 2698 1743 2754 attendite
1781 2701 1902 2755 dili-

302 2779 568 2845 gentius,
609 2778 659 2831 si
705 2777 855 2833 forte
904 2781 1175 2847 possimus
1221 2783 1597 2841 liberalitatem
1651 2788 1742 2844 Dei
1791 2789 1899 2844 lar-

302 2866 540 2931 giorem
578 2864 759 2918 etiam
799 2864 936 2934 ipsis
973 2867 1088 2921 suis
1126 2870 1570 2937 promissionibus
1610 2873 1834 2928 edoccre
1882 2892 1896 2927 :

304 2955 357 3007 si
389 2953 539 3008 forte
570 2964 631 3008 et
650 2969 722 3008 ex
753 2954 986 3008 iisillam
1006 2955 1324 3012 ineffabilem
1348 2959 1639 3015 bonitatem
1674 2962 1762 3016 Dei
1784 2977 1902 3031 qua:

304 3044 373 3096 in
409 3042 726 3112 Scriptura:
774 3043 961 3099 liuere
1026 3060 1241 3116 semper
1280 3049 1492 3117 tegitur,
1526 3051 1713 3104 rimari
1745 3062 1900 3120 atque

306 3133 668 3203 investigare
696 3136 1028 3203 poterimus,
1050 3150 1173 3190 cum
1200 3137 1481 3206 largiorem
1504 3140 1555 3193 in
1582 3143 1899 3210 prastando,

302 3235 488 3289 quam
531 3222 591 3275 in
624 3223 1003 3289 promittendo
1027 3223 1324 3278 videamus.

397 3309 453 3362 8.
488 3310 670 3378 Igitur
706 3323 893 3363 sermo
923 3310 1220 3379 Scriptura:
1250 3313 1318 3367 de
1346 3328 1448 3383 qua
1478 3330 1616 3369 nunc
1638 3315 1903 3385 loquimur

306 3406 401 3458 ita
431 3405 641 3459 habet:
686 3423 710 3455 ι
748 3404 812 3459 Et
830 3406 959 3472 erit,
990 3408 1181 3476 inquit,
1221 3414 1380 3464 homo
1399 3426 1773 3481 quemcunque
1794 3415 1901 3470 elc—

304 3510 479 3563 gero,
535 3494 693 3564 virga
748 3495 870 3561 ejus
926 3498 1253 3564 germinabit
1284 3498 1352 3552 ⁸⁹.
1405 3518 1425 3551 ι
1458 3499 1568 3555 Hoc
1612 3513 1694 3557 est
1728 3504 1898 3558 solum

304 3583 472 3650 quod
504 3582 768 3649 promisit
816 3583 981 3647 Deus,
1027 3594 1087 3637 ut
1125 3585 1272 3654 virga
1314 3586 1429 3655 ejus
1466 3604 1627 3657 quem
1655 3590 1899 3660 elegerit,

304 3672 625 3740 germinet.
657 3670 763 3725 Ubi
798 3686 926 3727 vero
949 3674 1017 3725 ad
1047 3688 1160 3727 rem
1196 3676 1409 3729 venitur
1429 3687 1486 3731 ut
1512 3680 1650 3746 quod
1683 3683 1904 3748 pretris-

304 3772 448 3811 sum
493 3766 584 3812 est
639 3761 978 3813 ostendatur
1025 3760 1305 3828 impletum
1358 3780 1371 3815 :
1424 3778 1529 3817 non
1570 3781 1730 3819 unum
1774 3769 1900 3823 illud

303 3847 474 3914 quod
506 3849 872 3916 .promissum
916 3849 1097 3903 fuerat
1128 3850 1378 3906 ell‘ectum
1413 3854 1628 3921 dicitur,
1663 3858 1757 3911 sed
1784 3860 1900 3913 vide

303 3945 532 4002 quanta
586 3938 898 3992 addantur.
936 3939 1028 3991 Ait
1056 3941 1203 3993 enim
1231 3957 1244 3992 :
1278 3958 1296 3989 ι
1339 3941 1402 3995 Ει
1433 3957 1556 3997 ecce
1584 3947 1901 4013 germinavit

308 4022 477 4091 virga
511 4024 712 4078 Aaron
739 4025 795 4077 in
830 4026 994 4079 domo
1022 4025 1151 4080 Levi
1179 4027 1244 4081 ”⁰.
1280 4045 1302 4078 ι
1342 4028 1433 4083 Est
1460 4031 1559 4083 hoc
1588 4049 1747 4087 unum
1775 4035 1899 4090 illud

307 4116 444 4171 sine
474 4115 654 4169 dubio
685 4115 834 4181 quod
858 4115 1034 4169 fuerat
1058 4118 1477 4184 repromissum;
1518 4120 1610 4174 sed
1637 4122 1901 4178 adduntur

308 4216 375 4259 et
402 4205 542 4266 alia,
584 4214 648 4257 et
684 4203 938 4259 dicitur:
973 4223 991 4255 ι
1033 4205 1101 4259 Ει
1141 4208 1394 4274 produxit
1436 4207 1650 4263 frondes
1681 4220 1736 4263 et
1774 4228 1899 4280 pro-

312 4293 446 4347 tulit
476 4291 675 4353 ﬂores,
719 4302 779 4345 et
807 4293 1131 4360 germinavit
1171 4310 1341 4349 nuces
1368 4295 1433 4347 “.
1469 4314 1487 4345 ι
1522 4295 1652 4350 Cum
1677 4314 1806 4368 ergo
1834 4302 1898 4355 de

1999 1899 2192 1954 caelum
2220 1901 2444 1964 dixeris,
2468 1901 2582 1955 sive
2603 1900 2768 1954 solem
2796 1900 2938 1954 [tunc
2963 1908 3019 1953 et
3043 1895 3537 1967 fulgoremvisibilis

2007 1989 2244 2054 luminis,
2273 1992 2452 2044 omnia
2482 1993 2596 2044 hmo
2625 1990 2813 2044 oculus
2838 1990 2991 2054 vidit,
3032 1998 3087 2042 et
3118 1989 3263 2042 auris
3289 1987 3491 2040 audivit
3517 1999 3531 2035 :

1998 2086 2185 2130 etnon
2215 2083 2436 2145 possunt
2476 2090 2593 2131 esse
2616 2090 2681 2130 ex
2717 2075 2820 2128 illis
2860 2089 2979 2142 quae
3023 2073 3209 2128 oculus
3246 2086 3349 2125 non
3384 2070 3536 2135 vidit,

2002 2181 2097 2219 nec
2137 2165 2282 2218 auris
2329 2165 2553 2229 audivit,
2592 2178 2691 2218 nec
2739 2164 2791 2216 in
2850 2177 2946 2216 cor
2997 2162 3226 2216 hominis
3273 2158 3533 2213 ascendit.

2000 2253 2401 2322 Transgredere
2429 2267 2557 2323 ergo
2585 2253 2697 2307 haec
2722 2253 2923 2316 omnia,
2952 2261 3005 2306 et
3035 2248 3351 2304 transcende
3378 2262 3536 2300 omne

1998 2342 2251 2411 quidquid
2288 2342 2459 2403 vides,
2493 2341 2745 2409 quidquid
2766 2341 2940 2405 audis,
2975 2338 3228 2406 quidquid
3254 2337 3413 2391 etiam
3441 2348 3536 2388 co-

1998 2429 2167 2496 gitare
2189 2438 2359 2496 potes,
2397 2437 2453 2484 et
2482 2428 2607 2481 illud
2632 2428 2769 2482 scito
2798 2442 2916 2481 esse
2940 2427 3226 2494 repositum
3256 2425 3321 2478 iis
3335 2423 3426 2491 qui
3455 2422 3537 2475 di-

1997 2515 2171 2585 ligunt
2205 2515 2390 2580 Deum,
2418 2518 2558 2585 quod
2588 2532 2686 2571 nec
2712 2517 2778 2571 ad
2809 2515 3196 2583 cogitationem
3232 2512 3409 2565 cordis
3459 2510 3532 2561 tui

1997 2604 2165 2672 quivit
2197 2606 2507 2660 ascendere.
2536 2605 2686 2659 Unde
2718 2619 2816 2673 ego
2848 2604 3080 2657 arbitror
3106 2601 3234 2655 nihil
3271 2602 3321 2653 in
3348 2598 3534 2667 hujus—

1999 2693 2140 2746 modi
2178 2694 2678 2761 repromissiouibus
2723 2695 2788 2746 de
2813 2693 2971 2745 rebus
2997 2690 3361 2757 corporalibus
3386 2686 3533 2755 cogi-

2000 2782 2235 2835 tandum.
2269 2781 2422 2835 llatio
2453 2782 2593 2835 enim
2630 2781 2863 2835 materia:
2887 2779 3176 2846 corporalis
3203 2793 3307 2830 non
3337 2790 3530 2842 usque-

1997 2884 2207 2938 quaque
2237 2883 2449 2925 sensum
2481 2871 2723 2923 bumaua:
2744 2867 3077 2936 cogitationis
3092 2865 3319 2933 effingere
3334 2873 3530 2932 potest,

1997 2958 2087 3010 sed
2122 2958 2210 3011 illa
2233 2967 2356 3012 sunt
2372 2974 2487 3025 quae
2509 2957 2574 3011 ad
2603 2957 2796 3010 nullius
2818 2971 3058 3016 sensum.
3088 2955 3278 3007 nullius
3299 2969 3389 3007 cor
3414 2968 3532 3020 pos-

2002 3057 2125 3101 sunt
2153 3049 2441 3101 ascendere
2471 3062 2588 3116 qua:
2614 3045 2669 3099 in
2708 3045 2820 3100 sola
2845 3045 2937 3098 Dei
2967 3043 3225 3111 sapientia
3257 3043 3533 3095 continen-

2004 3143 2107 3187 tur.
2138 3134 2345 3188 Etenim
2381 3135 2644 3189 videbitur
2668 3134 2767 3186 ltac
2806 3132 3010 3186 ratione
3056 3131 3195 3199 quod
3228 3127 3534 3198 promissio-

2000 3239 2124 3276 num
2154 3224 2289 3276 bona
2311 3224 2500 3292 majori
2527 3223 2684 3277 modo
2712 3237 2869 3291 quam
2907 3221 3170 3289 promissa
3217 3228 3362 3283 sunt,
3402 3220 3533 3271 dan-

2002 3321 2127 3364 tur:
2156 3312 2400 3365 similiter
2433 3321 2486 3364 et
2540 3326 2707 3380 pinna:
2741 3326 2857 3380 qua:
2902 3310 3268 3378 peccatoribus
3312 3305 3534 3362 commi-

1999 3411 2218 3466 nantur,
2250 3401 2618 3469 multiplicatis
2656 3401 2983 3455 cruciatibus
3029 3398 3319 3452 inierendte
3369 3405 3528 3459 sunt;

1998 3489 2135 3543 sicut
2159 3499 2212 3542 et
2236 3488 2286 3541 in
2327 3489 2714 3558 superioribus,
2752 3489 2841 3541 ubi
2869 3503 3042 3540 annus
3064 3501 3160 3555 pro
3205 3486 3290 3538 die
3331 3486 3397 3538 ad
3420 3484 3533 3534 viu-

1997 3575 2191 3630 dictam
2234 3577 2472 3643 ponitur,
2494 3576 2836 3643 exposuimus
2879 3593 2894 3628 :
2946 3575 3045 3627 nisi
3092 3574 3136 3627 si
3165 3574 3286 3640 quis
3315 3573 3530 3625 tertium

1996 3663 2193 3730 aliquid
2227 3678 2383 3730 posse
2426 3664 2539 3717 fieri
2566 3665 2782 3734 cogitet,
2813 3663 3068 3733 colligens
3114 3664 3289 3730 aliqua
3328 3662 3514 3715 solatia

1996 3767 2057 3806 ex
2084 3753 2147 3805 iis
2173 3767 2290 3821 quae
2324 3752 2376 3805 in
2403 3753 2812 3806 comminatione
2843 3767 2929 3816 ea,
2955 3767 3072 3819 quae
3104 3752 3171 3804 ad
3203 3750 3361 3804 David
3393 3750 3531 3802 facta

1996 3853 2078 3898 est
2102 3841 2166 3905 “,
2192 3842 2565 3897 continentur:
2595 3841 2684 3894 ubi
2717 3841 2889 3895 triduo
2910 3840 3249 3909 pronuntiata
3281 3847 3363 3892 est
3391 3854 3533 3891 utor-

2000 3933 2067 3985 tis
2091 3931 2282 3985 futurae
2306 3932 2553 3992 vastatio,
2582 3940 2637 3984 et
2669 3930 2808 3983 intra
2849 3945 2940 3983 sex
2972 3920 3132 3983 horas
3166 3928 3528 3983 abbreviatutn

2000 4023 2205 4075 videtur
2244 4031 2450 4090 tempus
2497 4035 2618 4074 esse
2645 4019 2909 4088 supplicii.
2942 4010 3047 4072 seu
3090 4021 3201 4072 haec
3244 4019 3334 4072 tibi
3365 4022 3528 4084 proli-

1997 4126 2120 4166 cere
2150 4120 2390 4179 possunt,
2425 4112 2514 4165 ubi
2544 4112 2870 4179 paenitentia:
2904 4121 3107 4178 tempus
3136 4121 3188 4163 et
3211 4109 3529 4163 satisfactio-

1998 4202 2080 4255 nis
2102 4202 2414 4256 conceditur
2440 4201 2609 4255 locus.
2639 4201 2908 4255 Scribitur
2934 4200 2978 4231 "
3003 4210 3178 4254 tamen
3210 4199 3350 4253 Deus
3376 4198 3530 4252 malis

1997 4293 2210 4360 quidem
2228 4291 2470 4346 reddens
2505 4292 2556 4347 itt
2584 4292 2797 4346 tertiam
2827 4302 2882 4346 et
2903 4301 3147 4360 quartam
3185 4289 3490 4357 progeniem

306 4381 436 4434 solo
462 4383 728 4449 germine
750 4380 943 4435 fuisset
969 4384 1318 4448 promissum,
1351 4384 1468 4438 vide
1492 4397 1692 4454 quanta
1732 4390 1885 4458 largi.
1926 4384 1967 4436 D
1999 4381 2151 4435 bonis
2181 4390 2358 4435 autem
2401 4382 2603 4436 faciens
2643 4384 3070 4437 misericordiam
3106 4396 3211 4435 non
3261 4380 3427 4434 solum
3475 4379 3526 4433 in

310 4482 405 4524 tur
430 4473 605 4535 Deus,
646 4477 709 4522 ut
744 4483 851 4522 non
881 4470 1056 4525 solum
1092 4487 1312 4539 germen
1363 4477 1690 4542 produxerit,
1721 4481 1812 4532 sed
1844 4490 1896 4531 et

310 4560 582 4623 frondes;
612 4566 676 4611 et
730 4572 840 4610 non
891 4557 1064 4611 solum
1119 4560 1358 4623 frondes,
1389 4562 1484 4615 sed
1531 4573 1584 4616 et
1616 4563 1808 4629 flores;
1844 4578 1897 4619 et

305 4647 728 4719 germinaverit
766 4661 876 4700 non
903 4647 1078 4700 solum
1107 4647 1289 4711 ﬂores,
1320 4652 1416 4703 sed
1436 4659 1491 4703 et
1515 4650 1735 4707 fructus.
1758 4654 1895 4721 Quid

308 4738 487 4806 igitur
508 4746 603 4790 est
630 4737 780 4801 quod
813 4750 883 4789 ex
917 4735 987 4787 iis
1030 4735 1282 4805 colligere
1315 4744 1371 4788 et
1413 4741 1757 4807 contemplari
1799 4744 1891 4796 de-

307 4825 592 4882 beamus?
622 4824 813 4878 Primo
834 4823 1084 4876 omnium
1127 4825 1539 4880 resurrectionis
1570 4844 1636 4882 ex
1680 4831 1896 4884 mortuis

304 4922 767 4970 sacramentum.
819 4910 995 4979 Virga
1042 4911 1188 4964 enim
1245 4912 1394 4965 arida
1448 4917 1728 4983 germinat,
1777 4935 1894 4973 cum

304 5019 517 5073 corpus
548 5002 897 5057 exstinctum
949 4998 1186 5065 coeperit
1229 4987 1562 5057 reviviscere.
1613 5002 1739 5069 Quae
1777 5014 1899 5060 sunt

306 5106 499 5149 autem
537 5101 789 5161 quatuor
814 5089 928 5143 ista
952 5101 1085 5154 qua:
1118 5088 1412 5156 resurgenti
1445 5095 1649 5159 corpori
1678 5104 1899 5161 prmia-

307 5182 565 5238 bantur?
602 5181 674 5236 Ut
716 5177 1079 5233 semiustum
1112 5175 1169 5228 iu
1211 5176 1560 5241 corruptione,
1605 5196 1793 5251 surgat
1847 5185 1935 5250 in,

306 5268 769 5338 incorruptione;
800 5275 864 5318 et
893 5262 1246 5316 seminatum
1281 5262 1332 5313 in
1358 5261 1677 5334 infirmitate,
1717 5281 1900 5340 surgat

301 5359 360 5412 in
387 5364 620 5423 virtute;
666 5365 731 5412 et
773 5350 1145 5409 seminatum
1187 5349 1243 5402 in
1276 5349 1568 5420 ignominia,
1604 5370 1798 5428 surgat
1845 5363 1896 5415 in

357 5539 392 5571 ³⁸
412 5541 618 5597 Matth.
646 5550 704 5585 ν.
793 5528 1172 5597 ³⁸ίιζιοονῗιιιρ
1195 5525 1246 5597 El:
1313 5524 1493 5597 “cep.
1515 5522 1657 5587 μὴ,

295 5593 515 5669 ..αἶὁῇ
557 5622 657 5667 κν.
698 5600 805 5662 42·
844 5593 952 5648 45⁸

2000 4471 2208 4523 tertiam
2237 4482 2293 4524 et
2326 4480 2569 4538 quartam
2600 4472 2930 4541 progeniem,
2980 4471 3099 4536 sed,
3150 4476 3210 4523 ut
3253 4467 3527 4538 Scriptura

2000 4559 2146 4622 dicit,
2179 4560 2231 4613 iit
2263 4560 2405 4614 mille
2428 4562 2821 4629 generationes.

2065 4648 2119 4701 9.
2149 4648 2253 4701 Sed
2286 4651 2561 4704 redeamus
2590 4649 2659 4703 ad
2683 4666 2744 4705 ea
2784 4665 2902 4718 qua:
2928 4651 2994 4705 de
3020 4650 3181 4718 virgis
3208 4649 3385 4703 dicere
3415 4661 3530 4703 cm-

2000 4754 2268 4806 peramus.
2312 4741 2601 4795 Possumus
2630 4742 2805 4795 adhuc
2825 4741 2985 4794 etiam
3018 4742 3097 4795 sic
3126 4740 3416 4809 intelligere
3434 4755 3527 4794 eo-

2000 4844 2115 4881 rutn
2146 4843 2265 4896 qua:
2290 4830 2343 4883 in
2371 4832 2513 4899 virga
2538 4831 2995 4899 germinaverant,
3026 4829 3372 4885 ditl‘erentias.
3400 4826 3527 4883 Otu-

2001 4919 2083 4973 nis
2119 4921 2209 4987 qui
2242 4920 2295 4973 in
2324 4919 2541 4974 Christo
2571 4921 2766 4985 credit,
2797 4922 2968 4989 primo
3016 4920 3260 4984 moritur,
3302 4927 3357 4972 et
3404 4925 3526 4986 post

2001 5011 2102 5064 hoc
2128 5013 2422 5065 renascitur
2452 5025 2467 5063 :
2495 5022 2549 5065 et
2571 5020 2651 5065 est
2679 5011 2839 5065 etiant
2861 5013 2970 5066 hmo
2998 5013 3184 5078 ligura,
3208 5010 3347 5078 quod
3380 5007 3524 5073 virga

2001 5090 2149 5153 arida
2184 5090 2522 5171 postmodum
2554 5101 2838 5168 germinat.
2883 5101 2982 5155 Est
3006 5116 3133 5167 ergo
3149 5101 3375 5166 primum
3405 5108 3526 5164 ger-

2003 5206 2119 5242 men
2173 5190 2342 5257 prima
2387 5174 2616 5245 hominis
2640 5192 2692 5244 in
2721 5190 2936 5244 Christo
2966 5188 3249 5243 confessio.
3279 5183 3525 5238 Secundo

2003 5277 2306 5344 frondescit,
2340 5278 2425 5331 ubi
2455 5287 2669 5332 renatus
2687 5277 2881 5331 donum
2915 5277 3097 5345 gratia:
3138 5274 3228 5327 Dei
3255 5287 3321 5325 ex
3353 5268 3524 5335 Spiri-
3546 5286 3586 5355 rt.

2004 5374 2087 5418 tus
2135 5367 2303 5419 sancti
2335 5366 2702 5435 puriﬁcatione
2731 5365 3046 5433 susceperit.
3081 5361 3204 5415 Inde
3241 5359 3394 5412 affert
3423 5357 3521 5411 llo—
3570 5362 3582 5374 ‘

1051 5536 1172 5582 .ltl,
1195 5525 1246 5576 3.
1313 5525 1353 5555 ⁸⁸
1371 5524 1493 5581 Gen.
1515 5524 1657 5587 xxvi,
1743 5536 1901 5591 371,..-

1046 5592 1096 5622 δ3
1146 5590 1162 5622 Ι
1204 5590 1298 5622 Γιηι
1348 5608 1377 5622 ι.
1436 5594 1466 5622 n
1555 5599 1595 5622 ιι
1639 5602 1681 5622 η
1743 5603 1783 5622 ιι

2059 5540 2273 5622 "fiant.
2302 5556 2375 5622 vi.
2448 5528 2491 5571 “
2513 5528 2667 5594 Num.
2699 5555 2826 5604 xvtt,
2857 5536 2907 5590 5.
2978 5524 3027 5565 ""
3048 5524 3176 5586 ibid.
3199 5535 3251 5588 8.
3327 5534 3367 5566 δ’
3388 5530 3517 5587 ibid.

1140 5590 1164 5640 ι
1204 5590 1314 5644 Cor.
1345 5608 1399 5659 tt,
1436 5594 1482 5647 9.
1555 5599 1595 5630 “
1636 5602 1683 5655 ιι
1741 5590 2030 5676 “eguit—iv.
2107 5590 2466 5663 ‘iil‘lsndasx.
