3838 6204
428 266 535 321 65$

1851 253 2172 314 ORIGENIS

3591 227 3688 282 636

427 399 536 445 res,
567 380 655 435 ubi
689 380 954 449 prolicere
980 378 1223 446 coeperit,
1255 385 1306 430 et
1335 390 1544 431 morum
1583 375 1849 429 suavitate
1881 373 1973 437 des
1999 378 2045 430 Α
2071 378 2156 423 cet
2202 369 2258 421 in
2293 365 2498 419 Deum.
2532 361 2614 415 De
2653 348 3174 449 linjusmodienim
3214 343 3459 449 peccatis
3487 358 3584 449 non
3621 346 3690 445 la-

426 471 625 536 corari,
659 485 724 525 ac
757 470 1106 537 fragrantiam
1138 467 1522 520 misericordiae
1543 476 1595 518 et
1635 461 1972 532 benignitatis

431 562 723 616 eﬂ'undere.
758 561 836 614 Ad
871 561 1113 612 ultimum
1145 572 1356 624 quoque
1382 556 1538 610 all‘ert
1566 558 1724 609 etiam
1772 553 1975 605 fructus

423 649 668 718 iustitia,
700 649 894 717 quibus
925 663 1027 699 non
1079 646 1248 700 solum
1284 645 1400 714 ipse
1427 645 1590 707 vivat,
1627 643 1720 697 sed
1759 651 1815 695 et
1856 641 1975 692 aliis

429 742 666 807 pratheat
701 740 885 792 vitam.
927 738 1058 792 Cum
1090 737 1230 790 enim
1259 736 1323 789 ad
1351 735 1646 803 perfectum
1667 731 1892 792 venerit,
1923 738 1978 782 et

432 830 715 900 protulerit
743 843 808 881 ex
830 843 886 881 se
920 829 1140 881 verbum
1171 825 1313 886 ﬁdei,
1342 824 1563 877 verbum
1599 823 1837 877 scicntia:
1862 820 1976 882 Dei,

435 928 490 972 et
514 919 647 970 alios
673 917 1021 975 lucrifecerit.
1063 916 1163 969 hoc
1189 921 1267 967 est
1302 913 1543 965 attulisse
1566 911 1766 964 fructus
1789 908 1981 976 quibus

437 1007 528 1060 alii
567 1007 888 1060 nutriantur.
921 1005 1010 1057 Sic
1033 1018 1159 1071 ergo
1191 1001 1384 1069 singuli
1426 1001 1622 1067 quique
1647 997 1980 1053 credentium

437 1095 506 1150 de
533 1095 680 1164 virga
701 1097 900 1158 Aaron,
919 1095 1011 1162 qui
1031 1093 1272 1146 Christus
1297 1101 1396 1155 est,
1423 1091 1824 1160 germinantur;
1859 1098 1985 1152 quo-

438 1201 556 1238 rum
584 1195 817 1252 quatuor
842 1187 955 1237 istae
988 1181 1301 1235 diﬂerentize
1340 1181 1390 1232 in
1439 1180 1558 1233 aliis
1589 1179 1880 1244 Scriptum
1908 1176 1985 1226 lo-

439 1276 521 1328 cis
551 1275 696 1327 velut
725 1281 909 1325 aetates
931 1280 1160 1339 quatuor
1188 1269 1554 1335 designantur,
1597 1281 1726 1333 quas
1753 1264 1985 1317 Joannes

437 1363 712 1430 apostolus
749 1363 799 1414 in
833 1359 1064 1428 Epistola
1099 1373 1194 1412 sua
1219 1357 1558 1410 distinctione
1583 1356 1803 1424 mystica
1838 1366 1986 1405 com-

437 1450 834 1520 prehendit,ait
864 1448 1005 1502 enim
1039 1446 1083 1477 ⁸⁸
1112 1464 1125 1499 :
1157 1465 1174 1496 ι
1215 1445 1403 1500 Scribe
1429 1444 1598 1506 vobis,
1625 1443 1799 1511 pueri,
1845 1460 1862 1492 ι
1903 1449 1980 1505 et,

445 1559 465 1592 ι
495 1541 672 1594 scribo
709 1538 882 1601 vobis,
911 1536 1296 1599 adolescentes,
1346 1553 1365 1585 ›
1408 1543 1485 1596 et,
1531 1550 1550 1582 ι
1594 1533 1774 1585 scribo
1814 1531 1987 1595 vobis,

441 1637 640 1696 patres.
687 1647 706 1679 ι
759 1627 813 1680 In
851 1627 1046 1693 quibus
1081 1625 1264 1692 utique
1291 1639 1395 1676 non
1429 1622 1734 1690 corporales
1775 1628 1983 1682 anates,

2077 457 2184 511 cile
2221 453 2622 506 remissionem
2654 445 2902 512 aliquam
2949 440 3226 494 videmus
3260 435 3318 488 in
3348 433 3483 502 legis
3520 433 3692 486 litteris

2075 542 2377 610 designari.
2409 538 2540 592 Hmc
2577 546 2764 588 autem
2803 532 3064 586 diximus
3099 541 3206 594 pro
3234 525 3306 579 iis
3329 536 3449 590 quae
3475 524 3682 575 recitata

2077 641 2205 686 sunt
2235 630 2400 684 nobis
2429 645 2446 682 :
2491 646 2511 678 ι
2554 627 2622 680 Et
2657 625 2823 686 dixit,
2877 621 3098 690 inquit,
3146 612 3419 670 Dominus
3442 612 3507 666 ad
3530 612 3689 666 Aaron

2078 722 2270 775 dicens
2305 738 2319 773 :
2356 719 2438 772 Tu
2473 726 2530 770 et
2567 716 2663 768 lilii
2698 714 2802 777 tui,
2839 721 2900 766 et
2943 712 3164 764 domus
3193 703 3375 774 patris
3416 702 3494 755 tui
3540 709 3693 755 tecum

2079 811 2314 866 sumetis
2357 819 2591 876 peccata
2650 813 3062 860 sanctorum.»
3123 797 3325 851 Potest
3375 793 3585 861 quidem
3636 793 3698 845 ita

2081 901 2280 969 exponi
2325 899 2481 952 locus
2517 897 2654 960 iste;
2710 902 2774 946 ut
2835 905 2944 960 per
2981 903 3053 942 ea
3103 900 3237 954 qua:
3280 881 3445 937 oﬂ'ert
3487 880 3700 948 pontifex

2084 1004 2187 1057 pro
2223 994 2455 1056 peccato
2510 979 2998 1047 uniuscujusque,
3035 981 3098 1027 et
3133 969 3404 1040 puriﬁcat
3462 983 3577 1022 eum
3623 980 3704 1034 pro

2084 1056 2194 1147 quo
2233 1075 2523 1138 obtulerit,
2552 1072 2828 1139 scriptum
2869 1067 2952 1119 sit
2985 1083 2999 1116 :
3043 1081 3062 1113 ι
3091 1062 3179 1114 Tu
3230 1069 3289 1113 et
3319 1057 3416 1110 lilii
3449 1056 3704 1112 tui,tecum

2085 1145 2316 1220 sumetis
2347 1173 2576 1233 peccata
2602 1167 2967 1214 sanctorum.
3000 1171 3022 1204 ι
3055 1151 3199 1209 Mihi
3233 1159 3418 1203 autem
3452 1160 3553 1200 non
3582 1145 3709 1198 vide-

2089 1264 2175 1308 tur
2200 1255 2437 1308 otiosunt
2471 1250 2616 1318 quod
2650 1257 2994 1302 sanctorum
3033 1249 3281 1310 peccata
3323 1241 3706 1290 commemorat.

2088 1343 2146 1397 ln
2177 1343 2364 1396 multis
2399 1341 2604 1394 etenim
2647 1338 2977 1404 Scriptura:
3016 1331 3170 1386 locis
3205 1341 3397 1382 sermo
3446 1325 3546 1378 iste
3580 1337 3710 1390 repe-

2093 1435 2245 1488 titur.
2279 1430 2434 1487 Unde
2482 1428 2895 1497 requirendum
2946 1431 3071 1488 est,
3114 1419 3408 1489 quomodo
3471 1424 3527 1470 et
3565 1415 3711 1468 sancti

2091 1522 2345 1576 dicantur
2393 1517 2583 1585 aliqui,
2621 1525 2678 1569 et
2733 1515 2803 1568 de
2866 1511 3147 1580 peccatis
3191 1521 3392 1562 eorum
3453 1503 3710 1558 scribatur.

2094 1611 2212 1664 Non
2243 1611 2416 1672 enim,
2452 1617 2513 1660 ut
2549 1614 2746 1674 putant
2795 1604 3082 1672 quidam,
3141 1599 3339 1653 statim
3382 1605 3441 1648 ut
3473 1597 3587 1663 quis
3613 1609 3715 1646 san-

441 1720 536 1773 sed
565 1719 758 1770 animae
787 1716 1120 1785 profectuum
1160 1713 1497 1768 diﬂ‘crentias
1540 1711 1710 1779 ponit,
1741 1719 1799 1762 ut
1825 1708 1986 1762 etiam
2022 1680 2064 1732 Β
2093 1711 2213 1754 ctus
2246 1713 2372 1753 esse
2413 1697 2676 1763 carpet-it,
2708 1705 2964 1761 peccare
2997 1690 3125 1758 jam
3160 1701 3275 1740 non
3309 1693 3509 1754 potest,
3537 1691 3590 1737 et
3612 1696 3718 1735 cou-

541 1809 646 1860 hoc
695 1805 1047 1860 sacerdotalis
1085 1805 1248 1870 virga:
1305 1803 1549 1869 germine
1583 1800 1990 1853 observavimus

444 1895 731 1964 designari.
788 1893 1064 1946 Habentur
1120 1906 1248 1960 ergo
1299 1892 1412 1944 haec
1450 1889 1605 1957 301
1663 1889 1842 1941 omnia
1887 1902 1990 1940 non

447 1995 556 2039 tam
602 1986 656 2038 in
709 1987 860 2054 virga
888 1986 1091 2044 Aaron,
1125 1995 1283 2048 quam
1315 1981 1366 2032 in
1397 1994 1461 2032 ea
1498 1979 1642 2045 virga
1701 1992 1820 2046 quae
1863 1978 1995 2030 exiit

446 2075 514 2130 de
560 2075 741 2128 radice
770 2073 1045 2128 Jessezet
1092 2069 1188 2122 ﬂos
1219 2069 1287 2121 de
1333 2067 1516 2120 radice
1565 2065 1680 2132 ejus
1732 2068 1994 2133 ascendit,

447 2181 608 2232 super
655 2179 814 2232 quem
877 2163 1139 2230 requievit
1172 2160 1391 2228 spiritus
1435 2157 1613 2212 Dei".
1665 2155 1721 2207 lu
1757 2170 1865 2223 quo
1901 2171 1999 2211 nec

448 2252 552 2305 hoc
617 2252 788 2319 ipsum
837 2252 1050 2305 videtur
1115 2249 1350 2302 otiosum
1404 2247 1545 2314 quod
1603 2247 1752 2300 exire
1804 2247 2002 2300 dicitur

447 2341 616 2408 virga,
667 2349 722 2393 et
759 2339 856 2393 ﬂos
904 2337 1213 2392 ascendere.
1269 2336 1522 2400 Quamvis
1573 2335 1713 2388 enim
1757 2351 1892 2389 unus
1931 2337 2001 2389 sit

448 2429 695 2483 Christus
766 2443 861 2496 per
932 2427 1290 2480 substantiam
1345 2425 1446 2493 (5),
1520 2424 1746 2492 singulis
1821 2433 1999 2476 tamen

451 2521 696 2574 diversus
724 2518 972 2582 edicitur,
1005 2527 1163 2587 prout
1199 2517 1403 2584 indiget
1427 2517 1470 2568 is
1502 2516 1554 2568 in
1587 2530 1690 2582 quo
1721 2524 2000 2584 operatur.

453 2610 553 2675 Qui
599 2624 726 2676 ergo
755 2610 970 2678 segnior
998 2618 1080 2661 est
1109 2617 1161 2660 et
1193 2606 1564 2674 negligentior,
1596 2618 1693 2671 pro
1728 2605 2004 2672 disciplina

455 2701 514 2751 ﬁt
545 2699 592 2752 ei
626 2699 868 2752 Christus
907 2697 1072 2765 virga,
1104 2706 1157 2748 et
1190 2697 1240 2748 in
1271 2695 1418 2760 virga
1462 2708 1564 2745 non
1593 2693 1892 2747 ascendere
1924 2695 2005 2746 di-

455 2791 618 2852 citur,
653 2789 743 2842 sed
766 2789 935 2840 exire.
955 2786 1267 2839 Excundum
1304 2799 1533 2850 namque
1557 2793 1639 2836 est
1669 2784 1716 2836 ei
1749 2783 1839 2850 qui
1862 2783 2007 2838 iners

457 2890 514 2934 et
546 2879 724 2948 segnis
752 2886 833 2932 est
862 2878 928 2930 de
954 2891 1017 2930 eo
1043 2883 1180 2929 statu
1219 2875 1270 2927 in
1300 2889 1405 2942 quo
1429 2889 1533 2926 non
1567 2882 1708 2926 recte
1734 2875 2006 2938 consistit,

2099 1793 2250 1844 tinuo
2283 1791 2406 1844 sine
2451 1796 2689 1857 peccato
2723 1782 3040 1854 putandus
3071 1790 3191 1833 est.
3223 1779 3288 1833 Si
3333 1779 3482 1833 enim
3522 1784 3715 1828 saactus

2098 1893 2205 1932 non
2242 1886 2522 1946 peccaret,
2557 1890 2668 1930 non
2721 1875 2928 1939 utique
2967 1871 3267 1938 scriptum
3291 1874 3441 1920 esset
3469 1880 3485 1918 :
3516 1883 3537 1915 ι
3557 1863 3720 1916 Sume-

2103 1969 2172 2022 tis
2220 1977 2448 2037 peccata
2502 1974 2861 2020 sanctorum.
2892 1981 2913 2012 )
2957 1960 3031 2014 Si
3073 1969 3318 2014 sanctus
3368 1959 3486 2011 sine
3527 1963 3721 2023 peccato

2101 2067 2268 2122 esset,
2322 2074 2431 2111 non
2475 2057 2690 2110 diceret
2747 2052 3048 2108 Dominus
3100 2065 3212 2119 per
3254 2046 3589 2102 Ezechielem
3625 2057 3723 2112 pro-

2101 2150 2319 2216 phetam
2348 2149 2414 2202 ad
2447 2148 2695 2216 angelos,
2754 2159 2908 2214 quos
2975 2141 3266 2198 mittebat
3310 2147 3618 2208 peccatores
3639 2151 3723 2202 pu-

2101 2239 2219 2292 nire
2243 2237 2405 2302 "4":
2444 2255 2463 2288 ι
2498 2237 2566 2290 Et
2603 2251 2632 2288 a
2664 2236 2890 2290 sanctis
2925 2235 3086 2286 meis
3123 2228 3473 2299 incipietis.»
3505 2226 3558 2280 Si
3602 2224 3722 2278 enim

2084 2329 2275 2404 .sancti
2305 2329 2424 2382 sine
2464 2335 2698 2395 peccato
2729 2333 2898 2389 sunt,
2932 2322 3252 2392 quomodo
3297 2320 3403 2388 ipsi
3438 2317 3589 2387 primi
3622 2329 3724 2367 suc-

2103 2421 2363 2471 cumbunt
2415 2415 2708 2482 suppliciis
2767 2411 3222 2482 peccatorum?
3286 2410 3347 2464 Si
3396 2407 3561 2462 sancti
3615 2405 3712 2459 sine

2104 2517 2332 2576 peccato
2365 2514 2574 2568 essent,
2606 2517 2904 2571 nunquam
2933 2503 3181 2556 diceret
3217 2499 3510 2569 Scriptura
3526 2496 3589 2562 “,
3619 2496 3722 2564 quia

2111 2599 2324 2666 «justus
2358 2597 2412 2649 in
2453 2595 2738 2664 principio
2769 2592 3088 2647 sermonis
3115 2592 3207 2646 sui
3241 2591 3363 2658 ipse
3407 2589 3489 2642 sui
3534 2599 3722 2639 accusa-

2109 2699 2192 2742 tor
2240 2688 2316 2739 lit.
2345 2705 2364 2738 ι
2402 2685 2461 2738 Si
2499 2685 2685 2739 sancti
2731 2684 2864 2738 sine
2910 2692 3182 2751 peccato
3237 2688 3452 2744 essent,
3483 2691 3724 2746 nunquam

2106 2777 2305 2832 Paulus
2366 2773 2650 2843 apostolus
2715 2772 2994 2837 diceret,
3049 2771 3344 2827 Romanis
3399 2766 3724 2824 scribens":

2115 2885 2133 2917 ‹
2156 2866 2331 2920 Nolite
2365 2874 2589 2934 prepter
2632 2861 2828 2916 cibum
2885 2865 3145 2918 solvere
3175 2877 3325 2932 opus
3366 2859 3495 2926 Dei;
3521 2877 3538 2911 ι
3564 2856 3730 2924 quibus

459 2981 514 3024 et
553 2945 932 3022 transeundum
987 2967 1050 3019 ad
1090 2965 1251 3017 alium
1295 2972 1515 3027 statum,
1559 2969 1816 3028 tanquam
1849 2962 2000 3031 virga
2031 2981 2075 3038 Cr
2114 2959 2165 3010 in
2208 2956 2480 3025 principio
2514 2955 2783 3023 Epistolas
2817 2953 3166 3022 scripserat
3189 2954 3242 2985 ⁵⁸
3274 2971 3292 3008 :
3331 2969 3349 3002 ι
3381 2948 3628 3004 Omnibus
3656 2945 3729 3013 qui

460 3059 756 3126 compulso,
789 3058 841 3111 id
882 3064 965 3109 est
995 3054 1280 3108 severitate
1316 3053 1580 3106 doctrinae
1609 3051 1881 3118 rigidioris
1916 3055 2008 3103 ad-

463 3152 686 3204 monito.
714 3148 814 3214 Qui
863 3163 990 3200 vero
1013 3145 1190 3215 justus
1225 3152 1324 3207 est,
1361 3146 1486 3211 quia
1513 3143 1691 3209 justus
1721 3143 1864 3196 sicut
1893 3142 2010 3209 pal-

464 3254 548 3291 ma
576 3238 815 3302 ﬂoret“,
847 3238 900 3290 in
943 3239 1042 3290 hoc
1076 3235 1365 3288 ascendere
1397 3234 1593 3286 dicitur
1625 3231 1893 3286 Christus.
1921 3231 2011 3286 Sic

466 3344 594 3396 ergo
637 3329 729 3396 qui
775 3328 1089 3382 verberibus
1137 3324 1358 3391 indiget,
1397 3323 1509 3376 exit
1553 3323 1618 3374 ad
1666 3337 1788 3375 eum
1823 3323 2010 3391 virga;

469 3421 559 3488 qui
591 3430 764 3472 autem
799 3417 1014 3486 prolicit
1047 3417 1109 3468 ad
1137 3416 1423 3484 justitiam,
1451 3415 1696 3467 ascendit
1730 3414 1780 3465 in
1807 3411 2012 3465 ﬂorem.

469 3508 735 3563 Ascendet
781 3517 958 3560 autem
1005 3521 1284 3572 usquequo
1319 3505 1504 3558 aﬂ'erat
1539 3503 1739 3556 fructus
1770 3503 2014 3570 spiritus,

470 3601 560 3670 qui
609 3606 731 3652 sunt
767 3598 1025 3657 charitas,
1071 3597 1344 3666 gaudium,
1399 3610 1526 3661 pax,
1575 3593 1833 3661 patientia
1856 3591 1924 3657 ⁸⁸,
1963 3597 2018 3642 ct

475 3687 689 3753 reliqua:
740 3686 966 3738 virtutes
1001 3685 1053 3738 in
1102 3684 1320 3737 Christo
1367 3683 1491 3737 Jcsu
1549 3682 1776 3735 Domino
1812 3689 2018 3744 nostro,

474 3777 557 3829 cui
591 3785 673 3828 est
713 3775 907 3837 honor,
939 3783 991 3827 et
1018 3773 1208 3842 gloria,
1232 3782 1285 3827 et
1312 3771 1592 3840 imperium
1624 3771 1678 3824 in
1711 3768 1901 3824 saecula
1926 3782 2022 3820 sre-

473 3863 738 3918 culorum.
773 3866 965 3917 Amen.

1055 3950 1331 4005 IantlLlA
1369 3951 1438 4004 X.

480 4059 554 4112 De
589 4077 646 4112 eo
674 4059 809 4124 quod
842 4058 1085 4123 scriptum
1112 4069 1182 4110 est
1212 4061 1296 4112 θοι
1337 4079 1355 4110 t
1404 4057 1472 4110 Et
1508 4058 1640 4110 dixit
1669 4056 1919 4109 Dominus
1958 4058 2025 4108 ad

550 4130 735 4204 Αιινωι⁸
762 4142 778 4176 ;
808 4125 881 4174 Tu
911 4135 964 4204 et
1001 4126 1099 4190 filii
1131 4129 1226 4187 tui,
1256 4138 1302 4180 et
1335 4129 1518 4179 domus
1559 4126 1723 4195 patris
1753 4127 1828 4178 tui
1860 4135 2027 4178 tecum

549 4199 763 4247 sumetis
793 4199 999 4257 peccata
1036 4205 1354 4250 sanctorum.
1400 4214 1418 4245 ι

2119 3057 2247 3101 sunt
2291 3046 2478 3100 Romae
2512 3044 2732 3099 dilectis
2768 3045 2902 3106 Dei,
2938 3047 3184 3101 vocatis
3229 3041 3466 3099 sanctis.
3496 3057 3514 3092 ι
3554 3038 3613 3092 Et
3652 3037 3731 3089 ito-

2110 3153 2227 3190 rum
2258 3137 2396 3188 idem
2428 3135 2724 3203 Apostolus
2750 3138 2822 3189 ad
2843 3136 3213 3190 Corinthios
3231 3135 3510 3193 scribens,
3537 3124 3700 3182 dicit"
3720 3148 3729 3177 ;

2117 3246 2136 3279 ι
2169 3228 2370 3281 Paulus
2396 3234 2627 3278 vocatus
2694 3225 3015 3293 apostolus
3048 3225 3197 3281 .lesu
3239 3224 3483 3288 Christi;
3519 3240 3538 3275 ι
3566 3230 3612 3275 et
3638 3223 3734 3286 post

2113 3333 2278 3387 pauca
2312 3333 2330 3372 :
2369 3335 2385 3368 ι
2415 3315 2677 3369 Ecclesiae
2720 3314 2816 3368 Dei
2855 3332 2998 3383 qua
3061 3330 3160 3372 est
3207 3313 3498 3375 Corinthi,
3528 3307 3734 3364 sanctiﬁ-

2113 3409 2252 3463 catis
2284 3409 2338 3460 in
2372 3407 2595 3461 Christo
2638 3405 2800 3470 Jcsu,
2837 3410 3083 3461 vocatis
3137 3407 3389 3461 sanctis.
3417 3423 3436 3455 ι
3475 3403 3599 3455 Istos
3632 3412 3734 3464 ergo

2115 3513 2253 3566 quos
2282 3495 2660 3550 sanctiﬂcatos
2688 3503 2746 3548 et
2779 3505 3035 3549 sanctos
3082 3497 3378 3565 appellat,
3411 3491 3535 3546 audi
3564 3498 3735 3556 quanta

2120 3591 2171 3642 in
2199 3589 2279 3640 eis
2310 3595 2531 3654 peccata
2583 3588 3018 3654 reprehendat.
3085 3588 3190 3640 Ait
3227 3586 3388 3639 enim
3421 3584 3474 3637 in
3500 3576 3736 3648 sequenti-

2120 3678 2280 3731 bus"
2307 3695 2320 3730 :
2351 3694 2370 3726 ι
2392 3677 2528 3730 Cum
2580 3677 2734 3730 enim
2789 3678 2914 3730 sint
2956 3677 3126 3731 inter
3159 3693 3265 3731 vos
3300 3673 3662 3731 aemulationes
3698 3676 3740 3717 et

2121 3768 2519 3832 contentiones,
2568 3782 2755 3822 nonne
2811 3771 3103 3824 carnales
3156 3771 3330 3832 estis,
3383 3777 3440 3820 et
3480 3759 3740 3818 secundum

2077 3871 2080 3879 ‘
2122 3859 2395 3914 hominem
2443 3856 2786 3910 ambulatis?
2820 3877 2840 3908 ι
2883 3859 2963 3912 Ει
2997 3860 3228 3913 iterum
3256 3861 3306 3892 ⁸³
3335 3877 3349 3912 :
3387 3876 3407 3908 ι
3439 3855 3555 3909 Jam
3582 3851 3744 3905 dirites

2128 3947 2255 4002 facti
2279 3948 2430 4009 estis,
2463 3947 2583 3999 sine
2617 3947 2778 4000 nobis
2816 3949 3117 4015 regnatis,
3152 3957 3216 4002 et
3259 3948 3475 4001 utinam
3525 3950 3744 4009 regnare-

2132 4038 2237 4091 tis!
2273 4055 2290 4088 ι
2329 4036 2396 4088 Ει
2431 4036 2634 4088 iterum
2650 4036 2697 4065 ⁶⁰
2729 4054 2743 4088 :
2781 4053 2801 4081 ι
2825 4035 3150 4104 Tanquam
3181 4046 3379 4090 autent
3419 4050 3524 4088 non
3553 4029 3744 4082 venturo

2132 4142 2218 4182 me
2251 4127 2317 4179 ad
2349 4138 2446 4178 vos
2495 4123 2670 4191 inﬂati
2715 4133 2851 4176 sunt
2883 4125 3166 4192 quidam.
3205 4146 3226 4176 ι
3264 4127 3336 4178 Et
3357 4124 3521 4193 paulo
3550 4117 3703 4189 post“
3731 4130 3742 4166 :

2139 4238 2156 4270 ι
2184 4216 2417 4272 Omnino
2455 4213 2678 4266 auditur
2711 4213 2869 4268 inter
2908 4231 3016 4269 vos
3049 4216 3403 4279 fornicatio,
3437 4225 3492 4269 et
3523 4213 3636 4265 talis
3657 4207 3746 4259 for-

556 4306 607 4359 t.
647 4303 744 4368 Qui
781 4302 1025 4355 meliores
1046 4311 1190 4366 sunt,
1226 4303 1540 4359 inferiorum
1575 4319 1791 4372 semper
1840 4305 2027 4371 culpas
2059 4286 2102 4339 Ῑ)
2134 4305 2356 4370 nicatio,
2397 4301 2580 4370 qualis
2617 4316 2724 4354 nec
2761 4303 2919 4356 inter
2953 4315 3196 4373 gentes.
3236 4325 3258 4356 ι
3305 4299 3365 4359 In
3402 4295 3749 4371 consequenti-

485 4401 540 4447 et
557 4401 771 4458 peccata
787 4392 1105 4459 suscipiunt.
1127 4392 1217 4446 Sic
1245 4395 1387 4448 enim
1406 4403 1460 4448 et
1491 4395 1776 4463 Apostolus
1807 4395 1935 4448 dicit
1957 4395 2024 4447 διε

490 4499 514 4534 ς
537 4481 644 4534 Vos
671 4480 759 4548 qui
787 4479 1052 4533 ﬁrmiores
1078 4481 1227 4546 estis,
1263 4482 1655 4536 imbecillitates
1691 4484 2028 4536 inﬁrmorum

467 4572 768 4624 sustinete.
797 4586 814 4618 ι
846 4567 1079 4621 Israelita
1131 4571 1174 4624 si
1225 4581 1430 4639 peccet,
1478 4573 1529 4625 id
1581 4583 1664 4626 est
1700 4573 1886 4637 laicus,
1921 4574 2032 4640 ipse

490 4673 646 4714 suum
694 4671 797 4709 non
846 4664 1021 4724 potest
1062 4657 1270 4713 auferre
1305 4669 1616 4728 peccatum;
1663 4661 1758 4714 sed
1808 4661 2032 4728 requirit

491 4748 731 4810 leritam,
787 4744 988 4814 indiget
1036 4747 1335 4812 sacerdote,
1380 4748 1488 4800 imo
1535 4747 1711 4814 potius
1751 4756 1805 4799 et
1853 4748 2032 4802 adhuc

489 4836 681 4890 horum
731 4834 927 4902 aliquid
963 4837 1294 4890 eminentius
1327 4838 1520 4906 quaerit
1555 4854 1568 4888 :
1603 4837 1855 4904 pontiﬁce
1903 4853 2035 4907 opus

495 4935 597 4990 est,
631 4935 689 4978 ut
727 4934 1065 4991 peccatorum
1117 4928 1487 4982 remissionem
1543 4927 1710 4995 possit
1766 4927 2035 4996 accipere.

497 5015 760 5071 Sacerdos
813 5026 988 5069 autem
1041 5018 1082 5071 si
1127 5018 1424 5087 delinquat,
1479 5026 1570 5069 aut
1620 5016 1877 5082 pontifex,
1924 5019 2038 5086 ipse

499 5121 651 5161 suum
691 5115 865 5174 potest
894 5121 1124 5176 purgare
1157 5116 1432 5177 peccatum
1456 5121 1471 5172 ;
1497 5107 1542 5159 si
1576 5113 1750 5158 tamen
1780 5119 1882 5158 non
1915 5122 2040 5173 pec-

571 5243 616 5277 “
639 5243 654 5296 ι
679 5242 829 5298 Joan.
859 5260 920 5308 ιι,
946 5243 1033 5306 15,
1073 5245 1158 5299 ll.
1235 5244 1278 5274 ⁸⁷
1308 5245 1407 5297 lsa.
1440 5256 1514 5300 χι,
1546 5240 1597 5292 1.

502 5311 619 5343 ⁸⁸⁸⁸³
647 5313 838 5365 Ezerh.
874 5305 947 5377 tat,
983 5305 1038 5365 6.
1165 5313 1211 5343 ⁸⁸
1242 5311 1401 5364 Prov.
1434 5323 1589 5369 xvnt,
1623 5305 1704 5377 Π.

506 5394 586 5443 ιιι,
616 5381 668 5432 ὃ.
741 5382 784 5412 ⁸⁹
816 5381 835 5434 ι
865 5374 987 5435 Cor.
1019 5396 1089 5445 tv,
1119 5383 1171 5437 8.
1247 5381 1288 5411 ⁶⁰
1312 5378 1434 5433 ibid.
1469 5377 1553 5429 l8.
1629 5374 1669 5404 ⁸³
1691 5374 1708 5425 l
1734 5374 1856 5428 Cor.
1892 5391 1940 5441 v,
1974 5379 2022 5431 l.

1669 5239 1715 5270 ⁸⁸
1740 5238 1878 5291 Psal.
1907 5255 2017 5307 xei,
2053 5243 2142 5298 t3.

1669 5307 1685 5337 1
1784 5307 1828 5337 εδ
1867 5307 1994 5337 Ωιι...
2060 5327 2142 5337 .....

1863 5307 2020 5361 Boni.
2057 5327 2172 5374 xlv,
2203 5316 2292 5370 9,0,

2095 5383 2140 5414 δ’
2173 5387 2304 5444 ibid.
2328 5389 2385 5443 2.

2135 4398 2232 4450 bus
2259 4408 2389 4448 vero
2411 4393 2456 4423 “
2484 4408 2499 4444 :
2531 4407 2551 4441 ι
2586 4391 2656 4443 Ει
2691 4405 2818 4458 vos,
2855 4393 3077 4463 inquit,
3109 4395 3308 4450 inﬂati
3367 4398 3525 4458 estis,
3579 4399 3629 4444 et
3667 4399 3751 4439 non

2136 4487 2317 4556 potius
2346 4485 2556 4538 luctum
2591 4481 2908 4538 habuistis.
2947 4502 2969 4535 ι
3014 4484 3077 4537 ιιι
3142 4501 3267 4554 quo
3335 4487 3529 4553 utique
3581 4477 3750 4534 nullum

2140 4578 2358 4644 reliquit
2401 4575 2731 4640 immunem,
2787 4573 2928 4626 dum
2985 4575 3130 4630 aliis
3180 4574 3606 4635 fornicationis,
3657 4568 3756 4621 aliis

2141 4665 2435 4722 inﬂationis
2469 4672 2525 4718 et
2579 4664 2862 4732 superbia
2895 4666 3126 4719 crimen
3185 4667 3458 4720 ascribit.
3502 4663 3654 4716 Notat
3680 4669 3756 4709 eos

2139 4768 2192 4812 et
2221 4758 2273 4810 in
2311 4756 2775 4822 consequentibus
2805 4755 2987 4808 etiam
3020 4757 3094 4809 de
3133 4755 3407 4824 iudiciis,
3441 4767 3500 4810 et
3527 4752 3651 4806 dicit
3682 4746 3756 4796 "1

2146 4867 2163 4900 ι
2188 4847 2305 4902 Jam
2350 4846 2573 4914 quidem
2607 4844 2843 4898 omnino
2875 4847 3160 4902 delictum
3210 4857 3306 4902 est
3356 4848 3414 4900 in
3446 4843 3628 4907 vobis;
3653 4835 3759 4907 quia

2136 4932 2340 5002 judicia
2370 4931 2589 4985 habetis
2629 4931 2779 4985 inter
2809 4947 2940 4988 vos.
2971 4953 2991 4986 ι
3025 4935 3247 5004 Arguit
3280 4950 3386 4991 eos
3411 4947 3550 5003 quos
3572 4934 3762 4986 sanctos

2146 5022 2380 5084 dixerat,
2411 5031 2464 5076 et
2486 5038 2584 5090 pro
2613 5035 2682 5078 eo
2711 5025 2870 5091 quod
2899 5025 3068 5078 idolis
3104 5026 3418 5080 immolata
3443 5022 3762 5078 manducent.

2145 5125 2200 5165 et
2247 5112 2401 5181 quasi
2453 5111 2796 5166 sententiam
2850 5113 3006 5169 inter
3037 5129 3145 5169 eos
3184 5115 3500 5185 proferens
3527 5104 3720 5168 dicit“
3747 5115 3761 5150 ε’

2219 5246 2263 5279 ⁸⁸
2297 5247 2417 5304 Gal.
2451 5263 2502 5314 v,
2527 5247 2622 5302 22.
2698 5248 2745 5280 “
2774 5249 2948 5302 Num.
2981 5265 3156 5312 xvttt,
3182 5249 3246 5304 l.
3333 5253 3380 5284 ⁸¹
3418 5251 3578 5304 Rom.
3608 5257 3690 5314 xv,
3719 5239 3761 5292 l.

2391 5319 2436 5350 ⁵⁸
2467 5312 2623 5369 Itoni.
2669 5334 2707 5381 ι,
2741 5319 2797 5371 7.
2901 5320 2948 5350 ⁵⁷
2983 5317 3000 5370 l
3032 5320 3174 5370 Cor.
3210 5323 3290 5382 1,!
3330 5330 3384 5375 et
3419 5320 3478 5373 2.
3553 5312 3762 5367 "Hier.

2463 5388 2509 5418 ⁶³
2537 5387 2558 5439 ι
2589 5388 2716 5442 Cor.
2752 5403 2833 5454 γι,
2868 5388 2924 5442 7.
3007 5389 3053 5416 “
3088 5389 3107 5440 Ι
3148 5389 3293 5443 Cor.
3335 5403 3459 5454 vnt,
3492 5389 3576 5442 12.

581 5535 656 5601 (5)
690 5535 788 5589 Per
835 5541 1197 5598 substantiam.
1235 5538 1593 5598 Substantiam
1639 5549 1787 5590 more
1835 5535 2020 5596 Graeco
2055 5558 2215 5606 vocat
2243 5545 2673 5611 subsistentiam,
2708 5543 2764 5600 id
2791 5552 2876 5601 cst
2906 5546 3307 5615 bypostasim.
