3838 6310
285 310 382 408 ω

332 477 474 551 ‘Sic
505 495 681 550 autem
729 513 1055 576 peccantes
1084 526 1198 589 int

358 607 441 664 res
479 591 849 710 conscientiam
891 618 1124 674 earum
1685 591 1985 702 νδιιτῖἐὶῖιᾞ

381 695 618 779 ῃθςεεὶῖὶδο
650 713 684 790 νδ
729 691 836 752 sed
889 706 946 752 ei
1021 706 1109 764 de
1174 733 1256 776 eo
1333 691 1695 788 nihilominus
1748 691 1986 790 coriiutiit

394 811 512 860 eos.
538 789 669 864 quod
701 805 804 892 non
834 790 1016 892 sctum
1066 800 1525 872 immolatitium
1559 820 1634 892 (6)
1667 823 1866 889 cibum,
1893 789 1986 879 sed

405 907 464 950 et
513 888 714 946 calicem
749 884 1160 949 demouiorum
1225 884 1695 974 prmsutttant‘,'et
1748 884 1878 966 dicit
1895 915 1983 965 “:

409 1000 427 1031 ι
456 981 576 1036 Non
595 981 804 1051 potestis
833 977 1060 1034 calicem
1114 984 1360 1046 Domini
1411 995 1618 1064 bibere,
1668 1009 1721 1053 et
1764 1002 1984 1055 calicem

402 1073 796 1130 dmmoniorum
827 1089 841 1126 :
873 1085 979 1126 non
1041 1082 1298 1143 potestis
1349 1099 1550 1140 mensae
1584 1087 1792 1142 Domini
1821 1094 1987 1156 parti-

403 1166 564 1232 cipes
605 1179 741 1227 esse,
781 1172 833 1217 et
877 1176 1086 1217 mensae
1142 1167 1562 1227 daemoniorum.
1599 1193 1618 1226 ι
1663 1177 1795 1243 Ipsis
1824 1181 1985 1232 etiam

403 1255 546 1308 illud
582 1257 716 1309 dicit
742 1255 785 1286 “
815 1271 830 1308 :
871 1273 888 1306 ι
919 1254 1079 1321 Quod
1114 1265 1572 1319 convenientibus
1622 1267 1773 1323 vobis
1799 1268 1850 1322 in
1884 1271 1983 1325 Ec-

401 1347 604 1408 clesia,
638 1347 794 1400 audio
815 1347 1116 1402 schismata
1135 1365 1312 1405 essen
1337 1354 1397 1408 Et
1429 1356 1622 1408 iterum
1640 1356 1682 1386 "
1709 1372 1722 1408 :
1759 1376 1776 1407 ι
1805 1356 1983 1412 Unus-

401 1439 653 1505 quisque
707 1438 850 1492 enim
896 1451 1048 1491 suam
1104 1454 1319 1495 caenam
1359 1445 1639 1510 praesumit
1669 1446 1734 1498 ad
1769 1449 1987 1501 mandu-

399 1528 650 1580 candum
683 1536 773 1580 :et
794 1526 930 1580 alius
959 1527 1182 1595 quidem
1214 1533 1382 1584 esurit
1406 1573 1420 1593 ,
1443 1533 1578 1586 alius
1607 1543 1783 1587 autem
1803 1535 1985 1591 ebrius

396 1626 510 1671 est.
545 1635 565 1666 ι
606 1617 672 1670 Et
705 1633 804 1686 pro
839 1617 906 1670 iis
935 1617 1157 1673 delictis
1196 1621 1326 1674 dicit
1350 1622 1393 1652 ⁵⁸
1429 1640 1441 1674 :
1475 1641 1493 1673 ι
1519 1623 1810 1692 Propterea
1846 1629 1988 1680 inter

401 1725 507 1762 vos
565 1709 732 1762 multi
797 1711 1024 1775 inlirmi,
1091 1723 1151 1765 et
1196 1715 1349 1782 aegri,
1399 1723 1452 1767 et
1497 1715 1772 1768 dormiunt
1812 1718 1983 1773 multi.

396 1797 562 1864 Quod
605 1801 654 1852 si
693 1815 794 1852 nos
836 1801 982 1867 ipsos
1013 1801 1452 1869 dijudicaremus,
1487 1819 1588 1856 non
1623 1807 1806 1873 utique
1826 1807 1982 1874 302

1622 436 1688 491 uv
1719 420 2042 496 Nuu‘Enos
2075 442 2352 499 HOMILIA
2392 446 2457 501 x.

3525 449 3628 504 658

1204 555 1287 636 et“
1322 548 1562 620 fratres,
1597 567 1650 612 et
1683 561 1984 626 percutien-
2013 569 2059 623 Α
2085 565 2228 618 dium
2263 575 2435 634 gerat,
2486 576 2613 618 cum
2652 565 2974 630 peccaverit,
3005 567 3176 621 nescit
3215 568 3416 635 peccati
3451 568 3622 636 paeni-

2095 653 2336 706 tudinem
2366 667 2573 722 gerere,
2606 651 2773 706 nescit
2814 653 2990 708 delicti
3037 656 3330 710 remedium
3357 669 3622 726 quaerere.

2086 742 2188 807 Qui
2225 756 2328 796 non
2376 751 2507 797 sunt
2555 742 2750 807 sancti,
2779 743 2830 794 in
2877 744 3116 811 peccatis
3143 746 3256 799 suis
3286 747 3622 806 moriuntur:

2086 832 2176 899 qui
2208 832 2380 887 sancti
2427 840 2572 894 sunt,
2605 847 2700 900 pro
2725 833 2959 900 peccatis
2984 834 3374 899 pcenitudinem
3408 845 3620 904 gerunt,
3705 876 3727 890 κ

2085 921 2306 975 vulnera
2355 935 2450 974 sua
2501 922 2761 983 sentiunt,
2794 919 3098 986 intelligunt
3126 921 3322 988 lapsus,
3348 925 3622 991 requirunt

2084 1011 2436 1074 sacerdotem,
2495 1008 2776 1062 sanitatem
2829 1009 3146 1075 deposcunt,
3195 1009 3619 1075 puriﬁcationem

2084 1111 2181 1164 per
2214 1097 2517 1165 pontiﬁcem
2571 1104 2836 1164 quaerunt.
2872 1095 3074 1150 Idcirco
3121 1110 3252 1165 ergo
3282 1107 3438 1150 caute
3469 1106 3522 1152 et
3549 1099 3623 1152 si-

2087 1188 2410 1254 gniﬁcanter
2436 1200 2613 1240 sermo
2640 1186 2771 1253 legis
2793 1185 3058 1253 designat,
3099 1185 3226 1253 quia
3260 1186 3538 1254 pontiﬁces
3565 1195 3623 1242 et

2085 1275 2414 1338 sacerdotes,
2471 1290 2575 1328 non
2635 1288 3114 1342 quorumcunque,
3158 1274 3251 1327 sed
3308 1286 3618 1329 sanctorum

2089 1361 2455 1414 tantummodo
2482 1370 2694 1414 sumant
2725 1369 2976 1428 peccata;
3003 1367 3224 1413 sanctus
3256 1360 3398 1413 enim
3431 1369 3512 1415 est
3532 1362 3620 1430 qui

2087 1458 2362 1515 peccatum
2399 1463 2550 1501 suum
2576 1463 2671 1515 per
2702 1448 3004 1516 pontiﬁcem
3031 1455 3205 1500 curat.

2151 1536 2206 1590 2.
2248 1537 2351 1590 Sed
2401 1539 2679 1590 redeamus
2705 1537 2768 1588 ad
2805 1537 3110 1602 pontiﬁcem
3151 1547 3414 1602 nostrum,
3444 1537 3620 1604 ponti-

2087 1625 2239 1678 ﬁcem
2275 1641 2518 1693 maguum
2563 1627 2649 1694 qui
2685 1627 2982 1693 penetravit
3025 1627 3210 1690 eteius,
3235 1625 3413 1678 Jesum
3444 1625 3621 1679 Domi-

2085 1725 2209 1762 num
2240 1722 2509 1775 nostrum;
2543 1721 2598 1764 et
2625 1712 2898 1766 videamus
2925 1715 3187 1780 quomodo
3218 1714 3327 1780 ipse
3354 1728 3471 1765 cum
3499 1712 3623 1765 ﬁliis

2087 1796 2217 1860 suis,
2249 1797 2502 1864 apostolis
2534 1799 2738 1851 scilicet
2761 1809 2814 1851 et
2840 1801 3183 1870 martyribus,
3211 1801 3369 1854 sumit
3405 1808 3623 1868 peccata

386 1886 811 1952 jttdicaremur.
842 1907 860 1939 ι
918 1889 1049 1944 Post
1108 1893 1222 1945 haec
1273 1903 1450 1947 autem
1499 1909 1605 1947 ιιοη
1635 1872 1744 1961 jam
1791 1872 1981 1951 ιιᾷηξεξ,
2019 1872 2058 1924 Β
2089 1894 2412 1938 sanctorum.
2449 1886 2514 1937 Et
2539 1889 2752 1953 quidem
2785 1891 2926 1955 quod
2959 1890 3213 1943 Dominus
3246 1898 3432 1942 noster
3461 1887 3616 1942 Jesus

402 1980 659 2031 moralia
698 1980 803 2047 (7),
836 1979 930 2032 sed
974 1979 1098 2034 ﬁdei
1133 1982 1184 2034 in
1217 1982 1294 2036 eis
1322 1987 1523 2038 crimen
1556 1997 1868 2054 exaggerat.
1898 1990 1986 2042 Ait

391 2068 550 2119 enim
576 2066 626 2098 "
659 2085 672 2120 :
715 2085 733 2116 ι
759 2068 1043 2132 Quomodo
1085 2070 1269 2122 dicunt
1307 2071 1448 2123 inter
1483 2087 1574 2125 vos
1602 2075 1816 2140 quidam
1842 2077 1984 2144 quod

393 2158 759 2211 resurrectio
799 2169 1138 2212 mortuorum
1193 2176 1299 2213 non
1358 2163 1506 2215 sit?»
1562 2164 1626 2216 Et
1679 2165 1981 2221 iterum”:

395 2262 416 2294 ι
444 2246 506 2297 Si
540 2254 738 2299 autem
773 2246 1027 2300 Christus
1062 2262 1166 2301 non
1210 2251 1527 2314 resurrexit,
1564 2267 1697 2304 vana
1733 2262 1815 2307 est
1855 2254 1984 2308 ﬁdes

389 2341 620 2385 vestra.
653 2335 850 2388 Adhuc
873 2335 1016 2387 enim
1049 2335 1179 2388 estis
1211 2336 1262 2388 in
1292 2338 1528 2403 peccatis
1559 2340 1768 2393 vestris.
1797 2358 1816 2390 ι
1843 2341 1983 2394 Lon-

392 2441 532 2495 gum
573 2440 748 2493 porro
782 2432 887 2487 est,
933 2439 1034 2478 nec
1075 2427 1322 2491 praesenti
1369 2429 1699 2482 conveniens
1735 2432 1979 2498 tempori,

392 2523 456 2566 ut
507 2513 754 2582 plurima
811 2513 878 2565 de
936 2513 1003 2566 iis
1048 2513 1351 2567 testimOnia
1399 2517 1757 2584 proferamus,
1793 2520 1982 2586 quibus

370 2597 676 2670 ‘probetur
700 2603 851 2669 quod
878 2603 913 2654 ii
947 2603 1036 2668 qui
1071 2603 1242 2655 sancti
1282 2605 1549 2668 dicuntur,
1587 2621 1690 2659 non
1727 2609 1984 2663 continuo

393 2692 576 2744 etiam
626 2690 750 2743 sine
783 2700 1009 2758 peccato
1039 2705 1160 2744 esse
1187 2691 1583 2759 intelligantur;
1610 2697 1703 2746 sed
1732 2694 1844 2748 haec
1867 2696 1984 2763 opi-

393 2787 611 2832 nentur
652 2779 732 2842 illi
765 2780 856 2847 qui
893 2780 1189 2845 Scripturis
1220 2781 1412 2833 divinis
1457 2795 1560 2833 non
1611 2781 1855 2845 sollicite,
1885 2799 1982 2837 nec

395 2869 706 2934 diligenter
755 2869 1085 2922 intendunt:
1121 2868 1174 2920 in
1220 2870 1412 2936 quibus
1455 2871 1630 2922 multa:
1663 2885 1780 2924 esse
1831 2871 1982 2926 dili'e-

397 2955 603 3006 rentia:
637 2965 961 3007 sanctorum
994 2956 1276 3018 docentur,
1313 2957 1450 3008 sicut
1480 2973 1507 3008 a
1531 2958 1682 3010 nobis
1711 2967 1762 3010 et
1788 2959 1838 3011 in
1862 2960 1982 3014 aliis

399 3045 748 3096 tractatibus
778 3044 995 3110 plenius
1031 3044 1232 3096 dictum
1265 3053 1366 3096 est.
1400 3043 1508 3097 Sed
1544 3056 1596 3098 et
1638 3061 1777 3099 nunc
1805 3061 1980 3113 quan-

399 3141 521 3186 tum
551 3133 711 3185 locus
736 3134 989 3199 requirit,
1013 3134 1284 3187 'dicemus.
1311 3134 1491 3187 Sancti
1523 3135 1772 3188 dicuntur
1794 3137 1979 3190 iidem-

401 3237 512 3288 que
541 3233 601 3274 et
629 3231 956 3289 peccatores
984 3222 1059 3273 illi
1084 3223 1172 3288 qui
1196 3236 1254 3275 se
1283 3231 1538 3274 voverunt
1568 3223 1778 3290 quidem
1802 3225 1906 3276 Deo
1924 3235 1976 3277 et

402 3320 908 3379 seqttestraverunt
957 3327 986 3362 a
1023 3311 1166 3377 vulgi
1206 3314 1608 3364 conversatione
1637 3314 1796 3363 vitam
1826 3329 1975 3366 suam

401 3404 470 3454 ad
508 3404 615 3454 hoc
669 3408 729 3453 ut
775 3400 1008 3453 Domino
1036 3402 1296 3454 serviant.
1330 3399 1638 3466 Hujusmodi
1667 3416 1792 3468 ergo
1820 3403 1979 3456 homo

404 3493 714 3544 secundum
751 3492 879 3555 hoc,
915 3493 1056 3555 quod
1093 3506 1150 3543 se
1199 3491 1410 3543 cteteris
1451 3491 1660 3544 actibus
1704 3493 1980 3547 circumci-

404 3582 480 3633 sis
509 3579 751 3631 Dontino
785 3579 1136 3646 mancipavit,
1172 3591 1394 3632 sanctus
1423 3579 1635 3632 dicitur.
1669 3580 1846 3634 Potest
1881 3597 1978 3633 au-

405 3678 512 3721 tent
550 3670 699 3730 ﬁeri,
732 3678 791 3720 ut
822 3669 872 3719 in
905 3668 1004 3721 hoc
1037 3669 1153 3735 ipso
1178 3671 1316 3736 quod
1346 3672 1568 3723 Domino
1594 3673 1844 3736 deservit,
1874 3687 1976 3724 non

403 3760 479 3811 ita
527 3759 724 3810 omnia
767 3765 922 3826 gerat
959 3766 1016 3810 ut
1055 3759 1170 3826 geri
1200 3761 1475 3826 competit,
1510 3762 1602 3815 sed
1635 3762 1905 3829 delinquat
1927 3765 1976 3815 in

401 3846 716 3907 nonnullis,
751 3855 804 3899 et
847 3856 1056 3914 peccet.
1109 3845 1262 3902 Sicut
1291 3852 1430 3903 enim
1483 3851 1526 3904 is
1559 3851 1648 3918 qui
1679 3862 1978 3918 sequestrat

402 3950 485 4001 se,
514 3946 573 3989 et
624 3945 880 4005 segregat
910 3937 978 3988 ab
1004 3937 1252 3992 omnibus
1277 3939 1505 4007 actibus,
1541 3950 1596 3992 ut
1620 3941 1976 4008 disciplinam,

401 4026 560 4080 verbi
596 4027 804 4093 gratia,
847 4027 1130 4080 medicinae
1181 4037 1272 4080 aut
1299 4029 1650 4096 philosophize
1684 4044 1977 4096 consequa-

399 4124 514 4176 tur,
547 4131 660 4166 non
693 4115 878 4180 utique
907 4117 1164 4169 continuo
1196 4126 1252 4169 ut
1273 4135 1332 4172 se
1359 4119 1658 4188 hujusmodi
1705 4120 1978 4172 tradiderit

395 4201 744 4268 disciplinis,
783 4203 853 4254 ita
883 4202 1157 4270 perfectus
1203 4207 1331 4268 erit,
1358 4216 1414 4258 ut
1443 4222 1545 4258 non
1597 4207 1902 4260 inveniatur
1927 4209 1976 4260 in

395 4288 600 4355 aliquo
653 4301 936 4354 peccare:
969 4289 1076 4342 imo
1132 4290 1314 4357 potius
1368 4292 1593 4358 plurima
1630 4293 1980 4362 delinqueudo

395 4378 492 4430 vix
531 4376 600 4428 ad
631 4376 1022 4443 perfectionem
1073 4378 1366 4446 aliquando
1395 4381 1697 4447 perveniet;
1723 4391 1775 4434 et
1802 4391 1978 4435 tamen

2085 1970 2326 2024 Christus
2370 1976 2578 2026 venerit
2611 1985 2668 2028 ut
2715 1977 2930 2031 tolleret
2987 1987 3267 2045 peccatum
3319 1978 3523 2042 tnundi,
3561 1986 3617 2031 et

2084 2070 2256 2112 morte
2307 2075 2399 2113 sua
2461 2072 2678 2129 peccata
2739 2075 2918 2118 nostra
2974 2067 3249 2131 deleverit,
3303 2067 3479 2120 nullus
3527 2068 3619 2133 qui

2083 2147 2298 2202 Christo
2323 2151 2508 2214 credit,
2543 2152 2774 2220 ignorat.
2801 2155 3078 2218 Quomodo
3101 2164 3277 2207 autem
3309 2167 3363 2208 et
3391 2143 3481 2208 ﬁlii
3508 2155 3623 2223 ejus

2082 2239 2329 2292 auferant
2355 2250 2569 2307 peccata
2603 2250 2931 2307 sanctorum,
2953 2244 3001 2294 id
3027 2251 3108 2296 est
3135 2242 3356 2309 apostoli
3385 2253 3438 2295 et
3473 2257 3619 2296 mar-

2082 2335 2250 2396 tyres,
2281 2331 2326 2381 si
2369 2330 2686 2397 poterimus,
2721 2345 2786 2383 ex
2827 2330 3128 2397 Scripturis
3163 2333 3356 2384 divinis
3395 2333 3622 2400 probare

2087 2419 2434 2472 tentabimus.
2465 2419 2602 2471 Audi
2653 2420 2825 2487 primo
2877 2420 3099 2472 Paulum
3140 2422 3407 2473 dicentem
3437 2440 3450 2472 :
3483 2439 3501 2470 ‹
3534 2419 3625 2475 Li-

2079 2507 2269 2560 benter
2313 2508 2480 2571 enim,
2511 2508 2684 2577 inquit
2705 2509 2771 2572 ",
2802 2510 3122 2576 expendam,
3149 2521 3202 2562 et
3228 2511 3502 2577 expendar
3527 2525 3623 2578 pro

2081 2596 2359 2649 animabus
2379 2597 2608 2660 vestris;
2641 2616 2658 2647 ι
2689 2598 2813 2650 etin
2837 2598 2941 2650 alio
2967 2597 3083 2650 loco
3111 2614 3124 2649 :
3157 2616 3174 2647 ι
3206 2597 3313 2664 Ego
3347 2598 3487 2650 enim
3512 2598 3622 2664 jam

2078 2685 2346 2749 immolor,
2371 2685 2623 2751 inquit",
2645 2693 2698 2738 et
2718 2695 2922 2753 tempus
2948 2686 3347 2753 regressioitisn
3374 2686 3488 2739 sive
3508 2702 3623 2740 cre-

2080 2773 2358 2826 solutionis
2387 2787 2516 2826 mea:
2547 2775 2770 2828 instat.)
2805 2775 2906 2828 Pro
2927 2775 2993 2827 iis
3037 2789 3165 2842 ergo
3195 2774 3386 2841 quibus
3413 2776 3618 2829 scribe-

2079 2863 2192 2924 bat,
2220 2863 2447 2928 expendi
2477 2877 2534 2915 se
2563 2875 2616 2916 et
2657 2863 2912 2916 immolari
2948 2863 3075 2915 dicit
3104 2863 3411 2928 Apostolus.
3438 2862 3622 2917 Hostia

2079 2960 2256 3002 autem
2292 2967 2410 3002 cum
2436 2951 2763 3016 immolatur,
2793 2952 2860 3003 ad
2895 2953 2995 3004 hoc
3021 2951 3322 3003 immolatur
3350 2963 3408 3003 ut
3439 2965 3622 3003 eorum

2079 3052 2177 3107 pro
2209 3039 2713 3107 quibusjugulatur,
2744 3049 2960 3106 peccata
2986 3046 3299 3105 purgentur.
3327 3038 3401 3090 De
3427 3046 3625 3107 marty-

2082 3131 2228 3183 ribus
2270 3142 2444 3184 autcm
2476 3133 2664 3184 scribit
2700 3130 2931 3183 Joannes
2975 3129 3247 3198 apostolus
3285 3131 3335 3181 in
3361 3127 3625 3196 Apocaly-

2078 3220 2240 3288 psi",
2266 3221 2386 3288 quia
2417 3222 2608 3274 animre
2653 3235 2834 3274 eorum
2867 3221 2962 3289 qui
3000 3220 3228 3288 jugulati
3255 3229 3379 3273 sunt
3411 3228 3626 3286 propter

2079 3326 2268 3362 nomen
2297 3311 2501 3364 Domini
2523 3311 2668 3374 Jesu,
2699 3313 2959 3365 assistunt
2985 3313 3141 3364 altari
3166 3329 3180 3376 ;
3211 3313 3300 3379 qui
3334 3321 3510 3363 autem
3530 3325 3623 3364 as-

2077 3400 2217 3451 sistit
2246 3399 2399 3451 altari
2426 3438 2440 3464 ,
2477 3401 2776 3452 ostenditur
2798 3399 2948 3466 fungi
2978 3401 3272 3452 sacerdotis
3297 3397 3489 3452 oliicio.
3519 3397 3622 3451 Sa-

2077 3488 2306 3540 cerdotis
2320 3498 2497 3540 autent
2516 3486 2741 3540 cilicium
2761 3499 2862 3548 est,
2878 3504 2975 3556 pro
2990 3489 3163 3555 populi
3187 3489 3484 3554 supplicare
3498 3500 3625 3556 peo-

2076 3575 2229 3628 catis.
2259 3574 2405 3627 Unde
2423 3590 2520 3642 ego
2543 3589 2750 3639 vereor,
2777 3590 2842 3628 ne
2868 3575 3004 3628 forte
3027 3591 3090 3627 ex
3110 3591 3212 3642 quo
3232 3588 3496 3644 martyres
3515 3590 3622 3628 non

2079 3663 2232 3726 ﬁunt,
2259 3672 2312 3715 et
2330 3662 2515 3715 hostiae
2536 3673 2841 3716 sanctorum
2867 3678 2968 3716 non
2996 3660 3292 3715 oiferuntur
3314 3677 3408 3727 pro
3433 3676 3620 3728 pecca-

2080 3751 2148 3804 tis
2170 3752 2392 3816 nostris,
2412 3762 2750 3818 peccatorum
2782 3761 3082 3804 nostrorum
3115 3750 3480 3802 remissionem
3514 3766 3620 3802 non

2077 3856 2391 3894 i‘nereamur.
2413 3841 2475 3892 Et
2493 3840 2610 3892 ideo
2635 3855 2842 3903 vereor,
2863 3854 2926 3892 ne
2944 3840 3378 3906 pcrmanentibus
3399 3839 3450 3891 in
3470 3840 3622 3892 nobis

2078 3931 2307 3996 peccatis
2337 3931 2556 3994 nostris,
2583 3929 2788 3982 accidat
2811 3928 2961 3980 nobis
2986 3928 3113 3979 illud
3144 3929 3302 3994 quod
3325 3931 3388 3980 de
3421 3935 3619 3981 semet-

2080 4020 2206 4087 ipsis
2239 4021 2420 4072 dicunt
2446 4018 2633 4082 Judaei,
2668 4017 2791 4086 quia
2821 4031 2928 4070 non
2959 4017 3218 4070 habentes
3240 4017 3422 4078 altare,
3450 4031 3621 4084 neque

2081 4111 2352 4176 templum,
2383 4124 2556 4178 neque
2578 4109 2962 4172 sacerdotium,
2983 4117 3038 4160 et
3059 4107 3128 4161 ob
3151 4107 3253 4160 hoc
3285 4121 3382 4159 nec
3416 4103 3620 4159 hostias
3685 4128 3694 4138 -

2083 4206 2387 4273 oﬁ‘erentes,
2421 4216 2661 4274 peccata,
2701 4200 2908 4280 inquit,“
2928 4213 3109 4259 nostra
3141 4210 3362 4256 manent
3414 4201 3466 4255 in
3519 4213 3612 4253 ηο-

2082 4297 2198 4358 his;
2244 4306 2298 4349 et
2354 4297 2474 4350 ideo
2529 4296 2689 4349 venia
2727 4296 2874 4348 nulla
2910 4293 3278 4362 subsequitur.
3309 4291 3374 4344 Et
3406 4299 3614 4350 contra,

2082 4398 2177 4434 nos
2224 4385 2404 4437 dicere
2452 4383 2729 4446 debemus,
2775 4383 2898 4450 quia
2939 4381 3127 4434 hostire
3178 4387 3472 4446 martyrum
3512 4391 3618 4430 non

390 4464 597 4518 statim
635 4473 696 4515 ut
719 4477 779 4516 se
805 4464 872 4516 ad
913 4462 1222 4530 huiusmodi
1253 4466 1475 4520 scholas
1499 4470 1738 4531 tradidit,
1774 4480 1978 4524 certum
2014 4472 2056 4527 D
2084 4469 2378 4524 olioruntur
2407 4469 2520 4537 pro'
2546 4471 2719 4533 nobis,
2754 4471 2955 4522 idcirco
2990 4475 3208 4520 manent
3237 4466 3288 4519 in
3320 4467 3472 4518 nobis
3504 4479 3623 4532 pec-

394 4562 486 4605 est
543 4565 674 4603 cum
729 4551 814 4604 vel
863 4553 1009 4605 inter
1060 4555 1329 4618 medicos,
1362 4555 1441 4608 vel
1473 4556 1612 4609 inter
1637 4557 1979 4626 philosophos

390 4637 734 4700 numerari;
779 4638 849 4689 ita
880 4648 935 4691 ct
968 4640 1033 4692 de
1083 4643 1292 4694 sanctis
1325 4643 1691 4711 accipiendum
1727 4656 1808 4700 est
1835 4649 1976 4715 quod

393 4727 596 4781 statim
621 4727 848 4794 quidem
872 4737 932 4780 ut
957 4730 1232 4795 mancipat
1259 4744 1320 4782 se
1352 4732 1472 4798 quis
1506 4735 1697 4788 studiis
1723 4737 1978 4790 sanctita-

393 4818 497 4880 tis,
539 4819 850 4869 secundum
877 4817 980 4870 hoc
1004 4819 1147 4884 quod
1187 4823 1483 4888 proposuit,
1515 4834 1730 4878 sanctus
1752 4825 1980 4893 appelle-

395 4916 512 4959 tur.
562 4905 885 4959 Secundum
931 4906 1039 4959 hoc
1077 4922 1204 4961 vero
1237 4909 1380 4976 quod
1411 4925 1626 4965 necesse
1660 4925 1741 4968 est
1769 4931 1890 4968 eum
1924 4917 1974 4968 in

391 4996 591 5050 multis
630 4991 991 5060 deliitquere,
1045 4995 1218 5049 donec
1261 5009 1356 5047 usu
1387 5005 1439 5048 et
1467 4998 1740 5069 disciplina
1774 5019 1836 5056 ac
1861 5005 1979 5057 dili-

387 5089 585 5156 gentia
649 5086 1026 5139 abscindatur
1075 5087 1142 5139 ab
1193 5101 1256 5139 eo
1313 5093 1637 5144 consuetudo
1700 5095 1976 5161 peccandi,

384 5178 563 5231 etiam
612 5183 916 5242 peccator,
977 5182 1039 5225 ut
1095 5191 1252 5243 supra
1293 5178 1553 5243 diximus,
1597 5183 1977 5249 appellabitur.

385 5265 501 5333 ligo
525 5272 724 5316 autem
758 5269 821 5313 et
878 5260 1126 5326 amplius
1148 5264 1277 5314 addo
1304 5263 1514 5331 aliquid,
1546 5269 1689 5333 quod
1723 5269 1823 5322 nisi
1855 5285 1974 5322 san-

374 5365 534 5407 ctum
566 5348 947 5420 propositum
983 5347 1184 5412 aliquis
1211 5349 1411 5412 habeat,
1437 5362 1488 5403 et
1520 5357 1828 5410 sanctitatis
1867 5366 1984 5410 stu-

441 5446 490 5476 u
519 5443 539 5495 ι
573 5445 715 5495 εον,
754 5453 817 5497 ι,
846 5435 927 5504 20
953 5443 1014 5487 et
1184 5434 1250 5504 ξ
1273 5435 1287 5484 Ι
1311 5434 1427 5488 Cor.
1456 5455 1525 5504 xi,
1559 5444 1651 5494 l8.

361 5516 404 5547 η
432 5513 481 5568 ιι
515 5511 660 5563 Cor.
700 5519 814 5566 xu,
859 5503 958 5556 15.
1041 5501 1091 5530 ⁷³
1114 5501 1155 5551 ιι
1183 5500 1308 5552 Tim.
1338 5517 1404 5569 tv,
1443 5500 1519 5560 o.’
1567 5511 1798 5582 "Apoc.
1828 5530 1901 5570 vt.

429 5648 518 5718 (6)
545 5641 764 5718 pet-lex
801 5634 1208 5718 ‘Belvacensis
1230 5672 1243 5694 ,
1275 5635 1728 5718 Irimmolatitiqrn.
1757 5666 1776 5697 ι
1805 5651 1983 5704 codex

348 5702 558 5773 Saiic'ti
602 5702 1004 5764 Theoderici,
1065 5719 1086 5749 ι
1121 5702 1490 5762 immolationis.
1533 5728 1549 5758 )
1601 5702 1986 5788 Ebroicggi‘s';

1733 5448 1774 5480 ⁵⁷
1801 5447 1926 5501 ibid.
1963 5449 2049 5502 21.

2084 4569 2199 4611 cata
2225 4571 2402 4612 nostra
2425 4576 2442 4624 ;
2467 4574 2570 4610 non
2595 4559 2737 4611 enim
2763 4573 3033 4612 meremur
3057 4556 3476 4625 persecutionem
3509 4553 3619 4622 pati

2083 4659 2297 4716 propter
2341 4648 2635 4711 Christum,
2667 4661 2765 4699 nec
2809 4647 2942 4699 mori
2997 4654 3212 4714 propter
3266 4657 3458 4697 nomen
3495 4641 3620 4696 Filii

2089 4738 2202 4790 Dei.
2231 4737 2297 4789 Et
2332 4737 2453 4790 ideo
2497 4737 2658 4790 etiam
2693 4737 2956 4799 diabolus,
2994 4735 3172 4789 sciens
3196 4747 3290 4802 per
3317 4731 3617 4801 passionem

2084 4829 2328 4898 martyrii
2374 4828 2747 4881 remissionem
2785 4825 2902 4880 tieri
2940 4835 3311 4895 peccatorum,
3341 4838 3446 4877 non
3501 4822 3619 4875 vult

2082 4917 2235 4969 nobis
2289 4916 2534 4983 publicas
2583 4915 2858 4983 gentilium
2915 4913 3316 4981 persecutiones
3367 4920 3616 4967 mchre:

2083 5007 2182 5059 scit
2209 5007 2374 5069 enim,
2406 5007 2526 5074 quia
2575 5007 2619 5059 si
2661 5008 2725 5057 ad
2761 5019 2910 5072 rcges
2932 5017 2985 5058 et
3012 5005 3260 5073 pra-sides
3291 5001 3617 5056 adducamur

2087 5108 2302 5166 propter
2344 5113 2538 5151 nomen
2568 5096 2789 5160 Christi,
2822 5099 2886 5151 ad
2939 5097 3298 5150 testimonium
3328 5090 3521 5145 Iudaeis
3563 5099 3618 5142 et

2087 5185 2355 5252 gentibus,
2409 5185 2656 5254 gaudium
2713 5184 2866 5237 nobis
2916 5193 2969 5236 et
3021 5181 3311 5236 exsultatio
3351 5179 3441 5240 sit,
3491 5175 3615 5244 quia

2090 5290 2297 5328 merces
2353 5286 2532 5329 nostra
2572 5273 2735 5327 multa
2786 5271 2840 5324 in
2889 5272 3039 5324 caelis
3067 5279 3167 5323 cst.
3204 5267 3324 5320 lla~c
3355 5279 3459 5317 non
3489 5261 3616 5316 facit

2091 5363 2360 5432 inimicus,
2391 5367 2470 5418 vel
2500 5368 2637 5433 quod
2670 5368 2780 5434 ipse
2809 5364 2985 5432 gloria:
3014 5359 3232 5420 invidet,
3260 5355 3339 5408 vel
3369 5352 3618 5407 fortassis

2148 5455 2192 5486 ⁸⁸
2213 5456 2344 5510 ibid.
2383 5456 2451 5510 30
2476 5465 2527 5511 et
2550 5457 2638 5509 '51.
2733 5453 2775 5483 ⁸⁸
2800 5451 2822 5504 ι
2847 5451 3080 5512 Cor.xv,
3107 5448 3193 5498 12.
3283 5443 3329 5475 ὀ
3358 5442 3491 5498 ibid.
3525 5441 3613 5500 17.

2102 5670 2118 5703 t
2142 5652 2205 5703 de
2238 5649 2541 5702 immolatis.
2579 5666 2596 5697 ι
2630 5645 2780 5697 Libl).
2812 5641 2957 5704 editi,
2997 5658 3014 5689 ι
3039 5641 3363 5698 immolati»

2163 5719 2236 5788 (7)
2265 5719 2441 5771 Codex
2477 5712 2833 5774 Bcivaccusis,
2866 5725 2884 5758 ι
2908 5707 3172 5760 mortalia.
3212 5727 3229 5758 ι
