3838 6212
391 281 508 344 659

393 502 513 540 esse
543 487 761 540 idoneos
795 489 860 540 ad
888 488 1200 556 martyrium
1235 488 1587 541 tolerandum.
1615 485 1727 539 Scit
1750 495 1925 538 tamen

395 575 648 628 Dominus
678 575 768 639 qui
803 583 925 629 sunt
953 575 1090 642 ejus,
1118 586 1172 628 et
1203 575 1254 628 in
1286 576 1478 641 quibus
1510 589 1612 628 non
1657 582 1922 642 speratur,

393 666 555 719 habet
597 665 683 719 ille
708 666 988 720 thesauros
1014 680 1140 719 suos
1176 680 1190 718 :
1221 685 1240 716 i
1280 666 1390 719 Non
1418 667 1559 719 enim
1602 665 1737 719 sicut
1767 664 1928 718 homo

392 757 557 818 videt,
595 755 667 807 ita
712 763 764 809 et
801 755 1021 808 Deus”.
1049 774 1067 806 θ
1104 755 1211 824 Ego
1247 771 1350 808 non
1387 755 1571 809 dubito
1611 764 1660 808 et
1717 755 1767 808 in
1825 755 1924 808 hoc

391 853 651 896 conventu
707 856 826 898 esse
873 844 1085 910 aliquos
1130 845 1228 912 ipsi
1284 845 1379 897 soli
1413 845 1676 913 cognitos,
1703 844 1794 910 qui
1822 843 1924 910 iam

394 932 530 997 apud
581 946 701 984 eum
757 941 1021 1000 martyres
1067 934 1175 986 sint
1209 934 1515 987 testimonio
1563 933 1921 994 conscientiae,

391 1021 584 1088 parati,
616 1022 658 1074 si
690 1022 807 1088 quis
829 1034 1101 1088 exposcat,
1133 1022 1402 1076 ellnndere
1423 1024 1732 1092 sanguinem
1769 1038 1922 1075 suum

394 1123 490 1174 pro
519 1110 731 1162 nomine
785 1110 987 1163 Domini
1020 1110 1144 1165 Jesn
1177 1112 1406 1177 Christi;
1445 1127 1549 1166 non
1591 1113 1781 1166 dubito
1810 1127 1927 1166 esse

393 1198 598 1266 aliquos
653 1199 740 1265 qui
795 1200 1016 1253 tulerint
1059 1217 1269 1256 crucem
1321 1217 1492 1268 suam,
1550 1211 1604 1257 et
1637 1211 1928 1270 sequantur

388 1302 526 1342 enm.
578 1287 700 1341 Hice
754 1289 876 1342 licet
907 1303 1001 1356 per
1028 1305 1306 1345 excessum
1339 1293 1646 1358 quemdam,
1673 1307 1927 1346 necessa-

387 1379 470 1430 rio
505 1387 679 1433 tamen
737 1381 988 1434 videntur
1034 1381 1196 1443 dicta,
1231 1391 1288 1434 ut
1323 1383 1738 1450 intelligeremus
1793 1398 1925 1450 quo-

395 1467 560 1521 modo
586 1484 682 1535 per
712 1470 1041 1536 pontificem,
1079 1471 1236 1540 303
1265 1481 1318 1526 et
1351 1472 1486 1526 ﬁlios
1514 1472 1785 1540 pontiﬁcis
1833 1473 1927 1526 ﬁat

393 1555 450 1608 in
483 1557 682 1609 sanctis
715 1557 955 1611 remissio
981 1569 1344 1625 peccatorum.

454 1686 508 1738 3.
550 1685 799 1752 Sequitur
828 1695 943 1755 post
967 1686 1117 1738 haec:
1158 1703 1175 1735 t
1205 1685 1268 1738 Et
1297 1695 1373 1746 tu,
1417 1687 1588 1754 inquit
1630 1687 1697 1750 ⁷⁸,
1735 1696 1787 1742 et
1833 1688 1924 1741 lilii

388 1773 465 1826 tni
498 1774 766 1841 accipietis
822 1781 1037 1842 peccata
1077 1775 1359 1827 sacerdotii
1397 1775 1558 1829 vestri
1598 1793 1610 1828 :
1656 1787 1707 1829 et
1735 1776 1928 1830 fratres

389 1872 509 1917 tuos
530 1863 757 1916 tribuum
790 1862 942 1926 Levi,
974 1863 1177 1930 plebem
1209 1863 1376 1929 patris
1407 1864 1481 1917 tui
1518 1879 1726 1919 assume
1755 1866 1817 1919 ad
1851 1875 1922 1930 te,

388 1961 443 2002 et
465 1951 822 2020 adjungantnr
855 1953 969 2016 tibi,
1001 1963 1051 2007 et
1087 1954 1388 2008 ministrent
1418 1953 1509 2007 tibi
1544 1973 1557 2007 :
1590 1966 1714 2008 ettu
1743 1966 1795 2010 et
1835 1957 1926 2009 lilii

389 2041 464 2092 tui
497 2050 666 2092 tecum
697 2041 749 2092 in
773 2051 1054 2108 conspectu
1087 2043 1407 2096 tabernaculi
1433 2045 1720 2098 testimonii
1743 2046 1928 2098 obser-

387 2130 588 2182 vabunt
637 2130 910 2183 custodias
976 2139 1094 2185 tuas
1149 2132 1490 2186 tabernaculi.
1547 2150 1566 2183 ›
1628 2131 1927 2187 Observare

386 2215 716 2285 diligentius,
741 2217 1083 2272 etintendere
1131 2219 1194 2272 iis
1235 2234 1354 2287 quae
1379 2220 1578 2286 scripta
1608 2230 1763 2284 sunt,
1793 2236 1925 2275 con-

385 2301 531 2354 venit
560 2315 652 2355 eos
681 2303 944 2370 praecipue
987 2304 1075 2371 qui
1120 2305 1172 2357 in
1208 2305 1396 2359 ordine
1450 2307 1767 2360 sacerdotali
1811 2312 1922 2376 glo-

386 2391 628 2453 riantur;
667 2399 723 2443 nt
745 2391 916 2445 sciant
938 2393 1061 2459 quid
1089 2404 1170 2447 est
1195 2397 1336 2462 quod
1356 2397 1434 2449 eis
1461 2395 1543 2450 lex
1585 2397 1762 2451 divina
1794 2415 1926 2467 prae-

385 2477 524 2543 cepit
550 2476 958 2532 observandum.
985 2480 1082 2544 Tn,
1117 2481 1311 2548 inquit,
1343 2493 1395 2536 et
1422 2484 1512 2536 ﬁlii
1547 2486 1618 2537 tui
1653 2495 1825 2539 tecum
1872 2492 1924 2540 in

385 2576 673 2634 conspectu
706 2571 1034 2624 tabernaculi
1065 2573 1342 2625 observate
1384 2575 1652 2627 custodias
1700 2585 1923 2641 vestras,

383 2661 438 2706 et
492 2655 684 2718 altare,
729 2668 783 2710 et
831 2660 1100 2713 custodias
1145 2661 1469 2716 tabernaculi
1521 2665 1619 2733 (8).
1675 2665 1922 2721 Mandata

384 2745 597 2810 quidem
659 2756 804 2799 certa
864 2757 985 2800 sunt
1051 2757 1104 2802 et
1152 2753 1456 2816 evidentia,
1516 2763 1574 2807 ut
1634 2756 1925 2812 observare

385 2833 672 2886 debeamus
715 2835 980 2889 custodias
1025 2837 1374 2904 tabernaculi,
1421 2849 1473 2891 et
1515 2841 1722 2906 altaris,
1749 2854 1802 2896 et
1834 2861 1923 2899 sa-

384 2923 604 2976 cerdotii
630 2939 645 2987 ;
667 2926 785 2990 quis
813 2939 941 2978 sane
965 2927 1034 2978 sit
1057 2928 1144 2994 qui
1171 2929 1434 2988 observet,
1461 2939 1513 2982 et
1533 2926 1692 2982 faciat
1710 2947 1770 2985 ea
1803 2950 1922 3001 quae

383 3011 748 3064 sacerdotibus
779 3015 1022 3066 mandata
1048 3025 1172 3068 sunt
1208 3035 1221 3081 ;
1269 3028 1322 3070 et
1365 3019 1486 3086 quis
1526 3023 1596 3073 sit
1621 3023 1709 3088 qui
1737 3034 1920 3078 utatur
1948 3038 1988 3093 α

383 3099 595 3166 quidem
635 3103 820 3154 ordine
847 3113 900 3155 et
929 3104 1128 3158 honore
1153 3108 1456 3171 sacerdotii,
1495 3124 1655 3176 opera
1699 3127 1827 3167 vero
1869 3125 1923 3168 et

385 3191 695 3264 mysterium
723 3193 1004 3246 sacerdotii
1037 3209 1139 3247 non
1163 3197 1428 3261 observet,
1463 3199 1549 3253 ille
1574 3200 1718 3254 solus
1759 3218 1919 3257 nosse

380 3289 572 3346 potest,
596 3281 683 3346 qui
714 3290 982 3336 scrutatur
1005 3285 1164 3338 corda
1211 3296 1263 3339 et
1307 3303 1458 3342 renes
1486 3290 1550 3342 ⁷⁸.
1599 3289 1922 3347 Mandantur

381 3369 654 3421 observari
691 3385 790 3422 non
818 3371 987 3425 solum
1041 3388 1100 3428 ea
1143 3391 1258 3443 quae
1296 3377 1422 3431 foris
1477 3389 1619 3444 sunt,
1660 3399 1678 3431 α
1718 3382 1821 3436 Sed
1867 3395 1922 3437 et

381 3470 466 3520 ea,
499 3457 671 3525 inquit
716 3459 781 3522 ⁷⁷,
825 3468 882 3512 ut
928 3473 1116 3517 curent
1153 3468 1459 3521 sacerdotes
1495 3469 1758 3536 prmcipne
1803 3487 1920 3539 quae

383 3548 522 3602 intra
565 3549 799 3604 velamen
844 3563 1002 3619 sunt;
1047 3573 1066 3606 ι
1119 3556 1263 3609 velut
1311 3560 1354 3611 si
1389 3559 1629 3613 diceret:
1675 3578 1803 3615 cura
1851 3564 1920 3616 sit

381 3639 784 3704 sacerdotibus,
851 3643 1116 3698 evidentia
1183 3662 1246 3701 ac
1321 3649 1602 3702 manifesta
1671 3655 1916 3706 mandata

380 3721 577 3776 divinae
605 3724 734 3793 legis
767 3728 1003 3800 implere,
1029 3741 1079 3784 et
1104 3736 1351 3802 mysteria
1375 3735 1490 3804 ejus
1516 3739 1827 3792 abscondita
1864 3750 1918 3794 et

381 3811 551 3863 velata
616 3816 758 3868 omni
826 3821 1148 3887 perspicacia
1221 3827 1481 3879 contueri.
1547 3827 1602 3880 Si
1665 3843 1792 3882 vero
1851 3831 1916 3882 ad

381 3900 650 3954 hominem
699 3903 826 3958 velis
881 3907 1082 3962 referre
1120 3911 1515 3966 tabernaculum
1581 3917 1914 3982 testimonii;

380 3991 630 4053 quoniam
693 3994 904 4060 quidem
965 4012 1156 4066 corpus
1221 4003 1452 4056 hominis
1510 4005 1911 4060 tabernaculum

379 4077 576 4134 Paulus
603 4083 851 4147 appellat,
897 4085 1077 4140 dicens
1129 4090 1216 4141 ἐς
1263 4108 1281 4141 t
1315 4092 1412 4157 Qui
1445 4093 1585 4146 enim
1637 4110 1821 4149 smnus
1859 4097 1912 4149 in

381 4171 721 4223 tabernaculo
753 4173 875 4235 hoc,
901 4177 1160 4240 gemimus
1187 4182 1457 4248 aggravati
1483 4198 1498 4244 ;
1531 4184 1582 4235 in
1621 4200 1728 4253 quo
1759 4187 1911 4238 nolu-

297 4317 300 4322 _
377 4270 497 4312 mus
517 4258 818 4324 exspoliari,
845 4263 935 4314 sed
966 4272 1350 4335 supervestiri;
1397 4291 1415 4324 υ
1462 4273 1506 4326 si
1552 4288 1681 4340 ergo
1706 4277 1770 4328 ad
1809 4275 1910 4330 ho-

1845 278 2158 337 ORIGENIS

392 400 533 469 quod
591 397 678 452 ille
718 399 807 465 qui
839 399 1018 452 onmla
1069 398 1346 466 prtevidet,
1375 397 1660 464 praenoscit
1698 409 1797 448 nos
1829 410 1919 447 nor

2084 383 2340 453 vangeliis
2386 381 2524 436 dicit
2558 380 2606 412 ⁸⁸
2636 396 2652 432 :

3554 254 3645 305 (λιι)

2637 396 2652 428 :
2704 395 2725 428 ι
2768 372 2853 427 Tu
2911 377 3112 423 autem
3166 379 3296 418 cum
3338 377 3482 426 oras,
3521 364 3645 417 intra

2033 476 2085 528 in
2116 471 2423 527 cubiculum
2458 477 2642 530 tuum,
2675 472 2735 518 et
2773 459 2989 515 claude
3033 461 3250 509 ostium
3299 463 3471 516 tuum,
3495 463 3545 506 et
3565 468 3645 505 ora

2031 574 2240 633 patrem
2268 571 2421 614 tuum
2451 559 2505 612 in
2533 554 2902 610 abscondito.
2945 569 2966 600 ι
3006 548 3119 613 Qui
3170 559 3309 614 ergo
3346 544 3421 596 ita
3463 552 3573 598 orat
3596 553 3648 597 ut

2032 653 2163 716 dixi,
2194 641 2503 718 ingreditur
2535 647 2603 699 ad
2630 644 2816 696 altare
2849 640 3086 694 incensi
3121 638 3275 706 quod
3311 644 3394 688 est
3417 635 3648 688 interius.

2032 744 2166 798 Cum
2215 752 2397 795 antem
2436 739 2563 808 quis
2622 736 2776 790 clara
2817 747 2989 796 voce,
3041 738 3102 785 ct
3145 728 3337 781 verbis
3369 740 3490 780 cum
3534 739 3651 778 sono

2033 835 2279 903 prolatis,
2333 832 2494 898 quasi
2555 827 2924 883 ut'tcdiﬁcet
2984 822 3322 880 audientes,
3362 817 3650 872 orationem

2030 924 2206 976 fundit
2234 925 2299 974 ad
2334 921 2528 990 Deum,
2559 920 2651 972 hic
2681 917 2890 986 spiritu
2931 924 3091 975 orat,
3123 909 3422 968 etoﬂ‘erre
3451 909 3649 962 videtur

2033 1012 2264 1066 hostiam
2300 1012 2352 1062 in
2386 1009 2550 1062 altari
2579 1007 2728 1076 quod
2765 1005 2917 1060 loris
2942 1012 3041 1058 est
3074 1003 3150 1056 ad
3189 1000 3650 1054 holocaustomata

2032 1100 2212 1169 populi
2269 1098 2659 1152 constitutum.
2732 1095 2980 1164 Oportet
3039 1106 3186 1159 ergo
3245 1091 3562 1143 sacerdotes
3599 1104 3653 1142 ea

2032 1203 2229 1242 curare
2261 1188 2534 1256 prmcipue
2579 1195 2637 1240 et
2688 1186 3017 1244 custodire,
3059 1197 3193 1250 qua:
3235 1181 3382 1234 intra
3429 1180 3652 1232 velamen

2034 1277 2265 1330 interius
2295 1285 2685 1348 conteguntur,
2724 1287 2794 1327 ne
2817 1274 2962 1342 quid
2993 1272 3076 1325 ibi
3106 1270 3414 1340 pollutum,
3451 1282 3516 1320 ne
3543 1269 3652 1336 quid

2034 1365 2346 1418 inveniatur
2394 1365 2783 1429 immundum;
2820 1363 2936 1416 hoc
2985 1371 3080 1415 est
3123 1361 3458 1414 interiorem
3501 1361 3654 1413 homi-

2031 1469 2178 1514 nem,
2227 1463 2282 1507 et
2314 1455 2498 1507 cordis
2545 1465 2764 1508 secreta
2798 1468 3048 1515 curare,
3094 1461 3162 1507 ut
3203 1452 3286 1505 ibi
3328 1450 3655 1530 immaculata

2031 1552 2406 1612 permaneant.
2435 1543 2735 1596 Cherubim
2792 1552 2851 1596 et
2899 1542 3413 1612 pr0pitiatorium,
3449 1543 3653 1595 scientia

2035 1630 2383 1699 intelligenda
2411 1641 2496 1685 est
2521 1631 2824 1686 Trinitatis
2852 1649 2869 1696 ;
2914 1632 3331 1700 interpretatio
3363 1632 3505 1685 enim
3530 1631 3652 1685 Che-

1962 1725 2000 1779 Β
2035 1719 2206 1772 rubim
2250 1721 2672 1784 multitudinem,
2730 1722 2786 1773 id
2834 1731 2933 1774 est
2982 1721 3392 1789 perfectionem
3445 1722 3653 1775 scientia

2033 1807 2242 1860 indicat
2267 1807 2345 1876 t9)
2377 1825 2390 1859 :
2427 1816 2482 1861 et
2510 1823 2634 1876 quae
2680 1819 2770 1862 est
2824 1810 2948 1862 alia
3017 1811 3330 1878 perfectio,
3366 1811 3468 1864 nisi
3506 1826 3651 1878 agno-

2030 1895 2173 1947 visse
2205 1894 2417 1949 Patrem
2451 1906 2506 1950 et
2530 1897 2754 1960 Filium,
2784 1907 2846 1951 et
2879 1899 3186 1968 Spiritum
3217 1901 3514 1953 sanctum?
3548 1901 3652 1954 llaic

2029 1998 2159 2051 ergo
2189 1985 2428 2037 curanda
2458 1996 2587 2038 sunt
2624 1987 2696 2039 ita
2730 2001 2762 2039 a
2806 1988 3267 2052 sacerdotibus,
3320 1998 3380 2041 ut
3426 1990 3652 2042 inconta-

2032 2073 2236 2125 minata
2282 2084 2337 2127 et
2382 2075 2548 2128 illmsa
2583 2088 2919 2130 serventur.
2983 2077 3105 2131 Sed
3165 2088 3226 2134 et
3281 2095 3420 2133 urna
3469 2083 3650 2134 habens

2029 2162 2300 2216 cmlestem
2331 2163 2511 2218 cibum
2541 2182 2780 2234 manum,
2821 2169 3159 2222 thesaurus
3193 2177 3390 2238 utique
3413 2181 3495 2224 est
3522 2172 3649 2224 verbi

2028 2251 2216 2304 divini.
2273 2254 2339 2306 Et
2387 2268 2514 2309 arca
2565 2270 2759 2322 aurea,
2813 2259 2868 2312 in
2928 2273 3049 2326 qua
3091 2270 3232 2315 sunt
3265 2261 3461 2316 tabulae
3501 2271 3651 2315 testa-

2029 2340 2217 2403 menti,
2268 2351 2328 2392 ut
2379 2343 2601 2410 opinor,
2647 2359 2757 2396 non
2802 2346 2974 2398 aliud
3026 2364 3213 2416 quam
3278 2364 3436 2402 mens
3486 2361 3648 2403 nostra

2027 2439 2144 2478 esse
2172 2427 2502 2491 declaratur,
2534 2431 2586 2482 in
2621 2445 2729 2498 qua
2773 2431 2976 2502 legem
3028 2435 3134 2488 Dei
3176 2437 3449 2490 debemus
3477 2439 3649 2492 habere

2027 2516 2378 2584 descriptam.
2430 2519 2557 2573 llarc
2609 2531 2797 2578 autem
2857 2539 3046 2579 mens
3085 2542 3267 2581 aurea
3320 2530 3479 2583 debet
3521 2543 3646 2592 esse,

2028 2605 2128 2659 hoc
2159 2617 2240 2660 est
2274 2623 2402 2675 pura
2435 2617 2490 2662 et
2514 2611 2778 2678 pretiosa,
2821 2615 2877 2667 in
2921 2631 3045 2684 qua
3083 2617 3274 2685 legem
3323 2619 3418 2673 Dei
3457 2619 3639 2671 descri-

2028 2702 2172 2760 ptam
2201 2709 2414 2762 semper
2446 2697 2774 2762 habeamus,
2820 2702 2992 2755 sicut
3047 2705 3368 2768 Apostolus
3415 2709 3536 2762 dicit
3563 2707 3603 2738 "
3630 2726 3643 2761 :

2033 2799 2052 2831 ι
2095 2781 2362 2851 Seriptam
2410 2801 2515 2838 non
2565 2800 2923 2858 atramento,
2989 2798 3097 2848 sed
3137 2798 3348 2865 spiritu
3393 2798 3481 2852 Dei
3515 2798 3646 2866 vivi;

2029 2888 2130 2926 non
2167 2873 2219 2926 in
2256 2876 2456 2930 tabulis
2501 2879 2758 2946 lapideis,
2797 2889 2907 2937 sed
2968 2887 3029 2939 in
3067 2889 3287 2943 tabulis
3323 2892 3504 2944 cordis
3535 2906 3643 2943 car-

2028 2964 2259 3017 nalibus.
2327 2985 2346 3017 ι
2401 2966 2514 3020 Hoc
2570 2977 2658 3021 est
2708 2973 2866 3024 enim
2925 2977 3093 3043 quod
3134 2989 3194 3032 et
3236 2982 3306 3032 de
3349 2981 3642 3048 quibusdam

2024 3053 2220 3106 dicitur
2255 3070 2274 3104 α
2310 3055 2402 3122 qui
2438 3059 2736 3113 ostendunt
2764 3077 2921 3131 opus
2953 3066 3109 3136 legis
3146 3071 3426 3138 scriptum
3469 3073 3516 3124 in
3543 3087 3647 3124 cor-

2023 3145 2178 3198 dibus
2211 3146 2322 3198 suis
2351 3146 2417 3199 “.
2457 3164 2476 3196 ι
2531 3147 2668 3212 Quis
2729 3163 2938 3208 autem
3003 3160 3251 3228 scripsit
3314 3164 3370 3214 in
3419 3164 3647 3218 cordibus

2021 3248 2227 3294 eorum,
2262 3235 2365 3288 nisi
2403 3235 2544 3290 Deus
2567 3239 2746 3306 digito
2811 3257 2931 3298 suo
2962 3247 2989 3298 ?
3038 3247 3260 3320 Legem
3293 3255 3482 3320 utique
3509 3264 3645 3306 natu-

2023 3324 2184 3376 ralem
2215 3340 2374 3392 quam
2407 3327 2556 3380 dedit
2587 3329 2731 3384 Dens
2764 3333 3044 3390 humano
3070 3343 3308 3408 generi,
3351 3351 3405 3396 et
3449 3345 3498 3394 in
3532 3358 3645 3395 eun-

2021 3423 2232 3466 ctorum
2263 3417 2537 3471 mentibus
2564 3421 2797 3488 scripsit
2828 3442 2843 3477 :
2876 3428 3045 3482 unde
3092 3440 3153 3484 et
3189 3431 3356 3486 initia
3380 3435 3641 3496 sumimus,

2021 3521 2083 3558 ac
2103 3510 2306 3560 semina
2342 3511 2589 3577 quaedam
2635 3515 2704 3565 ad
2744 3526 3259 3582 perscrutandam
3293 3528 3536 3595 capimus
3563 3541 3644 3579 ve-

2021 3595 2235 3648 ritatem
2267 3614 2282 3650 :
2313 3613 2434 3666 quae
2459 3602 2674 3656 semina
2718 3606 2765 3659 si
2805 3607 2967 3663 bene
3016 3614 3395 3680 excolamus,
3432 3617 3643 3671 fructum

2018 3683 2142 3738 vitae
2191 3684 2418 3741 silerent
2476 3691 2528 3743 in
2588 3685 2865 3749 nobis-in
2924 3699 3180 3758 Christo
3245 3705 3380 3760 Jesu
3441 3707 3643 3760 Domino

2019 3786 2224 3840 nostro,
2256 3780 2339 3832 cui
2371 3791 2458 3834 est
2482 3783 2654 3852 gloria
2691 3796 2749 3840 et
2793 3788 3122 3860 imperium
3167 3799 3225 3853 in
3273 3803 3471 3858 smeala
3497 3816 3646 3856 saecu-

2016 3862 2212 3917 lorum.
2239 3866 2431 3922 Amen.

2596 3961 2898 4022 HOMILIA
2950 3971 3053 4026 XI.

2459 4050 2535 4104 De
2554 4057 2820 4121 primitiis
2850 4064 3200 4130 o/fcrcndis.

2084 4175 2124 4229 l.
2169 4177 2440 4233 Primitias
2470 4185 2721 4238 omnium
2757 4187 3028 4260 frugum,
3076 4201 3455 4272 omniumque
3491 4218 3613 4274 pecu

2014 4267 2160 4333 dum,
2213 4271 2587 4328 sacerdotibus
2624 4276 2715 4330 lex
2763 4285 3010 4340 mandat
3071 4289 3279 4347 offerri
3344 4267 3441 4350 δῖε
3493 4267 3639 4348 itaut

379 4347 573 4398 minem
620 4348 1012 4405 tabernaculum
1074 4357 1372 4414 referamus
1392 4400 1407 4424 ,
1462 4362 1714 4417 interiora
1766 4367 1911 4418 vela-
1942 4351 1984 4402 Ῐ)
2014 4359 2190 4412 omnis
2215 4361 2306 4427 qui
2333 4362 2574 4426 possidet
2597 4380 2821 4434 agrum,
2855 4373 2946 4426 vel
2972 4378 3242 4448 vineam,
3267 4387 3354 4438 vel
3377 4388 3638 4448 olivetum,

378 4435 558 4497 minis,
617 4435 703 4488 ubi
755 4437 1142 4496 inaccessibilia
1193 4460 1568 4519 conteguntur,
1620 4454 1910 4522 principale

376 4526 553 4578 cordis
575 4525 832 4589 dicemus,
855 4530 991 4594 quod
1015 4533 1182 4587 solum
1205 4541 1439 4608 recipere
1461 4553 1631 4610 potest
1657 4548 1907 4614 mysteria

375 4613 641 4678 veritatis,
692 4623 745 4668 et
799 4631 964 4682 capax
1008 4635 1124 4676 esse
1167 4640 1484 4683 arcanorum
1532 4634 1641 4687 Dei.
1690 4613 1894 4689 Altaria
1937 4632 1940 4635 ’

293 4775 300 4782 .
375 4716 502 4756 vero
533 4702 656 4766 duo,
691 4703 741 4756 id
763 4713 842 4756 est
869 4705 1091 4765 interius
1108 4723 1160 4765 et
1176 4720 1431 4785 exterius,
1466 4723 1716 4788 quoniam
1741 4725 1909 4780 altare

371 4793 632 4848 orationis
667 4794 916 4848 indicium
965 4810 1066 4866 est,
1104 4803 1227 4859 illud
1261 4816 1389 4875 puto
1425 4810 1728 4878 signiﬁcare
1762 4817 1901 4880 quod

374 4883 505 4937 dicit
527 4881 870 4948 Apostolus"
898 4903 910 4937 :
936 4903 953 4937 ι
978 4886 1156 4945 Orabo
1180 4894 1390 4962 spiritu,
1414 4897 1580 4950 orabo
1597 4907 1649 4950 et
1668 4910 1895 4954 mente.»

371 4974 503 5027 Cum
532 4973 671 5024 enim
706 4975 864 5029 corde
897 4992 1138 5043 oravero,
1174 4985 1238 5037 ad
1265 4985 1432 5039 altare
1460 4987 1686 5040 interius
1722 4988 1901 5058 ingre-

373 5062 510 5118 dior.
559 5061 623 5115 Et
670 5061 772 5119 hoc
822 5075 951 5132 puto
995 5083 1114 5124 esse
1157 5075 1293 5142 quod
1329 5076 1488 5128 etiam
1531 5075 1788 5129 Dominus
1845 5080 1896 5132 in

442 5223 710 5316 :‘llpRegn.n
737 5229 937 5316 ἂνξ-’7.
1010 5232 1236 5316 ""Nnm.
1257 5250 1421 5316 Iurvi",
1469 5235 1611 5316 1-3Ἀ
1655 5237 1702 5316 "_‘
1734 5235 2028 5316 Bormam,
2063 5243 2272 5316 27.___"
2303 5246 2465 5304 Num.
2488 5265 2648 5316 xvttt,
2685 5254 2740 5306 7.

289 5302 300 5313 ‘
375 5305 482 5352 ιιν,
506 5296 592 5346 15.
667 5296 711 5327 ⁸⁸³
734 5297 917 5352 Matth.
953 5315 1026 5364 τι,
1047 5303 1098 5353 6.
1171 5304 1212 5332 ³η
1254 5301 1292 5355 ιι
1320 5296 1443 5357 Cur.
1471 5319 1552 5366 ιιι,
1581 5303 1634 5368 2,
1662 5304 1713 5357 3.
1788 5306 1833 5336 ⁸³
1862 5310 1919 5360 ιιι

2084 5328 2110 5374 1,
2147 5312 2233 5366 l5.
2311 5317 2358 5347 “
2383 5317 2546 5374 Num.
2580 5296 2698 5377 alii.

559 5386 830 5461 Observatc
864 5395 1127 5446 custodias
1154 5407 1363 5461 vestras,
1399 5404 1446 5448 et
1477 5395 1662 5458 altare,
1715 5409 1759 5448 et
1802 5415 1898 5450 cu-

378 5451 570 5531 flgdiax
603 5457 938 5531 tabernaculi.
971 5463 1298 5517 llwcinlibb.
1325 5451 1476 5518 antea
1496 5451 1897 5531 editis'omissa,

381 5515 680 5576 Sttpplettltll‘
717 5539 744 5574 e
777 5541 902 5578 mss.

459 5579 534 5644 (9)
569 5583 836 5639 (J’terubim
882 5595 1285 5666 multitudinem,
1325 5602 1376 5652 id
1416 5611 1491 5655 est
1531 5598 1892 5668 perfectionem

2015 4449 2094 4501 vel
2124 4449 2288 4501 etiam
2321 4449 2564 4514 hortum,
2601 4463 2655 4508 et
2682 4457 2728 4510 si
2772 4463 2914 4526 Quid
2958 4478 3056 4521 est
3087 4475 3252 4538 quod
3278 4487 3568 4528 exercetur
3591 4477 3636 4526 in

2015 4538 2199 4601 terris,
2232 4539 2414 4634 seduet
2444 4541 2489 4596 Si
2523 4543 2648 4610 quis
2689 4550 2920 4614 peculia
2968 4560 3393 4632 cujuscunque
3439 4568 3640 4634 pecoris

2011 4630 2232 4694 nutriat,
2269 4627 2463 4684 offerat
2489 4646 2559 4686 ex
2596 4636 2665 4690 iis
2697 4638 2814 4694 Deo
2839 4659 3023 4700 omne
3076 4653 3240 4718 quod
3267 4627 3506 4722 primum
3545 4663 3638 4715 est,

2010 4719 2063 4772 id
2103 4727 2183 4772 est
2213 4720 2278 4773 ad
2315 4723 2636 4778 sacerdotes
2660 4728 2910 4786 deferat.
2950 4733 3077 4792 Deo
3107 4719 3494 4798 eninioil‘erri
3521 4747 3638 4799 dicit

2011 4812 2149 4877 quod
2185 4813 2560 4870 sacerdotibus
2585 4819 2771 4874 datur.
2808 4824 2881 4879 Et
2927 4829 3040 4884 hoc
3075 4843 3170 4887 est
3199 4844 3357 4904 quod
3387 4841 3636 4901 docemur

2009 4916 2075 4953 ex
2112 4900 2245 4970 lege,
2276 4905 2400 4971 quia
2429 4921 2588 4962 nemo
2615 4909 2766 4966 licite
2819 4930 2931 4971 nec
2965 4900 3238 4991 legitime
3289 4938 3486 4985 utatur
3528 4928 3634 4981 tru-

2008 4995 2187 5090 ctibus
2216 5011 2354 5064 quos
2381 5007 2526 5090 terra
2558 5006 2847 5076 produxit,
2907 5030 3016 5072 nec
3076 5023 3480 5079 animantibus
3525 5036 3635 5090 qua

2006 5084 2267 5150 pecudum
2289 5089 2517 5153 protulit
2532 5103 2755 5161 partus,
2779 5101 2892 5156 nisi
2929 5119 3000 5160 ex
3039 5110 3295 5179 singulis
3331 5084 3636 5184 quibusque

2822 5258 2871 5290 ⁷⁸
2901 5259 2945 5312 ιι
2974 5262 3114 5322 Cor.
3154 5283 3211 5331 ν,
3251 5269 3310 5322 4.
3392 5272 3438 5303 ⁷³
3465 5271 3483 5324 Ι
3512 5269 3628 5324 Cor.

2007 5403 2237 5488 scientia:
2271 5411 2492 5467 indicat.
2516 5417 2558 5488 Α
2595 5420 2781 5475 radice
2799 5431 2920 5483 2:".
2945 5427 3004 5478 lit
3023 5435 3110 5485 :t'i
3135 5431 3462 5488 multitudo.
3493 5433 3626 5488 Clie-

2405 5485 2670 5570 explicari

2008 5549 2168 5655 {iacto
2202 5555 2390 5629 autem
2414 5549 2966 5616 multitudo-scientia:
3006 5549 3622 5640 ἱιιιετρξέίέξ-ῖρζιεξῇξ

2032 5615 2182 5655 ateor
2213 5626 2303 5655 mn,
2335 5635 2589 5655 imm“..-

2032 5615 2182 5662 ateor
2213 5626 2304 5670 me
2333 5619 2590 5690 ignorare
2862 5615 2867 5616 ί
2926 5615 2951 5616 ”
2993 5669 2996 5672 .
