3838 6230
209 279 289 370 ι
1461 331 1524 384 IN
1559 329 1803 384 NUMERI

1914 325 2196 383 HOMlLlA
2230 329 2315 381 XI.

273 893 429 947 diunt.
455 885 520 941 Et
546 885 591 940 si
611 883 843 949 videtur,
876 885 1043 955 prius
1088 891 1166 947 de
1219 896 1290 948 iis
1329 896 1458 963 ipsis
1487 887 1604 964 quae
1636 895 1690 948 in
1719 897 1830 964 lege

271 983 480 1052 quidem
499 978 721 1048 scripta,
742 977 837 1031 sed
857 985 1054 1034 tamen
1081 981 1142 1036 in
1171 985 1286 1038 Eva
1297 986 1481 1052 ngeliis
1496 987 1830 1040 observanda

265 1073 394 1136 sint,
415 1084 592 1124 sermo
621 1075 898 1122 moveatur
928 1084 945 1120 :
979 1078 1037 1123 et
1071 1084 1203 1124 cum
1235 1075 1349 1128 haec
1381 1076 1672 1142 patuerint,
1705 1086 1829 1130 tunc

263 1158 372 1227 iam
406 1159 541 1227 quid
575 1158 629 1212 in
675 1157 761 1211 his
803 1156 972 1210 etiam
1015 1159 1346 1227 spiritaliter
1385 1163 1569 1216 sentiri
1619 1163 1826 1227 debeat,

259 1252 629 1320 requiremus.
686 1248 826 1303 Sunt
873 1249 1021 1302 enim
1086 1253 1183 1319 qui
1240 1254 1313 1305 ita
1365 1254 1558 1317 dicant,
1611 1254 1733 1321 quia
1782 1256 1826 1308 si

259 1341 466 1408 aliquid
512 1341 742 1394 omnino
785 1339 923 1411 (ll)
971 1341 1374 1394 observandum
1410 1351 1492 1394 est
1540 1346 1827 1396 secundum

254 1431 500 1484 litteram
521 1471 539 1495 ,
574 1444 677 1484 cur
710 1437 816 1482 nun
847 1437 900 1483 et
925 1437 1123 1482 cuncta
1155 1431 1475 1483 serventur?
1511 1430 1566 1483 Si
1607 1445 1736 1484 vero
1760 1431 1826 1484 ad

252 1521 564 1588 spiritalem
596 1518 1015 1586 intelligentiam
1048 1532 1166 1586 quae
1187 1518 1270 1570 lex
1296 1519 1533 1572 continet
1553 1519 1825 1572 referenda

247 1617 396 1672 sunt,
421 1609 569 1661 nihil
595 1608 821 1661 omnino
862 1607 1161 1660 secundum
1189 1607 1443 1672 litteram,
1482 1608 1574 1661 sed
1611 1609 1827 1674 spirita-

249 1695 378 1747 liter
408 1696 619 1750 debent
646 1695 906 1747 universa
941 1693 1199 1746 discerni.
1226 1691 1332 1745 Nos
1359 1703 1535 1746 autem
1555 1696 1824 1762 utriusque

3365 340 3471 394 612

1933 537 2250 590 testimoniis
2293 535 2680 605 approbentur,
2723 538 3028 607 diligentius
3074 542 3328 597 debemus
3376 545 3464 595 in-

1933 625 2148 679 tendere
2174 625 2238 678 iis
2265 640 2381 694 qua:
2409 624 2706 679 recitantur
2731 627 2781 678 in
2809 626 2943 695 lege,
2979 628 3102 696 quia
3137 630 3477 685 sicubiscri-'

1929 713 2093 780 bitur,
2146 714 2296 768 verbi
2359 714 2568 782 gratia,
2623 711 2726 767 hoc
2782 729 2902 769 esse
2960 719 3302 786 mandatum,
3357 735 3460 771 non

1929 803 2178 856 continuo
2203 804 2513 856 mandatum
2557 803 2639 856 lex
2676 805 2986 872 accipienda
3018 815 3098 859 est
3125 827 3139 862 :
3169 809 3252 861 vel
3292 809 3460 861 sicubi

1927 894 2183 960 scriptum
2226 901 2328 955 est,
2369 893 2486 946 ista:
2537 902 2666 946 sunt
2711 893 3144 959 iustiﬁcationes,
3191 913 3293 950 non
3333 914 3460 950 con-

1931 983 2078 1034 tinuo
2117 982 2547 1049 iustiﬁcationes,
2592 993 2687 1036 aut
2740 984 2844 1047 lex,
2894 995 2985 1037 aut
3019 988 3322 1038 tnandatum
3362 1002 3460 1053 pn-

1929 1074 2102 1126 tanda:
2150 1081 2295 1125 sunt.
2348 1071 2608 1125 Similiter
2666 1083 2844 1127 autem
2893 1082 2946 1128 et
2989 1075 3156 1129 sicubi
3205 1076 3458 1143 scriptum

1927 1171 2007 1213 est
2037 1161 2425 1223 testimonium,
2451 1170 2541 1212 aut
2566 1158 2789 1227 iudicia,
2820 1176 2924 1214 non
2949 1161 3169 1215 confuse
3200 1177 3363 1214 unum
3393 1178 3457 1215 ex

1925 1249 2157 1308 caeteris,
2191 1249 2281 1301 sed
2317 1249 2583 1301 diversum
2633 1249 2699 1302 ab
2739 1250 2859 1303 aliis
2894 1250 3306 1318 unumquodque
3332 1265 3456 1304 sen-

1929 1337 2162 1388 tiendum
2187 1346 2286 1389 est.
2320 1336 2375 1389 Si
2409 1349 2534 1402 ergo
2565 1337 2820 1402 scriptum
2856 1338 3081 1404 legimus
3120 1338 3185 1403 '5,
3225 1339 3345 1406 quia
3375 1339 3457 1391 lc-x

1925 1425 2165 1477 umbram
2199 1425 2391 1478 habeat
2431 1425 2732 1476 futurorum
2765 1427 3045 1492 bonorum,
3072 1442 3174 1479 non
3203 1429 3457 1480 continuo

1924 1516 2082 1566 etiam
2114 1515 2448 1580 mandatum,
2485 1516 2566 1570 vel
2590 1516 2810 1582 iustitiae
2848 1517 2929 1567 vel
2963 1515 3184 1582 iudicia,
3235 1516 3298 1568 de
3340 1517 3456 1582 qui-

1923 1603 2020 1656 bus
2050 1603 2149 1656 hoc
2180 1618 2282 1656 non
2323 1615 2405 1658 est
2452 1606 2734 1672 scriptum,
2773 1606 2974 1658 umbrze
3013 1620 3129 1658 esse
3178 1605 3456 1657 credenda:

1923 1700 2048 1743 sunt
2067 1691 2368 1746 futurorum
2394 1695 2672 1748 bonorum.
2692 1694 2946 1762 Denique,
2963 1704 3018 1745 ut
3037 1693 3265 1761 exempli
3283 1693 3453 1762 gratia

248 1783 576 1835 assertionis
621 1779 968 1832 insolentiam
1009 1787 1392 1845 temperantes,
1435 1781 1606 1847 qualis
1641 1758 1803 1849 regni:

1924 1791 2081 1828 unum
2107 1792 2363 1844 ponamus
2405 1793 2468 1832 ex
2511 1780 2709 1843 multis,
2759 1758 2861 1833 non
2909 1788 2989 1834 est
3030 1781 3307 1848 scriptum,
3351 1780 3452 1834 hoc
3497 1802 3504 1808 ·

249 1873 306 1924 in
345 1868 729 1936 hujuscemodi
777 1868 908 1936 legis
941 1868 1278 1921 sermonibus
1329 1867 1666 1922 observanda
1718 1873 1817 1937 sit,

246 1973 317 2010 ex
369 1959 675 2012 autoritate
736 1959 1047 2010 divinarum
1113 1955 1510 2022 Scripturarum
1579 1958 1820 2023 proferre

243 2049 607 2102 tentabimus.
629 2047 904 2114 Scriptum
917 2054 1000 2099 est
1017 2045 1067 2097 in
1081 2056 1272 2098 octavo
1290 2046 1502 2099 decimo
1527 2048 1728 2114 psalmo
1740 2049 1814 2103 “z

253 2154 274 2186 ι
315 2136 420 2190 Lex
445 2137 674 2192 Domini
705 2135 1220 2203 irreprehensibilis,
1246 2144 1566 2189 convertens
1587 2137 1814 2200 animas,

240 2228 624 2282 testimonium
692 2226 908 2280 Domini
963 2225 1140 2290 ﬁdele,
1186 2225 1501 2290 sapientiam
1560 2237 1817 2292 praestans

219 2317 504 2383 parvulis.
554 2317 900 2382 Praeceptum
954 2314 1161 2367 Domini
1211 2313 1465 2378 lucidum,
1503 2315 1808 2368 illuminans

215 2407 444 2460 oculos.
477 2404 679 2457 Timor
703 2403 922 2456 Domini
968 2415 1170 2466 castus,
1217 2417 1537 2470 permanens
1566 2404 1618 2457 in
1648 2419 1814 2458 saecu-

218 2492 346 2546 lum
403 2493 618 2546 saeculi.
703 2493 941 2547 Iustitiae
1005 2492 1211 2546 Domini
1273 2502 1431 2545 recta:
1486 2489 1814 2549 laetiﬁcantes

214 2584 420 2649 corda,
448 2584 672 2650 iudicia
703 2583 921 2636 Domini
956 2598 1081 2637 vera
1101 2583 1390 2650 iustiﬁcata
1415 2585 1468 2636 in
1501 2586 1808 2652 semetipsa,

207 2674 629 2729 desiderabilia
685 2689 857 2741 super
899 2689 1092 2726 aurum
1137 2685 1193 2727 et
1239 2673 1468 2742 lapidem
1519 2676 1810 2740 pretiosum

202 2762 489 2826 multum,
529 2772 590 2816 et
635 2763 883 2816 dulciora
925 2778 1086 2830 super
1129 2762 1233 2816 mel
1279 2771 1334 2815 et
1378 2761 1576 2815 favum.
1625 2781 1644 2814 ι
1699 2763 1809 2818 Nisi

197 2869 290 2926 erg
315 2866 362 2903 0
384 2861 581 2906 essent
613 2853 832 2919 singula
866 2851 966 2905 ista
1017 2867 1048 2905 a
1087 2852 1390 2918 semetipsis
1417 2851 1645 2915 diversa,
1673 2868 1808 2905 nun-

195 2953 396 3012 quam
445 2942 650 3007 utique
710 2939 959 3006 proprias
997 2941 1286 3007 unicuique
1321 2937 1597 3006 Scriptura
1633 2940 1808 2993 divina

1921 1873 2003 1916 est
2058 1867 2361 1918 mandatum
2406 1868 2648 1933 paschze,
2697 1873 2822 1932 sed,
2876 1889 2894 1920 ι
2937 1870 3048 1923 hinc
3090 1880 3173 1924 est
3217 1871 3299 1922 lex
3356 1885 3454 1937 pa-

1919 1956 2062 2008 scitae
2083 1957 2150 2008 ⁸⁸.
2176 1975 2194 2006 ι
2217 1956 2279 2008 Et
2296 1957 2414 2023 quia
2439 1956 2520 2010 lex
2543 1959 2725 2010 umbra
2747 1968 2828 2012 est
2853 1959 3147 2013 futurorum
3169 1959 3448 2024 bonorum,

1919 2044 2000 2096 lex
2027 2042 2142 2098 sine
2169 2046 2330 2098 dubio
2355 2046 2565 2112 paschae
2608 2049 2792 2100 umbra
2840 2057 2922 2102 est
2959 2048 3252 2101 futurorum
3294 2049 3452 2101 υοηο-

1919 2150 2057 2190 rum.
2090 2134 2220 2188 Cum
2251 2151 2379 2204 ergo
2405 2139 2560 2192 venio
2582 2140 2646 2190 ad
2677 2139 2850 2192 locum
2877 2141 3023 2193 illum
3047 2143 3136 2208 qui
3165 2144 3229 2194 de
3250 2146 3448 2210 pascha

1917 2224 2144 2290 scriptus
2171 2233 2271 2285 est,
2311 2226 2362 2277 in
2393 2240 2527 2294 agno
2567 2226 2656 2279 illo
2700 2227 2962 2294 corporali
3005 2229 3113 2296 (l2)
3160 2230 3326 2282 debeo
3366 2231 3449 2282 in-

1919 2313 2152 2380 telligere
2179 2315 2418 2367 umbram
2462 2329 2582 2369 esse
2627 2315 2786 2368 futuri
2823 2317 2968 2380 boni,
3018 2327 3071 2370 et
3112 2319 3210 2372 huc
3251 2322 3446 2373 sentire

1914 2399 2053 2463 quod
2089 2417 2107 2448 ‹
2138 2400 2332 2468 pascha
2364 2411 2605 2455 nostrum
2639 2403 2942 2456 immolatus
2969 2415 3052 2458 est
3082 2405 3323 2460 Christus
3345 2408 3441 2460 ⁸⁷.»

1917 2485 2087 2538 Simili
2121 2487 2276 2539 modo
2305 2487 2539 2542 invenies
2563 2489 2725 2541 etiam
2753 2490 2816 2542 de
2846 2492 3049 2559 azymis
3074 2503 3128 2546 et
3151 2495 3216 2545 de
3240 2495 3447 2548 caeteris

1914 2575 2170 2627 festorum
2205 2575 2410 2628 dierum
2446 2578 2803 2632 observantiis
2833 2581 3114 2646 scriptum.
3147 2581 3280 2646 Quia
3317 2600 3446 2652 ergo

1913 2664 2025 2718 haec
2055 2665 2231 2718 omnia
2261 2665 2360 2719 sub
2398 2666 2530 2734 legis
2570 2667 2724 2720 titulo
2759 2669 3066 2722 scribuntur
3105 2671 3158 2724 in
3205 2672 3318 2740 lege
3347 2690 3441 2728 ne-

1911 2756 2167 2818 cessaria,
2206 2757 2325 2822 quia
2367 2756 2450 2809 lex
2487 2771 2582 2824 per
2624 2766 2938 2824 praesentem
2981 2761 3223 2813 umbram
3265 2762 3442 2817 futura

1911 2845 2053 2898 bona
2088 2847 2350 2916 designat,
2400 2849 2674 2916 requirere
2727 2851 2894 2904 debeo
2929 2867 3046 2920 qua:
3098 2853 3211 2906 sint
3252 2869 3441 2924 azyma

1909 2937 2211 3012 futurorum
2263 2937 2562 3006 bonorum,
2612 2951 2666 2995 et
2710 2944 2924 2997 invenio
2980 2943 3248 2999 dicentem
3310 2948 3442 3002 mihi

221 3028 1151 3093 dth'erentiasindidisset,utaliud
1167 3027 1807 3096 delegeDominidiceret,
1836 3049 1877 3106 (ς
1912 3026 2220 3094 Apostolum
2276 3027 2342 3091 ⁸⁸,
2375 3037 2436 3081 ιιι
2475 3029 2613 3082 diem
2652 3031 2846 3084 festum
2891 3046 3134 3100 agamus,
3186 3052 3205 3084 ι
3243 3051 3346 3089 non
3389 3037 3440 3089 in

251 3116 390 3168 ’ἔνθα
416 3117 476 3170 de
509 3116 809 3179 mandato,
856 3115 1000 3169 aliud
1050 3117 1116 3170 de
1138 3115 1634 3182 iustiﬁcationibus,
1669 3117 1810 3171 aliud

255 3203 323 3254 de
345 3201 575 3267 iudiciis.
619 3205 724 3257 Est
746 3218 902 3272 ergo,
952 3213 1011 3257 ut
1053 3219 1119 3257 ex
1167 3204 1250 3257 his
1282 3203 1636 3268 ostendimus,
1665 3204 1808 3258 aliud

257 3291 365 3355 lex,
402 3296 541 3347 aliud
602 3303 964 3362 praeceptum,
1023 3292 1166 3346 aliud
1215 3293 1617 3355 testimonium,
1661 3292 1808 3346 aliud

250 3378 573 3446 iustiﬁcatio,
619 3383 775 3435 aliud
801 3381 1083 3448 judicium.
1117 3379 1221 3434 Sed
1246 3389 1299 3434 et
1328 3380 1382 3434 in
1409 3380 1521 3448 ipsa
1547 3379 1662 3447 lege
1693 3379 1806 3432 evi-

256 3470 452 3525 dentior
492 3473 703 3525 horum
735 3469 1044 3523 diﬁerentia
1082 3469 1404 3536 designatur,
1445 3467 1534 3522 ubi
1568 3468 1761 3521 dicitur
1787 3484 1804 3519 :

250 3558 379 3613 Haec
399 3572 468 3615 est
495 3562 610 3623 lex,
647 3569 706 3614 et
735 3560 1013 3623 mandata,
1045 3567 1099 3610 et
1121 3557 1554 3623 iustiﬁcationes,
1587 3564 1641 3608 et
1668 3568 1806 3621 prae-

254 3659 424 3718 cepta,
466 3661 523 3705 et
580 3648 922 3712 testimonia,
975 3656 1029 3701 et
1087 3646 1310 3715 iudicia,
1373 3659 1492 3714 quae
1554 3645 1805 3712 praecepit

255 3742 504 3796 Dominus
537 3740 740 3810 Moysi.
775 3739 910 3792 Cum
944 3751 1074 3806 ergo
1114 3736 1227 3790 haec
1279 3736 1350 3788 ita
1397 3747 1455 3788 se
1503 3732 1719 3796 habere,
1751 3741 1804 3785 et

1907 3113 2170 3168 fermento
2202 3115 2390 3178 veteri,
2421 3131 2594 3184 neque
2627 3117 2681 3170 in
2727 3117 2989 3173 fermento
3033 3122 3247 3176 malitiae
3273 3133 3324 3177 et
3352 3139 3444 3176 ne-

1910 3202 2110 3268 quitiae,
2143 3203 2236 3256 sed
2257 3203 2308 3255 in
2339 3203 2541 3271 azymis
2561 3204 2884 3258 sinceritatis
2909 3215 2958 3258 et
2991 3206 3298 3262 veritatis.»
3335 3209 3440 3263 Sed

1910 3298 1965 3341 et
1991 3289 2054 3341 de
2083 3290 2490 3342 circumcisione
2516 3291 2771 3358 scriptum
2799 3301 2882 3344 est
2919 3315 2931 3346 :
2960 3293 3080 3347 lvizec
3113 3303 3195 3347 est
3223 3297 3302 3347 lex
3335 3297 3442 3348 cir-

1909 3379 2272 3433 cumcisionis.
2321 3377 2456 3442 Quia
2498 3393 2626 3446 ergo
2673 3387 2727 3430 et
2770 3380 3112 3435 circumcisio
3167 3385 3267 3436 sub
3311 3386 3441 3452 legis

1911 3467 2064 3520 titulo
2087 3475 2357 3531 censetur,
2387 3466 2470 3518 lex
2504 3476 2680 3520 autem
2715 3467 2901 3521 umbra
2940 3476 3040 3533 est,
3090 3483 3274 3536 quacro
3308 3472 3438 3537 quid

1907 3550 2336 3604 circumcisionis
2349 3551 2533 3602 umbra
2547 3553 2805 3604 bonorum
2827 3554 3098 3606 contineat
3115 3553 3410 3608 futurorum
3422 3561 3442 3618 ,‘

1909 3655 1974 3694 ne
2000 3639 2134 3692 forte
2159 3640 2298 3692 dicat
2323 3639 2450 3692 mihi
2481 3640 2531 3691 in
2560 3641 2749 3692 umbra
2796 3642 3224 3696 circumcisionis
3265 3644 3440 3709 posito

1907 3728 2100 3783 Paulus
2121 3729 2166 3760 ⁸⁸
2198 3747 2211 3780 :
2247 3747 2265 3779 ι
2297 3727 2428 3793 Quia
2450 3729 2494 3781 si
2517 3729 2997 3794 circumcidamini,
3021 3729 3270 3786 Christus
3291 3733 3439 3786 vobis

331 3899 384 3930 “
411 3899 548 3954 \‘ers.
577 3899 727 3953 8-H.
805 3897 851 3930 ⁸⁸
883 3893 1046 3950 Hebr.
1076 3908 1131 3958 x,
1161 3893 1246 3946 t2.
1320 3893 1365 3923 ⁸⁸
1389 3892 1558 3944 Exod.
1586 3905 1681 3952 xu,
1709 3888 1796 3942 45.

1910 3883 1982 3938 ’l.
2019 3882 2144 3938 Cor.
2181 3897 2236 3947 v,
2275 3881 2328 3934 7.
2401 3880 2447 3911 ⁸⁸
2482 3880 2609 3935 ibid.
2639 3881 2703 3950 ,8.
2779 3881 2823 3914 ⁸⁸
2849 3881 3098 3947 Galat.~v,
3125 3883 3180 3936 2.

337 4037 440 4105 (Ιυ)
475 4038 622 4090 Hanc
651 4053 776 4105 ergo
811 4036 972 4105 legem
1010 4033 1272 4105 observari
1317 4032 1477 4085 etiam
1504 4029 1790 4105 secundum

257 4100 488 4158 litteram
540 4109 671 4158 sicut
711 4100 761 4157 ἓι
801 4104 910 4155 alia
947 4101 1218 4164 nonnulla,
1260 4100 1604 4152 necessarium
1647 4107 1789 4163 puta.

257 4169 621 4244 Cotelerinsin
657 4173 753 4225 lib.
801 4186 840 4224 ιι
886 4168 1108 4244 cygni.
1150 4177 1342 4244 a-post.)
1383 4182 1499 4244 cap:
1548 4165 1794 4244 5_5.dnnc

257 4240 466 4305 erudite
501 4243 716 4295 adnotat
767 4254 890 4305 pag.
919 4237 1060 4290 248:
1099 4254 1117 4286 ι
1151 4235 1356 4305 Veteris
1375 4235 1518 4305 legis
1551 4235 1791 4305 decimae,

254 4304 499 4378 ᾗς-κὰδαι,
552 4302 1480 4378 δευτεροδεδξᾴδαιητιςωχοδξξςάδαι
1541 4303 1618 4378 (ut
1671 4315 1792 4378 gum

259 4365 577 4444 Hieronymo
619 4365 808 4443 loqitat‘
849 4365 1254 4444 circa—initium
1287 4371 1378 4444 lib.
1425 4370 1609 4444 xtv_in
1639 4365 1790 4444 _Ese-

258 4437 526 4514 daieleni),
581 4437 859 4514 primitiae,
891 4442 1225 4514 portiones.
1279 4437 1576 4514 voluntaria
1620 4437 1789 4513 dona,

259 4505 854 4576 ministe'ria,’victima:,
884 4505 1113 4570 fructus,
1165 4515 1309 4566 vota,
1350 4505 1638 4576 primitiva,
1685 4505 1794 4569 pri-

257 4580 549 4646 mogenita,
564 4575 866 4646 omnesque
891 4576 1198 4646 oblationes
1223 4587 1285 4626 ac
1307 4575 1586 4646 pensiones
1606 4585 1794 4646 sacra:

255 4637 892 4716 duo'__complectebatitur
930 4661 944 4696 :
993 4643 1251 4716 nimirum
1297 4637 1534 4716 naturale
1572 4637 1790 4716 aliquid,

253 4718 330 4782 et_
349 4707 534 4778 aliquid
560 4715 696 4782 quod
726 4720 921 4767 vocant
948 4707 1364 4782 positivum._Ad
1394 4717 1642 4782 naturam
1681 4707 1792 4782 sive

253 4777 330 4826 ad
402 4774 590 4834 rectam'
627 4783 891 4834 rationem
943 4774 1235 4842 moresque
1277 4776 1440 4843 bonos
1497 4774 1793 4843 pertinebat

250 4844 438 4918 sacris
462 4853 869 4918 operantiuntret
893 4841 1214 4918 paupertate
1243 4841 1550 4918 amictoruin
1576 4850 1789 4918 sustene

247 4911 407 4982 ωιῑρ
435 4910 517 4982 per
550 4917 810 4982 ejusmodi
861 4910 1218 4982 collationes;
1273 4910 1501 4975 positum
1555 4923 1681 4982 vero
1736 4917 1791 4962 et

243 4977 639 5053 ﬁgl‘lis'reguhs
667 5002 695 5036 a
733 4979 1314 5053 Deo‘determinatum
1353 4987 1468 5053 erat
1506 4977 1786 5044 reliquum.

240 5044 432 5119 Αιιιυε
468 5043 742 5119 posteriori
781 5050 1006 5119 quidem
1042 5060 1146 5119 per
1171 5058 1379 5119 novum
1396 5043 1787 5119 Testamentum

236 5110 522 5189 ³δτ9εειιὶ),
557 5121 704 5189 prius
723 5110 938 5189 obligat
966 5117 1146 5189 etiam
1185 5110 1512 5189 Christianos
1531 5129 1544 5164 :
1565 5113 1677 5189 _qui
1707 5120 1787 5189 te-

232 5175 470 5252 nemur,
504 5175 616 5242 siie
643 5187 824 5240 dando
841 5175 1104 5252 vdecintas
1138 5189 1195 5252 et
1219 5175 1500 5252 primitias,
1534 5175 1645 5252 sive
1669 5180 1790 5252 _alio

226 5257 356 5309 (1υο
382 5245 621 5310 Ecclesia:
649 5257 827 5307 visum
854 5250 1027 5302 fuerit
1047 5245 1227 5305 ntodo,
1253 5245 1559 5298 clericorum
1579 5245 1635 5299 ei
1669 5246 1787 5300 ino-

217 5323 368 5378 pum
389 5323 800 5378 necessitatibus
821 5315 1140 5371 subvenire.
1168 5311 1298 5363 Hinc
1321 5312 1571 5367 interdum
1600 5313 1789 5369 Patres

212 5377 292 5453 (‘9
316 5377 547 5456 decimis
583 5382 1110 5456 tanquam‘abolitis
1149 5380 1426 5456 disserunt,
1470 5390 1522 5456 ut
1550 5381 1788 5456 Epipha-

211 5443 346 5520 niiif
372 5443 571 5512 διέταξέ,
590 5443 662 5517 ί8,
689 5443 818 5520 éap.
853 5453 912 5511 6,
945 5457 1004 5500 et
1038 5447 1446 5520 Chrysostomus
1472 5443 1668 5520 ζιοιιιίιξ
1692 5450 1783 5515 74,

201 5510 261 5560 in
649 5506 674 5574 ’ς
703 5506 1002 5572 interdum
1031 5527 1135 5566 non
1153 5506 1393 5580 sublatas
1423 5514 1577 5567 fuisse
1599 5506 1783 5580 aiunt;

198 5586 262 5626 ut
292 5577 730 5660 [αδεδξίδεῃεε
762 5584 961 5639 homil.
992 5581 1077 5642 tl,
1115 5579 1166 5630 in
1197 5577 1462 5645 Numeros,
1489 5583 1573 5636 ubi
1597 5577 1785 5638 consil

1894 4024 2094 4077 militer
2119 4021 2360 4087 διαταγεῖ
2387 4018 2604 4072 adhibet
2637 4019 2997 4074 testimonium
3031 4017 3220 4087 Matth.
3247 4034 3300 4082 v,
3341 4021 3434 4085 2|,

1896 4103 1951 4146 et
1977 4093 2150 4144 obiter
2171 4086 2583 4156 ChrysOstomus
2605 4089 2844 4140 oratione
2857 4087 2911 4156 5,
2927 4089 3171 4156 adversus
3194 4086 3436 4153 Judtros,

1897 4170 2058 4227 atque
2097 4153 2748 4227 pseudo—fchrysostomus
2785 4153 3078 4227 att-Matth.
3137 4171 3300 4227 χχιιι,
3344 4157 3435 4227 25.

1900 4222 2164 4280 Praeterea
2192 4225 2256 4278 ad
2283 4222 2516 4276 derimas
2539 4222 2645 4275 Deo
2685 4223 3030 4288 ecclesiisque
3053 4225 3435 4290 persolveudas

1897 4296 2152 4347 habemus
2198 4293 2602 4344 exhortatiOnes
2641 4290 2740 4342 SS.
2781 4290 3070 4351 Ambrosii,
3127 4291 3434 4358 Augustini,

1825 4351 1868 4404 Ι)
1902 4372 1956 4416 et
1983 4362 2228 4413 aliorum.
2270 4358 2461 4410 Domus
2499 4367 2641 4418 tunc,
2684 4359 2854 4425 inquit
2895 4368 3095 4426 martyr
3136 4351 3435 4426 Cyprianus

1904 4431 1956 4482 in
1989 4430 2091 4481 ﬁne
2119 4436 2373 4481 tractatus
2409 4426 2480 4478 De
2509 4426 2707 4478 unitate
2736 4426 3000 4486 Ecclesiaz.
3034 4425 3079 4477 et
3127 4425 3316 4491 fundos
3352 4443 3435 4478 re-

1896 4497 2236 4557 nundubant,
2284 4503 2330 4544 et
2378 4498 2645 4545 thesauros
2698 4494 2798 4545 sibi
2851 4495 2905 4545 in
2947 4492 3068 4544 ctelo
3114 4501 3431 4559 reperientes,

1893 4564 2248 4615 distribuenda
2289 4561 2343 4612 in
2389 4576 2513 4611 usus
2570 4561 2910 4628 indigentium
2967 4562 3129 4626 pretia
3183 4563 3431 4626 apostolis

1893 4633 2196 4699 o/ferebant.
2227 4631 2290 4680 At
2328 4643 2460 4699 nunc
2501 4629 2572 4699 de
2612 4630 2921 4699 patrimonio
2961 4644 3051 4680 nec
3082 4629 3306 4699 decimas
3329 4630 3431 4680 da-

1891 4695 2004 4752 mus
2030 4715 2049 4761 ;
2075 4708 2122 4750 et
2149 4715 2261 4750 cum
2304 4698 2515 4749 vendere
2541 4695 2722 4763 jnbeat
2773 4697 3045 4758 Dominus,
3081 4697 3296 4748 emimus
3335 4711 3430 4760 po-

1892 4770 1994 4819 tius
2036 4775 2084 4818 et
2121 4782 2388 4833 augemus.
2434 4763 2498 4833 Et
2551 4765 2607 4815 Β.
2659 4763 3012 4833 Hieronymus
3050 4763 3432 4833 ad_Malacltiae

1896 4783 1994 4819 tius
2036 4783 2084 4818 et
2121 4783 2388 4818 amemus.
2434 4783 2498 4814 LI.
2551 4783 2607 4815 ι).
2659 4783 3012 4833 uteronymus
3050 4783 3114 4815 au
3158 4783 3424 4816 malacum:

1896 4850 2016 4902 cap.
2049 4849 2141 4886 Ill:
2175 4783 2325 4896 όηοιι
2345 4833 2407 4884 de
2429 4832 2637 4902 decimis
2664 4833 3006 4899 primitiisque
3033 4831 3424 4902 dixipmgqufe

1892 4897 2014 4954 olim
2064 4904 2327 4954 dabantur
2356 4917 2386 4951 α
2420 4901 2608 4963 popqu
2645 4897 2996 4952 sacerdotibus
3038 4915 3100 4950 ac
3133 4897 3345 4960 Levitis,
3371 4897 3428 4949 in

1892 4971 2138 5024 Ecclesia'
2156 4985 2353 5037 quoque
2375 4967 2576 5034 populis
2599 4968 2888 5035 intelligite,
2909 4967 3092 5037 quibus
3112 4977 3426 5037 prazceptum

1888 5051 1979 5101 est,
2013 5054 2110 5090 non
2142 5034 2306 5107 solum
2334 5038 2560 5107 decimas
2589 5041 2712 5107 dare
2736 5034 2784 5087 et
2805 5035 3081 5107 primitias,
3112 5034 3200 5084 sed
3225 5043 3274 5083 et
3309 5047 3427 5107 ven:

1888 5109 2007 5159 dere
2035 5106 2205 5159 omnia
2230 5119 2344 5171 qua:
2369 5105 2576 5166 habent,
2607 5115 2653 5156 et
2681 5105 2807 5154 dare
2837 5102 3170 5168 pauperibus,
3207 5109 3255 5171 et
3277 5102 3422 5164 sequi

1887 5173 2166 5242 Dominum
2208 5165 2567 5242 Salvatorrem.
2627 5171 2774 5234 Quod
2827 5165 2870 5221 si
2899 5174 3101 5242 jacere
3151 5165 3425 5242 nolumus,

1886 5242 2068 5294 saltent
2106 5241 2414 5293 Judteorum
2457 5231 2722 5292 imitentur
2751 5231 3075 5308 exordi'ahut
3113 5231 3428 5308 pauperibus

1890 5321 2086 5373 partem
2137 5312 2314 5362 demus
2364 5322 2424 5358 ea:
2471 5316 2598 5368 toto,
2641 5317 2686 5358 et
2733 5299 3088 5357 sacerdotibus
3139 5314 3200 5348 ac
3241 5295 3429 5348 Levitis

1893 5379 2137 5430 honorent
2171 5375 2396 5428 debitum
2422 5373 2735 5440 deferamus.
2780 5390 2800 5421 ι
2881 5435 2892 5441 _
3088 5428 3105 5441 _
3136 5429 3167 5441 η
3196 5431 3206 5441 _

1955 5428 2064 5513 (ivli)
2087 5428 2302 5498 Omnes
2327 5428 2498 5496 codd:
2526 5457 2654 5495 mss.
2694 5457 2713 5488 ι
2752 5435 2989 5490 omnino.
3032 5446 3051 5478 ι
3088 5428 3248 5482 Libb.
3283 5429 3436 5494 editi,

1893 5533 1910 5566 ι
1953 5513 2194 5567 Domino.
2634 5577 2641 5578 ί
2978 5563 3251 5578 Δημὼ..

1954 5563 2284 5652 ῐιέγὺὸίιθι
2320 5581 2528 5636 Belvac.
2573 5594 2591 5627 ι
2630 5577 2683 5628 in
2717 5583 2818 5627 ove
2848 5564 2941 5619 illa
2971 5563 3278 5626 corporali.
3313 5579 3336 5613 ι
