3838 6244
517 291 623 348 645

1939 280 2256 336 ΟΒῘΟΕΝΙΞ
2412 310 2437 331 ο
3511 292 3586 346 5“

514 406 646 462 nihil
687 404 924 474 proderit
958 421 972 465 ;
1005 422 1024 456 ι
1065 410 1119 456 et
1145 401 1274 455 illud
1304 398 1397 454 ὀε
1431 368 1598 456 «Non
1647 403 1787 457 enim
1838 419 1958 472 qua:
1996 404 2048 455 in
2083 407 2122 459 Α
2155 399 2278 450 dum
2300 395 2538 450 litteram
2587 391 2658 445 ab
2701 392 2961 462 Evangelii
3001 391 3254 462 discipulis
3289 396 3589 468 observentur;

511 494 798 549 manifesto
833 494 882 545 in
911 507 1073 546 carne
1095 499 1177 544 est
1201 491 1561 554 circumcisio,
1592 492 1679 545 illa
1711 491 2055 546 circumcisio

511 595 613 649 est,
649 598 822 663 neque
856 583 944 650 qui
980 583 1032 634 in
1073 583 1356 636 manifesto
1406 584 1458 636 in
1500 598 1663 638 carne
1691 583 1906 637 Judaeus
1946 592 2050 650 est,

510 677 604 728 sed
650 675 822 744 quiin
875 673 1086 727 occulto
1148 674 1363 728 .ludreus
1422 684 1504 729 est
1550 693 1564 729 :
1611 685 1666 729 et
1708 675 2052 729 circumcisio

510 765 687 817 cordis
725 764 778 816 in
819 764 1034 830 spiritu,
1077 779 1182 818 non
1234 765 1434 826 littera,
1475 765 1630 832 cuius
1677 765 1796 818 laus
1830 780 1934 817 non
1985 779 2050 817 ex

508 853 838 916 hominibus,
863 857 956 906 sed
985 869 1050 908 ex
1082 855 1189 908 Deo
1215 864 1318 908 est.
1349 875 1367 906 ι
1400 854 1520 908 Haec
1549 870 1676 922 ergo
1701 855 1910 923 singula
1935 871 2052 922 qua:

509 957 845 1010 nequaquam
876 943 1092 1010 penitus
1119 945 1409 998 secundum
1442 945 1677 998 litteram
1708 948 2048 1000 observanda

507 1037 637 1090 dicit
663 1036 968 1104 Apostolus,
995 1036 1232 1091 invenies
1264 1038 1441 1089 omnia
1488 1037 1602 1089 fere
1641 1039 1779 1105 apud
1831 1039 2045 1107 Moysen

507 1130 605 1182 sub
658 1128 790 1196 legis
848 1127 996 1181 titulo
1038 1128 1327 1194 designari.
1377 1127 1492 1180 Jam
1539 1142 1664 1181 vero
1723 1130 1798 1182 in"
1841 1145 1906 1181 eo
1957 1129 2046 1182 ubi

507 1220 632 1272 dicit
684 1218 750 1282 οι,
797 1236 814 1267 ι
847 1217 958 1270 Νοιι
1005 1217 1236 1280 occides,
1301 1231 1404 1270 non
1455 1215 1776 1270 adulterium
1833 1219 2000 1271 facies
2031 1258 2046 1281 ,

507 1321 611 1360 non
669 1306 959 1369 furaberis,
998 1325 1016 1357 ι
1068 1315 1121 1359 et
1163 1307 1364 1373 reliqua
1425 1306 1761 1371 hujnsmodi,
1810 1323 1911 1360 non
1960 1310 2044 1360 in-

506 1397 719 1457 venies,
765 1396 1017 1462 quoniam
1063 1395 1196 1463 legis
1244 1395 1296 1447 in
1342 1394 1406 1446 iis
1445 1395 1659 1447 titulum
1700 1397 2043 1463 praemiserit,

507 1484 597 1538 sed
658 1484 830 1552 magis
884 1484 997 1536 haec
1045 1483 1295 1535 mandata
1341 1483 1611 1546 videntur,
1667 1493 1721 1538 et
1776 1486 1893 1539 ideo
1940 1501 2045 1539 non

504 1571 812 1623 exinanitnr
873 1571 1010 1639 apud
1081 1569 1366 1636 discipulos
1434 1573 1708 1641 Evangelii
1784 1574 2044 1642 scriptura

507 1662 630 1723 ista,
659 1662 748 1714 sed
778 1661 1130 1728 adimpletur:
1158 1661 1302 1726 quia,
1334 1669 1390 1714 ut
1413 1661 1543 1727 dixi,
1573 1676 1674 1714 non
1712 1664 2044 1727 mandatum,

512 1752 604 1804 sed
630 1752 711 1803 lett
740 1751 937 1803 habere
957 1749 1151 1801 dicitur
1164 1749 1404 1801 umbram
1431 1748 1726 1802 futurorum
1761 1752 2044 1817 bonorum;

504 1849 560 1893 et
595 1839 712 1891 ideo
759 1839 870 1892 haec
916 1838 1068 1891 nobis
1096 1838 1387 1890 secundum
1426 1837 1661 1892 litteram
1697 1841 2045 1895 custodienda

503 1939 647 1985 sunt.
691 1929 820 1982 Item
853 1927 1015 1980 alibi:
1059 1944 1077 1976 α
1112 1925 1293 1989 Juste,
1342 1927 1513 1994 inquit
1555 1930 1626 1987 θ’.
1663 1940 1870 1983 sectare
1910 1936 2048 1996 quod

499 2021 698 2088 justum
730 2026 829 2072 est.
861 2035 879 2066 ι
923 2015 1056 2080 Quid
1091 2029 1222 2080 opus
1244 2024 1328 2067 est
1367 2016 1417 2068 in
1455 2016 1538 2069 his
1565 2017 1869 2084 allegoriam
1890 2021 2047 2091 305

501 2121 762 2177 quaerere,
809 2121 928 2158 cum
979 2104 1202 2156 aedificet
1251 2105 1410 2157 etiant
1454 2105 1668 2160 littera?
1708 2106 2049 2165 Ostendimus

504 2211 630 2264 ergo
668 2208 782 2247 esse
814 2193 1055 2259 quaedam
1089 2207 1205 2259 qua:
1240 2193 1462 2246 omnino
1492 2209 1593 2247 non
1628 2207 1747 2249 sunt
1786 2203 2046 2252 servanda

501 2283 789 2336 secundum
825 2279 1052 2330 litteram
1090 2278 1240 2346 legis,
1273 2287 1326 2331 et
1357 2295 1474 2334 esse
1496 2285 1741 2349 quaedam
1769 2302 1888 2353 quae
1920 2288 2048 2341 alle-

499 2371 643 2439 goria
672 2369 879 2438 penitus
911 2369 1190 2422 immutare
1247 2384 1352 2422 non
1396 2371 1573 2435 debet,
1622 2375 1713 2427 sed
1745 2377 2046 2431 omnimode

501 2460 572 2513 ita
605 2468 659 2512 ιιι
687 2457 975 2525 Scriptum
1003 2458 1066 2511 de
1093 2458 1159 2510 iis
1191 2462 1466 2513 continent
1504 2461 1834 2514 observanda
1865 2473 1990 2517 sunt
2025 2481 2040 2518 :

500 2561 641 2598 nunc
671 2546 881 2612 requiro
903 2545 945 2598 si
973 2554 1096 2597 sunt
1115 2543 1291 2612 aliqua
1327 2561 1444 2614 qua:
1471 2554 1525 2600 et
1571 2550 1858 2602 secundum
1898 2551 2046 2607 litte-

499 2645 613 2684 ram
650 2632 860 2698 quidem
895 2639 1036 2683 stare
1065 2630 1284 2696 possint,
1319 2632 1624 2684 necessario
1652 2640 1826 2686 tamen
1873 2634 1924 2686 in
1967 2637 2044 2689 eis

499 2728 664 2772 etiam
698 2719 1000 2788 allegoriam
1035 2721 1430 2787 requirendam.
1461 2721 1526 2772 Et
1549 2721 1671 2773 vide
1692 2721 1734 2774 si
1761 2737 2044 2790 possumus

500 2808 613 2861 hare
664 2809 948 2876 apostolica
1005 2817 1059 2860 et
1105 2809 1405 2877 evangelica
1452 2809 1762 2863 auctoritate
1811 2818 2039 2870 munire.

501 2897 766 2964 Scriptum
796 2907 880 2950 est
923 2898 973 2950 in
1025 2897 1136 2965 lege
1167 2897 1258 2949 9’:
1300 2915 1318 2947 ι
1365 2898 1586 2968 Propter
1629 2903 1730 2958 hoc
1783 2905 2044 2975 relinquet

2157 486 2401 554 qnzedam
2437 497 2572 538 vero
2600 485 2900 538 omnimode
2924 493 2981 538 ut
3001 485 3184 553 scripta
3215 493 3322 538 sunt
3346 485 3591 554 obtinenda;

2155 574 2256 628 alia
2279 583 2460 627 autem
2493 575 2699 628 habere
2729 572 2933 640 quidem
2962 573 3234 627 secundum
3271 574 3464 628 litteram
3491 580 3597 634 veri-

2157 671 2319 716 tatem
2371 663 2481 729 sui,
2537 663 2777 731 recipere
2825 671 2997 714 tamen
3039 661 3225 717 utiliter
3275 672 3324 717 et
3368 669 3600 723 necessario

2154 754 2316 806 etiam
2350 751 2702 821 allegorieum
2732 754 2964 804 sensum.

2223 842 2278 893 2.
2322 841 2441 894 Erit
2477 855 2610 907 ergo
2636 839 2744 905 jam
2795 838 3042 905 sapientis
3084 839 3258 892 scribat
3297 849 3346 894 et
3385 841 3523 895 edocti
3560 843 3607 895 de

2155 946 2319 1000 regno
2354 933 2471 994 Dei,
2507 931 2599 998 qui
2634 931 2770 982 sciat
2801 930 2865 982 de
2891 929 3140 982 thesauris
3177 929 3253 982 his
3287 929 3489 996 proferre
3509 947 3604 984 nova

2153 1031 2207 1073 et
2233 1029 2439 1085 vetera,
2464 1020 2606 1074 scire
2638 1020 2903 1086 quomodo
2926 1019 2977 1070 in
3014 1032 3114 1070 uno
3144 1033 3332 1086 quoque
3373 1019 3471 1071 loco
3504 1021 3612 1074 Scri-

2156 1121 2352 1177 pturze,
2380 1119 2474 1162 aut
2509 1109 2730 1176 ahjiciat
2755 1109 2963 1178 penitus
2999 1109 3307 1162 occidentem
3345 1109 3551 1172 litteram,
3573 1119 3613 1161 et

2153 1201 2402 1268 spiritum
2445 1201 2807 1254 viviﬁcantem
2837 1199 3101 1266 requirat,
3144 1205 3232 1250 aut
3273 1196 3512 1250 continuet
3531 1212 3614 1250 om-

2150 1294 2388 1355 nimode,
2434 1301 2490 1347 et
2537 1293 2725 1347 utilem
2760 1307 2825 1346 ac
2873 1294 3215 1346 necessariam
3262 1293 3427 1359 probet
3473 1293 3614 1346 littera

2151 1382 2454 1435 doctrinam
2487 1401 2502 1448 ;
2532 1393 2625 1436 aut
2663 1390 2912 1436 manente
2933 1383 3172 1446 historia,
3203 1390 3463 1450 opportune
3485 1389 3528 1435 et
3551 1383 3616 1435 de-

2149 1482 2343 1523 center
2377 1472 2692 1527 introducat
2717 1475 2878 1528 etiam
2915 1473 3188 1538 mysticum
3215 1485 3424 1524 sensum.
3451 1469 3619 1523 Sicutet

2149 1559 2203 1612 in
2237 1561 2339 1614 hoc
2368 1575 2622 1616 sermone
2657 1578 2817 1631 quem
2861 1562 3116 1615 habemus
3165 1560 3216 1612 in
3262 1559 3477 1613 manibus
3513 1560 3620 1612 arbi-

2153 1658 2265 1701 tror
2291 1653 2614 1716 convenire;
2666 1655 2826 1706 decet
2866 1653 3009 1704 enim
3040 1660 3093 1702 et
3135 1651 3257 1704 utile
3280 1659 3354 1704 est
3393 1652 3522 1704 etiam
3555 1665 3619 1703 sa-

2151 1738 2466 1790 cerdotibus
2502 1737 2782 1808 Evangelii
2820 1738 3002 1791 olferri
3045 1737 3312 1804 primitias.
3350 1737 3416 1791 lta
3446 1739 3556 1792 enim
3585 1748 3624 1792 et

2154 1825 2413 1880 Dominus
2441 1828 2732 1896 disposuit,
2780 1838 2841 1882 ut
2871 1829 2964 1896 qui
2999 1827 3322 1895 Evangelium
3359 1831 3622 1891 annuntiant,

2148 1913 2216 1967 de
2240 1914 2534 1983 Evangelio
2577 1917 2784 1979 vivant,
2837 1927 2891 1971 et
2931 1918 3023 1985 qui
3074 1917 3226 1970 altari
3262 1917 3540 1979 deserviunt,
3580 1919 3626 1970 de

2149 2003 2305 2056 altari
2337 2006 2664 2074 participent
2685 2007 2754 2060 ’3.
2791 2008 2858 2061 Et
2890 2008 3034 2060 sicut
3061 2006 3164 2059 hoc
3193 2007 3389 2075 dignum
3423 2017 3465 2059 et
3486 2007 3628 2060 decens

2155 2103 2262 2156 est,
2297 2095 2376 2147 sic
2408 2098 2720 2152 econtrario
2765 2107 2821 2151 et
2857 2098 3112 2150 indecens
3159 2105 3210 2149 et
3239 2097 3476 2165 indignum
3494 2095 3628 2148 existi-

2160 2198 2248 2236 mo
2277 2194 2330 2237 et
2355 2187 2597 2253 impittm,
2648 2197 2708 2240 ut
2734 2188 2780 2240 is
2808 2188 2898 2256 qui
2937 2187 3101 2241 Deum
3131 2187 3266 2248 colit,
3319 2197 3368 2240 et
3409 2186 3624 2253 ingreditut

2149 2273 2450 2327 Ecclesiam
2504 2276 2625 2339 Dei,
2675 2278 2769 2344 qui
2833 2277 2940 2331 scit
2994 2278 3293 2332 sacerdotes
3339 2286 3386 2329 et
3423 2276 3631 2329 ministros

2155 2363 2412 2418 assistere
2441 2365 2627 2428 altari,
2692 2375 2749 2419 et
2794 2376 2890 2419 aut
2939 2368 3105 2422 verbo
3157 2367 3247 2420 Dei
3288 2376 3370 2419 aut
3404 2365 3632 2419 ministerio

2147 2450 2404 2505 Ecclesiae
2452 2453 2758 2520 deservire,
2814 2456 2883 2508 de
2933 2455 3192 2510 fructibus
3235 2465 3379 2509 terra:
3426 2469 3534 2522 quos
3569 2453 3634 2506 dat

2145 2536 2288 2591 Deus
2321 2539 2484 2592 solem
2513 2554 2676 2592 suum
2707 2541 3084 2607 producendo,
3113 2551 3167 2597 et
3199 2543 3390 2611 pluvias
3428 2556 3528 2595 suas
3563 2539 3633 2592 mi-

2144 2625 2449 2686 nistrando,
2481 2643 2588 2679 non
2633 2629 2838 2682 oﬂ'erat
2879 2631 3146 2697 primitias
3194 2630 3529 2684 sacerdotibus.
3554 2626 3633 2679 Non

2146 2713 2280 2766 mihi
2311 2714 2525 2767 videtur
2570 2717 2894 2786 hujusmodi
2952 2720 3132 2772 anima
3181 2720 3368 2773 habere
3398 2715 3635 2770 memoriam

2147 2801 2262 2865 Dei,
2297 2817 2398 2856 nec
2426 2805 2698 2873 cogitare,
2736 2823 2842 2860 nec
2885 2810 3113 2862 credere
3164 2808 3283 2876 quia
3337 2808 3456 2860 Deus
3487 2802 3638 2857 dederit

2144 2890 2349 2945 fructus
2380 2907 2518 2960 quos
2549 2893 2722 2962 cepit,
2749 2910 2890 2963 quos
2920 2897 2992 2950 ita
3023 2899 3262 2951 recondit
3315 2895 3448 2964 quasi
3491 2893 3640 2946 alienos

499 2985 660 3038 homo
683 2994 884 3052 patrem
914 2993 965 3037 et
999 2993 1242 3045 matrem,
1275 2991 1328 3036 et
1372 2988 1660 3044 adhaerebit
1704 2996 1856 3048 uxori
1910 3011 2037 3057 suae,

2147 2995 2176 3032 a
2213 2979 2340 3035 Deo.
2373 2981 2429 3034 Si
2463 2982 2610 3035 enim
2661 2999 2692 3036 a
2742 2985 2856 3038 Deo
2903 2985 3009 3039 sibi
3063 2987 3216 3040 datos
3258 2987 3488 3046 crederet,
3524 2981 3639 3035 sciret

498 3082 550 3125 et
573 3081 728 3126 erunt
759 3075 862 3126 duo
891 3075 942 3126 in
978 3088 1137 3127 carne
1178 3087 1303 3124 una.
1343 3095 1361 3126 ι
1417 3077 1536 3132 Haec
1573 3081 1712 3148 quod
1754 3083 2042 3153 allegorica

500 3162 748 3230 mysteria
806 3163 1137 3230 contineant,
1172 3163 1389 3229 Paulus,
1421 3181 1538 3220 cum
1574 3169 1624 3221 in
1668 3171 1903 3237 Epistola
1948 3191 2043 3228 sua

498 3249 600 3303 hoc
654 3250 820 3317 ipsum
874 3252 1137 3318 posuisset
1195 3255 1530 3323 exemplum,
1595 3261 1906 3324 pronuntiat
1961 3263 2045 3316 di-

499 3352 622 3391 cens
654 3338 700 3369 “
734 3357 747 3393 ε
791 3358 809 3391 ι
849 3341 1152 3412 Mysterium
1182 3347 1282 3398 hoc
1309 3360 1560 3413 magnum
1593 3356 1693 3410 est,
1724 3363 1824 3417 ego
1864 3360 2042 3404 autem

500 3427 616 3480 dico
647 3429 697 3480 in
719 3429 954 3494 Christo,
987 3441 1040 3485 et
1064 3435 1113 3486 in
1143 3435 1397 3487 Ecclesia.
1439 3451 1458 3482 ι
1483 3431 1634 3497 Quod
1667 3447 1844 3490 autem
1881 3454 2041 3506 opor-

502 3525 609 3570 teat
644 3520 741 3574 hoc
771 3523 929 3574 etiam
973 3525 1258 3576 secundum
1309 3521 1537 3575 litteram
1592 3528 1874 3593 custodiri,
1929 3511 2047 3597 ipse.

499 3604 747 3660 Dominus
777 3618 829 3660 ct
862 3607 1120 3685 Salvator
1154 3611 1327 3674 docet,
1380 3615 1568 3669 dicens
1587 3617 1633 3649 ”
1667 3633 1682 3670 :
1718 3636 1736 3667 ι
1774 3616 2038 3686 Scriptum

497 3700 597 3757 est,
622 3695 842 3762 Propter
871 3697 970 3749 hoc
1003 3698 1264 3766 relinquet
1292 3704 1450 3758 homo
1475 3715 1676 3773 patrem
1706 3715 1756 3760 et
1791 3717 2038 3774 matrem,

495 3790 549 3836 et
577 3785 866 3840 adhaerebit
887 3789 1040 3848 uxori
1069 3805 1196 3853 sum,
1225 3804 1276 3846 et
1305 3804 1462 3847 erunt
1505 3797 1608 3849 duo
1640 3796 1691 3848 in
1729 3810 1891 3850 carne
1914 3813 2037 3850 una.

495 3868 648 3935 Quod
698 3887 822 3939 ergo
871 3875 1011 3928 Deus
1052 3877 1349 3944 conjunxit,
1405 3883 1560 3935 homo
1601 3898 1704 3936 non
1745 3893 1976 3952 separet.
2017 3905 2034 3936 ι

497 3958 561 4012 Et
591 3962 822 4014 ostendit
853 3963 1034 4030 utique
1060 3966 1388 4020 observanda
1439 3985 1557 4023 esse
1593 3971 1704 4025 haec
1747 3974 1905 4026 etiam
1955 3989 2040 4027 se-

495 4048 724 4099 cundum
749 4047 1000 4111 litteram,
1039 4065 1157 4103 cum
1205 4055 1432 4122 adjicit:
1468 4073 1486 4106 ι
1533 4057 1680 4122 Quod
1727 4073 1854 4126 ergo
1904 4060 2039 4114 Deus

495 4135 786 4199 conjunxit,
842 4136 999 4190 homo
1049 4155 1150 4193 non
1207 4154 1433 4212 separet.
1489 4163 1508 4195 ι
1573 4146 1675 4200 Sed
1729 4157 1783 4200 et
1827 4149 1879 4201 in
1921 4151 2040 4203 aliis

494 4222 774 4288 Apostolus
807 4223 894 4276 ubi
926 4225 1054 4280 dicit
1082 4229 1151 4291 ",
1186 4248 1205 4280 ι
1249 4232 1372 4298 quia
1408 4233 1676 4286 Abraham
1717 4235 1850 4288 duos
1901 4236 2037 4291 ﬁlios

495 4309 696 4370 habuit,
733 4326 889 4363 unum
918 4312 982 4364 de
1011 4318 1217 4382 ancilla,
1253 4331 1307 4375 et
1331 4338 1491 4374 unum
1525 4323 1590 4375 de
1623 4323 1813 4386 libera,
1847 4345 1865 4376 ι
1911 4326 2030 4393 quis
2067 4327 2108 4380 D
2135 4314 2286 4382 Ρυιοε

495 4397 696 4449 dubitat
723 4397 832 4451 haec
857 4407 1144 4460 secundum
1185 4410 1416 4465 litteram
1448 4421 1593 4466 stare
1634 4412 1864 4468 debere?
1904 4417 2032 4469 Cer-

497 4496 604 4539 tum
629 4499 710 4541 est
742 4490 904 4554 enim,
933 4495 1052 4560 quia
1081 4509 1133 4552 et
1162 4501 1306 4556 Isaac
1343 4505 1406 4557 de
1442 4500 1599 4564 Sara,
1645 4510 1698 4554 et
1737 4502 1923 4556 lsmael
1963 4505 2029 4558 de

491 4576 634 4644 Agar
663 4576 750 4630 lilii
781 4577 974 4635 fuerint
1001 4586 1242 4645 Abrahae.
1271 4591 1432 4645 Addit
1463 4599 1637 4644 tamen
1683 4592 1748 4645 iis
1789 4595 2026 4659 Aposto-

491 4664 592 4729 lus,
631 4676 685 4718 et
729 4667 856 4722 dicit
883 4673 927 4703 "
961 4690 976 4727 :
1011 4694 1030 4726 ι
1066 4677 1190 4736 Haec
1240 4690 1416 4735 autem
1472 4687 1596 4733 sunt
1653 4679 1962 4747 allegorica,
2002 4698 2020 4730 ι

491 4770 606 4823 quae
631 4757 681 4809 in
716 4759 817 4814 duo
850 4771 1157 4823 testamenta
1201 4769 1490 4830 convertit,
1530 4776 1586 4819 et
1619 4767 1768 4821 Sara:
1811 4771 2024 4836 quidem

490 4844 721 4898 sobolem
755 4856 1001 4918 tanquam
1045 4857 1096 4910 in
1127 4857 1429 4913 libertatem
1458 4855 1724 4924 gignenlis
1755 4859 1875 4909 novi
1914 4857 2025 4912 Te-

489 4935 736 4988 statnenti
762 4935 958 4994 liberos
989 4943 1149 5008 dicit;
1182 4946 1324 5012 Agar
1340 4953 1516 4998 autem
1549 4950 1801 5008 tanquam
1835 4944 1885 4996 in
1915 4959 2028 4999 ser-

488 5022 702 5076 vitutem
747 5032 1046 5096 generantis
1092 5044 1316 5088 terrenae
1376 5031 1667 5086 Jerusalem
1739 5031 1874 5088 ﬁlios
1935 5053 2030 5090 no-

488 5113 723 5166 minavit.
757 5116 1116 5184 Ostendimus,
1155 5129 1212 5173 ut
1239 5121 1447 5187 opinor,
1507 5119 1824 5174 auctoritate
1871 5121 2027 5177 Scri-

487 5211 651 5266 ptura:
670 5203 879 5284 divinae,
909 5209 1064 5262 exiis
1091 5223 1208 5276 qua:
1241 5209 1293 5260 in
1339 5208 1453 5275 lege
1494 5206 1690 5272 scripta
1737 5218 1880 5274 sunt,
1927 5213 2026 5264 ali-

487 5307 587 5358 qua
621 5297 826 5361 penitus
850 5300 1156 5370 refugienda
1186 5313 1303 5352 esse
1336 5307 1389 5352 ct
1415 5297 1672 5360 cavenda,
1725 5314 1790 5352 ne
1829 5313 2023 5355 secun-

555 5429 601 5458 ”
633 5428 780 5482 Rom.
807 5449 865 5493 ιι,
899 5435 991 5494 28,
1019 5432 1109 5484 ‘29.
1183 5433 1225 5462 ⁹¹
1262 5432 1414 5485 liom.
1451 5447 1568 5490 xm.
1601 5431 1655 5484 9.

490 5506 597 5552 six,
633 5495 665 5545 5
694 5508 747 5547 et
778 5501 828 5550 6.
920 5504 964 5533 "
992 5500 1109 5552 Gal.
1166 5515 1239 5553 tv.
1280 5500 1370 5550 ‘22.

489 5559 574 5618 ‘31.
649 5561 668 5589 ³
694 5559 818 5618 ibid;
847 5569 935 5620 ‘22.

1474 5501 1516 5531 ⁹⁷
1554 5500 1681 5552 ibid.
1709 5500 1796 5554 24.

1014 5570 1033 5597 ⁸
1062 5567 1187 5618 ibid.
1214 5568 1300 5619 ‘27.

1902 5503 1988 5556 "l
2017 5504 2144 5561 Cor.
2175 5523 2253 5562 ιχ.
2329 5510 2376 5543 ⁸⁸
2411 5509 2609 5566 Matth.
2639 5503 2811 5585 ὶκιιι,
2840 5522 2941 5578 25.

2147 3069 2331 3135 utique
2386 3074 2736 3127 numerando
2773 3075 3098 3129 sacerdotes
3143 3076 3394 3129 honorare
3433 3073 3562 3127 Deum
3599 3069 3643 3122 de

2145 3158 2286 3210 datis
2308 3166 2364 3212 et
2385 3161 2716 3216 muneribus
2740 3166 2881 3220 suis.
2923 3167 2993 3220 Et
3030 3167 3204 3220 adhuc
3252 3175 3308 3218 ut
3347 3164 3535 3233 amplius
3568 3160 3646 3212 hac

2144 3250 2476 3304 observanda
2501 3252 2683 3306 etiam
2720 3257 3034 3311 secundum
3064 3257 3294 3312 litteram
3317 3257 3465 3326 ipsius
3495 3252 3647 3306 Deira.

2146 3337 2298 3389 cibus
2332 3336 2667 3400 doceantur,
2693 3340 2970 3395 addemus
3003 3343 3072 3396 ad
3095 3343 3228 3395 haec.
3255 3341 3477 3393 Dominus
3499 3335 3592 3388 dicit
3613 3331 3647 3384 iu

2148 3423 2452 3492 Evangeliis
2467 3424 2512 3455 ”
2535 3440 2552 3477 :
2577 3443 2596 3474 ι
2629 3423 2739 3480 Vae
2770 3429 2957 3495 vobis,
2983 3428 3190 3484 Scribat:
3221 3438 3274 3485 et
3295 3423 3650 3490 Pharisaeihypo-

2145 3513 2320 3575 critac,
2351 3513 2442 3580 qui
2475 3513 2782 3572 decimatis
2807 3521 3114 3584 mentham,
3146 3539 3164 3572 ι
3187 3521 3284 3573 hoc
3302 3528 3396 3582 est,
3418 3535 3434 3566 ι
3463 3512 3651 3568 decimam

2149 3602 2288 3656 datis
2315 3604 2574 3667 mcnthm,
2605 3618 2680 3662 et
2722 3610 2956 3677 cymini,
3001 3618 3058 3664 et
3100 3609 3302 3675 anethi,
3351 3616 3400 3662 et
3444 3597 3652 3675 praeteritis

2143 3707 2263 3760 qua:
2309 3693 2515 3762 majora
2565 3706 2710 3752 sunt
2756 3698 2901 3766 legis
2945 3714 2960 3751 :
3004 3699 3321 3768 hypocrita,
3368 3697 3464 3750 hazc
3503 3697 3655 3758 oportet

2144 3781 2283 3844 lteri,
2317 3790 2373 3835 et
2412 3783 2502 3836 illa
2549 3800 2670 3840 non
2724 3787 2938 3842 omitti.
2994 3807 3014 3840 ι
3081 3789 3216 3842 Vide
3267 3802 3384 3856 ergo
3429 3779 3658 3852 diligentius

2140 3871 2410 3937 quomodo
2434 3886 2616 3926 sermo
2690 3877 2922 3931 Domini
2979 3879 3096 3932 vult
3146 3879 3262 3933 fieri
3305 3877 3492 3946 quidem
3533 3868 3658 3924 omni-

2145 3960 2297 4013 mode
2323 3974 2440 4026 quac
2469 3963 2697 4031 majora
2735 3976 2872 4021 sunt
2928 3968 3094 4040 legis,
3125 3984 3232 4023 non
3265 3978 3428 4022 tamen
3455 3961 3591 4019 omitti
3624 3965 3660 4010 et

2143 4051 2254 4103 haec
2283 4065 2401 4118 qua!
2440 4059 2759 4114 secundum
2794 4062 3048 4116 litteram
3079 4062 3436 4130 designantur.
3475 4050 3593 4120 Quod
3627 4049 3657 4098 si

2141 4139 2309 4201 dicas,
2374 4141 2500 4206 quia
2554 4141 2692 4200 haec
2745 4151 2818 4202 ad
2878 4151 3192 4206 Pharisteos
3249 4145 3464 4208 dicebat,
3505 4153 3585 4193 non
3616 4132 3661 4186 ad

2141 4225 2447 4294 discipulos,
2489 4231 2615 4283 audi
2675 4235 2885 4292 iterum
2947 4241 3128 4308 ipsum
3169 4240 3423 4293 dicentem
3467 4233 3522 4286 ad
3549 4223 3663 4281 disci-

2342 4331 2358 4369 :
2411 4332 2431 4365 ι
2491 4316 2610 4373 Nisi
2679 4323 3063 4382 abundaverit
3131 4329 3336 4399 justitia
3390 4331 3540 4378 vestra
3579 4313 3663 4385 lllus

2140 4416 2301 4469 quam
2327 4402 2741 4465 Pharisaeorum
2771 4422 2827 4468 et
2861 4415 3215 4484 Scribarum,
3249 4434 3350 4472 non
3392 4408 3610 4470 intrabitis
3627 4404 3663 4454 in

2141 4505 2362 4558 regnum
2389 4492 2662 4551 caelorum
2691 4503 2739 4555 ι.
2785 4522 2804 4553 ι
2851 4506 3016 4569 Quod
3069 4525 3202 4579 ergo
3230 4508 3341 4564 vult
3386 4502 3487 4558 ﬁeri
3523 4514 3546 4552 a
3568 4494 3666 4548 Pha-

2133 4580 2326 4647 risacis,
2362 4584 2534 4639 multo
2569 4591 2755 4660 magis
2791 4605 2850 4649 et
2879 4601 3098 4669 majore
3129 4615 3250 4656 cum
3274 4591 3563 4652 abundantia
3589 4583 3668 4635 tuli

2134 4683 2165 4721 ³
2183 4669 2457 4738 ἀίεείρυιῖε
2479 4673 2706 4744 impleri
2731 4699 2746 4747 ;
2768 4689 2928 4753 quod
2951 4697 3138 4742 autem
3162 4689 3277 4742 ﬁeri
3298 4703 3326 4740 a
3343 4679 3575 4752 discipulis
3593 4685 3668 4726 non

2134 4760 2268 4826 \‘tlit,
2311 4776 2413 4816 nec
2447 4761 2762 4827 Pharisazis
2812 4776 3060 4846 imperat
3097 4778 3419 4833 faciendum.
3459 4762 3670 4836 Ου⁰η¹⁰ί¹⁰

2133 4861 2310 4904 autem
2359 4851 2477 4920 plus
2525 4857 2668 4912 velit
2728 4863 2858 4919 fieri
2915 4883 2948 4920 a
2998 4868 3284 4939 discipulis
3333 4876 3478 4936 quam
3514 4853 3670 4912 iaciunt

2135 4941 2417 5010 Pharisaei,
2456 4947 2508 5000 in
2546 4964 2618 5005 eo
2652 4954 2915 5014 declarat
2944 4963 3041 5016 ubi
3085 4965 3221 5018 dicit
3252 4965 3274 4996 ¹
3314 4976 3330 5016 :
3363 4979 3384 5012 ι
3411 4957 3587 5011 Dictum
3614 4949 3673 4997 εει

2135 5033 2410 5100 a"liquis:
2438 5034 2558 5090 Non
2588 5044 2887 5101 occides.»
2919 5050 3038 5105 Hoc
3063 5053 3357 5107 observant
3380 5056 3430 5102 ct
3456 5031 3670 5098 Pharisai.

2134 5119 2419 5190 Discipulis
2446 5136 2633 5182 autem
2673 5133 2820 5188 dicit
2850 5137 2874 5170 ³
2915 5157 2930 5192 :
2973 5157 2995 5190 ε
3033 5141 3152 5209 Ego
3193 5150 3369 5194 autem
3399 5135 3508 5188 dico
3548 5123 3673 5180 vobis,

2131 5212 2260 5280 quia
2293 5213 2336 5267 si
2361 5215 2484 5282 quis
2525 5217 2712 5275 iratus
2741 5224 3122 5285 fuerit'l‘ratri
3155 5245 3276 5296 suo,
3309 5241 3424 5282 reus
3451 5220 3544 5276 erit
3569 5209 3674 5283 judi-

2128 5301 2235 5357 cio.
2274 5321 2293 5356 ι
2327 5303 2592 5362 Similiter
2632 5320 2692 5364 et
2729 5314 2805 5369 de
2842 5332 2914 5373 eo
2942 5323 3094 5388 quod
3118 5323 3375 5390 scriptum
3394 5324 3468 5371 est
3495 5311 3532 5365 ἐ
3555 5300 3676 5359 alien

1754 5432 1846 5484 "1
1876 5433 2014 5490 Tim.
2047 5451 2125 5500 vt,
2162 5439 2250 5493 H.

2356 5439 2562 5524 Z‘Eee:
2589 5456 2656 5510 ιιυ
2687 5446 2790 5503 24-
2848 5522 2865 5524 _
2894 5455 2945 5486 οδ
2969 5455 3174 5524 Ephes.
3204 5472 3258 5520 ν,
3287 5455 3435 5524 δίκη
3464 5449 3504 5481 ’³
3534 5437 3676 5524 itast

3027 5505 3462 5589 Vastatis».
3538 5505 3681 5563 um
