3838 6206
415 354 516 411 647

415 466 702 527 auditores,
737 477 920 531 agrum
943 441 1187 511 Ecclesia-ie
1221 450 1360 503 illius
1387 462 1542 516 quam
1578 447 1750 505 docet,
1786 443 1835 496 id
1865 449 1946 496 est
1974 444 2020 497 A

415 554 742 610 credentium
773 549 930 604 corda
969 547 1209 598 videatur
1241 541 1502 593 excolere.
1535 537 1702 589 Habet
1733 548 1859 601 ergo
1888 544 1940 585 et

417 647 528 712 ipse
560 645 779 697 culturae
811 654 918 692 sum
946 636 1200 696 fructum,
1243 641 1296 684 et
1337 632 1388 682 in
1435 630 1500 682 iis
1537 626 1780 680 onmihus
1831 624 1943 675 fru-

418 735 595 786 ctibus
625 729 824 784 invenit
855 723 1155 780 sinedubio
1189 722 1414 774 electum
1453 717 1677 784 aliquem
1716 722 1768 766 et
1807 726 1945 780 pra:-

417 823 652 888 cipnum,
677 830 833 883 quem
888 813 1037 880 quasi
1091 809 1351 878 primitias
1387 805 1596 864 offerat,
1652 804 1850 855 invenit
1894 809 1949 851 et

419 881 552 972 quos
583 881 1101 971 proﬁprimogenitis,
1134 902 1186 946 et
1224 892 1355 945 alios
1392 904 1486 957 pro
1527 886 1763 940 decimis.
1799 881 1949 947 Quod

421 994 463 1048 si
494 1006 594 1044 non
632 990 836 1041 videtur
866 983 1204 1038 temerarium
1237 980 1433 1032 audere
1464 977 1517 1028 in
1559 973 1778 1036 talibus,
1817 985 1950 1039 pos-

424 1088 548 1133 sunt
579 1077 801 1130 fortasse
832 1069 1162 1140 printogeniti
1199 1079 1322 1119 vere
1352 1064 1428 1116 illi
1481 1062 1605 1125 dici,
1651 1062 1715 1114 de
1761 1059 1954 1127 quibus

426 1166 684 1230 scriptum
707 1172 788 1216 est
811 1161 921 1192 ¹⁶·¹⁷
943 1159 1062 1225 quia
1087 1168 1206 1210 cum
1231 1151 1538 1206 mulieribus
1566 1164 1624 1203 se
1653 1163 1755 1201 non
1782 1147 1957 1212 inqui-

427 1261 701 1313 navcrunt,
742 1248 972 1314 virgines
1023 1243 1159 1296 enim
1208 1245 1632 1309 permanserunt,
1679 1244 1770 1287 aut
1791 1235 1992 1304 etiam‘

428 1343 493 1395 de
533 1339 856 1410 martyribus
907 1343 1080 1402 potest
1131 1333 1327 1384 dictum
1361 1325 1544 1380 videri.
1600 1323 1664 1377 Et
1713 1322 1958 1391 primitiae

429 1428 768 1482 nihilominus
795 1431 1013 1492 possunt
1044 1419 1262 1487 intelligi
1293 1415 1540 1469 Ecclesia!
1571 1413 1821 1481 virgines.
1853 1410 1957 1463 De-

431 1519 583 1570 cima‘.
615 1528 825 1583 quoque
855 1513 890 1564 ii
931 1511 1018 1579 qui
1060 1517 1178 1577 post
1213 1504 1514 1574 coniugium
1551 1502 1883 1557 continenter
1908 1506 1963 1551 et

427 1619 572 1658 caStc
611 1604 855 1655 vixerint.
936 1623 938 1627 ·

496 1694 549 1746 4.
636 1691 826 1743 Verum
893 1687 1139 1755 quoniam
1205 1698 1269 1736 ex
1340 1682 1641 1750 angelorum
1712 1679 1962 1748 primitiis

430 1796 604 1836 sermo
657 1779 878 1847 sumpsit
931 1775 1246 1834 exordium,
1310 1787 1444 1840 quas
1501 1770 1679 1825 offerri
1741 1771 1806 1822 ab
1867 1770 1961 1821 iis-

432 1873 549 1926 dent
577 1868 788 1922 humani
837 1866 1045 1936 generis
1108 1862 1399 1916 cultoribus
1440 1862 1761 1924 dixeramus,
1805 1860 1964 1928 307

431 1973 586 2028 atque
619 1960 684 2012 ad
707 1956 970 2025 apostolos
993 1954 1231 2021 sequenti
1267 1953 1404 2012 loco,
1439 1959 1494 2004 et
1525 1951 1646 2003 inde
1669 1951 1734 2001 ad
1773 1964 1965 2001 unum-

433 2063 694 2119 quemque
740 2049 1014 2101 doclorum
1063 2043 1275 2096 deducti
1328 2055 1536 2103 sumus,
1586 2040 1862 2090 redeamus
1898 2036 1964 2089 ad

434 2142 691 2209 originem
729 2152 912 2191 eorum
952 2149 1070 2201 quae
1111 2133 1378 2185 discutere
1411 2141 1762 2195 cceperamus.
1802 2124 1968 2192 Igitur

438 2227 798 2292 unusquisque
820 2222 1126 2291 angelorum
1161 2217 1269 2286 (16)
1312 2218 1363 2269 'rn
1390 2213 1844 2269 consummatione
1871 2227 1969 2266 sat-

1993 1738 2034 1791 Β

338 2347 342 2350 ~
436 2315 540 2370 culi
586 2315 754 2367 aderit
801 2313 852 2365 in
894 2310 1112 2380 iudicio,
1154 2310 1383 2362 educcns
1415 2319 1505 2358 eos
1545 2317 1724 2357 secum
1775 2302 1968 2368 quibus

438 2403 664 2473 praefuit,
709 2417 841 2469 quos
891 2397 1114 2466 adjuvit,
1169 2409 1303 2462 quos
1344 2392 1616 2456 instruxit,
1652 2405 1746 2458 pro
1779 2389 1971 2454 quibus

441 2507 646 2560 semper
674 2491 804 2543 vidit
837 2488 1025 2540 faciem
1050 2486 1223 2538 Patris
1253 2484 1341 2552 qui
1373 2484 1423 2534 in
1454 2481 1603 2535 caelis
1631 2489 1730 2534 est.
1751 2479 1816 2532 Et
1845 2488 1971 2547 puto

442 2582 601 2636 etiam
644 2580 714 2632 ibi
759 2575 1152 2644 inquisitionem
1203 2565 1457 2630 futuram,
1495 2583 1600 2622 non
1641 2568 1857 2636 quidem
1904 2581 1970 2619 an

443 2669 660 2724 cultura:
693 2665 964 2719 hominum
997 2661 1215 2728 angelus
1235 2657 1491 2720 defuerit,
1533 2655 1626 2709 sed
1652 2669 1718 2706 an
1753 2655 1974 2708 cultura:

446 2755 693 2824 angelicae
708 2765 1039 2819 nequaquam
1069 2747 1225 2816 digne
1253 2745 1474 2814 segnitia
1507 2745 1734 2796 humana
1755 2756 1977 2808 respou-

446 2845 603 2898 derit.
638 2843 750 2895 Erit
773 2855 897 2909 ergo
929 2850 980 2893 et
1003 2839 1053 2890 in
1085 2837 1185 2890 hoc
1207 2835 1461 2903 judicium
1491 2831 1584 2886 Dei
1611 2842 1788 2884 utrunt
1809 2831 1974 2899 negli-

447 2933 619 3000 gentia
641 2932 813 2997 aliqua
839 2929 1202 2982 ministrorum
1226 2923 1505 2992 Spirituum
1531 2923 1618 2990 qui
1646 2921 1710 2974 ad
1737 2919 1978 2972 ministe-

451 3024 586 3075 rium
617 3029 670 3074 et
700 3019 1018 3086 adiutorium
1051 3015 1194 3068 missi
1233 3021 1355 3066 sunt
1379 3023 1598 3080 propter
1624 3026 1715 3064 eos
1746 3011 1835 3076 qui
1870 3009 1978 3062 ha:-

450 3110 724 3164 rcditatem
763 3107 978 3174 capiunt
1006 3104 1214 3166 salutis,
1242 3118 1307 3156 an
1356 3115 1539 3156 eorum
1573 3100 1663 3166 qui
1701 3099 1768 3152 ab
1801 3098 1868 3151 iis
1889 3097 1982 3164 iu-

452 3208 643 3252 vantur
695 3197 901 3266 ignavia
961 3205 1066 3246 tam
1118 3191 1268 3245 multi
1329 3190 1507 3257 lapsus
1566 3188 1686 3240 vita:
1737 3187 1983 3239 humanae

451 3287 764 3358 proveniant
821 3284 951 3353 (17).
993 3284 1140 3348 Quod
1190 3282 1233 3335 si
1266 3279 1478 3342 ita'cst,
1519 3277 1624 3330 erit
1655 3292 1782 3346 ergo
1822 3277 1983 3329 etiam

456 3378 594 3430 inter
619 3376 834 3442 angelos
860 3383 912 3426 et
939 3373 1178 3425 homines
1211 3371 1469 3436 iudicium
1499 3367 1624 3421 Dei:
1657 3375 1711 3419 et
1741 3364 1986 3420 fortassis

449 3465 827 3535 iudicabuntur
858 3463 1022 3530 aliqui
1059 3476 1178 3514 cum
1203 3460 1365 3513 Paulo
1394 3468 1446 3513 et
1470 3457 1810 3512 conferentur
1833 3454 1984 3508 labo-

460 3554 604 3608 ribus
635 3553 768 3620 eius,
802 3560 856 3606 et
885 3551 1145 3604 fructibus
1175 3549 1264 3618 qui
1288 3563 1353 3601 ex
1393 3546 1729 3600 multitudine
1767 3545 1990 3598 creden-

461 3643 588 3695 tium
617 3641 869 3695 veniunt:
903 3649 955 3693 et
977 3638 1114 3690 forte
1141 3637 1433 3710 invenietur
1461 3636 1512 3686 in
1543 3631 1811 3687 laboribus
1833 3645 1992 3699 snpe-

462 3728 570 3781 rior
602 3728 762 3781 etiam
789 3727 1051 3794 aliquibus
1085 3724 1306 3792 angelis,
1338 3731 1391 3776 et
1423 3723 1542 3774 ideo
1573 3721 1825 3772 nimirum
1855 3719 1993 3771 dice-

462 3817 552 3870 bat
580 3817 621 3848 ¹³
651 3834 665 3868 :
702 3835 720 3867 ι
754 3816 859 3868 Aut
888 3815 1102 3868 nescitis
1136 3814 1256 3881 quia
1301 3811 1516 3881 angelos
1537 3807 1937 3878 iudicabimus?
1969 3825 1987 3856 ι

464 3905 577 3959 Νοιι
617 3907 755 3973 quod
801 3905 913 3972 ipse
954 3903 1151 3956 Paulus
1195 3903 1394 3970 iudicet
1446 3900 1682 3968 angelos,
1734 3898 1824 3950 sed
1855 3898 1995 3965 quod

465 4012 596 4064 opus
627 3995 769 4047 Pauli
819 3995 956 4061 quod
990 3993 1099 4061 egit
1139 3995 1190 4046 in
1230 3992 1534 4061 Evangelio.
1563 3998 1616 4043 et
1637 4003 1760 4055 erga
1790 3989 1999 4048 animas

467 4083 820 4142 credentium,
869 4080 1128 4144 iudicabit
1174 4080 1422 4147 aliquos:
1470 4091 1572 4131 non
1611 4076 1753 4130 enim
1787 4087 1995 4137 omnes,

469 4171 560 4223 sed
591 4170 796 4235 aliquos
831 4167 1155 4234 angelorum.
1183 4168 1246 4220 Et
1271 4177 1548 4236 pr0pterea
1574 4164 1815 4219 fortassis
1837 4163 1999 4217 etiam

470 4259 659 4310 Petrus
688 4255 755 4308 ad
788 4257 884 4307 ista
929 4257 1251 4322 respondens
1302 4259 1514 4312 dicebat
1545 4256 1586 4287 "
1621 4274 1632 4308 :
1673 4272 1692 4305 ι
1725 4255 1782 4307 in
1840 4268 2000 4322 quem

471 4345 852 4410 mncupiscunt
881 4343 1039 4396 etiam
1065 4345 1233 4414 angeli
1251 4348 1553 4414 prospicere
1585 4368 1596 4399 :
1635 4363 1654 4396 ι
1685 4344 1926 4411 quamvis
1948 4351 2002 4396 et
2036 4345 2086 4399 ι)Δ
2103 4338 2407 4406 loquentem
2461 4336 2646 4390 dicere
2679 4337 2727 4369 ³⁸
2764 4354 2780 4391 :

475 4434 577 4503 ipsi
601 4431 822 4499 apostoli
859 4433 1056 4499 angelis
1091 4443 1308 4488 utantur
1335 4436 1664 4502 adiutoribus
1693 4435 1756 4485 ad
1783 4433 2006 4500 explen-

476 4527 599 4577 dum
647 4521 1036 4588 praadicationis
1069 4536 1176 4575 suae
1216 4539 1428 4585 munus,
1469 4533 1523 4576 et
1567 4537 1700 4589 Opus
1736 4522 2005 4589 Evangelii

477 4611 973 4666 consummandum.
1039 4611 1128 4665 Sic
1176 4615 1316 4666 enim
1365 4613 1640 4666 dicebatur
1673 4610 1726 4662 in
1778 4611 2004 4663 Actibus

480 4697 838 4766 apostolorum
868 4699 932 4762 ³ο,
961 4700 1083 4766 quia
1112 4701 1329 4768 angelus
1357 4699 1498 4753 Petri
1531 4705 1670 4750 esset
1702 4697 1789 4763 qui
1823 4696 2005 4763 pulsa-

483 4799 562 4840 ret
604 4787 670 4840 ad
724 4787 938 4840 oStinm.
988 4788 1244 4842 Similiter
1294 4804 1417 4856 ergo
1456 4786 1768 4852 intelligitur
1789 4800 1911 4838 esse
1955 4797 2010 4840 et

482 4874 616 4927 alius
647 4873 787 4926 Pauli
816 4874 1054 4943 angelus,
1079 4877 1217 4930 sicut
1247 4885 1328 4929 est
1358 4874 1522 4937 Petri,
1545 4881 1599 4926 et
1627 4872 1762 4924 alius
1793 4871 2012 4926 alterius

556 4987 667 5017 ιεοίτ
697 4988 859 5054 Apoc.
883 5003 991 5055 xtv,
1025 4990 1080 5043 4.
1156 4989 1200 5020 ¹¹¹
1232 4990 1252 5042 ι
1283 4989 1406 5044 Cor.
1430 5003 1503 5052 vt,
1533 4987 1587 5040 5.

487 5057 531 5087 "
559 5055 690 5109 Gen.
721 5072 792 5120 ιι,
829 5057 878 5108 7.

516 5263 526 5273 Ι
557 5192 714 5273 (l6)!
720 5195 869 5273 gitur
881 5197 1220 5273 unusquisque
1242 5192 1561 5273 angelorum,
1582 5195 1687 5273 ste.
1714 5185 1844 5240 Vide
1859 5185 2010 5273 gite-

489 5255 620 5380 gigni
648 5255 1089 5331 'Origeuiunortint
1128 5255 1221 5317 lib.
1259 5255 1331 5324 ιι,⁷
1362 5266 1546 5326 quaest.
1581 5255 1633 5319 5,
1680 5269 1829 5306 num.
1859 5255 1930 5307 20
1959 5263 2014 5309 et

698 5396 814 5472 [ξι-ει
836 5407 1028 5472 ergoet
1052 5401 1105 5450 in
1139 5399 1232 5451 hoc
1263 5394 1519 5472 judicium
1548 5389 2016 5472 Dei-utriumonegli-

409 5535 414 5538 _
495 5457 661 5536 gentia
691 5465 864 5538 aliqua
894 5457 1547 5538 ministrarumspirituum
1571 5459 1657 5526 qui
1687 5457 2015 5538 administe-

500 5524 631 5598 ἥρωι
655 5538 701 5579 et
724 5524 1041 5598 adjutorium
1073 5536 1214 5587 missi
1241 5524 1359 5584 sunt
1391 5524 1592 5598 propter
1625 5524 1824 5598 eas‘q’ui
1848 5525 2018 5576 lucre-

502 5591 704 5645 ditatcm
731 5589 932 5660 ca'piunt
955 5602 1159 5666 salutis,
1191 5617 1258 5654 an
1281 5589 1454 5652 eorum
1478 5589 1563 5662 qui
1593 5594 1654 5646 ab
1683 5589 1757 5646 eis
1772 5593 2020 5660 juvantur
2091 5589 2093 5594 ’

1823 321 2138 382 ORIGENIS

1664 4984 1706 5016 ¹⁰
1741 4984 1900 5040 lPet.
1935 5002 1972 5052 ι,
2015 4988 2100 5040 12.
2177 4990 2222 5020 ⁸ο
2258 4991 2378 5045 Act.
2416 5006 2519 5046 xu.

3547 304 3636 360 διε

2047 433 2294 504 apostoli,
2327 441 2381 485 et
2414 429 2777 500 singulorum
2811 438 2916 493 per
2937 419 3222 486 ordinem,
3259 418 3341 474 Vel
3378 433 3466 488 pro
3492 421 3630 473 meri-

2047 527 2133 590 tis,
2167 539 2296 591 qnos
2327 523 2519 590 utique
2561 521 2619 572 in
2654 515 2958 570 laboribus
2991 519 3046 565 et
3089 509 3343 561 doctrina
3380 523 3492 570 sua,
3534 507 3630 562 sive

2046 613 2404 681 apostolorum
2459 609 2584 661 sive
2633 605 2996 670 reliquorum
3051 605 3176 666 post
3230 610 3326 650 ens
3366 595 3635 660 doctorum,

2049 714 2264 754 necesse
2299 707 2382 751 est
2403 697 2619 764 primas
2645 701 2841 760 partes
2878 688 3096 740 habere
3123 694 3181 736 et
3220 683 3512 736 animarum
3541 697 3638 750 qua

2049 799 2144 856 per
2169 803 2262 842 eos
2314 786 2699 854 profecerunt,
2755 787 2818 831 et
2863 776 3116 829 fructum
3153 786 3262 825 una
3305 786 3425 824 cum
3457 771 3518 824 iis
3565 785 3640 837 per

2051 893 2186 944 quos
2205 875 2412 944 operati
2434 881 2566 926 sunt
2595 871 2664 922 ad
2688 881 2888 921 aream
2916 862 3145 916 Domini
3167 868 3526 926 comportare.
3551 858 3644 910 Erit

2051 978 2182 1032 ergo
2208 963 2261 1014 in
2291 959 2723 1028 congregatione
2767 954 3094 1012 fructuum,
3127 949 3178 1000 id
3221 958 3311 1001 est
3337 949 3389 1000 in
3415 947 3647 1000 electione

2054 1050 2412 1111 credentium,
2447 1048 2560 1108 ille,
2590 1045 2746 1098 verbi
2803 1044 3022 1112 gratia,
3049 1040 3150 1108 qni
3179 1038 3291 1090 fuit,
3317 1037 3458 1090 illius
3487 1035 3651 1088 Eccle-

2057 1141 2149 1194 size
2181 1137 2486 1205 praecipuus
2536 1143 2594 1187 et
2649 1132 2925 1193 eximius,
2958 1129 3254 1197 primitiae,
3302 1133 3357 1178 et
3404 1124 3489 1178 ille
3514 1123 3654 1178 etiam

2058 1228 2159 1280 hoc
2207 1225 2460 1292 superior
2510 1223 2662 1276 illius
2701 1220 2984 1274 Ecclesiae
3025 1215 3451 1285 primogenitus.
3481 1213 3541 1266 ab
3561 1213 3652 1274 illo,

2059 1316 2206 1367 verbi
2231 1315 2431 1382 gratla,
2466 1307 2664 1379 angelo
2691 1310 2952 1363 oblatus.
2987 1306 3061 1359 Et
3091 1305 3178 1358 ita
3214 1317 3380 1358 omne
3409 1303 3508 1356 hoc
3536 1302 3654 1370 quod

2060 1404 2439 1456 adumbratum
2478 1412 2565 1454 est
2599 1400 2653 1452 in
2701 1399 2853 1467 lege,
2883 1395 3167 1465 quoniam
3197 1393 3286 1446 lex
3321 1393 3552 1444 umbram
3577 1392 3656 1442 ba-

2063 1495 2152 1548 bet
2203 1493 2510 1546 futurorum
2548 1492 2852 1552 bonorum,
2914 1487 3115 1554 aliquo
3145 1483 3312 1538 modo
3349 1497 3444 1552 per
3464 1480 3656 1550 angelo-

2066 1597 2182 1636 rum
2239 1581 2541 1634 ministeria
2602 1579 2659 1631 in
2713 1577 3060 1630 futurorum
3130 1575 3408 1628 bonorum
3463 1570 3658 1623 veritate

2064 1673 2459 1741 complebitur:
2481 1678 2554 1727 .ut
2584 1683 2708 1737 qua:
2737 1664 3119 1735 praeformata
3140 1671 3276 1714 sunt
3313 1662 3368 1715 in
3388 1660 3473 1714 illo
3498 1658 3657 1723 Israel,

2063 1763 2155 1832 qui
2200 1761 2499 1815 secundum
2553 1771 2784 1812 carnem
2829 1753 3017 1808 Israel
3071 1752 3310 1814 dicitur,
3347 1751 3401 1802 in
3442 1749 3660 1802 lsraelitis

2063 1852 2208 1904 veris
2234 1859 2288 1902 et
2316 1847 2633 1902 coelestibus
2678 1845 3070 1911 impleantur.
3101 1840 3318 1894 Nomen
3342 1837 3480 1890 enim
3522 1836 3659 1889 Israel

2064 1939 2309 2007 pervenit
2333 1949 2506 2003 usque
2533 1935 2600 1988 ad
2626 1934 2929 2001 angelicos
2958 1932 3218 1995 ordines,
3246 1929 3352 1981 nisi
3376 1927 3494 1994 quia
3523 1925 3661 1977 multo

2065 2029 2249 2082 verius
2273 2027 2348 2080 illi
2403 2025 2844 2094 appellabuntur
2896 2020 3106 2086 Israel,
3155 2026 3369 2087 quanto
3397 2016 3562 2070 verius
3599 2013 3660 2066 illi

2067 2127 2190 2173 sitnt
2217 2131 2368 2168 mens
2397 2115 2587 2166 videns
2619 2113 2822 2166 Deum.
2878 2110 3007 2165 Hoc
3039 2109 3195 2164 enim
3228 2105 3397 2162 Israel
3430 2106 3660 2170 interpre-

2071 2216 2218 2258 tatur
2263 2203 2398 2273 (l8).
2443 2201 2581 2254 Puto
2622 2201 2776 2254 enim
2811 2200 2980 2267 quia,
3029 2198 3184 2252 sicut
3216 2195 3456 2262 quadam
3483 2190 3662 2245 nomina

2069 2295 2154 2347 vel
2206 2295 2470 2361 gentium,
2525 2289 2613 2343 vel
2673 2288 3045 2356 principum.
3084 2286 3142 2338 in
3195 2283 3490 2351 Scriptnris
3516 2280 3660 2348 posita

2069 2384 2332 2446 videmus,
2368 2393 2489 2448 quae
2540 2379 2758 2446 absque
2808 2378 2934 2430 ulla
2993 2375 3354 2430 dubitatione
3411 2373 3474 2424 ad
3527 2371 3664 2424 malos

2071 2473 2310 2539 angelos,
2349 2475 2402 2522 et
2434 2467 2501 2519 ad
2543 2466 2789 2519 virtutes
2835 2465 3178 2519 contrarias
3212 2462 3516 2517 referantur
3542 2475 3557 2522 ;
3581 2459 3664 2512 sic-

2073 2566 2152 2620 ut,
2181 2555 2332 2609 verbi
2368 2553 2570 2622 gratia,
2597 2552 2828 2606 Pharao
2852 2567 2960 2606 rex
2994 2551 3255 2620 Egypti,
3285 2557 3341 2603 et
3362 2546 3667 2601 Nabuchodo-

2074 2661 2234 2701 nosor
2259 2644 2589 2713 Babylonius
2611 2651 2668 2696 et
2690 2641 2978 2710 Assyrius
3011 2657 3030 2705 ;
3063 2641 3144 2694 ita
3179 2639 3350 2694 etiam
3380 2651 3465 2703 ea,
3492 2649 3594 2706 quae
3613 2634 3666 2688 de

2076 2734 2278 2789 sanctis
2307 2734 2439 2787 viris
2480 2741 2538 2787 et
2566 2740 2734 2802 gente
2767 2731 3056 2798 religiosa
3097 2731 3444 2792 scribuntur,
3475 2727 3534 2779 ad
3567 2738 3666 2778 san-

2075 2833 2190 2879 ctos
2211 2823 2429 2892 angelos
2459 2831 2517 2875 et
2548 2822 2620 2874 ad
2657 2821 2951 2889 benignas
2987 2819 3269 2873 debemus
3301 2816 3502 2872 referre
3527 2815 3662 2867 virtu-

2079 2924 2176 2968 tes.
2211 2911 2366 2976 Quod
2397 2919 2581 2963 autent
2618 2925 2718 2963 rex
2753 2910 2956 2978 gentis
2987 2909 3184 2978 impiae
3219 2909 3290 2961 ad
3329 2907 3562 2959 virtutem
3591 2901 3667 2954 ali-

2081 3017 2236 3070 quam
2270 3001 2559 3069 malignam
2614 3000 2685 3053 ab
2711 2998 3036 3067 Scriptura
3076 2997 3376 3059 referatur,
3410 2993 3520 3048 audi
3566 3003 3668 3060 quo-

2086 3091 2241 3146 modo
2287 3088 2456 3143 Isaias
2489 3090 2556 3141 de
2598 3087 3155 3142 Nabuchodonosor
3178 3088 3373 3140 dicat:
3409 3101 3428 3135 ι
3470 3082 3529 3136 Et
3552 3079 3669 3132 indu-

2083 3196 2222 3244 cam,
2257 3180 2433 3246 inquit
2461 3179 2528 3243 “,
2555 3178 2810 3246 gladium
2855 3191 3041 3246 super
3072 3186 3307 3246 gentem
3337 3184 3582 3242 magnam,
3601 3182 3670 3221 su-

2084 3285 2180 3338 per
2211 3269 2505 3338 principem
2539 3266 2947 3335 Assyriorum.
2982 3268 3088 3321 Ait
3116 3268 3272 3320 enim
3301 3279 3317 3318 :
3359 3264 3549 3316 Virtute
3577 3269 3668 3310 mea

2086 3359 2298 3419 faciam,
2330 3365 2384 3408 ct
2412 3356 2680 3423 sapientia
2706 3369 2926 3408 sensus
2964 3357 3081 3409 mei
3113 3356 3397 3408 destruam
3425 3351 3545 3403 ﬁnes
3570 3360 3672 3414 gen-

2090 3451 2242 3512 tium,
2279 3455 2333 3499 et
2385 3446 2650 3498 virtutem
2713 3460 2932 3499 eorum
2981 3445 3383 3513 depmdabor.
3429 3460 3448 3492 ι
3489 3438 3546 3491 Et
3573 3435 3670 3487 item

2089 3538 2211 3592 alibi
2253 3535 2413 3603 quasi
2468 3535 2536 3587 de
2594 3534 2865 3602 principe
2924 3539 3124 3605 gentis
3164 3533 3448 3603 cuiusdam
3496 3528 3674 3592 loquens

2089 3627 2222 3681 dicit
2247 3628 2335 3678 ηε
2379 3643 2398 3676 ι
2447 3625 2741 3690 Quomodo
2773 3628 3006 3681 cecidit
3039 3630 3112 3682 de
3145 3626 3294 3681 coelo
3335 3623 3558 3681 Lucifer,
3604 3614 3674 3682 qui

2095 3730 2247 3769 mane
2277 3709 2596 3768 oriebatur?
2647 3731 2668 3764 ι
2726 3714 2773 3767 si
2827 3729 2978 3784 ergo
3017 3718 3144 3769 haec
3184 3713 3370 3768 omnia
3401 3713 3464 3764 ad
3498 3705 3677 3776 angelos

2093 3804 2354 3872 quosdam
2411 3802 2667 3869 malignae
2697 3801 2817 3872 (I9)
2856 3805 3109 3859 virtutis
3171 3803 3374 3857 referri
3404 3799 3540 3868 cogit
3574 3793 3678 3848 ratio

2096 3895 2362 3958 veritatis,
2407 3907 2588 3947 nonne
2617 3895 2824 3947 eadem
2862 3897 3287 3964 consequentia
3323 3895 3482 3949 etiam
3511 3887 3680 3960 quando

2098 3984 2275 4045 bonis,
2313 3982 2399 4034 Vel
2440 3983 2820 4050 principibus,
2855 3986 2947 4038 vel
2983 3987 3260 4055 gentibus
3286 3983 3679 4039 conscribuntur,

2099 4073 2163 4125 ad
2187 4071 2474 4132 bonarum,
2505 4078 2565 4121 ut
2602 4085 2774 4137 supra
2839 4074 3130 4139 diximus,
3186 4077 3448 4127 virtutum
3487 4065 3682 4136 angelos.

2104 4163 2490 4228 ministrosque
2529 4157 2903 4215 referentur?
2927 4163 3050 4218 Sed
3094 4175 3157 4219 et
3192 4165 3327 4219 illud
3357 4161 3558 4231 quodin
3598 4155 3682 4208 Ge.

2105 4250 2216 4302 nesi
2242 4249 2502 4317 scriptum
2537 4247 2798 4315 legimus,
2842 4251 3040 4306 Deum
3069 4258 3145 4309 ad
3177 4253 3404 4322 angelos
3428 4253 3536 4302 sine
3559 4241 3684 4297 dubio

2846 4358 2869 4391 ι
2925 4343 3139 4399 Venite
3189 4342 3571 4397 confundamus
3605 4333 3684 4384 lin-

2105 4441 2236 4495 guas
2263 4440 2474 4492 eorum,
2516 4443 2537 4477 υ
2571 4427 2709 4494 quid
2745 4428 2909 4486 aliud
2953 4433 3280 4500 putandum
3311 4441 3414 4493 est,
3449 4425 3544 4481 nisi
3576 4417 3684 4489 quod

2106 4521 2303 4576 diversi
2332 4521 2507 4590 angeli
2540 4520 2796 4576 diversas
2832 4521 2899 4577 in
2926 4526 3271 4580 hominibus
3296 4525 3501 4592 linguas
3521 4508 3686 4583 operati

2108 4610 2216 4663 sint
2250 4623 2312 4661 ac
2339 4608 2618 4676 loquelas?
2657 4609 2747 4672 Ut,
2773 4613 2946 4666 verbi
2980 4617 3198 4682 gratia,
3229 4628 3372 4667 unus
3395 4607 3576 4674 aliquis
3600 4601 3688 4652 fuco

2111 4697 2199 4759 rit,
2251 4697 2342 4763 qui
2378 4697 2782 4766 Babylonicam
2834 4709 2980 4757 tunc
3016 4704 3119 4758 uni
3159 4703 3372 4759 boini
3409 4688 3690 4766 impresseril

2113 4785 2377 4852 linguam,
2402 4786 2541 4839 alius
2570 4787 2662 4853 qui
2687 4785 2780 4840 alii
2805 4789 3180 4861 Egyptiam,
3205 4804 3266 4847 et
3302 4791 3441 4845 alius
3457 4786 3538 4853 qui
3572 4781 3690 4833 Gra-

2117 4888 2256 4937 cam,
2299 4883 2353 4927 et
2389 4874 2471 4928 sic
2498 4875 2856 4931 diversarum
2915 4883 3186 4950 gentium
3233 4879 3340 4948 ipsi
3386 4877 3457 4932 illi
3502 4872 3689 4928 fortasse

2629 4995 2675 5024 ²¹
2710 4993 2820 5048 Isa.
2851 5011 2908 5062 x,
2942 4999 3040 5063 12,
3081 4999 3176 5056 15.
3258 4999 3306 5030 ’⁸
3345 4995 3446 5049 Isa.
3483 5001 3579 5051 xiv,
3624 4978 3686 5032 l2.

2115 5187 2326 5267 ignavia
2355 5188 2667 5267 tan-[multi
2697 5189 2883 5258 lapsus
2931 5195 3069 5267 vita:
3112 5196 3368 5247 humana:
3408 5183 3687 5267 ριςρωξιὲαπζ-

2117 5255 2241 5326 Iiaec
2271 5257 2322 5307 in
2363 5257 2529 5326 editis
2561 5255 2763 5312 omissa
2797 5262 3139 5326 supplentur
3173 5277 3207 5315 e
3257 5255 3418 5316 codd.
3459 5255 3688 5322 Sagiellsh

2118 5323 2460 5391 Belvacensi,
2486 5337 2542 5381 et
2571 5329 2759 5382 Sancti
2797 5323 3166 5385 Theudorici.

2191 5413 2305 5483 (18)
2340 5414 2541 5473 Viden:
2571 5419 2763 5474 Deum.
2798 5417 2916 5471 Hoc
2943 5421 3098 5471 enim
3136 5419 3318 5473 Israel
3338 5420 3688 5486 interpretatur.

2119 5500 2164 5555 Α
2193 5513 2324 5564 nm
2354 5525 2374 5559 ι
2406 5509 2572 5580 vidit,
2621 5531 2640 5565 ι
2673 5494 2817 5568 et‘m
2845 5526 2865 5560 ι
2897 5509 3064 5562 Deus.
3097 5527 3118 5559 ι

2197 5595 2317 5669 (ίθ)
2368 5601 2529 5674 Mss.,
2568 5625 2589 5661 ι
2628 5605 2891 5674 malignae.
2926 5617 2943 5650 ι
2979 5598 3151 5655 Libb.
3195 5601 3353 5665 editi,
3385 5616 3405 5651 ι
3444 5601 3646 5661 ωεστ.
3669 5600 3687 5634 ι
