3838 6258
1542 357 1609 416 ΙΝ
1646 356 1972 418 NUMEROS
2006 360 2284 418 llOMlLlA
2315 349 2407 409 Xl.

1057 468 1402 544 linguarum
1429 493 1492 532 ac
1518 479 1738 548 loquelae
1765 481 1911 535 vide-
1937 479 1983 536 Δ
2010 480 2218 540 merito,
2270 489 2337 532 eo
2379 477 2522 543 quod
2553 483 2806 549 creditam
2833 488 2933 544 sibi
2975 490 3339 561 multiplicavit
3370 509 3524 562 pecu-

112 445 157 491 qq
252 398 374 495 ᾤκει
417 419 743 507 iuerint,
777 456 918 518 qui
942 473 1025 518 ει

710 549 738 586 ‘-
785 517 1386 620 manseritoautem
1413 517 1602 636 linguaI
1615 583 1710 635 per
1734 570 1903 626 Adam

1033 610 1079 612 κ-
1101 610 1151 615 η
1202 610 1385 620 -.,-,,...
1413 610 1588 636 -...,,....
1615 610 1698 635 ν...
1734 610 1861 624 .......

153 610 638 726 Ἓξῇιλῗθδίδν
707 638 794 682 ‘n
829 648 1198 716 Datamus,
1249 653 1507 719 Hebra‘is,
1558 658 1612 711 in
1652 672 1713 711 ea
1753 671 1861 726 parl

194 720 498 818 ξξὲχρ¹ὶδ¹¹
519 728 682 786 “mg
709 734 856 818 “_°“
891 743 1062 796 Pars
1098 741 1345 810 alicujus
1377 746 1574 816 angeli,
1600 747 1678 801 vel
1709 750 1902 815 princi-

491 818 622 875 est,
653 811 774 866 sed
806 829 963 884 quae
1006 823 1122 881 Dei
1153 833 1337 898 portio
1361 811 1666 901 permansit.
1686 811 1899 892 interim

237 917 493 978 miscete
541 918 993 976 εωβετθωυε,
1027 917 1291 976 οσετυυι
1319 931 1374 977 et
1398 926 1570 994 angeli
1616 927 1898 994 primitias,

263 996 632 1076 unusquisque
687 999 893 1055 credo
947 1011 1152 1074 gentis
1205 1027 1339 1074 sum,
1368 1022 1424 1065 et
1467 1029 1679 1067 rursum
1733 1031 1898 1068 uuus-
1941 1066 1944 1068 .

254 1100 471 1168 quisque
519 1087 834 1143 Ecclesiae
870 1107 1026 1149 suae.
1086 1086 1301 1164 Quibus
1340 1100 1545 1168 angelis
1582 1112 1636 1156 et
1667 1099 1898 1158 Joannes

264 1187 318 1240 'm
345 1179 684 1252 Apocalypsi
719 1182 1014 1238 scribere
1051 1188 1272 1242 videtur
1298 1188 1362 1251 “,
1400 1191 1548 1244 verbi
1577 1193 1770 1258 gratia,
1802 1207 1899 1245 an-

249 1276 375 1344 gelo
413 1269 690 1326 Ecclesia:
753 1270 1180 1340 Ephesiorum,
1239 1277 1318 1331 vel
1351 1277 1762 1349 Smyrnazorum,
1816 1283 1896 1336 vel

253 1360 729 1424 Laodicensium,
772 1362 1152 1432 aliarumque
1177 1381 1294 1432 qua:
1315 1368 1526 1435 scripta:
1553 1378 1696 1423 sunt.
1730 1369 1896 1424 Oﬁ‘ert

230 1468 382 1522 ergo
435 1451 873 1520 unusquisque
914 1454 1236 1522 angelorum
1266 1457 1549 1522 primitias,
1593 1461 1672 1512 vel
1713 1460 1897 1514 Eccle-

231 1543 364 1603 size,
400 1539 482 1592 vel
527 1542 761 1608 gentis
810 1557 944 1597 suae
975 1558 1098 1610 qua;
1123 1544 1171 1596 ei
1199 1543 1559 1613 dispensanda
1610 1550 1893 1603 commissa

208 1638 340 1684 est.
375 1629 489 1682 Aut
516 1627 700 1682 forte
725 1639 800 1684 et
836 1631 943 1684 alii
972 1631 1311 1684 extrinsecus
1333 1633 1505 1701 angeli
1535 1644 1679 1700 sunt,
1711 1638 1799 1704 qui
1829 1651 1892 1690 ex

204 1717 497 1772 omnibus
569 1718 901 1786 gentibus
955 1718 1139 1772 ﬁdeles
1172 1734 1412 1787 quosque
1444 1735 1783 1791 congregem.
1831 1725 1893 1777 Et

193 1807 706 1862 consideremus
770 1822 854 1860 ne
903 1805 1048 1859 forte
1083 1806 1218 1860 sicut
1250 1807 1413 1877 308
1439 1809 1490 1861 in
1521 1810 1720 1878 aliqua,
1749 1815 1894 1868 verbi

188 1899 452 1966 gratia,
479 1897 805 1958 civitate,
848 1896 947 1949 ubi
985 1899 1220 1950 nondum
1256 1899 1543 1951 Christiani
1594 1902 1702 1954 nati
1749 1911 1892 1968 sunt,

183 1990 244 2043 si
308 1987 586 2041 accedat
631 1985 917 2053 aliquis,
945 1995 1003 2038 et
1041 1986 1240 2042 docere
1280 1986 1520 2055 incipiat,
1556 1989 1778 2054 laboret,
1814 1993 1896 2044 in-

180 2086 449 2140 struat,
503 2076 829 2130 adducat
871 2074 945 2126 ad
996 2072 1174 2134 ﬁdem,
1221 2082 1274 2125 et
1324 2075 1436 2141 ipse
1464 2079 1794 2143 postmodum
1828 2081 1889 2133 ii;

178 2180 367 2233 quos
438 2163 662 2218 docuit
720 2161 1011 2230 princeps
1057 2170 1111 2212 et
1153 2163 1433 2229 episcopus
1486 2165 1572 2216 ﬁt:
1627 2165 1698 2219 ita
1729 2169 1889 2220 etiam

179 2256 426 2310 sancti
465 2252 694 2322 angeli
739 2251 878 2319 (20)
919 2266 1103 2306 eorum
1134 2267 1269 2319 quos
1316 2267 1345 2306 e
1380 2253 1609 2308 diversis
1647 2258 1895 2324 gentibus

175 2343 802 2414 congregaverint,
825 2351 882 2394 et
909 2342 1098 2394 labore
1121 2357 1220 2394 suo
1237 2356 1298 2395 ac
1321 2342 1617 2396 ministerio
1634 2344 1895 2411 proﬁcere

187 2431 496 2497 fecerint,
525 2431 674 2498 ipsi
718 2443 939 2484 eorum
966 2429 1126 2481 etiam
1161 2431 1212 2482 in
1232 2428 1409 2482 futuro
1425 2430 1692 2499 principes
1729 2431 1888 2484 ﬁant:

188 2533 268 2576 ut
305 2522 620 2577 Christus
673 2533 811 2572 non
846 2527 959 2570 tam
995 2533 1084 2572 rex
1122 2518 1329 2572 dicatur
1364 2534 1522 2585 quam
1560 2535 1651 2572 rex
1685 2535 1890 2587 regum,

197 2623 269 2667 et
307 2621 607 2666 nontam
655 2607 984 2666 Dominus,
1009 2621 1167 2673 quam
1206 2607 1456 2662 Dominus
1480 2607 1888 2662 dominantium.

201 2698 472 2766 Quippe
493 2699 550 2751 si
612 2696 731 2749 isti
806 2709 967 2762 reges
1017 2697 1146 2746 ﬁunt
1179 2708 1361 2746 eorum
1400 2711 1535 2759 quos
1567 2707 1777 2764 regunt,
1837 2707 1893 2751 et

207 2784 526 2853 proiicere
572 2781 868 2844 faciunt,
913 2780 1014 2846 ipsi
1038 2793 1164 2846 ergo
1195 2779 1422 2834 oﬁerunt
1474 2785 1737 2848 quostlam
1771 2785 1889 2851 qui-

215 2876 367 2929 dem
401 2872 727 2942 pontifici,
762 2869 1040 2937 quosdam
1070 2883 1198 2946 vero
1235 2870 1356 2924 ﬁliis
1382 2871 1674 2939 pontiﬁcis,
1701 2873 1751 2926 id
1787 2882 1888 2935 est,

220 2961 682 3032 superioribus
752 2957 1088 3018 virtutibus,
1128 2965 1182 3009 et
1205 2957 1576 3022 archangelis,
1629 2961 1883 3026 quosdam

225 3054 426 3105 etiam
481 3048 751 3110 Levitis,
805 3044 863 3098 id
919 3051 1002 3097 est
1045 3044 1201 3108 paulo
1237 3044 1596 3112 inferioribus,
1625 3048 1668 3101 si
1717 3059 1958 3128 tamenc

229 3154 636 3209 consequens
660 3135 941 3189 videatur
974 3133 1063 3185 tali
1087 3133 1313 3200 quadam
1339 3135 1517 3203 specie
1537 3137 1696 3189 etiam
1719 3153 1884 3207 ange-

234 3233 396 3287 lico;
439 3231 728 3288 ordines,
795 3233 860 3276 ut
906 3221 1182 3276 lsraelitici
1237 3233 1380 3287 sunt,
1427 3222 1546 3278 esse
1592 3227 1885 3292 distinctos,

233 3318 760 3388 quandoquidem
821 3311 1087 3371 lsraelita:
1130 3311 1242 3378 (21)
1285 3313 1483 3365 umbrae
1511 3323 1564 3366 et
1593 3319 1885 3382 exemplari

233 3398 536 3462 dicantur
562 3402 892 3459 deservire
916 3400 1235 3454 calestium.
1261 3399 1552 3455 Possumus
1579 3417 1706 3471 ergo
1738 3405 1887 3458 dieeo

241 3511 334 3559 re,
361 3494 516 3563 quia
550 3493 727 3546 forte
763 3490 824 3543 in
861 3488 1046 3542 futuro
1067 3503 1187 3541 cum
1215 3503 1400 3544 omnes
1431 3489 1636 3548 fructus
1665 3505 1886 3559 congre-

233 3587 554 3654 gabantur
592 3581 676 3635 ad
727 3593 947 3637 aream.
975 3588 1132 3632 erunt
1153 3580 1363 3646 quidam
1404 3582 1572 3646 portio
1599 3582 1880 3648 pontiﬁcis,

234 3675 348 3728 sed
385 3672 561 3725 illius
595 3668 729 3723 veri
763 3664 1045 3734 pontiﬁcis
1064 3665 1284 3719 Christi.
1316 3665 1482 3720 Erunt
1510 3677 1566 3720 et
1598 3667 1686 3720 alii
1714 3669 1886 3735 portio

229 3760 644 3821 Levitarum,
693 3755 847 3812 sicut
897 3755 1012 3820 jam
1044 3768 1202 3822 supra
1244 3753 1496 3817 diximus,
1542 3756 1623 3810 vel
1662 3755 1883 3824 angelis,

229 3857 331 3905 vel
366 3852 524 3902 aliis
551 3846 905 3902 cmiestibns
933 3843 1223 3898 virtutibus
1249 3853 1600 3910 sequestrata.
1632 3843 1765 3899 Puto
1788 3861 1884 3898 au-

223 3954 357 3996 tem
394 3935 582 4008 quod
623 3943 804 3988 erunt
834 3933 1055 3999 quidam
1091 3933 1263 3999 portio
1289 3931 1451 3986 etiam
1494 3933 1765 3986 hominum
1790 3947 1882 3987 eo-

225 4047 372 4084 rum
437 4029 753 4080 duntaxat
789 4023 885 4091 qui
933 4022 987 4074 in
1023 4021 1122 4076 hac
1148 4021 1252 4073 vita
1293 4023 1576 4088 prudentes
1600 4036 1677 4075 ac.
1700 4023 1880 4076 ﬁdeles

217 4121 713 4188 dispensatores
751 4111 910 4166 verbi
943 4109 1034 4164 Dei
1069 4109 1304 4162 fuerunt.
1340 4109 1446 4162 Hoc
1475 4113 1618 4163 enim
1647 4112 1879 4164 arbitror

219 4209 286 4260 in
325 4202 714 4271 Evangelii:
747 4197 1023 4266 designari
1054 4213 1084 4249 a
1120 4199 1362 4262 Omnino,
1405 4199 1490 4250 ubi
1529 4199 1602 4250 ait
1633 4199 1697 4251 ad
1733 4215 1875 4262 eum,

213 4295 324 4349 cui
370 4290 744 4349 crediderat
784 4287 1027 4355 quinque
1066 4299 1241 4346 muas.
1278 4294 1333 4337 et
1369 4285 1568 4340 iecerat
1591 4301 1651 4338 ex
1675 4286 1752 4340 eis
1779 4289 1874 4340 de-

210 4401 360 4440 cem
395 4384 465 4417 ¹¹³
513 4399 534 4434 :

212 4476 500 4528 vitantes.
557 4488 584 4520 ι
625 4468 724 4522 Cui
753 4481 889 4521 vero
918 4467 1220 4521 crediderat
1253 4481 1434 4528 unam,
1464 4474 1519 4518 et
1558 4463 1755 4517 fecerat
1805 4479 1872 4517 ex

208 4579 290 4616 ea
340 4563 656 4630 quinque
706 4557 790 4608 ":
840 4575 860 4606 ι
913 4555 1043 4609 Esto
1093 4564 1416 4623 potestatem
1465 4554 1670 4607 habens
1714 4568 1871 4620 supra

206 4655 530 4720 quinque
571 4646 848 4698 civitates.
877 4664 896 4695 ι
928 4645 1057 4708 Quae
1072 4644 1213 4696 enim
1239 4644 1326 4696 hic
1350 4651 1582 4711 potestas
1600 4641 1875 4694 civitatum

207 4733 658 4805 intelligenda
702 4741 810 4794 est,
850 4730 955 4784 nisi
1000 4729 1316 4798 gubernatio
1360 4727 1692 4782 animarum?
1722 4725 1874 4780 Unde

205 4843 275 4886 et
337 4831 623 4881 videtur
661 4811 796 4876 mihi
827 4822 973 4890 quod
1014 4820 1132 4872 sine
1160 4834 1319 4872 causa
1344 4819 1505 4872 etiam
1536 4818 1677 4869 inter
1727 4817 1870 4883 ipsos

204 4922 511 4993 angelos
545 4913 644 4967 alii
676 4921 1004 4988 potestatem
1043 4919 1099 4963 et
1141 4906 1498 4976 principatum
1535 4917 1695 4972 super
1736 4905 1870 4957 alios

205 4986 496 5076 κᾶεηι,
543 5000 638 5052 alii
671 4986 864 5053 autem
889 4996 1225 5082 subjaceant,
1250 5002 1302 5045 et
1330 4993 1867 5082 obtemperentpoteo

206 5097 405 5150 stati.
445 5092 636 5149 Sicut
665 5102 736 5140 ne
762 5086 869 5142 iste
896 5083 1111 5151 quidem
1144 5080 1230 5132 cui
1259 5087 1489 5146 potestas
1522 5077 1703 5132 decem
1741 5077 1871 5131 civi-

209 5196 476 5243 tatum.
536 5177 626 5230 vel
677 5175 770 5228 ille
821 5171 910 5226 cui
947 5170 1190 5237 quinque
1229 5165 1496 5218 civitatqu
1524 5165 1702 5226 datur,
1753 5165 1870 5218 sine

301 5280 363 5313 ﬂ
397 5277 610 5339 Apoc.
645 5288 706 5326 tt.

284 5366 440 5434 (20)
470 5359 589 5434 Ira
622 5355 1020 5434 δείσειε-δανισιὶ
1065 5349 1266 5434 ortg‘eli!3
1311 5356 1426 5434 etc:
1613 5348 1861 5404 iluetiutu

196 5415 1452 5559 °;L%3“i’i;’§,’,“.’”tl'£;eiisi“?iiii,€:eiili:‘
1464 5413 1824 5536 3.2mm...
1841 5497 1859 5528 ι

293 5505 372 5552 τ’
441 5505 652 5562 "55.,
681 5514 702 5547 σ
743 5505 1032 5546 Israelttte.
1069 5505 1428 5541 autumnum,
1464 5505 1480 5529 ι
1507 5505 1859 5536 ιδηιυιιιιιῖις.»

237 5505 408 5632 ίτεί
425 5559 500 5614 ι*
526 5573 656 5626 ξω»
694 5562 864 5623 editi,
888 5575 918 5632 ,ε
965 5549 1430 5632 emisi-.1???
1461 5562 1602 5632 ῐιιεειοι
1642 5569 1671 5632 «ί
1701 5561 1864 5632 e599:

152 5613 254 5691 ιι(
267 5613 337 5681 ἶ
353 5613 460 5683 ’93
473 5613 777 5702 post
793 5613 972 5680 codex
997 5618 1059 5671 S.
1091 5613 1434 5702 Theoderici,
1459 5631 1475 5665 ‹
1504 5616 1566 5668 ab
1589 5613 1865 5670 erroribus

605 5701 884 5785 Ρλτιιοῐ..
923 5712 1050 5770 Gn.
1095 5701 1246 5762 ΧΠ.
1615 5719 1617 5722 ‘

3425 375 3532 436 650

2005 565 2167 628 niam,
2217 563 2463 635 pervenit
2491 569 2555 621 ad
2610 568 2906 638 hujusmodi
2961 586 3298 644 potestatem.
3341 581 3530 635 Omnia

2001 655 2139 723 enim
2186 655 2323 724 apud
2361 654 2524 712 Deum
2571 661 2774 717 ratione
2800 674 2855 717 et
2887 665 3093 732 judicio
3117 669 3267 732 ﬁunt,
3315 685 3413 724 nec
3461 673 3528 724 ad

2000 745 2246 813 gratiam,
2277 747 2368 801 sed
2399 761 2495 815 pro
2531 752 2719 806 merito
2749 752 2883 806 alius
2922 755 3164 824 princeps
3191 771 3307 810 esse
3336 759 3528 812 multo-

2001 847 2115 885 rum
2145 835 2376 900 ponitur,
2413 837 2548 892 alius
2578 840 2846 907 subjectus
2880 857 3000 896 esse
3023 843 3360 910 principatui.
3394 845 3531 898 Eva-

1998 922 2103 988 gatl
2140 923 2359 978 forsitan
2402 927 2691 994 prolixiore
2738 931 3014 984 videamur
3045 945 3287 996 excessu,
3313 934 3407 986 sed
3461 935 3531 988 de

1999 1010 2244 1076 primitiis
2283 1018 3058 1086 exponentibus.necessarium
3107 1020 3208 1073 fuit
3233 1021 3394 1075 etiam
3424 1021 3525 1074 ista

1989 1097 2279 1163 «discutere,
2307 1102 2731 1171 quandoquidem
2766 1107 2898 1160 tanti
2928 1107 3360 1162 honoris'nomen
3385 1108 3528 1162 istud

1999 1185 2050 1238 in
2082 1186 2370 1255 Scripturis
2402 1191 2594 1246 divinis
2625 1194 2848 1248 habetur
2869 1205 2925 1247 ut
2957 1195 3119 1247 etiam
3151 1195 3263 1261 ipse
3283 1197 3529 1250 Christus

1997 1277 2244 1344 primitiae
2271 1279 2570 1333 nominatus
2599 1283 2691 1346 sit,
2721 1292 2776 1336 et
2799 1283 3046 1350 primitiae
3068 1283 3440 1338 dormientium
3459 1287 3523 1338 ’⁷.

1996 1364 2061 1418 Et
2087 1366 2229 1418 sicut
2269 1381 2356 1420 rex
2390 1383 2596 1438 regum,
2641 1379 2696 1424 et
2733 1371 2984 1426 Dominus
3013 1372 3416 1438 dominantium,
3471 1383 3528 1428 et

1997 1461 2176 1519 pastor
2204 1465 2496 1522 pastorum,
2539 1459 2908 1526 etpontiﬁcum
2944 1462 3202 1528 pontifex,
3237 1463 3307 1515 ita
3339 1478 3529 1537 conse-

1994 1553 2221 1608 quenter
2248 1551 2300 1596 et
2333 1544 2684 1610 primitiatum
2718 1549 2966 1614 primitiae
3004 1550 3229 1603 dicetur.
3259 1550 3388 1615 Quae
3418 1553 3528 1618 pri-

1997 1627 2156 1681 mitiae
2191 1645 2290 1682 non
2322 1630 2431 1696 jam
2466 1632 2721 1698 pontiﬁci,
2750 1636 2840 1688 sed
2881 1635 2985 1688 Deo
3013 1635 3202 1691 oblatae
3245 1649 3390 1702 sunt,
3439 1654 3528 1694 se-

1995 1716 2222 1769 cundum
2250 1719 2348 1772 hoc
2389 1721 2526 1787 quod
2555 1722 2786 1790 seipsnm
2823 1725 3050 1778 hostiam
3089 1727 3280 1780 obtulit
3312 1728 3440 1792 Deo,
3469 1737 3526 1782 et

1997 1821 2218 1875 surgens
2248 1821 2277 1861 a
2320 1810 2544 1864 mortuis
2587 1813 2724 1865 sedit
2763 1814 2814 1865 in
2864 1815 3104 1868 dextram
3159 1816 3270 1870 Dei.
3320 1817 3525 1871 Dicitur

1993 1904 2168 1948 autem
2201 1897 2246 1929 ³⁸
2287 1897 2399 1966 ipse
2432 1907 2489 1952 et
2531 1901 2792 1966 primitiae,
2839 1913 2890 1956 et
2933 1904 3314 1972 primogenitns
3363 1908 3527 1961 totius

1994 1995 2274 2048 creature,
2305 1986 2445 2052 quod
2470 1998 2644 2040 utrum
2676 1990 2764 2041 tali
2798 1990 2950 2043 modo
2985 2005 3076 2058 per
3105 1993 3338 2060 singulas
3363 2010 3526 2062 quas--

1995 2085 2097 2137 que
2129 2083 2402 2126 creaturas
2445 2073 2664 2141 intelligi
2700 2077 2907 2141 debeat,
2935 2079 3078 2146 quali
3113 2081 3256 2134 inter
3281 2083 3524 2140 homines

1995 2157 2242 2221 primitia:
2292 2160 2668 2214 dormientium
2715 2163 2924 2228 dicitur,
2973 2174 3026 2217 et
3081 2165 3408 2235 intelligitur,
3449 2185 3518 2222 an

1993 2245 2166 2314 aliqua
2220 2247 2441 2301 celsiore
2480 2260 2532 2302 et
2571 2250 2832 2304 diviniore
2875 2253 3239 2322 intelligentia,
3295 2273 3397 2310 non
3438 2268 3521 2313 est

1993 2335 2265 2398 praesentis
2283 2337 2534 2402 temporis
2564 2339 2830 2405 persequi.

2060 2421 2110 2472 5.
2139 2421 2434 2477 Redeamus
2461 2438 2587 2492 ergo
2611 2425 2680 2478 ad
2707 2425 3057 2493 primitiarum
3100 2429 3354 2484 rationem
3381 2447 3517 2499 quas

1992 2512 2222 2566 diximus
2274 2512 2450 2567 oll'erri
2498 2530 2594 2582 per
2644 2517 2894 2584 angelos,‘
2932 2533 3048 2586 qute
3095 2521 3414 2591 colliguntur
3449 2541 3516 2578 ex

1993 2601 2136 2668 agris
2191 2601 2344 2668 hujus
2383 2603 2578 2655 mundi.
2611 2604 2738 2672 Agri
2777 2615 2952 2659 autem
2977 2606 3304 2674 angelorum,
3353 2614 3512 2667 corda

1992 2698 2169 2740 nostra
2189 2698 2328 2741 sunt.
2359 2689 2726 2758 Unusquisque
2745 2708 2872 2762 ergo
2897 2709 3078 2749 eorum
3104 2712 3167 2752 ex
3198 2713 3326 2767 agro
3352 2714 3510 2768 quem

1991 2774 2138 2838 colit,
2173 2775 2329 2828 oli'crt
2361 2776 2620 2844 primitias
2658 2779 2782 2833 Deo.
2830 2780 2941 2835 Etsi
2971 2797 3202 2838 mererer
3227 2800 3325 2852 ego
3357 2786 3515 2840 hodie

1992 2879 2237 2931 magnum
2279 2863 2527 2930 aliquem,
2559 2875 2613 2920 et
2643 2881 2850 2922 summo
2877 2873 3124 2937 pontiﬁce
3150 2877 3364 2941 dignum
3392 2888 3514 2929 seu-

1990 2965 2104 3004 sum
2148 2951 2408 3018 proferre,
2452 2955 2522 3006 ita
2559 2963 2617 3008 ut
2663 2957 2816 3011 exiis
2845 2962 3093 3015 omnibus
3111 2977 3228 3032 qua:
3248 2965 3513 3033 loquimur

1991 3048 2046 3092 et
2089 3039 2359 3102 docemus,
2408 3051 2550 3096 esset
2577 3042 2776 3111 aliquid
2817 3048 3109 3114 egregium,
3136 3053 3278 3117 quod
3307 3065 3516 3106 summo

1987 3127 2251 3183 sacerdoti
2280 3131 2488 3196 placere
2517 3131 2754 3195 deberet.
2794 3145 3000 3202 poterat
3031 3137 3257 3194 fortasse
3288 3139 3422 3204 ﬁeri,
3457 3152 3514 3195 ut

1988 3217 2205 3285 angelus
2229 3220 2316 3285 qui
2354 3229 2541 3285 praesit
2561 3220 2827 3284 Ecclesiae,
2857 3237 2919 3276 ex
2955 3227 3203 3281 omnibus
3234 3228 3388 3283 dict-is
3413 3244 3513 3283 no-

1987 3308 2116 3364 stris
2160 3307 2380 3374 eligeret
2425 3307 2640 3374 aliquid,
2668 3319 2720 3362 et
2763 3309 2878 3368 loco
2903 3314 3254 3378 primitiarum
3292 3316 3514 3399 Domino

1989 3397 2054 3448 de
2085 3395 2258 3463 agello
2283 3396 2383 3449 mei
2412 3396 2590 3454 cordis
2615 3397 2848 3451 oﬁerret.
2883 3399 2985 3454 Sed
3015 3415 3112 3467 ego
3140 3416 3226 3456 me
3255 3395 3369 3461 scio
3409 3420 3512 3457 non

1991 3483 2202 3545 mereri,
2235 3495 2330 3536 nec
2377 3485 2626 3537 conscius
2670 3500 2787 3539 smn
2828 3487 2977 3548 mihi,
3004 3489 3143 3556 quod
3173 3490 3293 3544 talis
3320 3491 3514 3558 aliquis

1984 3585 2172 3624 sensus
2195 3569 2495 3626 inveniatur
2526 3575 2579 3630 in
2619 3589 2720 3635 me,
2754 3590 2910 3643 quem
2944 3577 3159 3647 dignum
3185 3580 3390 3647 iudicet
3415 3597 3511 3637 an-

1981 3663 2130 3732 gelus
2159 3665 2246 3730 qui
2285 3678 2381 3717 nos
2414 3663 2631 3727 excolit,
2661 3664 2852 3720 oll‘erre
2875 3683 2969 3734 pro
3007 3668 3274 3736 primitiis,
3297 3671 3378 3730 vel
3409 3687 3508 3738 pro

1981 3748 2351 3817 primogenitis
2378 3750 2617 3811 Domino.
2650 3753 2822 3821 Atque
2872 3759 3073 3812 utinam
3099 3758 3202 3817 tale
3247 3759 3318 3814 sit
3369 3763 3512 3828 quod

1985 3836 2252 3904 loquimur
2300 3847 2356 3890 et
2403 3838 2674 3900 docemus,
2730 3849 2918 3894 utnon
2972 3857 3066 3909 pro
3097 3844 3272 3904 verbis
3315 3849 3510 3901 nostris

1984 3925 2324 3978 condemnari
2353 3939 2675 3991 mereamur,
2701 3929 2962 3984 sulliccret
2995 3931 3147 3986 uehis
3170 3931 3282 3992 iure
3315 3935 3506 4000 gratia.

1979 4012 2217 4074 Oll'erunt
2231 4028 2355 4078 ergo
2373 4014 2542 4082 angeli
2561 4030 2624 4068 ex
2645 4016 2801 4070 nobis
2822 4019 3103 4086 primitias,
3122 4029 3175 4074 et
3191 4020 3510 4090 excolitlﬁi)

1980 4104 2339 4170 unusquisque
2375 4117 2469 4156 eos
2499 4118 2633 4171 quos
2667 4106 2843 4158 studio
2871 4116 2925 4159 et
2962 4107 3229 4175 diligettzia
3283 4125 3382 4168 sua
3437 4112 3506 4165 ab

1977 4191 2251 4246 erroribus
2277 4190 2508 4259 gentium
2534 4195 2796 4247 convertit
2831 4194 2894 4246 ad
2920 4194 3120 4249 Deum:
3148 4206 3200 4250 et
3235 4209 3314 4252 est
3344 4214 3507 4256 unus-

1979 4279 2202 4345 quisque
2228 4278 2278 4330 in
2316 4277 2559 4345 portione
2588 4279 2672 4332 vel
2707 4294 2833 4333 cura
2862 4281 3004 4337 illius
3034 4285 3206 4351 angeli
3241 4302 3254 4338 :
3284 4295 3338 4340 et
3367 4289 3505 4342 sicut

579 4397 604 4430 ε
640 4380 774 4433 Es",
804 4354 1123 4446 ροιεεωιεηι
1160 4375 1366 4427 habens
1393 4389 1553 4442 supra
1595 4376 1874 4428 decenni.
1909 4354 1954 4408 1)
1979 4380 2042 4416 ex
2076 4365 2226 4418 initio
2259 4365 2436 4419 saeculi
2492 4365 2646 4432 hujus
2692 4381 2810 4419 cum
2838 4369 3162 4440 dispergeret
3207 4373 3340 4427 Dens
3367 4374 3504 4430 ﬁlios

1975 4453 2140 4506 Adam
2162 4454 2226 4514 “,
2261 4455 2447 4506 statuit
2477 4455 2610 4507 ﬁnes
2639 4457 2872 4523 gentiuut
2898 4462 3188 4514 secundum
3222 4478 3501 4518 numerum

1974 4542 2277 4610 angelorum
2306 4541 2420 4604 Dei,
2444 4552 2501 4596 et
2529 4559 2859 4613 unaquaeque
2885 4563 3016 4614 gens
3049 4549 3148 4602 sub
3193 4552 3280 4606 illo
3317 4555 3502 4622 angelo

1975 4629 2115 4682 facta
2146 4639 2224 4680 est
2254 4645 2268 4680 :
2297 4645 2397 4682 una
2426 4641 2598 4685 autem
2621 4632 2717 4684 luit
2743 4645 2796 4688 et
2821 4635 2985 4690 electa
3013 4651 3141 4706 gens
3168 4639 3352 4704 lsrael,
3383 4656 3502 4708 qtae

1974 4718 2147 4785 portio
2181 4718 2387 4772 Domini
2417 4719 2540 4783 fuit,
2580 4730 2635 4774 et
2683 4721 2949 4778 funiculus
2982 4727 3311 4782 hereditatis
3337 4727 3450 4795 ejus
3481 4744 3498 4781 :

1973 4807 2047 4859 ita
2072 4806 2231 4860 credo
2267 4807 2394 4860 etin
2430 4807 2536 4863 ﬁne
2570 4809 2724 4877 hujus
2747 4813 2923 4864 mundi
2957 4823 3116 4880 atque
3146 4815 3202 4868 ius
3227 4816 3375 4870 initio
3397 4831 3500 4870 sa:-

1971 4897 2072 4951 culi
2101 4896 2318 4950 alterius
2350 4895 2582 4952 futurum
2604 4897 2738 4967 (25),
2777 4909 2836 4952 ut
2865 4900 3054 4954 itertun
3094 4903 3293 4956 dividat
3317 4903 3500 4956 Excel-

1971 5003 2061 5043 sus
2090 4987 2225 5041 ﬁlios
2242 4986 2412 5039 Adam
2431 5003 2445 5038 :
2467 4996 2522 5040 et
2543 4988 2634 5054 qui
2661 5002 2762 5042 non
2785 4989 3138 5055 potuerintita
3173 4992 3350 5045 tuundi
3379 5006 3498 5047 esse

1970 5075 2135 5131 corde
2184 5083 2241 5127 ut
2289 5073 2459 5141 ipsum
2487 5072 2709 5126 videant
2743 5073 3043 5138 Dominum,
3075 5086 3129 5130 ct
3165 5091 3282 5134 esse
3321 5078 3497 5144 portio

1973 5163 2204 5226 Domini,
2233 5163 2442 5216 videant
2470 5170 2684 5216 sanctos
2709 5163 2947 5230 angelos,
2980 5175 3034 5218 et
3063 5169 3170 5220 sint
3201 5165 3492 5219 secundum

788 5268 842 5298 "
862 5266 995 5318 Luc.
1041 5276 1159 5322 ιιι,
1204 5259 1290 5314 17.
1361 5258 1406 5289 “
1425 5257 1549 5310 ibid.
1595 5257 1680 5311 l9.
1756 5257 2193 5322 "lCor.xv,9.0.
2266 5255 2312 5286 "
2341 5253 2545 5308 Coloss.
2579 5269 2616 5316 ι,
2643 5254 2727 5308 l5.
2803 5257 2847 5287 "
2876 5255 3214 5310 Deut.xxxu.

1969 5348 2220 5422 gentium.
2256 5366 2274 5398 ι
2311 5343 2461 5422 Libb.
2488 5343 2695 5422 editi.)
2725 5344 2792 5422 ab
2807 5342 3280 5422 erroribusetiam.
3321 5360 3348 5418 .r
3397 5409 3406 5418 _

2039 5416 2146 5486 (‘23)
2180 5414 2262 5489 Ita
2289 5412 2442 5489 credo
2479 5412 2598 5489 et‘in
2627 5412 2728 5476 [ine
2749 5411 2902 5489 hujus
2937 5407 3292 5489 tuendamque
3315 5405 3489 5489 in

1969 5471 2235 5536 tio‘raeculi
2261 5479 2473 5532 alterius
2518 5471 2768 5544 futurum.
2803 5471 2906 5528 etc.
2941 5472 3345 5544 Vide‘lluetiutn
3372 5471 3491 5527 Orio

1971 5534 2298 5619 pertinuerunt
2323 5549 2409 5600 lib.
2443 5534 2710 5611 tt,'qu:est.
2743 5545 2822 5602 ll.
2853 5557 2996 5595 num.
3034 5534 3117 5591 l0.

3105 5683 3181 5740 21
