3838 6212
561 309 657 364 θδι

1982 311 2291 367 ORIGENIS
3595 313 3677 368 ιιι

564 434 840 475 numerum
871 418 1174 487 angelorum
1195 417 1306 473 Dei.
1337 418 1439 472 Sed
1471 419 1659 474 beatus
1681 429 1756 476 est
1791 424 1878 492 qui
1904 425 2094 494 dignus
2122 429 2166 481 A
2193 423 2334 476 enim
2378 421 2535 490 panis
2578 419 2703 487 qui,
2757 431 2883 471 cum
2927 431 3136 486 semper
3181 420 3480 486 comedatur,
3515 437 3678 494 semper

561 508 720 564 fuerit
773 508 822 560 in
867 507 955 560 illa
989 508 1092 561 vita
1125 508 1456 576 esse‘portio
1511 511 1738 578 Domini,
1780 523 1832 566 et
1875 513 2098 581 populus

560 604 674 672 ejus
693 600 875 662 Jacob,
900 615 961 653 ac
983 600 1248 654 funiculus
1273 603 1592 657 lnereditatis
1609 619 1716 656 sua:
1742 603 1922 657 lsracl.
1945 603 2100 670 Opta-

563 694 668 748 bile
701 703 784 748 est
817 707 963 761 ergo,
993 691 1318 755 utdiximus,
1347 692 1418 744 ita
1450 694 1711 760 proﬁcere
1745 709 2097 762 unumquem-

563 798 688 850 que,
725 790 781 834 ut
804 781 941 834 inter
966 780 1248 848 primitias,
1271 780 1350 834 vel
1373 781 1723 849 primogenita
1751 781 1877 850 eligi
1895 796 2100 834 merca-

561 882 670 934 tur,
687 879 738 924 et
752 869 928 923 offerri
953 870 1078 933 Deo,
1099 880 1284 922 etesse
1299 883 1422 936 pars
1442 869 1670 932 Domini,
1685 870 1823 924 sicut
1848 880 2097 924 econtra-

558 961 640 1015 rio
667 959 815 1012 valde
833 959 1118 1012 timendum
1144 967 1310 1012 estne
1337 958 1668 1012 inveniamur
1695 959 1830 1012 inter
1854 959 1992 1026 illos,
2026 961 2094 1012 de

557 1047 750 1118 quibus
767 1046 1024 1112 scriptum
1041 1045 1204 1098 est”:
1229 1064 1246 1096 ι
1269 1045 1565 1099 lntroibunt
1579 1046 1630 1097 in
1646 1045 1896 1099 inferiora
1918 1056 2097 1109 terrae,

560 1133 836 1187 tradentur
854 1133 904 1183 in
928 1133 1301 1201 manusgladii,
1322 1141 1498 1199 partes
1517 1131 1750 1198 vulpium
1765 1143 1940 1184 erunt.
1969 1150 1987 1182 ι
2012 1131 2100 1184 Υἱ-

557 1221 650 1273 des
664 1220 824 1290 309
849 1235 976 1290 ergo
1009 1221 1418 1276 resurrectionis
1451 1229 1696 1289 tempore
1719 1237 1838 1275 cum
1862 1221 2099 1275 dividere

557 1312 789 1378 coeperit
818 1311 1074 1364 Excelsus
1103 1321 1305 1380 gentes,
1334 1321 1388 1364 et
1426 1327 1521 1380 pro
1562 1314 1765 1366 meritis
1796 1313 2100 1380 dispergere

561 1400 698 1453 ﬁlios
746 1399 938 1463 Adam,
976 1401 1183 1454 futuros
1227 1415 1347 1455 esse
1388 1401 1646 1468 quosdam
1693 1403 1783 1469 qui
1818 1402 2018 1454 intrent
2045 1403 2096 1454 in

558 1486 809 1540 inferiora
854 1495 1033 1551 terra},
1075 1496 1130 1541 et
1158 1496 1342 1555 partes
1377 1487 1640 1554 vulpium,
1693 1489 1744 1542 id
1790 1497 1877 1542 est
1921 1498 2099 1554 partes

559 1576 854 1630 danuonum
904 1576 1054 1629 ﬁant.
1088 1575 1216 1643 lpsze
1245 1576 1386 1630 enim
1434 1585 1562 1628 sunt
1616 1575 1798 1645 vulpes
1839 1577 2097 1630 extermi-

559 1674 746 1720 nantes
774 1665 960 1717 vineas
985 1665 1052 1728 ³⁸,
1076 1679 1139 1717 ex
1175 1663 1368 1731 quibus
1397 1672 1515 1717 crat
1541 1671 1594 1717 et
1624 1663 1874 1727 llerodes,
1903 1667 1968 1718 de
1991 1681 2096 1732 quo

557 1757 751 1811 dicitur
777 1756 821 1787 ⁸¹
853 1772 867 1808 :
904 1774 925 1805 ‹
981 1755 1072 1816 lte,
1104 1729 1267 1807 dicite
1319 1753 1459 1820 vulpi
1509 1752 1652 1806 huic.
1696 1772 1714 1805 ι
1748 1729 2096 1823 Refugiamus
2129 1729 2168 1782 Β

555 1860 681 1915 ergo
717 1854 956 1898 terrenos
986 1853 1136 1897 actus
1163 1851 1213 1896 et
1263 1842 1670 1911 intelligentiam
1707 1853 2002 1905 terrenam,
2035 1859 2100 1896 ne

557 1936 828 2006 aggravati
859 1934 1088 1988 terrenis
1119 1933 1382 1993 sensibus,
1413 1931 1635 1986 introire
1663 1933 1904 1986 dicamur
1932 1935 1983 1986 in
2014 1935 2093 1987 in-

562 2026 754 2080 feriora
784 2033 958 2086 terrm,
999 2030 1051 2076 et
1085 2029 1269 2089 partes
1296 2020 1529 2088 vulpium
1559 2021 1694 2075 ﬁeri.
1725 2020 1928 2074 lutrant
1954 2024 2096 2075 enim

559 2121 611 2166 et
638 2112 710 2164 illi
744 2113 794 2163 in
825 2109 1074 2164 inferiora
1105 2119 1279 2170 terrae,
1302 2112 1393 2176 qui
1421 2109 1587 2178 legem
1615 2109 1704 2161 Dei
1729 2121 1784 2162 et
1807 2112 2098 2177 repromis-

559 2199 767 2252 sionum
791 2197 949 2259 bona,
973 2194 1322 2262 intelligentia
1357 2203 1580 2246 terrenae
1607 2193 1949 2260 cogitationis
2001 2208 2096 2245 ex-

559 2286 777 2355 cipiunt.
803 2293 854 2335 et
881 2299 981 2335 non
1000 2282 1237 2336 excitant
1263 2282 1470 2334 animas
1497 2281 1792 2333 auditorum
1819 2280 1884 2331 ad
1909 2295 2092 2347 exspe-

559 2382 845 2429 ctationem
901 2372 1221 2434 caelestium,
1286 2379 1340 2423 et
1388 2370 1638 2422 intuitqu
1696 2383 2094 2435 supernorum:

559 2482 680 2521 eum
715 2463 990 2517 evidenter
1026 2459 1310 2529 Apostolus
1346 2459 1485 2513 dicat
1523 2458 1566 2490 ⁸³
1595 2475 1610 2512 z
1650 2475 1668 2508 ι
1719 2457 1774 2510 Si
1815 2472 2099 2510 consurre-

557 2555 713 2612 xistis
749 2567 869 2608 cum
917 2551 1135 2606 Christo
1163 2565 1282 2618 quae
1315 2565 1528 2604 sursum
1573 2558 1699 2602 sunt
1736 2550 1975 2617 quaerite,
2010 2549 2096 2602 ubi

558 2645 800 2700 Christus
839 2651 922 2696 est
959 2642 1009 2694 in
1057 2640 1274 2694 dextera
1322 2639 1412 2692 Dei
1442 2639 1652 2700 sedens,
1681 2653 1784 2690 non
1831 2653 1950 2706 qua:
1975 2647 2100 2690 sunt

557 2751 718 2805 super
743 2744 938 2786 terram
969 2749 983 2785 :
1025 2750 1043 2784 ι
1090 2731 1231 2799 quod
1260 2731 1443 2798 utique
1483 2729 1586 2781 illis
1620 2728 1832 2782 diccbat
1866 2729 2097 2795 Aposto-

559 2823 637 2878 lus
680 2823 744 2889 “,
766 2823 857 2890 qui
887 2830 1102 2874 terrena
1133 2818 1532 2881 observatione,
1576 2815 1804 2869 terrenis
1835 2832 1854 2865 ι
1889 2829 1955 2869 ne
1980 2816 2098 2868 teti-

559 2912 746 2982 geritis
774 2929 792 2962 ι
831 2909 1069 2971 aiebant,
1103 2925 1123 2958 ι
1162 2923 1229 2961 ne
1255 2906 1614 2976 gustaveritis,
1651 2920 1716 2958 ne
1742 2905 2095 2957 attaminave-

2197 516 2497 580 permanet,
2524 508 2635 562 imo
2656 518 2877 574 semper
2897 515 3142 580 augetur,
3171 507 3262 562 Est
3285 523 3420 576 ergo,
3440 513 3555 565 sicut
3573 514 3678 579 Αρο-

2197 597 2367 653 stolus
2398 596 2532 648 dicit
2565 596 2631 659 ³⁷,
2674 593 2944 662 spiritalis
2987 607 3144 660 esca,
3197 611 3310 664 qua:
3351 611 3520 665 quanto
3552 601 3680 672 magis

2199 684 2514 746 insumitur,
2547 692 2697 736 tanto
2727 681 2960 750 amplius
2993 684 3206 737 crescit.
3245 685 3435 750 Quanto
3454 689 3567 742 enim
3591 706 3677 742 am-

2200 776 2337 843 plius
2369 776 2593 829 verbum
2636 772 2735 826 Dei
2771 773 3091 840 sumpseris,
3137 783 3329 842 quanto
3358 775 3595 832 instantius
3625 779 3680 833 ci-

2199 867 2325 918 bum
2357 865 2522 918 istum
2565 860 2896 928 comederis,
2928 869 3076 916 tanto
3107 862 3158 916 in
3186 875 3236 917 te
3279 863 3541 918 afﬂuentius
3561 867 3682 921 abun.

2201 955 2370 1009 dabit.
2426 954 2554 1008 Haec
2586 954 2736 1007 dicta
2777 961 2907 1006 sunt
2944 967 3046 1020 pro
3075 967 3138 1008 eo
3177 955 3314 1022 quod
3362 955 3576 1023 scriptum
3608 967 3681 1021 est,

2206 1063 2224 1096 ι
2263 1046 2331 1098 ad
2363 1043 2800 1098 conservandum
2835 1043 3124 1108 primitias.
3167 1062 3186 1094 ι

2270 1132 2323 1183 7.
2370 1130 2632 1198 Sequitur
2688 1139 2877 1182 autem
2917 1129 2962 1159 ³⁸
3001 1147 3014 1182 :
3047 1147 3066 1180 ι
3105 1130 3177 1183 Ex
3205 1133 3434 1184 omnibus
3475 1147 3569 1201 qua:
3596 1150 3683 1185 san-

2200 1219 2516 1272 ctiﬁcantur
2547 1219 2679 1271 mihi
2716 1233 2746 1269 a
2796 1216 2924 1268 filiis
2959 1215 3144 1270 Israel.
3175 1236 3194 1268 ι
3226 1217 3327 1273 Nec
3369 1220 3459 1273 hoc
3501 1221 3592 1274 sine
3624 1237 3683 1275 sa-

2199 1317 2481 1362 cramento
2517 1309 2756 1372 dicitur;
2790 1323 2898 1361 non
2931 1309 3045 1360 vult
3077 1309 3218 1360 enim
3253 1308 3380 1360 Deus
3418 1310 3592 1362 aliunde
3623 1323 3683 1364 ac-

2199 1399 2382 1465 cipere
2413 1400 2710 1465 primitias,
2747 1401 2851 1453 nisi
2881 1414 2909 1452 a
2941 1399 3285 1453 sanctiﬁcatis
3325 1397 3485 1452 Israel.
3521 1399 3679 1454 Patent

2200 1491 2343 1540 enim
2396 1488 2512 1540 ﬁeri
2547 1498 2610 1560 ut
2647 1499 2706 1542 et
2739 1491 2883 1557 apud
2935 1489 3162 1557 gentiles
3196 1489 3524 1542 invenirentur
3553 1491 3678 1556 aliqua

2199 1591 2361 1644 opera
2393 1579 2556 1646 digna
2586 1577 2717 1633 Deo.
2766 1578 3137 1633 Excoluerunt
3185 1579 3319 1631 enim
3363 1590 3411 1632 et
3451 1580 3563 1633 inter
3598 1581 3679 1633 illos

2202 1665 2365 1734 aliqui
2421 1667 2650 1720 virtutes
2691 1668 2888 1730 animi,
2939 1677 2994 1720 et
3037 1667 3357 1736 pliilosOpliia
3399 1668 3444 1718 iu
3484 1667 3680 1720 nonnullis

2200 1755 2308 1822 egit
2337 1755 2762 1822 aliquantulum,
2795 1759 2891 1810 sed
2935 1771 3043 1809 non
3081 1756 3192 1808 vult
3235 1757 3328 1810 ista
3369 1756 3522 1810 offerri
3546 1757 3584 1809 in
3603 1756 3679 1824 pri-

2202 1841 2389 1893 mitiis.
2420 1842 2498 1894 Ex
2535 1842 2641 1895 illis
2688 1843 2801 1896 vult
2829 1844 2970 1896 Deus
3014 1843 3284 1896 benefacta
3315 1844 3560 1910 suscipere,
3584 1855 3676 1910 quo-

2202 1943 2318 1979 rum
2349 1944 2500 1982 meus
2529 1932 2677 1984 videt
2704 1932 2898 1998 Deum,
2935 1941 2993 1985 et
3022 1932 3111 2001 qui
3145 1931 3441 1985 sanctiﬁcati
3478 1942 3575 1984 sunt
3603 1932 3676 1984 Deo

2201 2031 2294 2082 per
2323 2018 2502 2071 ﬁdem.
2530 2019 2766 2074 Gentilis
2798 2031 2982 2076 autem
3011 2022 3219 2074 etiamsi
3261 2022 3438 2088 aliquid
3467 2021 3673 2073 honestum

2199 2115 2253 2160 et
2291 2107 2568 2175 probabile
2612 2110 2822 2162 habere
2858 2111 3106 2163 videatur
3150 2111 3199 2163 in
3241 2113 3472 2176 moribus,
3498 2111 3572 2164 hoc
3597 2112 3674 2179 ipso

2199 2200 2339 2266 quod
2370 2214 2473 2252 non
2503 2199 2612 2254 Deo
2659 2202 2896 2255 ascribit
2927 2201 3093 2254 animi
3137 2201 3392 2263 virtutem,
3418 2203 3494 2255 sed
3521 2202 3674 2268 jactan-

2203 2287 2288 2338 tiae
2331 2301 2442 2339 suae
2487 2287 2756 2355 deputat,
2803 2303 2913 2342 non
2971 2299 3056 2343 est
3099 2289 3410 2343 sanctiﬁcata
3448 2288 3672 2358 liujusmodi

2200 2373 2472 2440 probitas,
2529 2385 2585 2428 et
2648 2376 2772 2429 ideo
2838 2392 2944 2430 non
3002 2379 3258 2447 recipitur
3306 2380 3427 2432 inter
3467 2379 3670 2446 primitias.

2199 2462 2468 2526 Quantum
2498 2470 2685 2516 autem
2719 2465 2787 2516 ad
2819 2466 3190 2520 deﬁnitionem
3227 2467 3399 2521 littera:
3431 2466 3552 2536 legis,
3573 2465 3670 2517 vidc-

2201 2556 2285 2601 tur
2312 2550 2476 2602 etiam
2508 2551 2830 2621 proselytos
2858 2555 3149 2608 excludere
3179 2557 3245 2608 ab
3280 2554 3578 2621 hujuscemodi
3601 2568 3672 2603 ιιιιι·

2198 2653 2345 2692 nere.
2389 2637 2547 2692 Solos
2591 2642 2742 2694 enim
2793 2643 3164 2698 sanctiﬁcatos
3206 2659 3267 2698 ex
3305 2644 3412 2697 ﬁliis
3441 2642 3566 2697 Israel
3597 2642 3670 2692 vult

2197 2727 2392 2782 oﬂ‘erre
2418 2729 2716 2796 primitias.
2754 2731 2898 2786 Puto
2923 2743 3103 2787 autem
3131 2734 3402 2787 lsraelitetu
3445 2731 3524 2784 dici
3547 2744 3668 2796 posse,

2196 2833 2261 2872 ex
2285 2832 2391 2884 quo
2427 2818 2558 2870 licet
2585 2819 2639 2872 ei
2677 2819 2892 2888 ingredi
2931 2822 2984 2874 in
3025 2822 3310 2875 Ecclesiam
3349 2820 3462 2873 Dei:
3487 2819 3666 2888 scriptum

2195 2913 2278 2958 est
2320 2905 2460 2958 enim
2509 2904 2554 2935 "
2585 2922 2602 2958 :
2646 2925 2664 2956 ι
2701 2904 2821 2959 Non
2870 2909 3266 2962 abominaberis
3299 2906 3556 2968 ldummum,
3586 2902 3667 2967 quia

559 3001 695 3064 ritis,
725 3017 741 3050 ι
771 3000 968 3068 quibus
989 2997 1131 3050 addit
1168 3011 1182 3048 :
1221 3013 1246 3046 ί
1290 2995 1417 3060 Quae
1453 3007 1576 3048 sunt
1603 2995 1781 3049 omnia
1827 2996 1880 3047 in
1907 2993 2094 3048 corru-
2123 3025 2164 3082 ο
2200 2993 2367 3047 frater
2417 3003 2539 3047 tuus
2601 3004 2730 3059 est,
2782 3011 2887 3051 nec
2921 2997 3257 3067 IEgyptiunt,
3305 2996 3515 3066 quoniam
3552 2992 3665 3045 incola

558 3090 794 3159 ptionem
831 3089 944 3157 ipso
972 3103 1095 3154 usu,
1125 3084 1417 3142 secundum
1452 3084 1706 3139 mandata
1737 3094 1791 3138 et
1821 3083 2097 3140 doctrinas

559 3180 852 3235 hominum.
893 3197 913 3231 ι
1532 3173 1537 3178 ’
1843 3218 1846 3221 ,

627 3272 680 3326 6.
709 3271 865 3326 Addit
909 3283 1024 3340 post
1058 3272 1169 3326 haec
1192 3272 1234 3303 ⁸⁵
1266 3287 1282 3323 :
1318 3287 1337 3321 ι
1374 3270 1438 3325 Et
1465 3271 1672 3325 locutus
1713 3283 1794 3326 est
1843 3271 2097 3325 Dominus

558 3362 622 3415 ad
659 3363 832 3415 Aaron
867 3361 1044 3414 dicens
1079 3379 1092 3414 :
1122 3360 1257 3415 Ecce
1302 3376 1399 3430 ego
1429 3359 1549 3415 dedi
1582 3360 1734 3414 vobis
1777 3359 1842 3414 ad
1883 3375 2096 3414 conser-

559 3451 784 3504 vandum
815 3450 1097 3518 primitias.
1133 3469 1154 3501 ι
1183 3450 1434 3516 Quamvis
1460 3450 1510 3503 in
1541 3448 1805 3504 nonnullis
1827 3448 2098 3516 exempla-

546 3538 704 3599 ,ribus
754 3537 1084 3600 Latinorum,
1133 3555 1152 3588 ι
1205 3539 1270 3592 ad
1319 3537 1739 3601 observandum,
1785 3555 1804 3587 ι
1837 3537 2094 3604 scriptum

557 3627 647 3692 sit,
671 3628 848 3680 verius
873 3635 1046 3680 tamen
1074 3637 1154 3681 est
1183 3646 1203 3678 ι
1240 3630 1304 3681 ad
1340 3634 1787 3683 conservandum.
1824 3646 1843 3680 ι
1877 3627 1980 3680 Sed
2009 3640 2093 3680 re-

557 3715 876 3784 quirendum
905 3725 986 3769 est
1013 3718 1275 3785 quomodo
1322 3719 1607 3771 secundum
1651 3717 1818 3786 legem
1849 3716 2096 3783 primitias

556 3812 957 3858 conserventur.
990 3804 1102 3860 Non
1132 3807 1271 3859 enim
1307 3816 1364 3858 ut
1396 3814 1629 3868 servent,
1669 3807 1973 3860 sacerdotes
2006 3819 2094 3857 ac-

559 3893 764 3961 cipiunt
789 3895 1072 3962 primitias,
1096 3897 1187 3950 sed
1227 3907 1284 3950 ut
1331 3899 1616 3950 insuinant.
1659 3895 1930 3960 Quomodo
1968 3908 2094 3963 ergo

557 3982 724 4036 dicit:
753 4000 772 4033 ι
807 3983 943 4037 Ecce
986 3985 1106 4038 dedi
1155 3987 1302 4040 vobis
1346 3985 1606 4053 primitias
1655 3985 1720 4038 ad
1766 3998 2096 4037 conservan-

559 4070 721 4123 dum?
752 4089 770 4119 ι
797 4069 948 4124 Unde
981 4082 1190 4126 constat
1219 4091 1319 4127 non
1355 4089 1508 4142 posse
1550 4074 1648 4127 hoc
1701 4074 1767 4126 ad
1807 4072 1974 4141 legent
2007 4073 2094 4124 lit-

562 4169 707 4220 terae,
753 4157 842 4210 sed
892 4159 955 4229 ad
999 4158 1166 4229 legem
1214 4165 1434 4230 Spiritus
1484 4162 1757 4230 applicari.
1792 4161 1909 4214 Ista:
1953 4163 2094 4214 enim

559 4246 805 4312 primitia:
843 4251 992 4314 quas'
1023 4263 1178 4316 supra
1226 4253 1531 4319 spiritaliter
1559 4251 1924 4318 exposuimus,
1962 4267 2093 4304 con-

2198 3083 2346 3138 fuisti
2376 3083 2611 3136 interra
2648 3082 2900 3153 Egypti.
2936 3084 3062 3138 Filii
3106 3087 3148 3140 si
3183 3086 3284 3138 nati
3321 3083 3488 3138 fuerint
3515 3083 3666 3146 cis,ge-

2196 3167 2474 3228 ner‘atione
2516 3172 2684 3224 tertia
2728 3173 3039 3227 introibunt
3073 3175 3126 3226 in
3155 3173 3421 3226 Eetlesiam
3446 3169 3532 3224 Dei.
3557 3187 3570 3218 ι
3596 3167 3664 3218 Da-

2195 3276 2293 3315 nec
2313 3276 2441 3330 ergo
2461 3260 2710 3314 fructum
2739 3278 2847 3314 non
2880 3261 3040 3315 aﬂ‘ert
3063 3261 3352 3332 Egyptius,
3375 3259 3444 3312 vel
3465 3258 3660 3310 ldumaus.

2195 3365 2294 3406 nec
2321 3350 2511 3404 fecerit
2545 3351 2696 3406 ﬁlios
2723 3354 2916 3420 primm
2940 3361 2997 3404 et
3023 3352 3262 3404 secunda:
3281 3359 3330 3403 et
3349 3347 3490 3401 tertia:
3510 3355 3660 3412 genera-

2196 3443 2376 3504 tionis,
2411 3457 2515 3496 non
2549 3451 2742 3508 potest
2770 3444 3005 3498 introire
3034 3443 3085 3496 in
3115 3441 3384 3496 Ecelesiam
3413 3426 3659 3491 Dominised

2195 3532 2426 3586 ﬁliorum
2463 3535 2760 3600 generatio
2807 3535 2940 3587 facit
2991 3549 3086 3588 eos
3126 3532 3336 3586 introire
3371 3529 3416 3580 in
3449 3519 3654 3577 Ecclesia!“

2198 3622 2425 3676 Domini.
2457 3621 2737 3678 Observet
2774 3625 3089 3694 diligentius
3120 3624 3207 3692 qui
3248 3621 3360 3688 legit
3395 3619 3554 3669 litteras
3571 3607 3659 3661 divi~

2195 3729 2311 3777 nas,
2349 3722 2405 3766 et
2440 3728 2544 3766 non
2589 3723 2649 3766 ut
2690 3715 2823 3769 libet
2877 3716 3173 3784 Scriptura:
3205 3711 3356 3765 verba
3386 3703 3657 3776 pertranseat:

2195 3801 2286 3854 sed
2321 3801 2546 3867 aspiciat
2579 3802 2653 3854 ad
2687 3817 3136 3870 unumquemque
3164 3811 3456 3858 sermonem,
3475 3786 3657 3870 quomodo

2196 3905 2298 3943 nou
2328 3889 2489 3948 dixit,
2510 3890 2553 3941 si
2606 3891 2722 3942 nati
2768 3869 2977 3944 fuerint
3011 3869 3090 3944 eis
3115 3890 3204 3942 ﬁlii
3230 3887 3305 3940 vel
3336 3886 3453 3944 ﬁliae,
3479 3878 3546 3932 sed
3567 3894 3578 3925 ι
3599 3869 3658 3924 ﬁlii

2195 3977 2237 4030 si
2275 3977 2382 4030 nati
2413 3977 2626 4030 fuerint
2666 3979 2772 4040 eis,
2801 3981 2964 4032 tertia
3009 3977 3339 4046 generatione
3380 3960 3658 4026 introibuulin

2195 4063 2488 4116 Ecclesiam
2513 4065 2763 4118 Domini.
2780 4084 2798 4115 ι
2832 4065 2898 4119 Ει
2918 4067 3219 4127 considera,
3240 4067 3277 4118 si
3297 4049 3655 4131 pol(:S.$ec"“d“m

2195 4153 2477 4220 mysticum
2509 4167 2771 4218 sensum,
2805 4170 2906 4208 cur
2955 4156 3056 4209 soli
3104 4156 3190 4209 lilii
3222 4154 3338 4214 sint,
3369 4164 3454 4201 non
3481 4142 3594 4198 etiam
3617 4135 3657 4185 ﬁ-

2197 4243 2295 4304 liae,
2321 4243 2412 4310 qui
2439 4242 2656 4298 faciunt
2688 4246 2920 4300 introire
2949 4257 3130 4314 patres
3151 4247 3200 4298 in
3220 4241 3473 4298 Ecclesium
3498 4226 3657 4286 Domini.

559 4333 762 4386 servari
790 4345 1024 4401 possunt,
1054 4337 1153 4390 illm
1179 4355 1279 4391 non
1309 4350 1546 4408 possunt.
1571 4338 1674 4391 Sed
1700 4347 1753 4392 et
1775 4339 1818 4391 si
1846 4339 2094 4392 Christus
2125 4330 2166 4382 Ῑ)
2199 4331 2441 4398 Denique
2479 4332 2742 4387 ίιινθιιῖθε
2767 4335 2936 4388 etiam
2984 4344 3194 4388 sam—“‘05
3231 4332 3402 4401 (ιιιῑὺυε
3427 4321 3611 4408 “humili
3633 4327 3654 4362 ³

560 4431 641 4475 est
669 4423 954 4476 secundum
982 4426 1284 4494 Apostolum
1309 4429 1574 4497 primitiae,
1601 4444 1724 4482 vere
1767 4429 1880 4482 ista:
1909 4430 2094 4497 primi-

562 4511 646 4564 tizn
675 4511 740 4565 ad
770 4517 1184 4570 conservandum
1220 4518 1354 4572 data:
1395 4529 1520 4572 sunt
1567 4518 1736 4571 nobis.
1769 4518 1906 4582 Quid
1950 4517 2092 4570 enim

563 4610 668 4654 tam
697 4599 930 4668 beatum,
948 4618 1098 4671 quam
1133 4614 1187 4658 ut
1211 4608 1384 4659 anima
1405 4621 1520 4674 qua:
1545 4607 1777 4673 suscepit
1801 4607 2090 4669 Christum,

559 4704 768 4760 semper
791 4707 909 4746 eum
940 4704 1239 4759 conservet,
1273 4705 1326 4749 et
1354 4709 1562 4763 semper
1589 4694 1778 4747 habeat
1815 4694 1868 4746 in
1896 4709 1952 4747 se
1982 4710 2094 4746 ma-

559 4783 808 4836 nentem‘l
836 4783 900 4836 Et
929 4783 1046 4838 talis
1085 4787 1259 4838 anima
1306 4800 1424 4838 vere
1474 4783 1732 4851 primitias
1779 4784 1999 4851 suscipit
2028 4785 2095 4838 ad

558 4873 1002 4926 conservandum.
1033 4872 1163 4926 Nam
1192 4874 1294 4926 illa:
1321 4871 1565 4942 primitiae
1592 4885 1708 4937 qua:
1732 4869 2096 4926 offerebantur

559 4958 608 5010 in
639 4958 770 5026 lege,
808 4964 1260 5016 consumebantur
1303 4979 1394 5032 per
1441 4961 1610 5023 cibos,
1637 4969 1692 5014 et
1739 4960 1994 5028 ingressa:
2041 4963 2092 5016 in

555 5055 814 5113 ventrem,
855 5049 1234 5119 dirigebantur,
1271 5062 1326 5103 ιιι
1373 5046 1713 5115 Evangelium
1754 5047 1885 5099 dicit
1918 5051 1982 5112 “,
2041 5051 2092 5103 in

556 5148 845 5191 secessum.
875 5138 1010 5194 Istas
1048 5150 1220 5193 autem
1263 5139 1525 5207 primitias
1554 5136 1641 5204 qui
1673 5136 2092 5206 manducaverit,

555 5234 611 5276 et
635 5230 926 5294 gustaverit
971 5243 1160 5298 panem
1213 5231 1300 5297 qui
1347 5229 1411 5280 de
1473 5225 1607 5278 cmlo
1658 5225 1951 5288 descendit,
1988 5243 2092 5282 non

557 5317 834 5385 morietur,
865 5321 955 5374 sed
981 5327 1253 5388 permanet
1278 5319 1328 5372 iu
1375 5317 1532 5370 vitam
1567 5325 1843 5370 aeternam.
1875 5317 1974 5371 Iste
2011 5327 2096 5375 est

627 5490 670 5526 ’9
696 5491 827 5544 Psal.
864 5510 992 5555 uti,
1016 5494 1099 5557 l0,
1129 5497 1207 5549 ll.
1285 5496 1323 5526 ³³
1359 5493 1508 5548 Cant.
1539 5509 1595 5546 ιι.

1699 5494 1739 5524 ³³
1767 5493 1894 5546 an.
1927 5511 2046 5560 xm,
2072 5497 2164 5555 ³52.

563 5568 708 5618 mu,
742 5561 792 5611 8.
869 5564 910 5594 "
933 5564 1120 5616 Matth.
1151 5579 1233 5630 xv,
1277 5565 1355 5617 ΙἸ.
1433 5563 1472 5591 ³⁷
1506 5562 1523 5613 l
1554 5564 1677 5616 (lor.
1731 5578 1780 5617 κ.
1857 5563 1898 5593 ³⁸
1931 5563 2090 5622 Num.

2202 5584 2284 5641 ιιι,
2325 5576 2381 5632 8.

2201 4423 2308 4475 Deo
2362 4423 2748 4477 testimonium
2812 4425 2998 4486 datur,
3057 4423 3263 4475 diﬁieile
3307 4419 3439 4482 ﬁlias,
3465 4410 3533 4465 sed
3564 4404 3653 4456 ίιιίοῧ

2196 4512 2468 4584 genuisse.
2499 4513 2790 4568 Abraham
2825 4531 2932 4567 non
2957 4514 3138 4583 genuit
3171 4513 3314 4574 ﬁlias,
3349 4507 3468 4560 Isaac
3494 4494 3652 4584 neci?“

2197 4601 2436 4668 QUi‘lelll.
2469 4601 2630 4656 solus
2653 4603 2830 4658 Jacob
2858 4620 3021 4657 unam
3045 4602 3241 4670 genui!,
3265 4583 3651 4663 etipsamfratrilius

2200 4703 2261 4764 3“:
2290 4692 2616 4757 Ilarelllibus
2649 4709 2900 4762 gravem.
2941 4690 3302 4748 Contaminata
3342 4684 3459 4739 enim
3477 4678 3527 4730 ab
3546 4670 3652 4724 Emor

2200 4779 2312 4832 ﬁlio
2336 4780 2556 4832 Sichetn
2573 4823 2589 4846 ,
2607 4785 2964 4852 opprobrium
2999 4782 3177 4853 generi
3198 4789 3247 4832 et
3265 4775 3473 4829 vindicta:
3489 4765 3669 4853 [υιοςεω.

2195 4868 2460 4924 fratribus
2477 4847 2770 4928 excitavit.
2803 4875 2910 4930 Sed
2929 4883 2984 4928 et
3001 4847 3095 4927 ter
3129 4875 3179 4926 in
3211 4880 3339 4922 anno
3358 4864 3559 4932 apparere
3579 4847 3669 4898 Do"

2197 4959 2344 5012 mino
2369 4958 2596 5026 iubetur
2623 4979 2790 5018 omne
2827 4964 3196 5018 masculintun.
3240 4954 3430 5012 Femina
3459 4945 3510 5040 all
3535 4948 3667 5040 “PP?!

2196 5052 2423 5104 rendum
2451 5053 2684 5108 Domino
2720 5071 2827 5108 non
2861 5064 3104 5110 vocatur.
3133 5051 3220 5105 Sic
3244 5061 3358 5115 ergo
3379 5041 3417 5096 si
3436 5035 3530 5108 quis
3549 5027 3646 5121 δειιο

2193 5142 2371 5210 pturis
2397 5141 2601 5197 divinis
2630 5146 2924 5214 diligenter
2957 5144 3212 5202 intendat,
3239 5134 3444 5192 inveniet
3463 5139 3541 5180 υοη
3562 5125 3650 5214 (ξυῒ

2195 5209 2311 5283 sum
2341 5231 2487 5298 quod
2528 5231 2659 5285 alibi
2699 5209 2923 5302 quidem
2978 5232 3213 5286 nominat
3255 5240 3362 5281 cum
3404 5215 3501 5272 ﬁliis
3535 5209 3644 5260 vlim

2197 5321 2359 5388 ﬁlias,
2389 5320 2518 5376 alibi
2565 5333 2751 5378 autem
2801 5323 3033 5378 ﬁliarum
3086 5338 3186 5376 non
3234 5318 3349 5372 facit
3389 5303 3657 5396 mentionem.”

2241 5503 2286 5534 ³³
2310 5503 2522 5559 Coloss.
2552 5517 2638 5566 ιιι,
2676 5505 2726 5568 Ι,
2753 5503 2808 5556 2.
2889 5503 2932 5535 “
2955 5501 3152 5556 Coloss.
3177 5513 3229 5564 ιι,
3252 5495 3330 5558 2|,
3352 5487 3425 5542 93.
3486 5472 3655 5526 "Mm"

2463 5574 2503 5606 ³⁹
2547 5571 2706 5625 Deut.
2747 5587 2902 5638 unt,
2933 5571 2984 5636 7,
3008 5571 3061 5625 8.
