3838 6238
146 336 294 446 φτ»

1490 363 1555 417 ΙΝ
1591 361 1914 416 NUMEBUS
1951 359 2230 412 HOMILIA
2264 349 2359 407 XI.

3365 352 3475 408 65L

172 458 366 550 ,ῥιὶιὶα
386 471 514 530 οι·ςο
553 462 826 531 primitie
873 483 1042 534 qua:
1089 475 1472 542 offeruntur-,3
1501 477 1844 532 sanctiﬁcalis
1869 477 1915 530 Α
1941 480 2058 526 clus
2109 471 2210 525 dici
2260 470 2469 535 potest:
2498 477 2624 520 vere
2668 477 2841 522 autem
2889 478 2941 520 et
2985 481 3191 535 semper
3255 476 3473 520 sanctus

220 552 333 618 (“iis
354 547 535 618 ὶδηθὶν
559 566 668 605 ῐιοῐὶ
704 553 902 609 “iam
967 575 1011 614 a
1073 564 1304 620 ﬁliabus
1337 566 1588 632 iubentur
1618 565 1793 619 oﬁerri
1824 582 1838 618 :

175 659 338 732 Allia
359 651 528 697 tamen
573 643 898 732 secundum
967 656 1307 722 spiritalem
1351 655 1696 718 intellectum,
1735 669 1838 714 non

193 735 309 820 ρὰ
343 747 532 820 suus.
578 730 670 785 sed
715 733 1093 795 animarum
1145 742 1524 800 discretionem
1568 741 1841 796 referenda

207 835 385 904 ﬁunt.
414 841 434 874 t
460 819 575 875 Tibi
602 823 768 886 enim,
814 825 1044 896 inquit
1075 829 1160 894 ⁸ο,
1189 831 1306 885 dedi
1360 845 1421 886 ea
1473 832 1522 884 in
1558 831 1840 890 honorem,

203 926 298 996 με
320 915 447 969 ﬁliis
470 913 568 967 tuis
596 923 714 981 post
741 923 794 968 te
827 915 1191 986 legitimum
1224 932 1500 976 aeternum.
1545 939 1562 970 ι
1592 919 1731 982 Tibi,
1757 921 1842 972 in-

200 1005 538 1088 épiiLCuii
561 1005 882 1072 Aaron,sine
908 1010 1108 1066 dubio
1139 1011 1500 1080 respondebis.
1533 1009 1636 1064 Sed
1667 1024 1842 1064 sermo

231 1101 358 1170 qui
407 1099 652 1166 sequitur,
679 1097 848 1165 magis
903 1099 984 1153 de
1052 1117 1188 1155 vero
1232 1100 1480 1168 pontiﬁce
1527 1100 1757 1162 Christo,
1791 1109 1844 1152 et

263 1194 402 1248 (iliis
424 1191 577 1262 310
601 1190 712 1258 eius
736 1189 1042 1256 apostolis,
1070 1201 1129 1246 et
1155 1191 1460 1244 doctoribus
1485 1190 1840 1244 Ecclesiarum

273 1284 469 1338 suadet
493 1279 734 1346 intelligi.
765 1277 852 1330 Ait
876 1277 1040 1331 enim
1079 1295 1093 1332 :
1122 1297 1141 1329 1
1172 1280 1488 1348 Legititnnm
1510 1287 1786 1332 aaternutn.
1817 1295 1836 1327 ι

271 1370 561 1437 Quomodo
601 1383 723 1435 ergo
753 1375 1032 1419 mlernnm
1070 1378 1247 1433 potest
1289 1381 1410 1420 esse
1453 1367 1592 1434 quod
1635 1365 1842 1418 visibile

267 1460 387 1514 est?
419 1474 551 1511 cum
583 1455 864 1524 Apostolus
903 1454 1062 1508 dicat
1090 1455 1132 1484 δ’
1167 1471 1179 1506 :
1215 1472 1231 1503 ι
1265 1455 1391 1518 Quae
1415 1447 1837 1509 enimvidentur,

265 1547 598 1616 temporalia
632 1553 794 1607 sunt;
829 1558 950 1608 quas
986 1551 1168 1596 autem
1195 1556 1298 1594 non
1350 1541 1611 1603 videntur,
1643 1548 1840 1592 :eterna

260 1649 414 1694 sunt.
458 1656 479 1688 ι
521 1636 581 1690 Si
633 1649 760 1704 ergo
793 1633 1039 1687 visibiles
1089 1642 1217 1687 sunt
1259 1632 1506 1700 primitiae
1548 1646 1665 1699 qua:
1712 1629 1842 1684 olfe-

261 1737 467 1781 runtur
497 1731 708 1787 Aaron,
742 1738 860 1790 qua:
910 1722 1142 1775 visibilia
1181 1733 1325 1786 sunt,
1364 1723 1464 1776 dici
1510 1729 1703 1774 aderna
1739 1736 1840 1772 non

258 1827 520 1884 possunt.
555 1815 828 1868 Similiter
858 1821 914 1866 et
945 1813 1287 1866 circumcisio
1314 1811 1557 1872 visibilis,
1582 1821 1634 1864 et
1655 1825 1837 1878 azyma

255 1909 514 1969 visibile,
558 1913 617 1960 et
669 1905 874 1972 pascha
923 1901 1134 1955 visibile
1191 1915 1406 1954 necesse
1451 1910 1531 1954 est
1584 1909 1838 1953 aeternum

260 2013 374 2050 non
405 2011 554 2061 esse,
579 1996 678 2048 sed
715 1993 1030 2059 temporale,
1056 1993 1180 2059 quia
1205 2007 1324 2058 quae
1351 1991 1612 2050 videntur,
1643 1999 1841 2056 tempo-

255 2088 404 2140 ralia
455 2096 611 2140 sunt.
677 2084 743 2136 Et
795 2096 988 2135 rursus
1033 2082 1078 2112 “
1108 2097 1122 2132 :
1155 2081 1198 2132 si
1254 2093 1372 2146 qua:
1419 2094 1522 2131 non
1571 2079 1840 2137 videntur,

251 2189 472 2231 eterna
529 2183 686 2235 sunt,
725 2188 857 2241 ergo
905 2183 958 2225 et
1007 2172 1285 2225 invisibilis
1329 2171 1683 2234 circumcisio,
1727 2185 1842 2238 qna:

251 2274 350 2318 est
384 2267 440 2317 in
468 2265 714 2324 occulto,
750 2274 953 2315 aeterna
990 2271 1091 2325 est,
1128 2270 1180 2312 et
1210 2275 1398 2328 azyma
1432 2259 1753 2312 sinceritatis
1791 2269 1845 2310 et

255 2351 546 2414 veritatis,
567 2360 624 2402 et
659 2350 840 2415 ipsum
875 2348 1000 2414 quia
1026 2362 1089 2400 ex
1110 2347 1174 2399 iis
1202 2355 1416 2413 estquae
1445 2361 1550 2398 non
1577 2345 1841 2404 videntur,

249 2451 537 2494 asternum
579 2448 693 2496 est.
738 2438 916 2491 Simili
963 2452 1089 2505 ergo
1132 2435 1287 2488 modo
1315 2444 1367 2488 et
1409 2435 1522 2488 haec
1551 2449 1652 2487 non
1683 2435 1730 2487 ei
1757 2434 1842 2499 qui

254 2530 325 2582 in
355 2529 684 2589 manifesto,
721 2527 822 2580 sed
855 2527 930 2579 illi
975 2528 1062 2592 qui
1094 2527 1144 2578 in
1175 2524 1382 2579 occulto
1411 2525 1621 2578 Judaeus
1660 2531 1762 2587 est,
1791 2534 1845 2576 et

250 2617 362 2685 qui
412 2617 644 2685 spiritu,
701 2630 814 2668 non
852 2615 1028 2667 littera
1074 2613 1241 2682 legem
1288 2614 1520 2668 custodit
1557 2613 1844 2669 secundum

252 2707 592 2760 interiorem
627 2705 936 2766 hominem,
965 2703 1200 2770 legitima
1253 2710 1306 2755 et
1340 2705 1537 2755 aeterna
1575 2701 1842 2754 dicuntur.

256 2813 290 2846 ο
338 2796 399 2848 Et
435 2798 542 2849 hoc
584 2795 665 2850 sit
709 2793 870 2847 vobis
914 2807 979 2845 ex
1028 2791 1093 2844 iis
1135 2805 1254 2860 quae
1294 2789 1690 2844 sanctiﬁcantur
1724 2805 1846 2844 san-

253 2886 380 2939 etis
408 2885 473 2936 ⁵³.
512 2901 536 2934 ι

345 2974 396 3028 8.
423 2973 503 3027 De
533 2970 834 3027 sacriﬁciis
860 2970 1144 3038 aliquoties
1187 2970 1321 3036 apud
1350 2970 1717 3037 memetipsum
1749 2969 1844 3022 ista

1940 561 2083 615 solus
2109 569 2188 614 est
2213 559 2371 611 Deus.
2400 553 2492 609 Vis
2539 565 2716 610 autem
2753 557 2843 610 tibi
2886 568 2938 609 et
2972 559 3035 610 de
3073 558 3367 624 Scripturis
3393 558 3474 610 di-

1939 650 2078 704 vinis
2110 649 2267 717 hujus
2307 644 2475 716 apicis
2511 633 2628 716 ’(24)
2660 645 2896 714 aperiam
2925 645 3310 699 diﬁ‘erentiam?
3341 650 3472 698 Audi

1940 739 2206 806 quomodo
2250 737 2443 792 Paulus
2497 739 2560 791 ad
2623 736 2872 792 Hebrtcos
2925 735 3165 788 scribens
3215 735 3342 788 dicit
3377 735 3470 789 ’⁵⁸1

1947 843 1966 876 ι
2000 826 2098 891 Qui
2131 826 2270 879 enim
2295 825 2612 890 sanctiﬁcat,
2634 835 2689 879 et
2711 826 2798 893 qui
2833 823 3248 885 sanctiﬁcantur,
3275 839 3338 875 ex
3372 839 3474 876 uno

1940 929 2145 968 onmes.
2179 933 2198 965 1
2230 914 2358 980 Quis
2382 928 2507 982 ergo
2533 913 2860 967 sanctiﬁcat?
2880 912 3122 965 Christus
3145 911 3259 964 sine
3280 911 3472 965 dubio:

1943 1011 1996 1056 et
2034 1005 2121 1071 qtti
2168 1001 2602 1056 sanctiﬁcantnr?
2642 1001 2917 1054 credentes
2947 1000 2996 1050 in
3028 997 3261 1053 Christo.
3305 997 3478 1051 Mani-

1943 1090 2134 1144 festum
2166 1105 2292 1159 ergo
2332 1101 2413 1144 est
2446 1091 2585 1158 quod
2622 1089 2708 1156 qui
2742 1088 3058 1151 sanctiﬁcat,
3112 1100 3328 1140 sanctus
3375 1097 3476 1157 est,

1942 1181 2062 1248 quia
2093 1195 2300 1247 semper
2326 1188 2545 1233 sanctus
2568 1188 2668 1233 est.
2699 1178 2795 1242 Qui
2847 1189 3019 1230 antem
3055 1178 3475 1243 sanctilicantnr,

1943 1285 2044 1322 non
2081 1269 2394 1337 simpliciter
2437 1269 2631 1331 sancti,
2678 1269 2767 1321 sed
2811 1267 3121 1321 sanctiﬁcati
3173 1269 3342 1321 sancti
3391 1268 3474 1320 tii-

1941 1359 2091 1412 cendi
2125 1365 2262 1411 sunt.
2294 1358 2398 1412 Nec
2424 1368 2576 1425 putes
2620 1359 2741 1412 huic
2772 1359 2948 1412 sensui
2993 1373 3110 1411 esse
3149 1359 3474 1410 contrarium

1942 1447 2068 1499 illud
2091 1447 2228 1514 quod
2262 1448 2325 1500 de
2347 1445 2557 1500 Christo
2600 1448 2855 1514 scriptum
2886 1448 3106 1514 legimus
3134 1447 3177 1478 “
3208 1462 3221 1498 :
3259 1465 3276 1497 t
3312 1454 3476 1512 Quem

1944 1539 2098 1593 Pater
2125 1541 2476 1595 sanctiﬁcavit
2501 1551 2552 1594 et
2584 1543 2725 1595 misit
2754 1545 2806 1595 in
2839 1544 2978 1596 hunc
3013 1545 3286 1596 mundum.
3327 1563 3344 1594 1
3379 1545 3479 1598 Hic

1942 1633 2083 1686 enim
2109 1633 2197 1700 qui
2226 1631 2610 1694 sanctiﬁcatur,
2661 1635 2948 1686 secundum
2979 1649 3193 1688 carnem
3233 1634 3480 1688 Christus

1943 1728 2044 1782 est,
2079 1735 2183 1773 non
2215 1721 2503 1774 secundum
2530 1719 2794 1784 spiritum.
2825 1719 2954 1772 Nam
3002 1722 3291 1774 secundum
3323 1721 3481 1788 spiri-

1947 1818 2055 1860 ttttn
2087 1809 2285 1875 pariter
2311 1817 2360 1862 et
2401 1809 2689 1861 secundum
2728 1823 2940 1861 carnem
2970 1807 3213 1861 Christus
3238 1809 3372 1861 dixit
3395 1810 3476 1863 δτι

1949 1919 1966 1948 ς
2005 1898 2112 1966 Ego
2147 1900 2426 1952 sanetiﬁco
2458 1901 2716 1968 meipsnm
2755 1913 2849 1966 pro
2876 1900 2953 1952 eis
2985 1916 2999 1951 :
3035 1920 3054 1950 ι
3080 1909 3134 1951 ut
3168 1901 3253 1965 qui
3283 1902 3480 1955 sancti-

1947 1989 2096 2052 ﬁcat,
2145 1990 2429 2041 secundum
2468 1989 2710 2054 Spiritum
2763 1989 3132 2058 intelligatur:
3173 1992 3258 2056 qui
3307 2001 3479 2044 autem

1945 2077 2302 2129 sanctiﬁeatnr
2328 2092 2421 2144 pro
2450 2077 2738 2144 discipulis,
2765 2080 3056 2131 secundum
3085 2094 3320 2144 carnem,
3345 2096 3482 2133 unus

1948 2174 2119 2217 tamen
2147 2174 2302 2231 atque
2325 2165 2460 2216 idem
2502 2164 2745 2218 Christus
2767 2168 2856 2230 sit,
2881 2169 2969 2234 qui
3019 2183 3158 2220 nunc
3200 2167 3252 2218 in
3289 2169 3478 2234 spiritu

1946 2253 2260 2317 sanctiﬁcat,
2292 2268 2430 2305 nunc
2472 2255 2838 2308 sanctiﬁcatur
2873 2257 2924 2309 in
2963 2271 3142 2310 carne.
3188 2256 3267 2307 Ab
3305 2258 3484 2310 omni-

1949 2341 2044 2394 bus
2061 2357 2185 2410 ergo
2203 2342 2458 2397 fruetibns
2480 2345 2819 2397 sanctiﬁcante
2836 2357 3030 2402 sancta:
3053 2355 3175 2398 sunt
3199 2344 3481 2398 oﬁerendaa

1948 2432 2212 2497 primitias,
2240 2434 2330 2486 sed
2353 2433 2582 2500 spiritali
2611 2435 2868 2501 pontiﬁci.
2901 2435 2974 2487 Bx
3005 2434 3194 2502 quibus
3215 2449 3342 2500 ergo
3369 2437 3480 2488 11⁸11-

1948 2521 2120 2574 1·ιί11118
2171 2524 2433 2590 spiritales
2479 2525 2740 2591 primitias
2801 2524 3122 2592 oﬁ'eretntts‘?
3167 2526 3306 2578 Audi
3353 2537 3482 2592 quot

1949 2608 2152 2662 fructus
2202 2621 2479 2664 enumeret
2535 2611 2816 2678 Apostolus
2841 2613 2884 2642 “
2933 2630 2993 2664 ε(
3029 2612 3258 2666 Fructus
3304 2624 3479 2666 autem

1949 2699 2164 2766 spiritus
2190 2709 2290 2760 est.
2325 2701 2574 2762 charitas,
2599 2703 2866 2770 gaudium,
2908 2718 3030 2770 pax,
3062 2684 3347 2770 patientia,
3380 2721 3398 2754 1
3429 2713 3485 2757 et

1949 2796 2164 2842 cmtera.
2204 2789 2344 2853 Quas
2392 2789 2550 2856 igitur
2579 2777 2836 2854 primitias
2879 2806 2940 2842 ex
2979 2791 3259 2842 charitatis
3289 2789 3479 2852 fructu,

1950 2879 2037 2946 qui
2063 2879 2262 2945 primus
2285 2888 2367 2932 est
2403 2879 2607 2932 fructus
2631 2880 2867 2946 spiritus,
2891 2880 3172 2933 offeramus
3198 2895 3322 2934 vero
3353 2896 3452 2944 pon
3469 2910 3485 2922 -

1953 2969 2115 3022 tiﬁci?
2165 2969 2282 3021 Ilias
2323 2983 2423 3037 ego
2469 2977 2595 3036 puto
2639 2983 2756 3022 esse
2798 2969 3060 3036 primitias
3102 2970 3400 3033 charitatis,
3427 2981 3485 3024 nt

255 3077 606 3131 percurrens
658 3058 924 3126 requisivi
964 3076 976 3110 :
1010 3073 1248 3125 qmenam
1292 3072 1475 3111 essent
1517 3058 1843 3111 sanctiﬁcata
1875 3094 1916 3149 C
1950 3060 2163 3127 diligam
2199 3058 2474 3112 Dominum
2505 3061 2666 3113 Deum
2704 3075 2879 3115 meum
2907 3077 2970 3115 ex
3005 3070 3117 3114 toto
3153 3061 3313 3114 corde
3343 3077 3481 3124 meo,

252 3163 480 3214 sancta,
509 3161 568 3204 et
597 3149 825 3202 videtur
865 3147 996 3199 mihi
1033 3150 1182 3214 quasi
1233 3149 1296 3200 ad
1343 3148 1734 3201 distinctionem
1761 3162 1852 3200 eo-

258 3255 396 3294 rum
419 3255 545 3309 qua:
586 3252 700 3291 non
734 3235 1074 3288 Sanctiﬁcata
1108 3248 1292 3289 sancta
1333 3247 1476 3297 sunt,
1506 3237 1590 3289 hic
1620 3237 1852 3290 sanctiﬁ-

253 3338 395 3381 cata
427 3339 628 3383 sancta
671 3326 901 3378 dixisse.
937 3324 1072 3378 Puto
1102 3339 1227 3393 ergo
1256 3325 1393 3393 quod
1431 3334 1644 3378 sanctus
1677 3325 1848 3390 Spiri-

259 3427 368 3470 lus
396 3419 463 3471 ita
516 3427 759 3470 sanctus
807 3415 1000 3475 sit,’ut
1041 3395 1143 3466 non
1189 3415 1261 3467 sit
1305 3415 1687 3467 sanctiﬁcatns.
1738 3413 1849 3468 Non

254 3507 416 3559 enim
443 3506 494 3558 ei
524 3501 888 3559 extrinsecus
909 3511 964 3551 et
991 3500 1203 3554 aliunde
1227 3504 1455 3554 accessit
1480 3501 1848 3565 sanctiﬁcatio,

255 3608 396 3658 quae
425 3603 559 3646 ante
607 3604 724 3644 non
755 3585 952 3648 fuerat,
988 3588 1080 3640 sed
1119 3603 1329 3656 semper
1370 3588 1468 3640 fuit
1501 3598 1732 3654 sanctus,
1758 3604 1853 3642 nee

257 3677 486 3732 initium
530 3681 810 3732 sanctitas
855 3680 969 3746 ejus
1010 3678 1234 3746 accepit.
1281 3675 1555 3744 Similique
1591 3678 1747 3730 modo
1787 3679 1852 3730 de

254 3764 432 3821 Patre
461 3782 515 3822 et
547 3769 698 3822 Filio
728 3755 1131 3837 intelligendum
1165 3777 1265 3820 est.
1301 3767 1422 3819 Sola
1451 3766 1592 3819 enim
1623 3767 1852 3820 Trinita-

258 3855 355 3906 tis
381 3859 698 3911 substantia
750 3867 858 3920 est,
901 3872 1018 3924 quae
1074 3871 1178 3909 non
1262 3858 1591 3910 extrinsecus
1638 3870 1850 3924 accepta

257 3947 747 4007 sanctiﬁcatione,
789 3947 885 3998 sed
933 3947 1014 3998 sui
1059 3957 1250 3999 natura
1299 3949 1368 3999 sit
1422 3957 1628 4000 sancta.
1669 3946 1852 4001 Omnis

256 4044 404 4085 vero
423 4044 694 4087 creatura
724 4033 805 4086 vel
833 4032 1144 4100 dignatione
1165 4035 1332 4088 SullCli
1363 4036 1616 4103 Spiritus,
1640 4037 1720 4090 vel
1746 4053 1855 4090 me-

259 4118 501 4174 ritorum
575 4121 805 4174 ratione
875 4121 1210 4174 sanctiﬁcata
1260 4133 1440 4175 sancta
1491 4125 1714 4179 dicetur.
1763 4127 1854 4180 Sic

259 4220 401 4273 ergo
425 4220 484 4263 et
515 4210 798 4276 scriptum
847 4209 1074 4276 legimus
1100 4210 1185 4261 “:
1217 4227 1236 4260 ‹
1269 4211 1449 4264 Sancti
1492 4222 1680 4277 estote,
1723 4229 1855 4281 quo-

262 4294 412 4350 uiam
433 4314 541 4367 ego
571 4307 807 4352 sanctus
849 4312 990 4362 sum,
1030 4317 1048 4348 1
1084 4299 1214 4351 dicit
1246 4299 1501 4353 Dominus
1547 4302 1700 4356 Deus.
1737 4303 1850 4356 Non

1949 3159 1999 3202 et
2027 3163 2087 3202 ex
2110 3157 2213 3202 tota
2233 3151 2406 3201 anima
2427 3165 2562 3214 mea,
2583 3159 2637 3204 et
2658 3165 2719 3204 ex
2747 3159 2848 3207 tota
2872 3160 3047 3204 mente
3069 3165 3202 3205 mea.
3218 3151 3335 3204 Ista:
3361 3164 3486 3205 sunt

1949 3244 2212 3308 primitiae.
2240 3245 2371 3308 Quid
2400 3251 2572 3296 autem
2599 3250 2679 3293 est
2702 3241 2839 3306 quod
2863 3255 2925 3294 ex
2952 3241 3050 3294 isto
3077 3241 3358 3294 charitatis
3381 3241 3502 3293 fru-

1950 3343 2034 3382 t-tn
2058 3333 2288 3383 secundo
2318 3333 2434 3385 loco
2456 3332 2652 3386 habere
2684 3330 2942 3382 debeam?
2966 3329 3030 3384 Ut
3056 3331 3271 3396 diligam
3299 3331 3481 3398 proxi-

1951 3434 2093 3471 mum
2121 3434 2292 3470 tneum
2327 3423 2462 3471 sicut
2495 3419 2773 3484 meipsum.
2800 3417 2905 3469 Illa!
2926 3431 3049 3484 ergo
3087 3417 3330 3484 primitias
3357 3418 3485 3470 cha-

1951 3507 2122 3559 ritatis
2144 3506 2249 3559 Deo
2270 3507 2563 3561 oﬁ‘eruntur
2601 3521 2694 3573 per
2723 3506 3042 3574 pontiﬁcem,
3078 3506 3190 3559 haec
3218 3519 3346 3558 vero
3367 3523 3485 3574 quae

1951 3596 2002 3646 in
2045 3595 2276 3648 secando
2313 3603 2437 3648 sunt
2481 3594 2618 3658 loco,
2681 3596 2809 3648 meis
2866 3594 3047 3647 usibus
3091 3594 3482 3662 relinquuntur.

1949 3683 2082 3735 Puto
2133 3695 2250 3735 esse
2291 3682 2489 3749 aliquid
2521 3697 2586 3735 ex
2631 3681 2733 3734 hoe
2773 3681 2944 3733 fructu
2998 3683 3134 3748 quod
3181 3682 3333 3735 tertio
3370 3683 3487 3738 loco

1952 3773 2249 3826 habendam
2287 3774 2390 3833 sit,
2444 3781 2502 3824 ut
2553 3770 2767 3838 diligam
2807 3773 2966 3824 etiam
3021 3772 3268 3826 inimicos
3315 3787 3485 3828 meos.

1952 3861 2083 3914 Vide
2112 3870 2309 3924 autem,
2349 3861 2390 3912 si
2437 3868 2608 3927 potes,
2636 3859 2880 3910 similiter
2911 3859 3044 3912 etde
3067 3861 3273 3912 caeteris
3304 3860 3489 3913 fructi-

1951 3953 2049 4002 bus
2109 3951 2327 4018 spiritus
2373 3949 2570 4001 similes
2622 3948 2861 4000 invenire
2901 3948 3176 4014 primitias.
3222 3947 3528 4020 Gaudium.

1951 4040 2181 4091 secundo
2236 4039 2349 4091 loco
2405 4038 2608 4090 fructus
2657 4037 2872 4104 spiritus
2925 4038 3193 4090 scribitur.
3250 4037 3305 4090 Si
3359 4053 3488 4104 ergo

1954 4128 2004 4180 in
2051 4128 2272 4194 Domino
2320 4128 2612 4197 gaudeam,
2657 4138 2712 4180 et
2760 4142 2852 4196 spe
2891 4129 3166 4196 gaudeam,
3192 4135 3245 4182 et
3286 4128 3328 4182 si
3357 4145 3488 4196 gan-

1953 4217 2103 4270 deam
2152 4231 2247 4285 pro
2287 4217 2499 4270 nomine
2539 4217 2740 4270 Domini
2781 4231 2968 4285 passus
3005 4216 3272 4284 injuriam,
3315 4220 3365 4273 in
3403 4219 3489 4274 his

1952 4308 2196 4360 omnibus
2224 4307 2447 4375 aliisque
2485 4307 2671 4362 borum
2705 4309 2988 4372 similibus,
3018 4310 3281 4377 primitias
3310 4313 3488 4379 gaudii

259 4387 532 4472 continuo
554 4385 869 4440 similitudo
890 4385 1199 4438 sanctitatis
1227 4386 1279 4438 in
1311 4387 1416 4439 Deo
1441 4400 1599 4454 atque
1625 4390 1851 4444 homini-
1885 4395 1930 4453 D
1956 4411 2050 4464 per
2072 4397 2370 4464 pontiﬁcem
2398 4413 2579 4452 verum
2612 4397 2719 4451 Deo
2744 4400 2927 4455 obtuli.
2964 4401 3065 4453 Sed
3096 4411 3149 4454 et
3183 4403 3225 4454 si
3253 4405 3488 4472 rapinam

257 4469 376 4521 bus
396 4475 685 4542 ponenda.
723 4474 798 4526 De
829 4472 939 4524 Deo
963 4473 1108 4525 enim
1131 4473 1334 4527 dicitur
1360 4477 1480 4543 quia
1515 4489 1726 4534 sanctus
1753 4491 1852 4545 est,

254 4559 516 4620 homines
548 4572 743 4616 autem
781 4563 936 4629 quasi
982 4565 1076 4630 qui
1121 4578 1232 4616 non
1281 4579 1488 4632 semper
1530 4566 1741 4634 fuerint,
1773 4569 1852 4636 ju-

252 4646 461 4706 bentur
485 4662 551 4705 ut
591 4652 731 4703 ﬁant
765 4652 961 4703 sancti.
993 4652 1238 4717 Denique
1270 4667 1444 4706 sermo
1469 4656 1552 4708 hic
1572 4656 1622 4708 in
1648 4657 1853 4723 Graeco,

245 4733 356 4784 "bi
385 4757 494 4795 nos
531 4742 834 4800 habemus,
873 4756 893 4787 ‹
932 4740 1105 4791 sancti
1138 4747 1336 4802 estote,
1375 4758 1393 4789 1
1430 4742 1526 4794 hoc
1565 4746 1728 4813 magis
1771 4761 1858 4799 so-

235 4827 368 4882 "al.
411 4848 432 4878 ι
474 4827 670 4881 sancti
711 4825 1019 4878 efﬁcimini.
1061 4843 1081 4875 ι
1113 4823 1226 4879 Sed
1256 4830 1418 4881 nostri
1449 4832 1758 4899 interpretes
1783 4837 1862 4888 in-

224 4904 610 4976 Jiﬂ'erenter,
661 4933 682 4966 ς
722 4925 901 4968 estote
937 4935 956 4964 ι
994 4930 1095 4981 pro
1141 4932 1161 4965 t
1205 4916 1471 4972 eilirimini
1507 4939 1525 4971 1
1555 4937 1858 4988 posuerunt.

217 4991 670 5073 Unusquisque
694 5018 832 5070 ergo
859 5013 1118 5056 nostrum
1148 5018 1217 5056 ex
1252 5019 1358 5070 quo
1387 5007 1587 5061 accedit
1618 5012 1682 5062 ad
1713 5013 1864 5069 timo-

199 5091 340 5133 rem
393 5093 527 5153 Dei,
557 5102 620 5144 et
651 5091 908 5142 divinam
940 5090 1140 5156 recipit
1167 5090 1224 5140 in
1250 5103 1308 5141 se
1333 5092 1640 5158 doctrinam,
1671 5112 1735 5151 ex
1759 5115 1863 5167 quo

182 5176 254 5212 σε
284 5179 694 5248 'Iiancipavit
735 5177 876 5233 Deo.
915 5179 963 5228 si
992 5186 1182 5231 tamen
1216 5191 1280 5230 ex
1303 5185 1481 5250 ⁸111111110
1517 5190 1861 5256 mancipavit,

168 5264 241 5300 ⁸⁸
289 5278 395 5327 Q0
423 5278 685 5326 sanctus
720 5265 996 5321 elﬁcitur.
1037 5267 1151 5320 Sed
1202 5268 1289 5322 hic
1335 5275 1684 5331 sanctiﬁcatus
1733 5295 1863 5333 san-

148 5397 327 5516 ιιῗδ
357 5426 549 5480 Num.
581 5433 758 5479 xvm,
786 5413 850 5467 8.

285 5487 330 5516 δι
381 5498 456 5516 ι-..
504 5507 550 5516 --
603 5491 669 5516 ιι
777 5486 828 5515 ιο

273 5487 480 5556 ³⁸1³1⁸⁸
503 5507 579 5555 η’
603 5491 670 5543 Η
687 5529 705 5544 ⁸
777 5481 1016 5537 “10am
1038 5482 1204 5543 Ῑνδδο
1339 5485 1380 5518 ⁸⁷
1400 5488 1541 5545 Joan.
1585 5481 1734 5555 nu.
1770 5481 1859 5559 i9:

183 5573 318 5662 (ἦ
337 5609 391 5673 1)
427 5603 627 5658 Loco,
666 5612 689 5646 ι
733 5590 950 5658 apicis,
993 5606 1016 5640 1
1059 5587 1116 5642 111
1164 5603 1293 5642 mss.
1335 5593 1528 5665 legitur,
1563 5621 1580 5652 t
1610 5609 1793 5662 modi.
1837 5631 1860 5664 ι

936 5414 985 5446 ⁸³
1016 5414 1058 5467 ll
1095 5414 1228 5467 Cor.
1259 5430 1329 5479 ιν,
1357 5421 1433 5474 18.
1501 5425 1581 5477 "l
1610 5429 1737 5482 Cor.
1771 5447 1806 5481 ν
1839 5460 1842 5483 t

936 5497 1016 5536 In.
1038 5482 1204 5543 1,56.
1339 5485 1380 5518 "
1400 5488 1541 5545 Joan.
1585 5511 1717 5555 xv".
1770 5502 1838 5556 19

1950 5440 2080 5494 ium.
2112 5456 2170 5494 11.
2244 5441 2288 5472 ⁸³
2313 5441 2466 5497 Num.
2493 5456 2645 5503 x‘vm.
2667 5445 2717 5497 9.

1950 5510 1980 5540 *‘
2004 5509 2173 5564 Galat.
2227 5525 2277 5564 ν.
2315 5511 2402 5564 22.
2477 5512 2519 5542 δ’
2557 5513 2710 5564 llebr.

1960 4487 2214 4538 bonorum
2248 4493 2486 4538 nieorum
2513 4500 2631 4538 cum
2661 4488 2850 4555 gaudio
2893 4491 3180 4542 sustineam
3211 4491 3275 4556 ",
3304 4500 3358 4544 ct
3395 4492 3488 4545 tri-

1959 4575 2277 4640 bnlationes,
2304 4575 2343 4627 si
2375 4587 2760 4644 paupertatem,
2790 4581 2832 4632 si
2863 4580 3281 4648 qualemcunque
3302 4594 3491 4636 contu-

1961 4663 2170 4718 meliam
2202 4667 2434 4733 gaudens
2480 4666 2716 4730 tolerem,
2749 4678 2835 4720 est
2876 4669 3000 4720 mihi
3034 4677 3088 4722 et
3117 4669 3216 4722 iste
3258 4671 3490 4722 secundo

1960 4753 2011 4806 in
2048 4753 2164 4808 loco
2196 4769 2261 4808 ex
2295 4754 2552 4813 fructibus
2601 4757 2840 4824 spiritus,
2877 4757 3077 4810 fructus
3124 4759 3325 4825 gaudii.
3355 4758 3488 4814 Nam

1955 4845 1998 4896 si
2028 4843 2283 4922 gaudeam
2313 4843 2378 4896 de
2411 4845 2566 4898 rebus
2595 4846 2790 4905 saeculi,
2821 4847 2886 4899 de
2917 4847 3228 4911 honoribus,
3261 4850 3324 4901 de
3356 4849 3492 4900 divi-

1960 4934 2066 4994 tiis,
2099 4933 2227 4986 falsa
2275 4942 2396 4988 sunt
2440 4935 2647 5002 gaudia,
2695 4950 2760 4989 ex
2804 4937 3124 4993 vanitatibus
3179 4939 3488 4995 vanitatnm.

1966 5022 2021 5074 Si
2054 5037 2178 5076 vero
2213 5011 2266 5075 in
2297 5023 2446 5077 malis
2474 5026 2750 5091 gaudeam,
2778 5037 2834 5081 et
2869 5029 3126 5081 exsultent
3168 5028 3232 5081 de
3267 5027 3489 5080 aliorum

1966 5111 2154 5172 ruinis,
2187 5112 2284 5166 ista
2314 5113 2420 5182 jam
2459 5128 2562 5168 non
2606 5116 2774 5169 solum
2825 5132 2980 5182 vana,
3027 5121 3116 5172 sed
3148 5129 3202 5172 et
3232 5116 3488 5170 diabolica

1967 5201 2175 5268 gaudia,
2203 5201 2308 5255 imo
2335 5217 2428 5256 nec
2457 5206 2644 5272 gaudia
2686 5209 3003 5263 nominanda
3038 5219 3176 5261 sunt.
3210 5225 3228 5256 ι
3269 5206 3378 5257 Non
3409 5212 3495 5257 est

1968 5289 2194 5358 gaudere
2225 5291 2418 5360 impiis,
2441 5281 2584 5347 ‘dicit'
2621 5294 2876 5354 Dominus
2904 5298 2969 5349 '°.
3005 5315 3024 5348 1
3062 5296 3189 5350 Volo
3236 5296 3404 5347 adhuc
3436 5304 3498 5352 et

2843 5444 2886 5473 “
2916 5439 3079 5494 Levit.
3119 5454 3212 5502 xx,
3245 5439 3274 5490 7
3313 5444 3365 5488 et
3401 5436 3497 5490 26.

2477 5512 2519 5542 δ’
2557 5513 2710 5566 llebr.
2757 5527 2808 5572 x,
2842 5509 2929 5562 54.
2975 5511 3048 5580 _'°
3083 5509 3184 5560 lsa.
3241 5523 3370 5569 νέω,
3405 5507 3510 5563 21.
