  <div class='ocr_page' id='page_1' title='image "/cluster/home/n/w/nwhite01/storage/ocr_20150623/12 (Origen; pt. 2)/nyp.33433081862272/335.png"; bbox 0 0 3838 6180; ppageno 0'>
   <div class='ocr_carea' id='block_1_1' title="bbox 305 288 413 342">
    <p class='ocr_par' dir='ltr' id='par_1_1' title="bbox 305 288 413 342">
     <span class='ocr_line' id='line_1_1' title="bbox 305 288 413 342; baseline 0.019 -2"><span class='ocrx_word' id='word_1_1' title='bbox 305 288 413 342; x_wconf 65' lang='grc'><strong>(355</strong></span> 
     </span>
    </p>
   </div>
   <div class='ocr_carea' id='block_1_2' title="bbox 309 377 1918 462">
    <p class='ocr_par' dir='ltr' id='par_1_2' title="bbox 309 377 1918 462">
     <span class='ocr_line' id='line_1_2' title="bbox 309 377 1918 462; baseline -0.006 -13"><span class='ocrx_word' id='word_1_2' title='bbox 309 399 469 451; x_wconf 86' lang='lat' dir='ltr'><strong>alium</strong></span> <span class='ocrx_word' id='word_1_3' title='bbox 501 394 730 448; x_wconf 83' lang='lat' dir='ltr'><strong>fructum</strong></span> <span class='ocrx_word' id='word_1_4' title='bbox 761 392 941 462; x_wconf 80' lang='lat' dir='ltr'><strong>gaudii</strong></span> <span class='ocrx_word' id='word_1_5' title='bbox 990 391 1280 461; x_wconf 81' lang='lat' dir='ltr'><strong>requirere,</strong></span> <span class='ocrx_word' id='word_1_6' title='bbox 1313 400 1419 443; x_wconf 78' lang='lat' dir='ltr'><strong>.un‘o</strong></span> <span class='ocrx_word' id='word_1_7' title='bbox 1459 397 1514 442; x_wconf 88' lang='lat' dir='ltr'><strong>et</strong></span> <span class='ocrx_word' id='word_1_8' title='bbox 1562 377 1692 442; x_wconf 86' lang='lat' dir='ltr'><strong>alias</strong></span> <span class='ocrx_word' id='word_1_9' title='bbox 1735 390 1844 456; x_wconf 90' lang='lat' dir='ltr'><strong>pri-</strong></span> <span class='ocrx_word' id='word_1_10' title='bbox 1873 393 1918 448; x_wconf 80' lang='grc' dir='ltr'>Α</span> 
     </span>
    </p>
   </div>
   <div class='ocr_carea' id='block_1_3' title="bbox 308 477 1842 554">
    <p class='ocr_par' dir='ltr' id='par_1_3' title="bbox 308 477 1842 554">
     <span class='ocr_line' id='line_1_3' title="bbox 308 477 1842 554; baseline -0.008 -14"><span class='ocrx_word' id='word_1_11' title='bbox 308 485 484 540; x_wconf 88' lang='lat' dir='ltr'><strong>mitias</strong></span> <span class='ocrx_word' id='word_1_12' title='bbox 514 482 847 554; x_wconf 75' lang='lat' dir='ltr'><strong>gaudiorum.</strong></span> <span class='ocrx_word' id='word_1_13' title='bbox 874 481 930 536; x_wconf 88' lang='lat' dir='ltr'><strong>Si</strong></span> <span class='ocrx_word' id='word_1_14' title='bbox 968 481 1224 550; x_wconf 75' lang='lat' dir='ltr'><strong>gaudeam</strong></span> <span class='ocrx_word' id='word_1_15' title='bbox 1265 480 1316 532; x_wconf 92' lang='lat' dir='ltr'><strong>in</strong></span> <span class='ocrx_word' id='word_1_16' title='bbox 1349 479 1510 533; x_wconf 88' lang='lat' dir='ltr'><strong>verbo</strong></span> <span class='ocrx_word' id='word_1_17' title='bbox 1533 477 1764 539; x_wconf 83' lang='lat' dir='ltr'><strong>Domini,</strong></span> <span class='ocrx_word' id='word_1_18' title='bbox 1797 477 1842 530; x_wconf 87' lang='lat' dir='ltr'><strong>si</strong></span> 
     </span>
    </p>
   </div>
   <div class='ocr_carea' id='block_1_4' title="bbox 307 565 1842 643">
    <p class='ocr_par' dir='ltr' id='par_1_4' title="bbox 307 565 1842 643">
     <span class='ocr_line' id='line_1_4' title="bbox 307 565 1842 643; baseline -0.007 -16"><span class='ocrx_word' id='word_1_19' title='bbox 307 574 564 643; x_wconf 79' lang='lat' dir='ltr'><strong>gaudeam</strong></span> <span class='ocrx_word' id='word_1_20' title='bbox 599 573 664 626; x_wconf 91' lang='lat' dir='ltr'><strong>de</strong></span> <span class='ocrx_word' id='word_1_21' title='bbox 699 573 919 625; x_wconf 89' lang='lat' dir='ltr'><strong>scientia</strong></span> <span class='ocrx_word' id='word_1_22' title='bbox 962 570 1333 640; x_wconf 77' lang='lat' dir='ltr'><strong>mysteriorum</strong></span> <span class='ocrx_word' id='word_1_23' title='bbox 1366 567 1479 631; x_wconf 81' lang='lat' dir='ltr'><strong>Dei,</strong></span> <span class='ocrx_word' id='word_1_24' title='bbox 1513 565 1556 620; x_wconf 89' lang='lat' dir='ltr'><strong>si</strong></span> <span class='ocrx_word' id='word_1_25' title='bbox 1582 565 1842 633; x_wconf 84' lang='lat' dir='ltr'><strong>gaudeam</strong></span> 
     </span>
    </p>
   </div>
   <div class='ocr_carea' id='block_1_5' title="bbox 305 654 1847 733">
    <p class='ocr_par' dir='ltr' id='par_1_5' title="bbox 305 654 1847 733">
     <span class='ocr_line' id='line_1_5' title="bbox 305 654 1847 733; baseline -0.006 -19"><span class='ocrx_word' id='word_1_26' title='bbox 305 664 449 733; x_wconf 88' lang='lat' dir='ltr'><strong>quod</strong></span> <span class='ocrx_word' id='word_1_27' title='bbox 475 663 666 731; x_wconf 88' lang='lat' dir='ltr'><strong>dignus</strong></span> <span class='ocrx_word' id='word_1_28' title='bbox 703 660 916 714; x_wconf 87' lang='lat' dir='ltr'><strong>habitus</strong></span> <span class='ocrx_word' id='word_1_29' title='bbox 951 672 1065 711; x_wconf 89' lang='lat' dir='ltr'><strong>sum</strong></span> <span class='ocrx_word' id='word_1_30' title='bbox 1118 655 1390 725; x_wconf 82' lang='lat' dir='ltr'><strong>sapienti-.e</strong></span> <span class='ocrx_word' id='word_1_31' title='bbox 1430 654 1522 707; x_wconf 86' lang='lat' dir='ltr'><strong>Dei</strong></span> <span class='ocrx_word' id='word_1_32' title='bbox 1561 661 1764 707; x_wconf 89' lang='lat' dir='ltr'><strong>secreta</strong></span> <span class='ocrx_word' id='word_1_33' title='bbox 1791 659 1847 704; x_wconf 89' lang='lat' dir='ltr'><strong>et</strong></span> 
     </span>
    </p>
   </div>
   <div class='ocr_carea' id='block_1_6' title="bbox 311 739 1842 819">
    <p class='ocr_par' dir='ltr' id='par_1_6' title="bbox 311 739 1842 819">
     <span class='ocr_line' id='line_1_6' title="bbox 311 739 1842 819; baseline -0.008 -14"><span class='ocrx_word' id='word_1_34' title='bbox 311 765 501 805; x_wconf 86' lang='lat' dir='ltr'><strong>arcana</strong></span> <span class='ocrx_word' id='word_1_35' title='bbox 536 762 870 819; x_wconf 77' lang='lat' dir='ltr'><strong>cognoscere,</strong></span> <span class='ocrx_word' id='word_1_36' title='bbox 908 747 952 800; x_wconf 88' lang='lat' dir='ltr'><strong>si</strong></span> <span class='ocrx_word' id='word_1_37' title='bbox 982 747 1236 815; x_wconf 76' lang='lat' dir='ltr'><strong>gaudeam</strong></span> <span class='ocrx_word' id='word_1_38' title='bbox 1265 744 1407 812; x_wconf 89' lang='lat' dir='ltr'><strong>quod</strong></span> <span class='ocrx_word' id='word_1_39' title='bbox 1445 742 1645 796; x_wconf 81' lang='lat' dir='ltr'><strong>relictis</strong></span> <span class='ocrx_word' id='word_1_40' title='bbox 1668 739 1842 794; x_wconf 89' lang='lat' dir='ltr'><strong>omni-</strong></span> 
     </span>
    </p>
   </div>
   <div class='ocr_carea' id='block_1_7' title="bbox 305 829 1844 906">
    <p class='ocr_par' dir='ltr' id='par_1_7' title="bbox 305 829 1844 906">
     <span class='ocr_line' id='line_1_7' title="bbox 305 829 1844 906; baseline -0.01 -12"><span class='ocrx_word' id='word_1_41' title='bbox 305 841 410 894; x_wconf 81' lang='lat' dir='ltr'><strong>bus</strong></span> <span class='ocrx_word' id='word_1_42' title='bbox 439 852 553 906; x_wconf 75' lang='lat' dir='ltr'><strong>qua:</strong></span> <span class='ocrx_word' id='word_1_43' title='bbox 588 845 711 891; x_wconf 91' lang='lat' dir='ltr'><strong>sunt</strong></span> <span class='ocrx_word' id='word_1_44' title='bbox 742 836 794 889; x_wconf 91' lang='lat' dir='ltr'><strong>in</strong></span> <span class='ocrx_word' id='word_1_45' title='bbox 824 836 920 889; x_wconf 91' lang='lat' dir='ltr'><strong>hoc</strong></span> <span class='ocrx_word' id='word_1_46' title='bbox 949 835 1165 899; x_wconf 90' lang='lat' dir='ltr'><strong>mundo,</strong></span> <span class='ocrx_word' id='word_1_47' title='bbox 1202 847 1305 887; x_wconf 87' lang='lat' dir='ltr'><strong>non</strong></span> <span class='ocrx_word' id='word_1_48' title='bbox 1335 833 1506 886; x_wconf 91' lang='lat' dir='ltr'><strong>solum</strong></span> <span class='ocrx_word' id='word_1_49' title='bbox 1543 829 1844 890; x_wconf 90' lang='lat' dir='ltr'><strong>inutilibus,</strong></span> 
     </span>
    </p>
   </div>
   <div class='ocr_carea' id='block_1_8' title="bbox 314 915 1842 985">
    <p class='ocr_par' dir='ltr' id='par_1_8' title="bbox 314 915 1842 985">
     <span class='ocr_line' id='line_1_8' title="bbox 314 915 1842 985; baseline -0.009 -5"><span class='ocrx_word' id='word_1_50' title='bbox 314 927 407 980; x_wconf 80' lang='lat' dir='ltr'><strong>sed</strong></span> <span class='ocrx_word' id='word_1_51' title='bbox 432 934 488 979; x_wconf 90' lang='lat' dir='ltr'><strong>et</strong></span> <span class='ocrx_word' id='word_1_52' title='bbox 514 923 747 985; x_wconf 84' lang='lat' dir='ltr'><strong>utilibus,</strong></span> <span class='ocrx_word' id='word_1_53' title='bbox 779 937 882 975; x_wconf 91' lang='lat' dir='ltr'><strong>non</strong></span> <span class='ocrx_word' id='word_1_54' title='bbox 912 921 1082 974; x_wconf 81' lang='lat' dir='ltr'><strong>Solum</strong></span> <span class='ocrx_word' id='word_1_55' title='bbox 1111 919 1280 982; x_wconf 82' lang='lat' dir='ltr'><strong>vanis,</strong></span> <span class='ocrx_word' id='word_1_56' title='bbox 1304 919 1396 972; x_wconf 84' lang='lat' dir='ltr'><strong>sed</strong></span> <span class='ocrx_word' id='word_1_57' title='bbox 1417 926 1478 972; x_wconf 84' lang='lat' dir='ltr'><strong>et</strong></span> <span class='ocrx_word' id='word_1_58' title='bbox 1505 915 1842 978; x_wconf 78' lang='lat' dir='ltr'><strong>necessariis,</strong></span> 
     </span>
    </p>
   </div>
   <div class='ocr_carea' id='block_1_9' title="bbox 313 1003 1840 1078">
    <p class='ocr_par' dir='ltr' id='par_1_9' title="bbox 313 1003 1840 1078">
     <span class='ocr_line' id='line_1_9' title="bbox 313 1003 1840 1078; baseline -0.009 -10"><span class='ocrx_word' id='word_1_59' title='bbox 313 1014 410 1068; x_wconf 90' lang='lat' dir='ltr'><strong>soli</strong></span> <span class='ocrx_word' id='word_1_60' title='bbox 437 1028 518 1068; x_wconf 91' lang='lat' dir='ltr'><strong>me</strong></span> <span class='ocrx_word' id='word_1_61' title='bbox 534 1013 700 1066; x_wconf 83' lang='lat' dir='ltr'><strong>verbo</strong></span> <span class='ocrx_word' id='word_1_62' title='bbox 726 1011 814 1065; x_wconf 88' lang='lat' dir='ltr'><strong>Dei</strong></span> <span class='ocrx_word' id='word_1_63' title='bbox 843 1019 999 1078; x_wconf 91' lang='lat' dir='ltr'><strong>atque</strong></span> <span class='ocrx_word' id='word_1_64' title='bbox 1024 1010 1141 1077; x_wconf 80' lang='lat' dir='ltr'><strong>ejus</strong></span> <span class='ocrx_word' id='word_1_65' title='bbox 1170 1007 1440 1076; x_wconf 69' lang='lat' dir='ltr'><strong>sapientiae</strong></span> <span class='ocrx_word' id='word_1_66' title='bbox 1464 1003 1840 1073; x_wconf 80' lang='lat' dir='ltr'><strong>manciparim;</strong></span> 
     </span>
    </p>
   </div>
   <div class='ocr_carea' id='block_1_10' title="bbox 314 1087 1846 1164">
    <p class='ocr_par' dir='ltr' id='par_1_10' title="bbox 314 1087 1846 1164">
     <span class='ocr_line' id='line_1_10' title="bbox 314 1087 1846 1164; baseline -0.011 -9"><span class='ocrx_word' id='word_1_67' title='bbox 314 1103 365 1155; x_wconf 93' lang='lat' dir='ltr'><strong>in</strong></span> <span class='ocrx_word' id='word_1_68' title='bbox 406 1102 469 1154; x_wconf 82' lang='lat' dir='ltr'><strong>iis</strong></span> <span class='ocrx_word' id='word_1_69' title='bbox 494 1099 740 1153; x_wconf 90' lang='lat' dir='ltr'><strong>omnibus</strong></span> <span class='ocrx_word' id='word_1_70' title='bbox 781 1098 929 1163; x_wconf 87' lang='lat' dir='ltr'><strong>satis,</strong></span> <span class='ocrx_word' id='word_1_71' title='bbox 971 1094 1124 1164; x_wconf 79' lang='lat'><strong>311</strong></span> <span class='ocrx_word' id='word_1_72' title='bbox 1176 1103 1233 1145; x_wconf 91' lang='lat' dir='ltr'><strong>ut</strong></span> <span class='ocrx_word' id='word_1_73' title='bbox 1278 1098 1422 1160; x_wconf 92' lang='lat' dir='ltr'><strong>puto,</strong></span> <span class='ocrx_word' id='word_1_74' title='bbox 1466 1098 1694 1156; x_wconf 77' lang='lat' dir='ltr'><strong>accepta:</strong></span> <span class='ocrx_word' id='word_1_75' title='bbox 1739 1087 1846 1139; x_wconf 91' lang='lat' dir='ltr'><strong>Deo</strong></span> 
     </span>
    </p>
   </div>
   <div class='ocr_carea' id='block_1_11' title="bbox 311 1172 1848 1258">
    <p class='ocr_par' dir='ltr' id='par_1_11' title="bbox 311 1172 1848 1258">
     <span class='ocr_line' id='line_1_11' title="bbox 311 1172 1848 1258; baseline -0.012 -16"><span class='ocrx_word' id='word_1_76' title='bbox 311 1190 560 1258; x_wconf 66' lang='lat' dir='ltr'><strong>primitur:</strong></span> <span class='ocrx_word' id='word_1_77' title='bbox 592 1186 765 1254; x_wconf 88' lang='lat' dir='ltr'><strong>gaudii</strong></span> <span class='ocrx_word' id='word_1_78' title='bbox 791 1184 1096 1239; x_wconf 75' lang='lat' dir='ltr'><strong>afferentur.</strong></span> <span class='ocrx_word' id='word_1_79' title='bbox 1129 1179 1236 1234; x_wconf 89' lang='lat' dir='ltr'><strong>Sed</strong></span> <span class='ocrx_word' id='word_1_80' title='bbox 1260 1188 1314 1232; x_wconf 86' lang='lat' dir='ltr'><strong>et</strong></span> <span class='ocrx_word' id='word_1_81' title='bbox 1339 1179 1404 1233; x_wconf 90' lang='lat' dir='ltr'><strong>de</strong></span> <span class='ocrx_word' id='word_1_82' title='bbox 1433 1177 1639 1232; x_wconf 66' lang='lat' dir='ltr'><strong>caeteris</strong></span> <span class='ocrx_word' id='word_1_83' title='bbox 1665 1172 1848 1229; x_wconf 83' lang='lat' dir='ltr'><strong>fructi-</strong></span> 
     </span>
    </p>
   </div>
   <div class='ocr_carea' id='block_1_12' title="bbox 310 1262 1844 1346">
    <p class='ocr_par' dir='ltr' id='par_1_12' title="bbox 310 1262 1844 1346">
     <span class='ocr_line' id='line_1_12' title="bbox 310 1262 1844 1346; baseline -0.012 -14"><span class='ocrx_word' id='word_1_84' title='bbox 310 1281 411 1333; x_wconf 87' lang='lat' dir='ltr'><strong>bus</strong></span> <span class='ocrx_word' id='word_1_85' title='bbox 440 1278 657 1346; x_wconf 85' lang='lat' dir='ltr'><strong>spiritus</strong></span> <span class='ocrx_word' id='word_1_86' title='bbox 686 1290 752 1330; x_wconf 82' lang='lat' dir='ltr'><strong>ex</strong></span> <span class='ocrx_word' id='word_1_87' title='bbox 782 1275 890 1328; x_wconf 91' lang='lat' dir='ltr'><strong>otio</strong></span> <span class='ocrx_word' id='word_1_88' title='bbox 922 1271 1205 1338; x_wconf 85' lang='lat' dir='ltr'><strong>unicuique</strong></span> <span class='ocrx_word' id='word_1_89' title='bbox 1229 1283 1347 1337; x_wconf 69' lang='lat' dir='ltr'><strong>quae</strong></span> <span class='ocrx_word' id='word_1_90' title='bbox 1389 1272 1690 1334; x_wconf 89' lang='lat' dir='ltr'><strong>competunt</strong></span> <span class='ocrx_word' id='word_1_91' title='bbox 1720 1262 1844 1315; x_wconf 90' lang='lat' dir='ltr'><strong>lice-</strong></span> 
     </span>
    </p>
   </div>
   <div class='ocr_carea' id='block_1_13' title="bbox 317 1357 1847 1435">
    <p class='ocr_par' dir='ltr' id='par_1_13' title="bbox 317 1357 1847 1435">
     <span class='ocr_line' id='line_1_13' title="bbox 317 1357 1847 1435; baseline -0.01 -15"><span class='ocrx_word' id='word_1_92' title='bbox 317 1369 392 1420; x_wconf 89' lang='lat' dir='ltr'><strong>hit</strong></span> <span class='ocrx_word' id='word_1_93' title='bbox 418 1376 622 1435; x_wconf 89' lang='lat' dir='ltr'><strong>aptare,</strong></span> <span class='ocrx_word' id='word_1_94' title='bbox 662 1381 726 1418; x_wconf 92' lang='lat' dir='ltr'><strong>nc</strong></span> <span class='ocrx_word' id='word_1_95' title='bbox 756 1379 853 1419; x_wconf 89' lang='lat' dir='ltr'><strong>nos</strong></span> <span class='ocrx_word' id='word_1_96' title='bbox 885 1377 1178 1417; x_wconf 87' lang='lat' dir='ltr'><strong>sermonem</strong></span> <span class='ocrx_word' id='word_1_97' title='bbox 1214 1360 1361 1430; x_wconf 84' lang='lat' dir='ltr'><strong>justo</strong></span> <span class='ocrx_word' id='word_1_98' title='bbox 1394 1357 1600 1425; x_wconf 79' lang='lat' dir='ltr'><strong>longius</strong></span> <span class='ocrx_word' id='word_1_99' title='bbox 1638 1361 1847 1422; x_wconf 87' lang='lat' dir='ltr'><strong>protra-</strong></span> 
     </span>
    </p>
   </div>
   <div class='ocr_carea' id='block_1_14' title="bbox 311 1453 809 1509">
    <p class='ocr_par' dir='ltr' id='par_1_14' title="bbox 311 1453 809 1509">
     <span class='ocr_line' id='line_1_14' title="bbox 311 1453 809 1509; baseline -0.006 0"><span class='ocrx_word' id='word_1_100' title='bbox 311 1457 524 1509; x_wconf 79' lang='lat' dir='ltr'><strong>itatnus.</strong></span> <span class='ocrx_word' id='word_1_101' title='bbox 806 1453 809 1456; x_wconf 78' lang='grc'><em>’</em></span> 
     </span>
    </p>
   </div>
   <div class='ocr_carea' id='block_1_15' title="bbox 384 1557 1839 1629">
    <p class='ocr_par' dir='ltr' id='par_1_15' title="bbox 384 1557 1839 1629">
     <span class='ocr_line' id='line_1_15' title="bbox 384 1557 1839 1629; baseline -0.01 -7"><span class='ocrx_word' id='word_1_102' title='bbox 384 1569 436 1622; x_wconf 87' lang='lat'><strong>9.</strong></span> <span class='ocrx_word' id='word_1_103' title='bbox 469 1585 487 1617; x_wconf 79' lang='grc' dir='ltr'><strong>σ</strong></span> <span class='ocrx_word' id='word_1_104' title='bbox 515 1567 576 1620; x_wconf 84' lang='lat' dir='ltr'><strong>Et</strong></span> <span class='ocrx_word' id='word_1_105' title='bbox 605 1566 670 1618; x_wconf 91' lang='lat' dir='ltr'><strong>ab</strong></span> <span class='ocrx_word' id='word_1_106' title='bbox 698 1563 960 1627; x_wconf 88' lang='lat' dir='ltr'><strong>omnibus,</strong></span> <span class='ocrx_word' id='word_1_107' title='bbox 995 1561 1243 1629; x_wconf 78' lang='lat' dir='ltr'><strong>inquit&quot;,</strong></span> <span class='ocrx_word' id='word_1_108' title='bbox 1268 1557 1574 1613; x_wconf 87' lang='lat' dir='ltr'><strong>muneribus</strong></span> <span class='ocrx_word' id='word_1_109' title='bbox 1603 1567 1839 1610; x_wconf 65' lang='lat' dir='ltr'><strong>eorum.»</strong></span> 
     </span>
    </p>
   </div>
   <div class='ocr_carea' id='block_1_16' title="bbox 317 1641 1920 1739">
    <p class='ocr_par' dir='ltr' id='par_1_16' title="bbox 317 1641 1920 1739">
     <span class='ocr_line' id='line_1_16' title="bbox 317 1641 1920 1739; baseline -0.01 -29"><span class='ocrx_word' id='word_1_110' title='bbox 317 1657 504 1710; x_wconf 76' lang='lat' dir='ltr'><strong>Munus</strong></span> <span class='ocrx_word' id='word_1_111' title='bbox 530 1654 650 1722; x_wconf 83' lang='lat' dir='ltr'><strong>quis</strong></span> <span class='ocrx_word' id='word_1_112' title='bbox 677 1651 868 1706; x_wconf 85' lang='lat' dir='ltr'><strong>obtulit</strong></span> <span class='ocrx_word' id='word_1_113' title='bbox 895 1652 1021 1713; x_wconf 91' lang='lat' dir='ltr'><strong>Deo,</strong></span> <span class='ocrx_word' id='word_1_114' title='bbox 1049 1657 1102 1701; x_wconf 92' lang='lat' dir='ltr'><strong>et</strong></span> <span class='ocrx_word' id='word_1_115' title='bbox 1127 1661 1312 1701; x_wconf 80' lang='lat' dir='ltr'><strong>rursus</strong></span> <span class='ocrx_word' id='word_1_116' title='bbox 1355 1660 1421 1698; x_wconf 81' lang='lat' dir='ltr'><strong>ex</strong></span> <span class='ocrx_word' id='word_1_117' title='bbox 1448 1656 1669 1698; x_wconf 90' lang='lat' dir='ltr'><strong>munere</strong></span> <span class='ocrx_word' id='word_1_118' title='bbox 1718 1641 1846 1698; x_wconf 83' lang='lat' dir='ltr'><strong>oll&#39;e-</strong></span> <span class='ocrx_word' id='word_1_119' title='bbox 1878 1686 1920 1739; x_wconf 71' lang='grc' dir='ltr'><strong>Β</strong></span> 
     </span>
    </p>
   </div>
   <div class='ocr_carea' id='block_1_17' title="bbox 319 1733 1844 1809">
    <p class='ocr_par' dir='ltr' id='par_1_17' title="bbox 319 1733 1844 1809">
     <span class='ocr_line' id='line_1_17' title="bbox 319 1733 1844 1809; baseline -0.008 -11"><span class='ocrx_word' id='word_1_120' title='bbox 319 1749 492 1800; x_wconf 80' lang='lat' dir='ltr'><strong>renda:</strong></span> <span class='ocrx_word' id='word_1_121' title='bbox 521 1752 643 1797; x_wconf 89' lang='lat' dir='ltr'><strong>sunt</strong></span> <span class='ocrx_word' id='word_1_122' title='bbox 667 1741 915 1809; x_wconf 74' lang='lat' dir='ltr'><strong>primitize</strong></span> <span class='ocrx_word' id='word_1_123' title='bbox 946 1737 1200 1805; x_wconf 83' lang='lat' dir='ltr'><strong>pontiﬁci.</strong></span> <span class='ocrx_word' id='word_1_124' title='bbox 1260 1734 1371 1788; x_wconf 86' lang='lat' dir='ltr'><strong>Hoc</strong></span> <span class='ocrx_word' id='word_1_125' title='bbox 1421 1735 1472 1787; x_wconf 90' lang='lat' dir='ltr'><strong>in</strong></span> <span class='ocrx_word' id='word_1_126' title='bbox 1513 1733 1844 1800; x_wconf 81' lang='lat' dir='ltr'><strong>expositione</strong></span> 
     </span>
    </p>
   </div>
   <div class='ocr_carea' id='block_1_18' title="bbox 318 1821 1844 1899">
    <p class='ocr_par' dir='ltr' id='par_1_18' title="bbox 318 1821 1844 1899">
     <span class='ocr_line' id='line_1_18' title="bbox 318 1821 1844 1899; baseline -0.009 -12"><span class='ocrx_word' id='word_1_127' title='bbox 318 1832 605 1899; x_wconf 75' lang='lat' dir='ltr'><strong>allegorica</strong></span> <span class='ocrx_word' id='word_1_128' title='bbox 645 1831 714 1882; x_wconf 87' lang='lat' dir='ltr'><strong>ita</strong></span> <span class='ocrx_word' id='word_1_129' title='bbox 759 1830 990 1882; x_wconf 82' lang='lat' dir='ltr'><strong>arbitror</strong></span> <span class='ocrx_word' id='word_1_130' title='bbox 1019 1837 1172 1894; x_wconf 83' lang='lat' dir='ltr'><strong>posse</strong></span> <span class='ocrx_word' id='word_1_131' title='bbox 1194 1835 1463 1878; x_wconf 88' lang='lat' dir='ltr'><strong>constare.</strong></span> <span class='ocrx_word' id='word_1_132' title='bbox 1497 1822 1552 1877; x_wconf 87' lang='lat' dir='ltr'><strong>Si</strong></span> <span class='ocrx_word' id='word_1_133' title='bbox 1587 1823 1704 1889; x_wconf 86' lang='lat' dir='ltr'><strong>quis</strong></span> <span class='ocrx_word' id='word_1_134' title='bbox 1759 1821 1844 1875; x_wconf 87' lang='lat' dir='ltr'><strong>vel</strong></span> 
     </span>
    </p>
   </div>
   <div class='ocr_carea' id='block_1_19' title="bbox 318 1910 1842 1992">
    <p class='ocr_par' dir='ltr' id='par_1_19' title="bbox 318 1910 1842 1992">
     <span class='ocr_line' id='line_1_19' title="bbox 318 1910 1842 1992; baseline -0.01 -14"><span class='ocrx_word' id='word_1_135' title='bbox 318 1923 590 1992; x_wconf 74' lang='lat' dir='ltr'><strong>egentibus</strong></span> <span class='ocrx_word' id='word_1_136' title='bbox 622 1919 919 1980; x_wconf 85' lang='lat' dir='ltr'><strong>distribuat,</strong></span> <span class='ocrx_word' id='word_1_137' title='bbox 945 1916 1022 1972; x_wconf 82' lang='lat' dir='ltr'><strong>vel</strong></span> <span class='ocrx_word' id='word_1_138' title='bbox 1061 1915 1220 1969; x_wconf 82' lang='lat' dir='ltr'><strong>faciat</strong></span> <span class='ocrx_word' id='word_1_139' title='bbox 1250 1913 1446 1981; x_wconf 84' lang='lat' dir='ltr'><strong>aliquid</strong></span> <span class='ocrx_word' id='word_1_140' title='bbox 1480 1912 1599 1965; x_wconf 88' lang='lat' dir='ltr'><strong>boni</strong></span> <span class='ocrx_word' id='word_1_141' title='bbox 1644 1910 1842 1979; x_wconf 88' lang='lat' dir='ltr'><strong>operis,</strong></span> 
     </span>
    </p>
   </div>
   <div class='ocr_carea' id='block_1_20' title="bbox 316 1997 1844 2082">
    <p class='ocr_par' dir='ltr' id='par_1_20' title="bbox 316 1997 1844 2082">
     <span class='ocr_line' id='line_1_20' title="bbox 316 1997 1844 2082; baseline -0.009 -16"><span class='ocrx_word' id='word_1_142' title='bbox 316 2029 411 2082; x_wconf 93' lang='lat' dir='ltr'><strong>pro</strong></span> <span class='ocrx_word' id='word_1_143' title='bbox 452 2011 700 2064; x_wconf 88' lang='lat' dir='ltr'><strong>mandato</strong></span> <span class='ocrx_word' id='word_1_144' title='bbox 729 2022 920 2062; x_wconf 83' lang='lat' dir='ltr'><strong>munus</strong></span> <span class='ocrx_word' id='word_1_145' title='bbox 950 2004 1138 2059; x_wconf 87' lang='lat' dir='ltr'><strong>obtulit</strong></span> <span class='ocrx_word' id='word_1_146' title='bbox 1185 2002 1315 2056; x_wconf 91' lang='lat' dir='ltr'><strong>Deo.</strong></span> <span class='ocrx_word' id='word_1_147' title='bbox 1363 2001 1465 2054; x_wconf 89' lang='lat' dir='ltr'><strong>Sed</strong></span> <span class='ocrx_word' id='word_1_148' title='bbox 1506 2015 1688 2054; x_wconf 90' lang='lat' dir='ltr'><strong>rursus</strong></span> <span class='ocrx_word' id='word_1_149' title='bbox 1734 1997 1844 2068; x_wconf 72' lang='lat'><strong>(25)</strong></span> 
     </span>
    </p>
   </div>
   <div class='ocr_carea' id='block_1_21' title="bbox 321 2089 1846 2166">
    <p class='ocr_par' dir='ltr' id='par_1_21' title="bbox 321 2089 1846 2166">
     <span class='ocr_line' id='line_1_21' title="bbox 321 2089 1846 2166; baseline -0.009 -10"><span class='ocrx_word' id='word_1_150' title='bbox 321 2100 560 2156; x_wconf 79' lang='lat' dir='ltr'><strong>numeris</strong></span> <span class='ocrx_word' id='word_1_151' title='bbox 591 2099 746 2154; x_wconf 78' lang='lat' dir='ltr'><strong>ollert</strong></span> <span class='ocrx_word' id='word_1_152' title='bbox 780 2095 1071 2166; x_wconf 83' lang='lat' dir='ltr'><strong>primitias,</strong></span> <span class='ocrx_word' id='word_1_153' title='bbox 1097 2095 1140 2146; x_wconf 90' lang='lat' dir='ltr'><strong>si</strong></span> <span class='ocrx_word' id='word_1_154' title='bbox 1175 2107 1280 2146; x_wconf 90' lang='lat' dir='ltr'><strong>non</strong></span> <span class='ocrx_word' id='word_1_155' title='bbox 1312 2090 1482 2146; x_wconf 90' lang='lat' dir='ltr'><strong>solum</strong></span> <span class='ocrx_word' id='word_1_156' title='bbox 1507 2089 1674 2154; x_wconf 89' lang='lat' dir='ltr'><strong>cibos,</strong></span> <span class='ocrx_word' id='word_1_157' title='bbox 1701 2089 1846 2143; x_wconf 80' lang='lat' dir='ltr'><strong>verbi</strong></span> 
     </span>
    </p>
   </div>
   <div class='ocr_carea' id='block_1_22' title="bbox 317 2177 1848 2260">
    <p class='ocr_par' dir='ltr' id='par_1_22' title="bbox 317 2177 1848 2260">
     <span class='ocr_line' id='line_1_22' title="bbox 317 2177 1848 2260; baseline -0.009 -17"><span class='ocrx_word' id='word_1_158' title='bbox 317 2189 510 2260; x_wconf 71' lang='lat' dir='ltr'><strong>gratia,</strong></span> <span class='ocrx_word' id='word_1_159' title='bbox 543 2190 623 2240; x_wconf 88' lang='lat' dir='ltr'><strong>vel</strong></span> <span class='ocrx_word' id='word_1_160' title='bbox 650 2185 926 2256; x_wconf 89' lang='lat' dir='ltr'><strong>pecuniam</strong></span> <span class='ocrx_word' id='word_1_161' title='bbox 953 2182 1228 2250; x_wconf 88' lang='lat' dir='ltr'><strong>largiatur,</strong></span> <span class='ocrx_word' id='word_1_162' title='bbox 1259 2180 1351 2232; x_wconf 87' lang='lat' dir='ltr'><strong>sed</strong></span> <span class='ocrx_word' id='word_1_163' title='bbox 1383 2189 1436 2233; x_wconf 94' lang='lat' dir='ltr'><strong>et</strong></span> <span class='ocrx_word' id='word_1_164' title='bbox 1477 2178 1722 2232; x_wconf 75' lang='lat' dir='ltr'><strong>aﬂ‘ectum</strong></span> <span class='ocrx_word' id='word_1_165' title='bbox 1747 2177 1848 2230; x_wconf 92' lang='lat' dir='ltr'><strong>mi-</strong></span> 
     </span>
    </p>
   </div>
   <div class='ocr_carea' id='block_1_23' title="bbox 319 2265 1847 2337">
    <p class='ocr_par' dir='ltr' id='par_1_23' title="bbox 319 2265 1847 2337">
     <span class='ocr_line' id='line_1_23' title="bbox 319 2265 1847 2337; baseline -0.009 -3"><span class='ocrx_word' id='word_1_166' title='bbox 319 2277 527 2334; x_wconf 88' lang='lat' dir='ltr'><strong>screndi</strong></span> <span class='ocrx_word' id='word_1_167' title='bbox 564 2276 776 2334; x_wconf 81' lang='lat' dir='ltr'><strong>haheat,</strong></span> <span class='ocrx_word' id='word_1_168' title='bbox 807 2281 860 2326; x_wconf 91' lang='lat' dir='ltr'><strong>et</strong></span> <span class='ocrx_word' id='word_1_169' title='bbox 882 2269 1258 2337; x_wconf 86' lang='lat' dir='ltr'><strong>compatiendi.</strong></span> <span class='ocrx_word' id='word_1_170' title='bbox 1291 2268 1401 2322; x_wconf 88' lang='lat' dir='ltr'><strong>lloc</strong></span> <span class='ocrx_word' id='word_1_171' title='bbox 1431 2268 1570 2321; x_wconf 91' lang='lat' dir='ltr'><strong>enim</strong></span> <span class='ocrx_word' id='word_1_172' title='bbox 1601 2276 1679 2320; x_wconf 87' lang='lat' dir='ltr'><strong>est</strong></span> <span class='ocrx_word' id='word_1_173' title='bbox 1708 2265 1847 2334; x_wconf 89' lang='lat' dir='ltr'><strong>quod</strong></span> 
     </span>
    </p>
   </div>
   <div class='ocr_carea' id='block_1_24' title="bbox 321 2356 1850 2436">
    <p class='ocr_par' dir='ltr' id='par_1_24' title="bbox 321 2356 1850 2436">
     <span class='ocr_line' id='line_1_24' title="bbox 321 2356 1850 2436; baseline -0.009 -14"><span class='ocrx_word' id='word_1_174' title='bbox 321 2366 541 2436; x_wconf 82' lang='lat' dir='ltr'><strong>requitil</strong></span> <span class='ocrx_word' id='word_1_175' title='bbox 568 2365 633 2418; x_wconf 90' lang='lat' dir='ltr'><strong>ab</strong></span> <span class='ocrx_word' id='word_1_176' title='bbox 675 2362 885 2416; x_wconf 86' lang='lat' dir='ltr'><strong>homine</strong></span> <span class='ocrx_word' id='word_1_177' title='bbox 914 2359 1072 2422; x_wconf 89' lang='lat' dir='ltr'><strong>Deus,</strong></span> <span class='ocrx_word' id='word_1_178' title='bbox 1096 2367 1153 2410; x_wconf 93' lang='lat' dir='ltr'><strong>ut</strong></span> <span class='ocrx_word' id='word_1_179' title='bbox 1181 2371 1330 2410; x_wconf 87' lang='lat' dir='ltr'><strong>mens</strong></span> <span class='ocrx_word' id='word_1_180' title='bbox 1371 2357 1482 2425; x_wconf 88' lang='lat' dir='ltr'><strong>ipsa</strong></span> <span class='ocrx_word' id='word_1_181' title='bbox 1517 2356 1620 2424; x_wconf 89' lang='lat' dir='ltr'><strong>piis</strong></span> <span class='ocrx_word' id='word_1_182' title='bbox 1660 2366 1715 2409; x_wconf 86' lang='lat' dir='ltr'><strong>et</strong></span> <span class='ocrx_word' id='word_1_183' title='bbox 1751 2357 1850 2408; x_wconf 82' lang='lat' dir='ltr'><strong>nti-</strong></span> 
     </span>
    </p>
   </div>
   <div class='ocr_carea' id='block_1_25' title="bbox 318 2442 1849 2522">
    <p class='ocr_par' dir='ltr' id='par_1_25' title="bbox 318 2442 1849 2522">
     <span class='ocr_line' id='line_1_25' title="bbox 318 2442 1849 2522; baseline -0.01 -10"><span class='ocrx_word' id='word_1_184' title='bbox 318 2452 679 2522; x_wconf 83' lang='lat' dir='ltr'><strong>scricordihns</strong></span> <span class='ocrx_word' id='word_1_185' title='bbox 712 2448 976 2518; x_wconf 76' lang='lat' dir='ltr'><strong>repleatur</strong></span> <span class='ocrx_word' id='word_1_186' title='bbox 1003 2456 1055 2499; x_wconf 89' lang='lat' dir='ltr'><strong>et</strong></span> <span class='ocrx_word' id='word_1_187' title='bbox 1085 2445 1343 2498; x_wconf 70' lang='lat' dir='ltr'><strong>formetur</strong></span> <span class='ocrx_word' id='word_1_188' title='bbox 1391 2442 1686 2497; x_wconf 82' lang='lat' dir='ltr'><strong>all‘ectibus.</strong></span> <span class='ocrx_word' id='word_1_189' title='bbox 1727 2461 1746 2493; x_wconf 73' lang='grc' dir='ltr'>ι</span> <span class='ocrx_word' id='word_1_190' title='bbox 1787 2444 1849 2497; x_wconf 86' lang='lat' dir='ltr'><strong>Et</strong></span> 
     </span>
    </p>
   </div>
   <div class='ocr_carea' id='block_1_26' title="bbox 320 2531 1851 2599">
    <p class='ocr_par' dir='ltr' id='par_1_26' title="bbox 320 2531 1851 2599">
     <span class='ocr_line' id='line_1_26' title="bbox 320 2531 1851 2599; baseline -0.008 1"><span class='ocrx_word' id='word_1_191' title='bbox 320 2549 387 2599; x_wconf 86' lang='lat' dir='ltr'><strong>ab</strong></span> <span class='ocrx_word' id='word_1_192' title='bbox 425 2540 670 2598; x_wconf 67' lang='lat' dir='ltr'><strong>otnnlbus</strong></span> <span class='ocrx_word' id='word_1_193' title='bbox 709 2535 1163 2593; x_wconf 90' lang='lat' dir='ltr'><strong>inunolationibus</strong></span> <span class='ocrx_word' id='word_1_194' title='bbox 1221 2547 1427 2587; x_wconf 91' lang='lat' dir='ltr'><strong>eorum.</strong></span> <span class='ocrx_word' id='word_1_195' title='bbox 1470 2549 1488 2582; x_wconf 75' lang='grc' dir='ltr'><strong><em>ι</em></strong></span> <span class='ocrx_word' id='word_1_196' title='bbox 1553 2531 1851 2587; x_wconf 81' lang='lat' dir='ltr'><strong>lmmolatio</strong></span> 
     </span>
    </p>
   </div>
   <div class='ocr_carea' id='block_1_27' title="bbox 321 2619 1850 2701">
    <p class='ocr_par' dir='ltr' id='par_1_27' title="bbox 321 2619 1850 2701">
     <span class='ocr_line' id='line_1_27' title="bbox 321 2619 1850 2701; baseline -0.01 -13"><span class='ocrx_word' id='word_1_197' title='bbox 321 2629 573 2701; x_wconf 85' lang='lat' dir='ltr'><strong>spiritalis</strong></span> <span class='ocrx_word' id='word_1_198' title='bbox 595 2642 677 2682; x_wconf 85' lang='lat' dir='ltr'><strong>cSt</strong></span> <span class='ocrx_word' id='word_1_199' title='bbox 717 2625 806 2679; x_wconf 80' lang='lat' dir='ltr'><strong>illa</strong></span> <span class='ocrx_word' id='word_1_200' title='bbox 846 2637 1006 2692; x_wconf 83' lang='lat' dir='ltr'><strong>quam</strong></span> <span class='ocrx_word' id='word_1_201' title='bbox 1035 2621 1258 2686; x_wconf 77' lang='lat' dir='ltr'><strong>legimus</strong></span> <span class='ocrx_word' id='word_1_202' title='bbox 1275 2621 1321 2652; x_wconf 80' lang='lat'>“</span> <span class='ocrx_word' id='word_1_203' title='bbox 1360 2635 1372 2672; x_wconf 89' lang='lat'><strong>:</strong></span> <span class='ocrx_word' id='word_1_204' title='bbox 1410 2637 1429 2670; x_wconf 74' lang='grc' dir='ltr'><strong><em>ι</em></strong></span> <span class='ocrx_word' id='word_1_205' title='bbox 1467 2619 1684 2672; x_wconf 84' lang='lat' dir='ltr'><strong>lmmola</strong></span> <span class='ocrx_word' id='word_1_206' title='bbox 1744 2619 1850 2672; x_wconf 88' lang='lat' dir='ltr'><strong>Deo</strong></span> 
     </span>
    </p>
   </div>
   <div class='ocr_carea' id='block_1_28' title="bbox 327 2711 1846 2783">
    <p class='ocr_par' dir='ltr' id='par_1_28' title="bbox 327 2711 1846 2783">
     <span class='ocr_line' id='line_1_28' title="bbox 327 2711 1846 2783; baseline -0.011 -7"><span class='ocrx_word' id='word_1_207' title='bbox 327 2722 653 2776; x_wconf 80' lang='lat' dir='ltr'><strong>sacriﬁcium</strong></span> <span class='ocrx_word' id='word_1_208' title='bbox 683 2717 875 2783; x_wconf 86' lang='lat' dir='ltr'><strong>laudis,</strong></span> <span class='ocrx_word' id='word_1_209' title='bbox 900 2725 957 2769; x_wconf 92' lang='lat' dir='ltr'><strong>et</strong></span> <span class='ocrx_word' id='word_1_210' title='bbox 1004 2714 1165 2768; x_wconf 86' lang='lat' dir='ltr'><strong>redde</strong></span> <span class='ocrx_word' id='word_1_211' title='bbox 1196 2711 1470 2766; x_wconf 85' lang='lat' dir='ltr'><strong>Altissimo</strong></span> <span class='ocrx_word' id='word_1_212' title='bbox 1496 2718 1620 2763; x_wconf 82' lang='lat' dir='ltr'><strong>vota</strong></span> <span class='ocrx_word' id='word_1_213' title='bbox 1675 2716 1784 2762; x_wconf 88' lang='lat' dir='ltr'><strong>tua.</strong></span> <span class='ocrx_word' id='word_1_214' title='bbox 1825 2726 1846 2760; x_wconf 66' lang='grc' dir='ltr'><em>ι</em></span> 
     </span>
    </p>
   </div>
   <div class='ocr_carea' id='block_1_29' title="bbox 325 2797 1850 2877">
    <p class='ocr_par' dir='ltr' id='par_1_29' title="bbox 325 2797 1850 2877">
     <span class='ocr_line' id='line_1_29' title="bbox 325 2797 1850 2877; baseline -0.011 -10"><span class='ocrx_word' id='word_1_215' title='bbox 325 2813 562 2868; x_wconf 75' lang='lat' dir='ltr'><strong>Laudare</strong></span> <span class='ocrx_word' id='word_1_216' title='bbox 588 2823 716 2877; x_wconf 75' lang='lat' dir='ltr'><strong>ergo</strong></span> <span class='ocrx_word' id='word_1_217' title='bbox 749 2807 936 2866; x_wconf 87' lang='lat' dir='ltr'><strong>Deum,</strong></span> <span class='ocrx_word' id='word_1_218' title='bbox 971 2811 1026 2858; x_wconf 92' lang='lat' dir='ltr'><strong>et</strong></span> <span class='ocrx_word' id='word_1_219' title='bbox 1049 2811 1168 2856; x_wconf 88' lang='lat' dir='ltr'><strong>vota</strong></span> <span class='ocrx_word' id='word_1_220' title='bbox 1194 2799 1452 2855; x_wconf 90' lang='lat' dir='ltr'><strong>orationis</strong></span> <span class='ocrx_word' id='word_1_221' title='bbox 1475 2797 1686 2862; x_wconf 82' lang='lat' dir='ltr'><strong>oﬂ&#39;erre,</strong></span> <span class='ocrx_word' id='word_1_222' title='bbox 1745 2797 1850 2851; x_wconf 91' lang='lat' dir='ltr'><strong>im-</strong></span> 
     </span>
    </p>
   </div>
   <div class='ocr_carea' id='block_1_30' title="bbox 327 2887 1851 2958">
    <p class='ocr_par' dir='ltr' id='par_1_30' title="bbox 327 2887 1851 2958">
     <span class='ocr_line' id='line_1_30' title="bbox 327 2887 1851 2958; baseline -0.01 -3"><span class='ocrx_word' id='word_1_223' title='bbox 327 2902 525 2956; x_wconf 81' lang='lat' dir='ltr'><strong>molare</strong></span> <span class='ocrx_word' id='word_1_224' title='bbox 543 2908 624 2954; x_wconf 91' lang='lat' dir='ltr'><strong>cst</strong></span> <span class='ocrx_word' id='word_1_225' title='bbox 653 2897 778 2958; x_wconf 92' lang='lat' dir='ltr'><strong>Deo.</strong></span> <span class='ocrx_word' id='word_1_226' title='bbox 801 2893 904 2948; x_wconf 85' lang='lat' dir='ltr'><strong>Sed</strong></span> <span class='ocrx_word' id='word_1_227' title='bbox 931 2892 1086 2956; x_wconf 87' lang='lat' dir='ltr'><strong>hujus</strong></span> <span class='ocrx_word' id='word_1_228' title='bbox 1115 2888 1496 2945; x_wconf 90' lang='lat' dir='ltr'><strong>immolationis</strong></span> <span class='ocrx_word' id='word_1_229' title='bbox 1515 2887 1759 2958; x_wconf 68' lang='lat' dir='ltr'><strong>primitiae</strong></span> <span class='ocrx_word' id='word_1_230' title='bbox 1777 2887 1851 2940; x_wconf 87' lang='lat' dir='ltr'><strong>ita</strong></span> 
     </span>
    </p>
   </div>
   <div class='ocr_carea' id='block_1_31' title="bbox 1713 274 2033 332">
    <p class='ocr_par' dir='ltr' id='par_1_31' title="bbox 1713 274 2033 332">
     <span class='ocr_line' id='line_1_31' title="bbox 1713 274 2033 332; baseline -0.006 0"><span class='ocrx_word' id='word_1_231' title='bbox 1713 276 1874 332; x_wconf 70' lang='grc' dir='ltr'><strong>08Ξο</strong></span> <span class='ocrx_word' id='word_1_232' title='bbox 1883 274 2033 331; x_wconf 78' lang='grc' dir='ltr'><strong>ΕΝιὸ</strong></span> 
     </span>
    </p>
   </div>
   <div class='ocr_carea' id='block_1_32' title="bbox 3589 279 3648 335">
    <p class='ocr_par' dir='ltr' id='par_1_32' title="bbox 3589 279 3648 335">
     <span class='ocr_line' id='line_1_32' title="bbox 3589 279 3648 335; baseline 0.068 -4"><span class='ocrx_word' id='word_1_233' title='bbox 3589 279 3648 335; x_wconf 48' lang='grc' dir='ltr'><strong>’τε</strong></span> 
     </span>
    </p>
   </div>
   <div class='ocr_carea' id='block_1_33' title="bbox 2513 281 3687 433">
    <p class='ocr_par' dir='ltr' id='par_1_33' title="bbox 2513 281 3687 433">
     <span class='ocr_line' id='line_1_33' title="bbox 2513 281 3687 433; baseline -0.01 -1"><span class='ocrx_word' id='word_1_234' title='bbox 2513 375 2824 433; x_wconf 70' lang='lat' dir='ltr'><strong>lIOMlLlA</strong></span> <span class='ocrx_word' id='word_1_235' title='bbox 2869 366 3003 427; x_wconf 77' lang='lat' dir='ltr'><strong>XII.</strong></span> <span class='ocrx_word' id='word_1_236' title='bbox 3593 281 3687 337; x_wconf 54' lang='lat' dir='ltr'><strong>ts</strong></span> 
     </span>
    </p>
   </div>
   <div class='ocr_carea' id='block_1_34' title="bbox 2323 460 3248 542">
    <p class='ocr_par' dir='ltr' id='par_1_34' title="bbox 2323 460 3248 542">
     <span class='ocr_line' id='line_1_34' title="bbox 2323 460 3248 542; baseline -0.017 -17"><span class='ocrx_word' id='word_1_237' title='bbox 2323 471 2402 525; x_wconf 83' lang='lat' dir='ltr'><strong>De</strong></span> <span class='ocrx_word' id='word_1_238' title='bbox 2451 476 2616 537; x_wconf 79' lang='lat' dir='ltr'><strong>puteo</strong></span> <span class='ocrx_word' id='word_1_239' title='bbox 2663 475 2732 542; x_wconf 56' lang='lat' dir='ltr'><strong>et</strong></span> <span class='ocrx_word' id='word_1_240' title='bbox 2778 463 3020 520; x_wconf 73' lang='lat' dir='ltr'><strong>cantico</strong></span> <span class='ocrx_word' id='word_1_241' title='bbox 3074 460 3248 528; x_wconf 56' lang='grc' dir='ltr'><strong>ιβιδ.</strong></span> 
     </span>
    </p>
   </div>
   <div class='ocr_carea' id='block_1_35' title="bbox 2015 564 3687 656">
    <p class='ocr_par' dir='ltr' id='par_1_35' title="bbox 2015 564 3687 656">
     <span class='ocr_line' id='line_1_35' title="bbox 2015 564 3687 656; baseline -0.01 -18"><span class='ocrx_word' id='word_1_242' title='bbox 2015 586 2065 638; x_wconf 73' lang='grc'><strong>1.</strong></span> <span class='ocrx_word' id='word_1_243' title='bbox 2105 581 2294 636; x_wconf 90' lang='lat' dir='ltr'><strong>Lectio</strong></span> <span class='ocrx_word' id='word_1_244' title='bbox 2324 577 2486 633; x_wconf 90' lang='lat' dir='ltr'><strong>nobis</strong></span> <span class='ocrx_word' id='word_1_245' title='bbox 2513 576 2692 643; x_wconf 88' lang='lat' dir='ltr'><strong>putei,</strong></span> <span class='ocrx_word' id='word_1_246' title='bbox 2729 584 2790 628; x_wconf 90' lang='lat' dir='ltr'><strong>et</strong></span> <span class='ocrx_word' id='word_1_247' title='bbox 2816 564 3058 628; x_wconf 83' lang='lat' dir='ltr'><strong>cantici</strong></span> <span class='ocrx_word' id='word_1_248' title='bbox 3096 568 3288 640; x_wconf 86' lang='lat' dir='ltr'><strong>quod</strong></span> <span class='ocrx_word' id='word_1_249' title='bbox 3426 584 3559 647; x_wconf 67' lang='lat' dir='ltr'><strong>apud</strong></span> <span class='ocrx_word' id='word_1_250' title='bbox 3606 604 3687 656; x_wconf 62' lang='grc' dir='ltr'><strong>νυ,</strong></span> 
     </span>
    </p>
   </div>
   <div class='ocr_carea' id='block_1_36' title="bbox 1948 656 3684 734">
    <p class='ocr_par' dir='ltr' id='par_1_36' title="bbox 1948 656 3684 734">
     <span class='ocr_line' id='line_1_36' title="bbox 1948 656 3684 734; baseline 0.002 -8"><span class='ocrx_word' id='word_1_251' title='bbox 1948 681 2090 726; x_wconf 89' lang='lat' dir='ltr'><strong>tcum</strong></span> <span class='ocrx_word' id='word_1_252' title='bbox 2115 668 2320 724; x_wconf 88' lang='lat' dir='ltr'><strong>cecinit</strong></span> <span class='ocrx_word' id='word_1_253' title='bbox 2345 663 2538 728; x_wconf 89' lang='lat' dir='ltr'><strong>lsrael,</strong></span> <span class='ocrx_word' id='word_1_254' title='bbox 2569 678 2643 716; x_wconf 80' lang='lat' dir='ltr'><strong>ex</strong></span> <span class='ocrx_word' id='word_1_255' title='bbox 2699 661 3120 716; x_wconf 78' lang='lat' dir='ltr'><strong>Numerorum</strong></span> <span class='ocrx_word' id='word_1_256' title='bbox 3181 656 3424 716; x_wconf 78' lang='lat' dir='ltr'><strong>lib-0</strong></span> <span class='ocrx_word' id='word_1_257' title='bbox 3481 673 3684 734; x_wconf 83' lang='lat' dir='ltr'><strong>recitata</strong></span> 
     </span>
    </p>
   </div>
   <div class='ocr_carea' id='block_1_37' title="bbox 1944 745 3688 823">
    <p class='ocr_par' dir='ltr' id='par_1_37' title="bbox 1944 745 3688 823">
     <span class='ocr_line' id='line_1_37' title="bbox 1944 745 3688 823; baseline 0.001 -11"><span class='ocrx_word' id='word_1_258' title='bbox 1944 767 2047 821; x_wconf 85' lang='lat' dir='ltr'><strong>est,</strong></span> <span class='ocrx_word' id='word_1_259' title='bbox 2074 770 2236 823; x_wconf 89' lang='lat' dir='ltr'><strong>quam</strong></span> <span class='ocrx_word' id='word_1_260' title='bbox 2263 752 2462 813; x_wconf 84' lang='lat' dir='ltr'><strong>solitis,</strong></span> <span class='ocrx_word' id='word_1_261' title='bbox 2496 751 2608 803; x_wconf 91' lang='lat' dir='ltr'><strong>imo</strong></span> <span class='ocrx_word' id='word_1_262' title='bbox 2639 747 2792 802; x_wconf 78' lang='lat' dir='ltr'><strong>forte</strong></span> <span class='ocrx_word' id='word_1_263' title='bbox 2827 755 2891 800; x_wconf 89' lang='lat' dir='ltr'><strong>et</strong></span> <span class='ocrx_word' id='word_1_264' title='bbox 2925 745 3215 814; x_wconf 79' lang='lat' dir='ltr'><strong>amplius</strong></span> <span class='ocrx_word' id='word_1_265' title='bbox 3282 751 3517 810; x_wconf 62' lang='lat' dir='ltr'><strong>solito</strong></span> <span class='ocrx_word' id='word_1_266' title='bbox 3561 763 3688 818; x_wconf 80' lang='lat' dir='ltr'><strong>ride-</strong></span> 
     </span>
    </p>
   </div>
   <div class='ocr_carea' id='block_1_38' title="bbox 1945 838 3686 920">
    <p class='ocr_par' dir='ltr' id='par_1_38' title="bbox 1945 838 3686 920">
     <span class='ocr_line' id='line_1_38' title="bbox 1945 838 3686 920; baseline -0.005 -15"><span class='ocrx_word' id='word_1_267' title='bbox 1945 867 2065 906; x_wconf 85' lang='lat' dir='ltr'><strong>mus</strong></span> <span class='ocrx_word' id='word_1_268' title='bbox 2097 850 2404 904; x_wconf 86' lang='lat' dir='ltr'><strong>redundare</strong></span> <span class='ocrx_word' id='word_1_269' title='bbox 2438 842 2755 920; x_wconf 73' lang='lat' dir='ltr'><strong>mysteriis.</strong></span> <span class='ocrx_word' id='word_1_270' title='bbox 2803 844 2910 898; x_wconf 83' lang='lat' dir='ltr'><strong>Ait</strong></span> <span class='ocrx_word' id='word_1_271' title='bbox 2943 841 3118 895; x_wconf 88' lang='lat' dir='ltr'><strong>enim</strong></span> <span class='ocrx_word' id='word_1_272' title='bbox 3152 838 3218 871; x_wconf 74' lang='grc'><strong>³⁶</strong></span> <span class='ocrx_word' id='word_1_273' title='bbox 3265 854 3282 889; x_wconf 90' lang='lat'><strong>:</strong></span> <span class='ocrx_word' id='word_1_274' title='bbox 3405 865 3425 896; x_wconf 84' lang='grc'><em>‹</em></span> <span class='ocrx_word' id='word_1_275' title='bbox 3455 848 3520 904; x_wconf 73' lang='lat' dir='ltr'><strong>Ei</strong></span> <span class='ocrx_word' id='word_1_276' title='bbox 3567 856 3686 914; x_wconf 59' lang='lat' dir='ltr'><strong>mi,“</strong></span> 
     </span>
    </p>
   </div>
   <div class='ocr_carea' id='block_1_39' title="bbox 1943 937 3691 1008">
    <p class='ocr_par' dir='ltr' id='par_1_39' title="bbox 1943 937 3691 1008">
     <span class='ocr_line' id='line_1_39' title="bbox 1943 937 3691 1008; baseline 0.001 -14"><span class='ocrx_word' id='word_1_277' title='bbox 1943 941 2011 994; x_wconf 88' lang='lat' dir='ltr'><strong>de</strong></span> <span class='ocrx_word' id='word_1_278' title='bbox 2043 947 2203 1008; x_wconf 85' lang='lat' dir='ltr'><strong>puteo</strong></span> <span class='ocrx_word' id='word_1_279' title='bbox 2233 937 2488 1006; x_wconf 88' lang='lat' dir='ltr'><strong>populus.</strong></span> <span class='ocrx_word' id='word_1_280' title='bbox 2528 937 2631 992; x_wconf 82' lang='lat' dir='ltr'><strong>Hic</strong></span> <span class='ocrx_word' id='word_1_281' title='bbox 2663 944 2754 990; x_wconf 90' lang='lat' dir='ltr'><strong>est</strong></span> <span class='ocrx_word' id='word_1_282' title='bbox 2779 943 3032 1002; x_wconf 84' lang='lat' dir='ltr'><strong>puteus,</strong></span> <span class='ocrx_word' id='word_1_283' title='bbox 3088 943 3368 997; x_wconf 76' lang='lat' dir='ltr'><strong>quen-</strong></span> <span class='ocrx_word' id='word_1_284' title='bbox 3417 937 3555 995; x_wconf 75' lang='lat' dir='ltr'><strong>dixit</strong></span> <span class='ocrx_word' id='word_1_285' title='bbox 3596 943 3691 1001; x_wconf 80' lang='lat' dir='ltr'><strong>Do.</strong></span> 
     </span>
    </p>
   </div>
   <div class='ocr_carea' id='block_1_40' title="bbox 1945 1019 3687 1096">
    <p class='ocr_par' dir='ltr' id='par_1_40' title="bbox 1945 1019 3687 1096">
     <span class='ocr_line' id='line_1_40' title="bbox 1945 1019 3687 1096; baseline 0.002 -16"><span class='ocrx_word' id='word_1_286' title='bbox 1945 1027 2125 1082; x_wconf 87' lang='lat' dir='ltr'><strong>minus</strong></span> <span class='ocrx_word' id='word_1_287' title='bbox 2155 1028 2222 1080; x_wconf 90' lang='lat' dir='ltr'><strong>ad</strong></span> <span class='ocrx_word' id='word_1_288' title='bbox 2252 1027 2474 1096; x_wconf 84' lang='lat' dir='ltr'><strong>Moysen</strong></span> <span class='ocrx_word' id='word_1_289' title='bbox 2508 1042 2522 1079; x_wconf 92' lang='lat'>:</span> <span class='ocrx_word' id='word_1_290' title='bbox 2551 1026 2852 1094; x_wconf 80' lang='lat' dir='ltr'><strong>Congrega</strong></span> <span class='ocrx_word' id='word_1_291' title='bbox 2897 1019 3253 1089; x_wconf 69' lang='lat' dir='ltr'><strong>populum.</strong></span> <span class='ocrx_word' id='word_1_292' title='bbox 3311 1034 3409 1078; x_wconf 63' lang='grc' dir='ltr'><strong>«δι</strong></span> <span class='ocrx_word' id='word_1_293' title='bbox 3458 1032 3592 1086; x_wconf 87' lang='lat' dir='ltr'><strong>dabo</strong></span> <span class='ocrx_word' id='word_1_294' title='bbox 3616 1039 3687 1092; x_wconf 77' lang='lat' dir='ltr'><strong>eis</strong></span> 
     </span>
    </p>
   </div>
   <div class='ocr_carea' id='block_1_41' title="bbox 1945 1110 3690 1185">
    <p class='ocr_par' dir='ltr' id='par_1_41' title="bbox 1945 1110 3690 1185">
     <span class='ocr_line' id='line_1_41' title="bbox 1945 1110 3690 1185; baseline -0.001 -14"><span class='ocrx_word' id='word_1_295' title='bbox 1945 1131 2141 1185; x_wconf 88' lang='lat' dir='ltr'><strong>aquam</strong></span> <span class='ocrx_word' id='word_1_296' title='bbox 2170 1117 2384 1171; x_wconf 89' lang='lat' dir='ltr'><strong>bibere.</strong></span> <span class='ocrx_word' id='word_1_297' title='bbox 2428 1135 2448 1168; x_wconf 72' lang='grc' dir='ltr'><strong><em>ι</em></strong></span> <span class='ocrx_word' id='word_1_298' title='bbox 2518 1115 2632 1169; x_wconf 84' lang='lat' dir='ltr'><strong>Sed</strong></span> <span class='ocrx_word' id='word_1_299' title='bbox 2688 1115 2747 1168; x_wconf 92' lang='lat' dir='ltr'><strong>in</strong></span> <span class='ocrx_word' id='word_1_300' title='bbox 2801 1111 2899 1164; x_wconf 85' lang='lat' dir='ltr'><strong>bis</strong></span> <span class='ocrx_word' id='word_1_301' title='bbox 2957 1110 3155 1164; x_wconf 87' lang='lat' dir='ltr'><strong>dictis</strong></span> <span class='ocrx_word' id='word_1_302' title='bbox 3235 1125 3422 1168; x_wconf 67' lang='grc' dir='ltr'>ιιι-ω</span> <span class='ocrx_word' id='word_1_303' title='bbox 3481 1122 3690 1182; x_wconf 64' lang='lat' dir='ltr'><strong>multum</strong></span> 
     </span>
    </p>
   </div>
   <div class='ocr_carea' id='block_1_42' title="bbox 1945 1203 3688 1278">
    <p class='ocr_par' dir='ltr' id='par_1_42' title="bbox 1945 1203 3688 1278">
     <span class='ocr_line' id='line_1_42' title="bbox 1945 1203 3688 1278; baseline 0.002 -18"><span class='ocrx_word' id='word_1_304' title='bbox 1945 1206 2078 1260; x_wconf 86' lang='lat' dir='ltr'><strong>mihi</strong></span> <span class='ocrx_word' id='word_1_305' title='bbox 2107 1205 2248 1274; x_wconf 90' lang='lat' dir='ltr'><strong>juris</strong></span> <span class='ocrx_word' id='word_1_306' title='bbox 2274 1206 2492 1259; x_wconf 85' lang='lat' dir='ltr'><strong>videtur</strong></span> <span class='ocrx_word' id='word_1_307' title='bbox 2521 1204 2798 1259; x_wconf 86' lang='lat' dir='ltr'><strong>historica</strong></span> <span class='ocrx_word' id='word_1_308' title='bbox 2861 1203 3076 1256; x_wconf 87' lang='lat' dir='ltr'><strong>littera</strong></span> <span class='ocrx_word' id='word_1_309' title='bbox 3121 1204 3533 1268; x_wconf 62' lang='lat' dir='ltr'><strong>possidere.</strong></span> <span class='ocrx_word' id='word_1_310' title='bbox 3564 1213 3688 1278; x_wconf 77' lang='lat' dir='ltr'><strong>Quid</strong></span> 
     </span>
    </p>
   </div>
   <div class='ocr_carea' id='block_1_43' title="bbox 1943 1290 3691 1375">
    <p class='ocr_par' dir='ltr' id='par_1_43' title="bbox 1943 1290 3691 1375">
     <span class='ocr_line' id='line_1_43' title="bbox 1943 1290 3691 1375; baseline 0.003 -25"><span class='ocrx_word' id='word_1_311' title='bbox 1943 1303 2028 1350; x_wconf 88' lang='lat' dir='ltr'><strong>est</strong></span> <span class='ocrx_word' id='word_1_312' title='bbox 2051 1296 2199 1349; x_wconf 89' lang='lat' dir='ltr'><strong>enim</strong></span> <span class='ocrx_word' id='word_1_313' title='bbox 2237 1295 2384 1364; x_wconf 89' lang='lat' dir='ltr'><strong>quod</strong></span> <span class='ocrx_word' id='word_1_314' title='bbox 2412 1306 2760 1362; x_wconf 86' lang='lat' dir='ltr'><strong>magnopere</strong></span> <span class='ocrx_word' id='word_1_315' title='bbox 2805 1290 3114 1361; x_wconf 77' lang='lat' dir='ltr'><strong>pnecepit</strong></span> <span class='ocrx_word' id='word_1_316' title='bbox 3156 1290 3298 1342; x_wconf 76' lang='lat' dir='ltr'><strong>Do:</strong></span> <span class='ocrx_word' id='word_1_317' title='bbox 3323 1295 3513 1351; x_wconf 68' lang='lat' dir='ltr'><strong>minus</strong></span> <span class='ocrx_word' id='word_1_318' title='bbox 3537 1299 3691 1375; x_wconf 60' lang='lat' dir='ltr'><strong>Moysi</strong></span> 
     </span>
    </p>
   </div>
   <div class='ocr_carea' id='block_1_44' title="bbox 1945 1380 3692 1454">
    <p class='ocr_par' dir='ltr' id='par_1_44' title="bbox 1945 1380 3692 1454">
     <span class='ocr_line' id='line_1_44' title="bbox 1945 1380 3692 1454; baseline -0.003 -18"><span class='ocrx_word' id='word_1_319' title='bbox 1945 1383 2203 1454; x_wconf 88' lang='lat' dir='ltr'><strong>populum</strong></span> <span class='ocrx_word' id='word_1_320' title='bbox 2233 1397 2594 1451; x_wconf 86' lang='lat' dir='ltr'><strong>congregare,</strong></span> <span class='ocrx_word' id='word_1_321' title='bbox 2634 1389 2696 1434; x_wconf 94' lang='lat' dir='ltr'><strong>ut</strong></span> <span class='ocrx_word' id='word_1_322' title='bbox 2731 1380 2834 1433; x_wconf 89' lang='lat' dir='ltr'><strong>det</strong></span> <span class='ocrx_word' id='word_1_323' title='bbox 2899 1380 2996 1432; x_wconf 90' lang='lat' dir='ltr'><strong>eis</strong></span> <span class='ocrx_word' id='word_1_324' title='bbox 3053 1391 3364 1446; x_wconf 57' lang='lat' dir='ltr'><strong>aquama</strong></span> <span class='ocrx_word' id='word_1_325' title='bbox 3417 1383 3487 1437; x_wconf 81' lang='lat' dir='ltr'><strong>de</strong></span> <span class='ocrx_word' id='word_1_326' title='bbox 3544 1402 3692 1454; x_wconf 70' lang='grc' dir='ltr'><strong>ρυιεο</strong></span> 
     </span>
    </p>
   </div>
   <div class='ocr_carea' id='block_1_45' title="bbox 1945 1467 3692 1540">
    <p class='ocr_par' dir='ltr' id='par_1_45' title="bbox 1945 1467 3692 1540">
     <span class='ocr_line' id='line_1_45' title="bbox 1945 1467 3692 1540; baseline -0.003 -14"><span class='ocrx_word' id='word_1_327' title='bbox 1945 1472 2175 1526; x_wconf 77' lang='lat' dir='ltr'><strong>bibere?</strong></span> <span class='ocrx_word' id='word_1_328' title='bbox 2200 1470 2356 1540; x_wconf 88' lang='lat' dir='ltr'><strong>quasi</strong></span> <span class='ocrx_word' id='word_1_329' title='bbox 2383 1484 2516 1522; x_wconf 90' lang='lat' dir='ltr'><strong>vero</strong></span> <span class='ocrx_word' id='word_1_330' title='bbox 2535 1483 2648 1523; x_wconf 89' lang='lat' dir='ltr'><strong>non</strong></span> <span class='ocrx_word' id='word_1_331' title='bbox 2677 1467 2858 1521; x_wconf 87' lang='lat' dir='ltr'><strong>ctiam</strong></span> <span class='ocrx_word' id='word_1_332' title='bbox 2888 1475 3125 1534; x_wconf 84' lang='lat' dir='ltr'><strong>sponte</strong></span> <span class='ocrx_word' id='word_1_333' title='bbox 3156 1469 3484 1533; x_wconf 62' lang='lat' dir='ltr'><strong>populus</strong></span> <span class='ocrx_word' id='word_1_334' title='bbox 3511 1475 3692 1532; x_wconf 77' lang='lat' dir='ltr'><strong>bibeu.</strong></span> 
     </span>
    </p>
   </div>
   <div class='ocr_carea' id='block_1_46' title="bbox 1947 1552 3701 1628">
    <p class='ocr_par' dir='ltr' id='par_1_46' title="bbox 1947 1552 3701 1628">
     <span class='ocr_line' id='line_1_46' title="bbox 1947 1552 3701 1628; baseline 0.004 -17"><span class='ocrx_word' id='word_1_335' title='bbox 1947 1560 2000 1614; x_wconf 90' lang='lat' dir='ltr'><strong>di</strong></span> <span class='ocrx_word' id='word_1_336' title='bbox 2025 1559 2198 1628; x_wconf 89' lang='lat' dir='ltr'><strong>gratia</strong></span> <span class='ocrx_word' id='word_1_337' title='bbox 2229 1557 2552 1611; x_wconf 84' lang='lat' dir='ltr'><strong>convenerit</strong></span> <span class='ocrx_word' id='word_1_338' title='bbox 2581 1557 2651 1609; x_wconf 85' lang='lat' dir='ltr'><strong>ad</strong></span> <span class='ocrx_word' id='word_1_339' title='bbox 2702 1564 2982 1623; x_wconf 84' lang='lat' dir='ltr'><strong>puteum.</strong></span> <span class='ocrx_word' id='word_1_340' title='bbox 3040 1552 3224 1618; x_wconf 79' lang='lat' dir='ltr'><strong>Quid</strong></span> <span class='ocrx_word' id='word_1_341' title='bbox 3271 1568 3474 1625; x_wconf 54' lang='lat' dir='ltr'><strong>ergo</strong></span> <span class='ocrx_word' id='word_1_342' title='bbox 3527 1571 3701 1622; x_wconf 63' lang='lat' dir='ltr'><strong>tanto.</strong></span> 
     </span>
    </p>
   </div>
   <div class='ocr_carea' id='block_1_47' title="bbox 1949 1641 3698 1717">
    <p class='ocr_par' dir='ltr' id='par_1_47' title="bbox 1949 1641 3698 1717">
     <span class='ocr_line' id='line_1_47' title="bbox 1949 1641 3698 1717; baseline 0 -17"><span class='ocrx_word' id='word_1_343' title='bbox 1949 1663 2076 1716; x_wconf 85' lang='lat' dir='ltr'><strong>pere</strong></span> <span class='ocrx_word' id='word_1_344' title='bbox 2106 1648 2382 1717; x_wconf 66' lang='lat' dir='ltr'><strong>prophetae</strong></span> <span class='ocrx_word' id='word_1_345' title='bbox 2409 1645 2760 1714; x_wconf 74' lang='lat' dir='ltr'><strong>praecipitur,</strong></span> <span class='ocrx_word' id='word_1_346' title='bbox 2793 1653 2860 1698; x_wconf 89' lang='lat' dir='ltr'><strong>ut</strong></span> <span class='ocrx_word' id='word_1_347' title='bbox 2892 1641 3166 1711; x_wconf 84' lang='lat' dir='ltr'><strong>proprio</strong></span> <span class='ocrx_word' id='word_1_348' title='bbox 3242 1654 3288 1692; x_wconf 79' lang='lat' dir='ltr'><strong>s</strong></span> <span class='ocrx_word' id='word_1_349' title='bbox 3323 1647 3499 1717; x_wconf 67' lang='lat' dir='ltr'><strong>ludio</strong></span> <span class='ocrx_word' id='word_1_350' title='bbox 3526 1661 3584 1704; x_wconf 85' lang='lat' dir='ltr'><strong>et</strong></span> <span class='ocrx_word' id='word_1_351' title='bbox 3624 1655 3698 1707; x_wconf 72' lang='lat' dir='ltr'><strong>la.</strong></span> 
     </span>
    </p>
   </div>
   <div class='ocr_carea' id='block_1_48' title="bbox 1949 1713 3706 1811">
    <p class='ocr_par' dir='ltr' id='par_1_48' title="bbox 1949 1713 3706 1811">
     <span class='ocr_line' id='line_1_48' title="bbox 1949 1713 3706 1811; baseline 0.002 -22"><span class='ocrx_word' id='word_1_352' title='bbox 1949 1713 2080 1790; x_wconf 91' lang='lat' dir='ltr'><strong>bore</strong></span> <span class='ocrx_word' id='word_1_353' title='bbox 2107 1713 2427 1805; x_wconf 22' lang='lat' dir='ltr'><strong>tcongreget</strong></span> <span class='ocrx_word' id='word_1_354' title='bbox 2491 1734 2768 1804; x_wconf 88' lang='lat' dir='ltr'><strong>populum</strong></span> <span class='ocrx_word' id='word_1_355' title='bbox 2853 1735 2934 1787; x_wconf 85' lang='lat' dir='ltr'><strong>ad</strong></span> <span class='ocrx_word' id='word_1_356' title='bbox 3011 1713 3497 1792; x_wconf 69' lang='lat' dir='ltr'><strong>hauriendam</strong></span> <span class='ocrx_word' id='word_1_357' title='bbox 3561 1749 3706 1811; x_wconf 76' lang='lat' dir='ltr'><strong>putei</strong></span> 
     </span>
    </p>
   </div>
   <div class='ocr_carea' id='block_1_49' title="bbox 1949 1820 3702 1894">
    <p class='ocr_par' dir='ltr' id='par_1_49' title="bbox 1949 1820 3702 1894">
     <span class='ocr_line' id='line_1_49' title="bbox 1949 1820 3702 1894; baseline 0.005 -16"><span class='ocrx_word' id='word_1_358' title='bbox 1949 1825 2191 1894; x_wconf 86' lang='lat' dir='ltr'><strong>aquam?</strong></span> <span class='ocrx_word' id='word_1_359' title='bbox 2219 1823 2376 1878; x_wconf 89' lang='lat' dir='ltr'><strong>Unde</strong></span> <span class='ocrx_word' id='word_1_360' title='bbox 2413 1823 2602 1877; x_wconf 84' lang='lat' dir='ltr'><strong>vilitas</strong></span> <span class='ocrx_word' id='word_1_361' title='bbox 2637 1822 2761 1891; x_wconf 75' lang='lat'><strong>(26)</strong></span> <span class='ocrx_word' id='word_1_362' title='bbox 2814 1820 3055 1874; x_wconf 65' lang='lat' dir='ltr'><strong>litterae</strong></span> <span class='ocrx_word' id='word_1_363' title='bbox 3087 1820 3173 1874; x_wconf 84' lang='lat' dir='ltr'><strong>ad</strong></span> <span class='ocrx_word' id='word_1_364' title='bbox 3234 1833 3296 1886; x_wconf 69' lang='grc' dir='ltr'>ρ</span> <span class='ocrx_word' id='word_1_365' title='bbox 3333 1825 3702 1891; x_wconf 78' lang='lat' dir='ltr'><strong>reliositatem</strong></span> 
     </span>
    </p>
   </div>
   <div class='ocr_carea' id='block_1_50' title="bbox 1951 1908 3713 1980">
    <p class='ocr_par' dir='ltr' id='par_1_50' title="bbox 1951 1908 3713 1980">
     <span class='ocr_line' id='line_1_50' title="bbox 1951 1908 3713 1980; baseline 0.001 -11"><span class='ocrx_word' id='word_1_366' title='bbox 1951 1930 2050 1969; x_wconf 92' lang='lat' dir='ltr'><strong>nos</strong></span> <span class='ocrx_word' id='word_1_367' title='bbox 2081 1914 2344 1980; x_wconf 88' lang='lat' dir='ltr'><strong>spiritalis</strong></span> <span class='ocrx_word' id='word_1_368' title='bbox 2370 1913 2602 1966; x_wconf 76' lang='lat' dir='ltr'><strong>remittit</strong></span> <span class='ocrx_word' id='word_1_369' title='bbox 2639 1908 3106 1979; x_wconf 66' lang='lat' dir='ltr'><strong>intelligentiae.</strong></span> <span class='ocrx_word' id='word_1_370' title='bbox 3171 1908 3260 1963; x_wconf 84' lang='lat' dir='ltr'><strong>Et</strong></span> <span class='ocrx_word' id='word_1_371' title='bbox 3340 1912 3479 1970; x_wconf 86' lang='lat' dir='ltr'><strong>ideo</strong></span> <span class='ocrx_word' id='word_1_372' title='bbox 3506 1934 3713 1979; x_wconf 74' lang='lat' dir='ltr'><strong>come.</strong></span> 
     </span>
    </p>
   </div>
   <div class='ocr_carea' id='block_1_51' title="bbox 1951 1996 3704 2072">
    <p class='ocr_par' dir='ltr' id='par_1_51' title="bbox 1951 1996 3704 2072">
     <span class='ocr_line' id='line_1_51' title="bbox 1951 1996 3704 2072; baseline 0 -18"><span class='ocrx_word' id='word_1_373' title='bbox 1951 2003 2105 2055; x_wconf 91' lang='lat' dir='ltr'><strong>niens</strong></span> <span class='ocrx_word' id='word_1_374' title='bbox 2122 2011 2250 2068; x_wconf 85' lang='lat' dir='ltr'><strong>puto</strong></span> <span class='ocrx_word' id='word_1_375' title='bbox 2276 2001 2446 2053; x_wconf 84' lang='lat' dir='ltr'><strong>etiam</strong></span> <span class='ocrx_word' id='word_1_376' title='bbox 2479 2001 2551 2054; x_wconf 88' lang='lat' dir='ltr'><strong>de</strong></span> <span class='ocrx_word' id='word_1_377' title='bbox 2586 2000 2722 2052; x_wconf 85' lang='lat' dir='ltr'><strong>aliis</strong></span> <span class='ocrx_word' id='word_1_378' title='bbox 2755 1997 3124 2065; x_wconf 69' lang='lat' dir='ltr'><strong>Scriptura:</strong></span> <span class='ocrx_word' id='word_1_379' title='bbox 3155 1996 3264 2050; x_wconf 80' lang='lat' dir='ltr'><strong>loc</strong></span> <span class='ocrx_word' id='word_1_380' title='bbox 3287 1999 3370 2053; x_wconf 69' lang='lat' dir='ltr'><strong>is</strong></span> <span class='ocrx_word' id='word_1_381' title='bbox 3399 2015 3704 2072; x_wconf 74' lang='grc' dir='ltr'><strong>ρυιεοηιω</strong></span> 
     </span>
    </p>
   </div>
   <div class='ocr_carea' id='block_1_52' title="bbox 1951 2087 3714 2162">
    <p class='ocr_par' dir='ltr' id='par_1_52' title="bbox 1951 2087 3714 2162">
     <span class='ocr_line' id='line_1_52' title="bbox 1951 2087 3714 2162; baseline 0.004 -17"><span class='ocrx_word' id='word_1_382' title='bbox 1951 2105 2281 2158; x_wconf 82' lang='lat' dir='ltr'><strong>congregare</strong></span> <span class='ocrx_word' id='word_1_383' title='bbox 2319 2088 2608 2158; x_wconf 77' lang='lat' dir='ltr'><strong>mysteria,</strong></span> <span class='ocrx_word' id='word_1_384' title='bbox 2643 2096 2699 2142; x_wconf 92' lang='lat' dir='ltr'><strong>ut</strong></span> <span class='ocrx_word' id='word_1_385' title='bbox 2731 2101 2806 2140; x_wconf 79' lang='lat' dir='ltr'><strong>ex</strong></span> <span class='ocrx_word' id='word_1_386' title='bbox 2853 2087 3272 2154; x_wconf 76' lang='lat' dir='ltr'><strong>comparatio</strong></span> <span class='ocrx_word' id='word_1_387' title='bbox 3299 2104 3396 2146; x_wconf 79' lang='lat' dir='ltr'><strong>ne</strong></span> <span class='ocrx_word' id='word_1_388' title='bbox 3421 2095 3714 2162; x_wconf 78' lang='lat' dir='ltr'><strong>plurimo.</strong></span> 
     </span>
    </p>
   </div>
   <div class='ocr_carea' id='block_1_53' title="bbox 1954 2176 3704 2258">
    <p class='ocr_par' dir='ltr' id='par_1_53' title="bbox 1954 2176 3704 2258">
     <span class='ocr_line' id='line_1_53' title="bbox 1954 2176 3704 2258; baseline 0.007 -24"><span class='ocrx_word' id='word_1_389' title='bbox 1954 2195 2093 2244; x_wconf 91' lang='lat' dir='ltr'><strong>rum,</strong></span> <span class='ocrx_word' id='word_1_390' title='bbox 2117 2180 2161 2233; x_wconf 87' lang='lat' dir='ltr'><strong>si</strong></span> <span class='ocrx_word' id='word_1_391' title='bbox 2190 2180 2318 2247; x_wconf 88' lang='lat' dir='ltr'><strong>quid</strong></span> <span class='ocrx_word' id='word_1_392' title='bbox 2361 2191 2608 2246; x_wconf 68' lang='lat' dir='ltr'><strong>praesens</strong></span> <span class='ocrx_word' id='word_1_393' title='bbox 2639 2191 2844 2232; x_wconf 86' lang='lat' dir='ltr'><strong>sermo</strong></span> <span class='ocrx_word' id='word_1_394' title='bbox 2884 2176 3358 2233; x_wconf 79' lang='lat' dir='ltr'><strong>obscuritatis</strong></span> <span class='ocrx_word' id='word_1_395' title='bbox 3418 2191 3704 2258; x_wconf 83' lang='lat' dir='ltr'><strong>continet,</strong></span> 
     </span>
    </p>
   </div>
   <div class='ocr_carea' id='block_1_54' title="bbox 1953 2266 3717 2336">
    <p class='ocr_par' dir='ltr' id='par_1_54' title="bbox 1953 2266 3717 2336">
     <span class='ocr_line' id='line_1_54' title="bbox 1953 2266 3717 2336; baseline 0.008 -14"><span class='ocrx_word' id='word_1_396' title='bbox 1953 2269 2239 2322; x_wconf 87' lang='lat' dir='ltr'><strong>elucescat.</strong></span> <span class='ocrx_word' id='word_1_397' title='bbox 2277 2267 2369 2320; x_wconf 82' lang='lat' dir='ltr'><strong>Ait</strong></span> <span class='ocrx_word' id='word_1_398' title='bbox 2403 2282 2536 2336; x_wconf 84' lang='lat' dir='ltr'><strong>ergo</strong></span> <span class='ocrx_word' id='word_1_399' title='bbox 2561 2267 2810 2336; x_wconf 85' lang='lat' dir='ltr'><strong>spiritus</strong></span> <span class='ocrx_word' id='word_1_400' title='bbox 2846 2266 2958 2320; x_wconf 85' lang='lat' dir='ltr'><strong>Dei</strong></span> <span class='ocrx_word' id='word_1_401' title='bbox 3017 2279 3134 2336; x_wconf 80' lang='lat' dir='ltr'><strong>per</strong></span> <span class='ocrx_word' id='word_1_402' title='bbox 3189 2266 3631 2333; x_wconf 71' lang='lat' dir='ltr'><strong>Salomoueut</strong></span> <span class='ocrx_word' id='word_1_403' title='bbox 3653 2281 3717 2336; x_wconf 73' lang='lat' dir='ltr'><strong>iu</strong></span> 
     </span>
    </p>
   </div>
   <div class='ocr_carea' id='block_1_55' title="bbox 1954 2355 3715 2440">
    <p class='ocr_par' dir='ltr' id='par_1_55' title="bbox 1954 2355 3715 2440">
     <span class='ocr_line' id='line_1_55' title="bbox 1954 2355 3715 2440; baseline 0 -27"><span class='ocrx_word' id='word_1_404' title='bbox 1954 2358 2262 2413; x_wconf 81' lang='lat' dir='ltr'><strong>Proverbiis</strong></span> <span class='ocrx_word' id='word_1_405' title='bbox 2300 2358 2387 2407; x_wconf 78' lang='lat' dir='ltr'><strong>&quot;z</strong></span> <span class='ocrx_word' id='word_1_406' title='bbox 2424 2374 2443 2407; x_wconf 73' lang='grc' dir='ltr'>ι</span> <span class='ocrx_word' id='word_1_407' title='bbox 2477 2355 2615 2410; x_wconf 86' lang='lat' dir='ltr'><strong>Bibe</strong></span> <span class='ocrx_word' id='word_1_408' title='bbox 2642 2371 2837 2424; x_wconf 83' lang='lat' dir='ltr'><strong>aquas</strong></span> <span class='ocrx_word' id='word_1_409' title='bbox 2867 2357 2951 2411; x_wconf 79' lang='lat' dir='ltr'><strong>de</strong></span> <span class='ocrx_word' id='word_1_410' title='bbox 2987 2357 3121 2411; x_wconf 85' lang='lat' dir='ltr'><strong>tuis</strong></span> <span class='ocrx_word' id='word_1_411' title='bbox 3156 2358 3363 2414; x_wconf 79' lang='lat' dir='ltr'><strong>vasis</strong></span> <span class='ocrx_word' id='word_1_412' title='bbox 3396 2373 3465 2418; x_wconf 82' lang='lat' dir='ltr'><strong>et</strong></span> <span class='ocrx_word' id='word_1_413' title='bbox 3499 2369 3576 2422; x_wconf 86' lang='lat' dir='ltr'><strong>de</strong></span> <span class='ocrx_word' id='word_1_414' title='bbox 3616 2385 3715 2440; x_wconf 71' lang='grc' dir='ltr'><strong>ρει-</strong></span> 
     </span>
    </p>
   </div>
   <div class='ocr_carea' id='block_1_56' title="bbox 1957 2444 3714 2531">
    <p class='ocr_par' dir='ltr' id='par_1_56' title="bbox 1957 2444 3714 2531">
     <span class='ocr_line' id='line_1_56' title="bbox 1957 2444 3714 2531; baseline 0.006 -29"><span class='ocrx_word' id='word_1_415' title='bbox 1957 2458 2160 2502; x_wconf 88' lang='lat' dir='ltr'><strong>teornm</strong></span> <span class='ocrx_word' id='word_1_416' title='bbox 2185 2455 2405 2500; x_wconf 87' lang='lat' dir='ltr'><strong>tuorum</strong></span> <span class='ocrx_word' id='word_1_417' title='bbox 2435 2444 2614 2509; x_wconf 81' lang='lat' dir='ltr'><strong>fonte,</strong></span> <span class='ocrx_word' id='word_1_418' title='bbox 2642 2453 2703 2500; x_wconf 91' lang='lat' dir='ltr'><strong>et</strong></span> <span class='ocrx_word' id='word_1_419' title='bbox 2746 2461 2868 2500; x_wconf 87' lang='lat' dir='ltr'><strong>non</strong></span> <span class='ocrx_word' id='word_1_420' title='bbox 2908 2444 3557 2514; x_wconf 74' lang='lat' dir='ltr'><strong>supereﬂ‘undautur</strong></span> <span class='ocrx_word' id='word_1_421' title='bbox 3587 2459 3714 2531; x_wconf 68' lang='lat'><strong>(9.1)</strong></span> 
     </span>
    </p>
   </div>
   <div class='ocr_carea' id='block_1_57' title="bbox 1957 2532 3717 2605">
    <p class='ocr_par' dir='ltr' id='par_1_57' title="bbox 1957 2532 3717 2605">
     <span class='ocr_line' id='line_1_57' title="bbox 1957 2532 3717 2605; baseline -0.002 -15"><span class='ocrx_word' id='word_1_422' title='bbox 1957 2537 2048 2590; x_wconf 89' lang='lat' dir='ltr'><strong>tibi</strong></span> <span class='ocrx_word' id='word_1_423' title='bbox 2091 2550 2243 2603; x_wconf 65' lang='lat' dir='ltr'><strong>aqua:</strong></span> <span class='ocrx_word' id='word_1_424' title='bbox 2269 2542 2427 2589; x_wconf 78' lang='lat' dir='ltr'><strong>extra</strong></span> <span class='ocrx_word' id='word_1_425' title='bbox 2457 2542 2616 2588; x_wconf 87' lang='lat' dir='ltr'><strong>tuum</strong></span> <span class='ocrx_word' id='word_1_426' title='bbox 2651 2532 2918 2589; x_wconf 81' lang='lat' dir='ltr'><strong>fontem.</strong></span> <span class='ocrx_word' id='word_1_427' title='bbox 2959 2552 2984 2586; x_wconf 74' lang='grc' dir='ltr'><strong>ι</strong></span> <span class='ocrx_word' id='word_1_428' title='bbox 3052 2533 3393 2599; x_wconf 81' lang='lat' dir='ltr'><strong>Quamvis</strong></span> <span class='ocrx_word' id='word_1_429' title='bbox 3451 2543 3515 2598; x_wconf 74' lang='lat' dir='ltr'><strong>in</strong></span> <span class='ocrx_word' id='word_1_430' title='bbox 3583 2551 3717 2605; x_wconf 61' lang='grc' dir='ltr'><strong>,πίε</strong></span> 
     </span>
    </p>
   </div>
   <div class='ocr_carea' id='block_1_58' title="bbox 1954 2623 3715 2709">
    <p class='ocr_par' dir='ltr' id='par_1_58' title="bbox 1954 2623 3715 2709">
     <span class='ocr_line' id='line_1_58' title="bbox 1954 2623 3715 2709; baseline 0.006 -29"><span class='ocrx_word' id='word_1_431' title='bbox 1954 2625 2354 2695; x_wconf 80' lang='lat' dir='ltr'><strong>exemplaribus</strong></span> <span class='ocrx_word' id='word_1_432' title='bbox 2374 2625 2682 2694; x_wconf 85' lang='lat' dir='ltr'><strong>legerimus</strong></span> <span class='ocrx_word' id='word_1_433' title='bbox 2709 2640 2728 2677; x_wconf 89' lang='lat'><strong>:</strong></span> <span class='ocrx_word' id='word_1_434' title='bbox 2764 2642 2787 2674; x_wconf 71' lang='grc' dir='ltr'>ι</span> <span class='ocrx_word' id='word_1_435' title='bbox 2805 2625 2879 2678; x_wconf 82' lang='grc' dir='ltr'><strong>Ει</strong></span> <span class='ocrx_word' id='word_1_436' title='bbox 2906 2623 3351 2682; x_wconf 70' lang='lat' dir='ltr'><strong>etfuudautur</strong></span> <span class='ocrx_word' id='word_1_437' title='bbox 3387 2633 3506 2688; x_wconf 80' lang='lat' dir='ltr'><strong>tibi</strong></span> <span class='ocrx_word' id='word_1_438' title='bbox 3537 2653 3715 2709; x_wconf 64' lang='lat' dir='ltr'><strong>aqua</strong></span> 
     </span>
    </p>
   </div>
   <div class='ocr_carea' id='block_1_59' title="bbox 1950 2713 3709 2790">
    <p class='ocr_par' dir='ltr' id='par_1_59' title="bbox 1950 2713 3709 2790">
     <span class='ocr_line' id='line_1_59' title="bbox 1950 2713 3709 2790; baseline -0.002 -18"><span class='ocrx_word' id='word_1_439' title='bbox 1950 2727 2106 2773; x_wconf 80' lang='lat' dir='ltr'><strong>extra</strong></span> <span class='ocrx_word' id='word_1_440' title='bbox 2125 2726 2278 2769; x_wconf 89' lang='lat' dir='ltr'><strong>tuum</strong></span> <span class='ocrx_word' id='word_1_441' title='bbox 2307 2713 2538 2768; x_wconf 70' lang='lat' dir='ltr'><strong>(autem.</strong></span> <span class='ocrx_word' id='word_1_442' title='bbox 2578 2731 2600 2767; x_wconf 70' lang='grc' dir='ltr'>ι</span> <span class='ocrx_word' id='word_1_443' title='bbox 2644 2713 2834 2781; x_wconf 65' lang='lat' dir='ltr'><strong>Aqua!</strong></span> <span class='ocrx_word' id='word_1_444' title='bbox 2891 2724 3025 2768; x_wconf 59' lang='lat' dir='ltr'><strong>tua:</strong></span> <span class='ocrx_word' id='word_1_445' title='bbox 3085 2713 3214 2769; x_wconf 86' lang='lat' dir='ltr'><strong>sint</strong></span> <span class='ocrx_word' id='word_1_446' title='bbox 3263 2720 3394 2774; x_wconf 78' lang='lat' dir='ltr'><strong>tibi</strong></span> <span class='ocrx_word' id='word_1_447' title='bbox 3454 2728 3600 2790; x_wconf 70' lang='grc' dir='ltr'><strong>εοιῑ,</strong></span> <span class='ocrx_word' id='word_1_448' title='bbox 3651 2715 3709 2784; x_wconf 63' lang='lat'><strong>9,</strong></span> 
     </span>
    </p>
   </div>
   <div class='ocr_carea' id='block_1_60' title="bbox 1957 2801 3696 2879">
    <p class='ocr_par' dir='ltr' id='par_1_60' title="bbox 1957 2801 3696 2879">
     <span class='ocr_line' id='line_1_60' title="bbox 1957 2801 3696 2879; baseline 0.005 -21"><span class='ocrx_word' id='word_1_449' title='bbox 1957 2817 2115 2858; x_wconf 89' lang='lat' dir='ltr'><strong>nemo</strong></span> <span class='ocrx_word' id='word_1_450' title='bbox 2135 2803 2344 2857; x_wconf 88' lang='lat' dir='ltr'><strong>alienus</strong></span> <span class='ocrx_word' id='word_1_451' title='bbox 2371 2801 2670 2870; x_wconf 91' lang='lat' dir='ltr'><strong>participet</strong></span> <span class='ocrx_word' id='word_1_452' title='bbox 2700 2816 2775 2856; x_wconf 80' lang='lat' dir='ltr'><strong>ex</strong></span> <span class='ocrx_word' id='word_1_453' title='bbox 2819 2803 2940 2879; x_wconf 84' lang='lat' dir='ltr'><strong>eis.</strong></span> <span class='ocrx_word' id='word_1_454' title='bbox 2974 2801 3179 2857; x_wconf 71' lang='lat' dir='ltr'><strong>liabet</strong></span> <span class='ocrx_word' id='word_1_455' title='bbox 3205 2816 3369 2872; x_wconf 83' lang='lat' dir='ltr'><strong>ergo</strong></span> <span class='ocrx_word' id='word_1_456' title='bbox 3398 2809 3498 2878; x_wconf 78' lang='lat' dir='ltr'><strong>(ut</strong></span> <span class='ocrx_word' id='word_1_457' title='bbox 3531 2815 3592 2867; x_wconf 84' lang='lat' dir='ltr'><strong>iu</strong></span> <span class='ocrx_word' id='word_1_458' title='bbox 3621 2817 3696 2872; x_wconf 73' lang='lat' dir='ltr'><strong>iis</strong></span> 
     </span>
    </p>
   </div>
   <div class='ocr_carea' id='block_1_61' title="bbox 1957 2890 3700 2970">
    <p class='ocr_par' dir='ltr' id='par_1_61' title="bbox 1957 2890 3700 2970">
     <span class='ocr_line' id='line_1_61' title="bbox 1957 2890 3700 2970; baseline -0.001 -24"><span class='ocrx_word' id='word_1_459' title='bbox 1957 2890 2294 2961; x_wconf 81' lang='lat' dir='ltr'><strong>designatur)</strong></span> <span class='ocrx_word' id='word_1_460' title='bbox 2324 2891 2719 2957; x_wconf 85' lang='lat' dir='ltr'><strong>unusquisque</strong></span> <span class='ocrx_word' id='word_1_461' title='bbox 2743 2901 3034 2944; x_wconf 86' lang='lat' dir='ltr'><strong>nostrum</strong></span> <span class='ocrx_word' id='word_1_462' title='bbox 3073 2891 3134 2946; x_wconf 91' lang='lat' dir='ltr'><strong>in</strong></span> <span class='ocrx_word' id='word_1_463' title='bbox 3161 2896 3527 2965; x_wconf 74' lang='lat' dir='ltr'><strong>semetipso</strong></span> <span class='ocrx_word' id='word_1_464' title='bbox 3589 2919 3700 2970; x_wconf 72' lang='grc' dir='ltr'><strong>ρ...</strong></span> 
     </span>
    </p>
   </div>
   <div class='ocr_carea' id='block_1_62' title="bbox 326 2975 3702 3059">
    <p class='ocr_par' dir='ltr' id='par_1_62' title="bbox 326 2975 3702 3059">
     <span class='ocr_line' id='line_1_62' title="bbox 326 2975 3702 3059; baseline -0.003 -18"><span class='ocrx_word' id='word_1_465' title='bbox 326 2985 732 3059; x_wconf 79' lang='lat' dir='ltr'><strong>perpoutiﬁccm</strong></span> <span class='ocrx_word' id='word_1_466' title='bbox 753 2981 1063 3043; x_wconf 74' lang='lat' dir='ltr'><strong>oil&#39;etcntur,</strong></span> <span class='ocrx_word' id='word_1_467' title='bbox 1079 2976 1121 3032; x_wconf 88' lang='lat' dir='ltr'><strong>si</strong></span> <span class='ocrx_word' id='word_1_468' title='bbox 1142 2991 1242 3032; x_wconf 93' lang='lat' dir='ltr'><strong>non</strong></span> <span class='ocrx_word' id='word_1_469' title='bbox 1255 2975 1420 3030; x_wconf 86' lang='lat' dir='ltr'><strong>solum</strong></span> <span class='ocrx_word' id='word_1_470' title='bbox 1437 2975 1611 3030; x_wconf 83' lang='lat' dir='ltr'><strong>verbis</strong></span> <span class='ocrx_word' id='word_1_471' title='bbox 1627 2983 1681 3028; x_wconf 90' lang='lat' dir='ltr'><strong>et</strong></span> <span class='ocrx_word' id='word_1_472' title='bbox 1703 2987 1852 3039; x_wconf 91' lang='lat' dir='ltr'><strong>voce,</strong></span> <span class='ocrx_word' id='word_1_473' title='bbox 1873 2993 1926 3056; x_wconf 67' lang='grc' dir='ltr'><strong>ρ</strong></span> <span class='ocrx_word' id='word_1_474' title='bbox 1959 2992 2126 3037; x_wconf 58' lang='lat' dir='ltr'><strong>leum.</strong></span> <span class='ocrx_word' id='word_1_475' title='bbox 2155 2981 2267 3034; x_wconf 87' lang='lat' dir='ltr'><strong>lmo</strong></span> <span class='ocrx_word' id='word_1_476' title='bbox 2291 2987 2346 3033; x_wconf 84' lang='lat' dir='ltr'><strong>et</strong></span> <span class='ocrx_word' id='word_1_477' title='bbox 2367 2978 2578 3046; x_wconf 85' lang='lat' dir='ltr'><strong>aliquid</strong></span> <span class='ocrx_word' id='word_1_478' title='bbox 2599 2977 2858 3049; x_wconf 81' lang='lat' dir='ltr'><strong>amplius</strong></span> <span class='ocrx_word' id='word_1_479' title='bbox 2888 2980 3190 3045; x_wconf 83' lang='lat' dir='ltr'><strong>dicemus,</strong></span> <span class='ocrx_word' id='word_1_480' title='bbox 3233 2991 3702 3058; x_wconf 65' lang='grc' dir='ltr'><strong>υιωεηυίεηυε</strong></span> 
     </span>
    </p>
   </div>
   <div class='ocr_carea' id='block_1_63' title="bbox 326 3060 1854 3133">
    <p class='ocr_par' dir='ltr' id='par_1_63' title="bbox 326 3060 1854 3133">
     <span class='ocr_line' id='line_1_63' title="bbox 326 3060 1854 3133; baseline -0.022 0"><span class='ocrx_word' id='word_1_481' title='bbox 326 3077 416 3133; x_wconf 86' lang='lat' dir='ltr'><strong>scd</strong></span> <span class='ocrx_word' id='word_1_482' title='bbox 439 3087 492 3130; x_wconf 88' lang='lat' dir='ltr'><strong>ct</strong></span> <span class='ocrx_word' id='word_1_483' title='bbox 522 3082 702 3128; x_wconf 85' lang='lat' dir='ltr'><strong>mente</strong></span> <span class='ocrx_word' id='word_1_484' title='bbox 723 3082 936 3123; x_wconf 89' lang='lat' dir='ltr'><strong>oremus</strong></span> <span class='ocrx_word' id='word_1_485' title='bbox 964 3075 1018 3119; x_wconf 84' lang='lat' dir='ltr'><strong>et</strong></span> <span class='ocrx_word' id='word_1_486' title='bbox 1041 3066 1220 3126; x_wconf 80' lang='lat' dir='ltr'><strong>corde,</strong></span> <span class='ocrx_word' id='word_1_487' title='bbox 1246 3061 1537 3117; x_wconf 86' lang='lat' dir='ltr'><strong>secundum</strong></span> <span class='ocrx_word' id='word_1_488' title='bbox 1553 3061 1692 3128; x_wconf 88' lang='lat' dir='ltr'><strong>quod</strong></span> <span class='ocrx_word' id='word_1_489' title='bbox 1710 3071 1764 3115; x_wconf 91' lang='lat' dir='ltr'><strong>et</strong></span> <span class='ocrx_word' id='word_1_490' title='bbox 1782 3060 1854 3112; x_wconf 82' lang='lat' dir='ltr'><strong>A-</strong></span> 
     </span>
    </p>
   </div>
   <div class='ocr_carea' id='block_1_64' title="bbox 328 3149 1852 3236">
    <p class='ocr_par' dir='ltr' id='par_1_64' title="bbox 328 3149 1852 3236">
     <span class='ocr_line' id='line_1_64' title="bbox 328 3149 1852 3236; baseline -0.014 -15"><span class='ocrx_word' id='word_1_491' title='bbox 328 3165 563 3236; x_wconf 89' lang='lat' dir='ltr'><strong>postolns</strong></span> <span class='ocrx_word' id='word_1_492' title='bbox 589 3159 814 3216; x_wconf 79' lang='lat' dir='ltr'><strong>monet&quot;</strong></span> <span class='ocrx_word' id='word_1_493' title='bbox 846 3176 859 3212; x_wconf 90' lang='lat'><strong>:</strong></span> <span class='ocrx_word' id='word_1_494' title='bbox 886 3153 1090 3210; x_wconf 74' lang='lat' dir='ltr'><strong>tOrabo</strong></span> <span class='ocrx_word' id='word_1_495' title='bbox 1114 3152 1328 3221; x_wconf 90' lang='lat' dir='ltr'><strong>spiritu,</strong></span> <span class='ocrx_word' id='word_1_496' title='bbox 1354 3149 1518 3205; x_wconf 86' lang='lat' dir='ltr'><strong>orabo</strong></span> <span class='ocrx_word' id='word_1_497' title='bbox 1542 3157 1598 3202; x_wconf 90' lang='lat' dir='ltr'><strong>et</strong></span> <span class='ocrx_word' id='word_1_498' title='bbox 1632 3155 1811 3202; x_wconf 91' lang='lat' dir='ltr'><strong>mente</strong></span> <span class='ocrx_word' id='word_1_499' title='bbox 1832 3164 1852 3200; x_wconf 85' lang='lat'><strong>:</strong></span> 
     </span>
    </p>
   </div>
   <div class='ocr_carea' id='block_1_65' title="bbox 332 3239 1846 3322">
    <p class='ocr_par' dir='ltr' id='par_1_65' title="bbox 332 3239 1846 3322">
     <span class='ocr_line' id='line_1_65' title="bbox 332 3239 1846 3322; baseline -0.018 -11"><span class='ocrx_word' id='word_1_500' title='bbox 332 3257 588 3322; x_wconf 84' lang='lat' dir='ltr'><strong>|-S.I||ltlll|l</strong></span> <span class='ocrx_word' id='word_1_501' title='bbox 623 3253 796 3312; x_wconf 80' lang='lat' dir='ltr'><strong>dicant</strong></span> <span class='ocrx_word' id='word_1_502' title='bbox 818 3247 1028 3316; x_wconf 78' lang='lat' dir='ltr'><strong>Spiritu,</strong></span> <span class='ocrx_word' id='word_1_503' title='bbox 1072 3243 1330 3312; x_wconf 89' lang='lat' dir='ltr'><strong>psalmum</strong></span> <span class='ocrx_word' id='word_1_504' title='bbox 1355 3239 1530 3304; x_wconf 87' lang='lat' dir='ltr'><strong>dicam</strong></span> <span class='ocrx_word' id='word_1_505' title='bbox 1556 3241 1846 3292; x_wconf 65' lang='lat' dir='ltr'><strong>etmente.»</strong></span> 
     </span>
    </p>
   </div>
   <div class='ocr_carea' id='block_1_66' title="bbox 327 3324 1859 3398">
    <p class='ocr_par' dir='ltr' id='par_1_66' title="bbox 327 3324 1859 3398">
     <span class='ocr_line' id='line_1_66' title="bbox 327 3324 1859 3398; baseline -0.012 -2"><span class='ocrx_word' id='word_1_506' title='bbox 327 3346 596 3396; x_wconf 75' lang='lat' dir='ltr'><strong>Assistnnt</strong></span> <span class='ocrx_word' id='word_1_507' title='bbox 619 3343 758 3393; x_wconf 81' lang='lat' dir='ltr'><strong>enim</strong></span> <span class='ocrx_word' id='word_1_508' title='bbox 793 3346 844 3390; x_wconf 90' lang='lat' dir='ltr'><strong>ct</strong></span> <span class='ocrx_word' id='word_1_509' title='bbox 877 3347 1015 3387; x_wconf 92' lang='lat' dir='ltr'><strong>nunc</strong></span> <span class='ocrx_word' id='word_1_510' title='bbox 1047 3329 1220 3398; x_wconf 81' lang='lat' dir='ltr'><strong>angeli</strong></span> <span class='ocrx_word' id='word_1_511' title='bbox 1254 3326 1344 3381; x_wconf 90' lang='lat' dir='ltr'><strong>Dei</strong></span> <span class='ocrx_word' id='word_1_512' title='bbox 1374 3325 1604 3380; x_wconf 88' lang='lat' dir='ltr'><strong>cultores</strong></span> <span class='ocrx_word' id='word_1_513' title='bbox 1631 3332 1686 3379; x_wconf 91' lang='lat' dir='ltr'><strong>et</strong></span> <span class='ocrx_word' id='word_1_514' title='bbox 1718 3324 1859 3392; x_wconf 89' lang='lat' dir='ltr'><strong>agri-</strong></span> 
     </span>
    </p>
   </div>
   <div class='ocr_carea' id='block_1_67' title="bbox 329 3413 1859 3492">
    <p class='ocr_par' dir='ltr' id='par_1_67' title="bbox 329 3413 1859 3492">
     <span class='ocr_line' id='line_1_67' title="bbox 329 3413 1859 3492; baseline -0.012 -9"><span class='ocrx_word' id='word_1_515' title='bbox 329 3437 455 3492; x_wconf 65' lang='lat' dir='ltr'><strong><em>;on</em></strong></span> <span class='ocrx_word' id='word_1_516' title='bbox 507 3431 685 3492; x_wconf 73' lang='lat' dir='ltr'><strong>cordis</strong></span> <span class='ocrx_word' id='word_1_517' title='bbox 715 3427 906 3489; x_wconf 83' lang='lat' dir='ltr'><strong>nostri,</strong></span> <span class='ocrx_word' id='word_1_518' title='bbox 935 3433 988 3477; x_wconf 90' lang='lat' dir='ltr'><strong>ct</strong></span> <span class='ocrx_word' id='word_1_519' title='bbox 1010 3420 1286 3488; x_wconf 83' lang='lat' dir='ltr'><strong>requirunt</strong></span> <span class='ocrx_word' id='word_1_520' title='bbox 1307 3416 1350 3470; x_wconf 93' lang='lat' dir='ltr'><strong>si</strong></span> <span class='ocrx_word' id='word_1_521' title='bbox 1375 3424 1458 3470; x_wconf 89' lang='lat' dir='ltr'><strong>est</strong></span> <span class='ocrx_word' id='word_1_522' title='bbox 1487 3415 1538 3468; x_wconf 92' lang='lat' dir='ltr'><strong>in</strong></span> <span class='ocrx_word' id='word_1_523' title='bbox 1563 3413 1740 3482; x_wconf 83' lang='lat' dir='ltr'><strong>aliquo</strong></span> <span class='ocrx_word' id='word_1_524' title='bbox 1764 3427 1859 3465; x_wconf 80' lang='lat' dir='ltr'><strong>no-</strong></span> 
     </span>
    </p>
   </div>
   <div class='ocr_carea' id='block_1_68' title="bbox 332 3501 1858 3585">
    <p class='ocr_par' dir='ltr' id='par_1_68' title="bbox 332 3501 1858 3585">
     <span class='ocr_line' id='line_1_68' title="bbox 332 3501 1858 3585; baseline -0.013 -11"><span class='ocrx_word' id='word_1_525' title='bbox 332 3531 500 3574; x_wconf 88' lang='lat' dir='ltr'><strong>strum</strong></span> <span class='ocrx_word' id='word_1_526' title='bbox 534 3513 896 3585; x_wconf 75' lang='lat' dir='ltr'><strong>hujuscemodi</strong></span> <span class='ocrx_word' id='word_1_527' title='bbox 918 3525 1067 3563; x_wconf 80' lang='lat' dir='ltr'><strong>incus</strong></span> <span class='ocrx_word' id='word_1_528' title='bbox 1088 3519 1190 3561; x_wconf 88' lang='lat' dir='ltr'><strong>tam</strong></span> <span class='ocrx_word' id='word_1_529' title='bbox 1205 3505 1454 3566; x_wconf 90' lang='lat' dir='ltr'><strong>sollicita,</strong></span> <span class='ocrx_word' id='word_1_530' title='bbox 1492 3511 1597 3555; x_wconf 90' lang='lat' dir='ltr'><strong>tam</strong></span> <span class='ocrx_word' id='word_1_531' title='bbox 1633 3501 1858 3563; x_wconf 87' lang='lat' dir='ltr'><strong>intenta,</strong></span> 
     </span>
    </p>
   </div>
   <div class='ocr_carea' id='block_1_69' title="bbox 330 3588 1863 3677">
    <p class='ocr_par' dir='ltr' id='par_1_69' title="bbox 330 3588 1863 3677">
     <span class='ocr_line' id='line_1_69' title="bbox 330 3588 1863 3677; baseline -0.012 -19"><span class='ocrx_word' id='word_1_532' title='bbox 330 3622 446 3677; x_wconf 75' lang='lat' dir='ltr'><strong>qmc</strong></span> <span class='ocrx_word' id='word_1_533' title='bbox 467 3606 682 3660; x_wconf 78' lang='lat' dir='ltr'><strong>verbum</strong></span> <span class='ocrx_word' id='word_1_534' title='bbox 703 3601 792 3655; x_wconf 84' lang='lat' dir='ltr'><strong>Dei</strong></span> <span class='ocrx_word' id='word_1_535' title='bbox 813 3610 1058 3666; x_wconf 85' lang='lat' dir='ltr'><strong>tanquam</strong></span> <span class='ocrx_word' id='word_1_536' title='bbox 1089 3608 1267 3649; x_wconf 89' lang='lat' dir='ltr'><strong>semen</strong></span> <span class='ocrx_word' id='word_1_537' title='bbox 1296 3593 1532 3644; x_wconf 90' lang='lat' dir='ltr'><strong>divinum</strong></span> <span class='ocrx_word' id='word_1_538' title='bbox 1563 3598 1668 3642; x_wconf 91' lang='lat' dir='ltr'><strong>tota</strong></span> <span class='ocrx_word' id='word_1_539' title='bbox 1696 3588 1863 3641; x_wconf 82' lang='lat' dir='ltr'><strong>avidi-</strong></span> 
     </span>
    </p>
   </div>
   <div class='ocr_carea' id='block_1_70' title="bbox 336 3679 1860 3760">
    <p class='ocr_par' dir='ltr' id='par_1_70' title="bbox 336 3679 1860 3760">
     <span class='ocr_line' id='line_1_70' title="bbox 336 3679 1860 3760; baseline -0.012 -11"><span class='ocrx_word' id='word_1_540' title='bbox 336 3709 442 3750; x_wconf 83' lang='lat' dir='ltr'><strong>tate</strong></span> <span class='ocrx_word' id='word_1_541' title='bbox 487 3691 779 3760; x_wconf 79' lang='lat' dir='ltr'><strong>susceperit</strong></span> <span class='ocrx_word' id='word_1_542' title='bbox 807 3728 821 3750; x_wconf 91' lang='lat'><strong>.</strong></span> <span class='ocrx_word' id='word_1_543' title='bbox 853 3689 896 3744; x_wconf 91' lang='lat' dir='ltr'><strong>si</strong></span> <span class='ocrx_word' id='word_1_544' title='bbox 929 3688 1157 3740; x_wconf 80' lang='lat' dir='ltr'><strong>fructum</strong></span> <span class='ocrx_word' id='word_1_545' title='bbox 1181 3684 1358 3736; x_wconf 87' lang='lat' dir='ltr'><strong>statim</strong></span> <span class='ocrx_word' id='word_1_546' title='bbox 1389 3691 1446 3734; x_wconf 91' lang='lat' dir='ltr'><strong>ut</strong></span> <span class='ocrx_word' id='word_1_547' title='bbox 1474 3682 1539 3734; x_wconf 91' lang='lat' dir='ltr'><strong>ad</strong></span> <span class='ocrx_word' id='word_1_548' title='bbox 1564 3679 1860 3734; x_wconf 91' lang='lat' dir='ltr'><strong>orationem</strong></span> 
     </span>
    </p>
   </div>
   <div class='ocr_carea' id='block_1_71' title="bbox 336 3770 1860 3854">
    <p class='ocr_par' dir='ltr' id='par_1_71' title="bbox 336 3770 1860 3854">
     <span class='ocr_line' id='line_1_71' title="bbox 336 3770 1860 3854; baseline -0.015 -14"><span class='ocrx_word' id='word_1_549' title='bbox 336 3785 600 3854; x_wconf 78' lang='lat' dir='ltr'><strong>snrginms</strong></span> <span class='ocrx_word' id='word_1_550' title='bbox 626 3777 945 3839; x_wconf 89' lang='lat' dir='ltr'><strong>ostenderit,</strong></span> <span class='ocrx_word' id='word_1_551' title='bbox 967 3776 1018 3828; x_wconf 87' lang='lat' dir='ltr'><strong>id</strong></span> <span class='ocrx_word' id='word_1_552' title='bbox 1045 3784 1145 3835; x_wconf 90' lang='lat' dir='ltr'><strong>est,</strong></span> <span class='ocrx_word' id='word_1_553' title='bbox 1164 3773 1206 3826; x_wconf 91' lang='lat' dir='ltr'><strong>si</strong></span> <span class='ocrx_word' id='word_1_554' title='bbox 1226 3770 1460 3827; x_wconf 89' lang='lat' dir='ltr'><strong>collectis</strong></span> <span class='ocrx_word' id='word_1_555' title='bbox 1479 3777 1533 3823; x_wconf 89' lang='lat' dir='ltr'><strong>et</strong></span> <span class='ocrx_word' id='word_1_556' title='bbox 1565 3780 1860 3836; x_wconf 84' lang='lat' dir='ltr'><strong>congrega-</strong></span> 
     </span>
    </p>
   </div>
   <div class='ocr_carea' id='block_1_72' title="bbox 339 3859 1866 3929">
    <p class='ocr_par' dir='ltr' id='par_1_72' title="bbox 339 3859 1866 3929">
     <span class='ocr_line' id='line_1_72' title="bbox 339 3859 1866 3929; baseline -0.016 -1"><span class='ocrx_word' id='word_1_557' title='bbox 339 3875 566 3929; x_wconf 86' lang='lat' dir='ltr'><strong>tisintra</strong></span> <span class='ocrx_word' id='word_1_558' title='bbox 607 3883 664 3923; x_wconf 90' lang='lat' dir='ltr'><strong>sc</strong></span> <span class='ocrx_word' id='word_1_559' title='bbox 683 3865 928 3922; x_wconf 90' lang='lat' dir='ltr'><strong>sensibus</strong></span> <span class='ocrx_word' id='word_1_560' title='bbox 957 3870 1075 3918; x_wconf 89' lang='lat' dir='ltr'><strong>oret</strong></span> <span class='ocrx_word' id='word_1_561' title='bbox 1121 3860 1304 3925; x_wconf 86' lang='lat' dir='ltr'><strong>Deum;</strong></span> <span class='ocrx_word' id='word_1_562' title='bbox 1363 3859 1409 3912; x_wconf 93' lang='lat' dir='ltr'><strong>si</strong></span> <span class='ocrx_word' id='word_1_563' title='bbox 1455 3871 1560 3911; x_wconf 92' lang='lat' dir='ltr'><strong>non</strong></span> <span class='ocrx_word' id='word_1_564' title='bbox 1612 3863 1866 3922; x_wconf 86' lang='lat' dir='ltr'><strong>evagetur</strong></span> 
     </span>
    </p>
   </div>
   <div class='ocr_carea' id='block_1_73' title="bbox 338 3942 1865 4024">
    <p class='ocr_par' dir='ltr' id='par_1_73' title="bbox 338 3942 1865 4024">
     <span class='ocr_line' id='line_1_73' title="bbox 338 3942 1865 4024; baseline -0.015 -8"><span class='ocrx_word' id='word_1_565' title='bbox 338 3972 534 4024; x_wconf 82' lang='lat' dir='ltr'><strong>mente,</strong></span> <span class='ocrx_word' id='word_1_566' title='bbox 559 3967 614 4012; x_wconf 91' lang='lat' dir='ltr'><strong>ct</strong></span> <span class='ocrx_word' id='word_1_567' title='bbox 641 3951 1056 4023; x_wconf 80' lang='lat' dir='ltr'><strong>cogitationibus</strong></span> <span class='ocrx_word' id='word_1_568' title='bbox 1082 3948 1273 4011; x_wconf 88' lang='lat' dir='ltr'><strong>evolct,</strong></span> <span class='ocrx_word' id='word_1_569' title='bbox 1317 3947 1387 4000; x_wconf 91' lang='lat' dir='ltr'><strong>ita</strong></span> <span class='ocrx_word' id='word_1_570' title='bbox 1416 3953 1473 3999; x_wconf 92' lang='lat' dir='ltr'><strong>ut</strong></span> <span class='ocrx_word' id='word_1_571' title='bbox 1505 3956 1728 4012; x_wconf 88' lang='lat' dir='ltr'><strong>corpore</strong></span> <span class='ocrx_word' id='word_1_572' title='bbox 1751 3942 1865 4008; x_wconf 88' lang='lat' dir='ltr'><strong>qui-</strong></span> 
     </span>
    </p>
   </div>
   <div class='ocr_carea' id='block_1_74' title="bbox 339 4030 1866 4104">
    <p class='ocr_par' dir='ltr' id='par_1_74' title="bbox 339 4030 1866 4104">
     <span class='ocr_line' id='line_1_74' title="bbox 339 4030 1866 4104; baseline -0.011 -5"><span class='ocrx_word' id='word_1_573' title='bbox 339 4053 458 4104; x_wconf 82' lang='lat' dir='ltr'><strong>dem</strong></span> <span class='ocrx_word' id='word_1_574' title='bbox 489 4048 541 4098; x_wconf 91' lang='lat' dir='ltr'><strong>in</strong></span> <span class='ocrx_word' id='word_1_575' title='bbox 571 4043 811 4097; x_wconf 86' lang='lat' dir='ltr'><strong>oratione</strong></span> <span class='ocrx_word' id='word_1_576' title='bbox 832 4049 1102 4099; x_wconf 85' lang='lat' dir='ltr'><strong>curvetur,</strong></span> <span class='ocrx_word' id='word_1_577' title='bbox 1133 4035 1379 4090; x_wconf 90' lang='lat' dir='ltr'><strong>sensibus</strong></span> <span class='ocrx_word' id='word_1_578' title='bbox 1409 4040 1586 4098; x_wconf 84' lang='lat' dir='ltr'><strong>autem</strong></span> <span class='ocrx_word' id='word_1_579' title='bbox 1644 4044 1739 4099; x_wconf 91' lang='lat' dir='ltr'><strong>per</strong></span> <span class='ocrx_word' id='word_1_580' title='bbox 1784 4030 1866 4097; x_wconf 90' lang='lat' dir='ltr'><strong>di-</strong></span> 
     </span>
    </p>
   </div>
   <div class='ocr_carea' id='block_1_75' title="bbox 342 4114 1866 4194">
    <p class='ocr_par' dir='ltr' id='par_1_75' title="bbox 342 4114 1866 4194">
     <span class='ocr_line' id='line_1_75' title="bbox 342 4114 1866 4194; baseline -0.012 -10"><span class='ocrx_word' id='word_1_581' title='bbox 342 4147 494 4188; x_wconf 77' lang='lat' dir='ltr'><strong>versa</strong></span> <span class='ocrx_word' id='word_1_582' title='bbox 535 4131 814 4182; x_wconf 89' lang='lat' dir='ltr'><strong>discurrat.</strong></span> <span class='ocrx_word' id='word_1_583' title='bbox 840 4125 894 4179; x_wconf 88' lang='lat' dir='ltr'><strong>Si</strong></span> <span class='ocrx_word' id='word_1_584' title='bbox 921 4126 1060 4194; x_wconf 85' lang='lat' dir='ltr'><strong>quis,</strong></span> <span class='ocrx_word' id='word_1_585' title='bbox 1108 4125 1360 4192; x_wconf 88' lang='lat' dir='ltr'><strong>inquam,</strong></span> <span class='ocrx_word' id='word_1_586' title='bbox 1388 4121 1648 4185; x_wconf 85' lang='lat' dir='ltr'><strong>intentam</strong></span> <span class='ocrx_word' id='word_1_587' title='bbox 1696 4124 1750 4169; x_wconf 91' lang='lat' dir='ltr'><strong>et</strong></span> <span class='ocrx_word' id='word_1_588' title='bbox 1789 4114 1866 4167; x_wconf 85' lang='lat' dir='ltr'><strong>di-</strong></span> 
     </span>
    </p>
   </div>
   <div class='ocr_carea' id='block_1_76' title="bbox 345 4202 1862 4275">
    <p class='ocr_par' dir='ltr' id='par_1_76' title="bbox 345 4202 1862 4275">
     <span class='ocr_line' id='line_1_76' title="bbox 345 4202 1862 4275; baseline -0.014 0"><span class='ocrx_word' id='word_1_589' title='bbox 345 4230 546 4275; x_wconf 85' lang='lat' dir='ltr'><strong>rectam</strong></span> <span class='ocrx_word' id='word_1_590' title='bbox 583 4212 1255 4270; x_wconf 84' lang='lat' dir='ltr'><strong>senscritobsccrationcm</strong></span> <span class='ocrx_word' id='word_1_591' title='bbox 1280 4223 1452 4273; x_wconf 89' lang='lat' dir='ltr'><strong>suam,</strong></span> <span class='ocrx_word' id='word_1_592' title='bbox 1480 4215 1535 4261; x_wconf 90' lang='lat' dir='ltr'><strong>ct</strong></span> <span class='ocrx_word' id='word_1_593' title='bbox 1587 4205 1716 4273; x_wconf 89' lang='lat' dir='ltr'><strong>ipsis</strong></span> <span class='ocrx_word' id='word_1_594' title='bbox 1770 4202 1862 4255; x_wconf 84' lang='lat' dir='ltr'><strong>Dei</strong></span> 
     </span>
    </p>
   </div>
   <div class='ocr_carea' id='block_1_77' title="bbox 1955 3068 3705 3139">
    <p class='ocr_par' dir='ltr' id='par_1_77' title="bbox 1955 3068 3705 3139">
     <span class='ocr_line' id='line_1_77' title="bbox 1955 3068 3705 3139; baseline -0.002 -13"><span class='ocrx_word' id='word_1_595' title='bbox 1955 3079 2193 3126; x_wconf 90' lang='lat' dir='ltr'><strong>nostrum</strong></span> <span class='ocrx_word' id='word_1_596' title='bbox 2229 3068 2398 3124; x_wconf 84' lang='lat' dir='ltr'><strong>habet</strong></span> <span class='ocrx_word' id='word_1_597' title='bbox 2426 3083 2535 3123; x_wconf 92' lang='lat' dir='ltr'><strong>non</strong></span> <span class='ocrx_word' id='word_1_598' title='bbox 2565 3077 2812 3136; x_wconf 85' lang='lat' dir='ltr'><strong>puteum</strong></span> <span class='ocrx_word' id='word_1_599' title='bbox 2850 3083 3073 3131; x_wconf 89' lang='lat' dir='ltr'><strong>unum,</strong></span> <span class='ocrx_word' id='word_1_600' title='bbox 3105 3071 3210 3124; x_wconf 76' lang='lat' dir='ltr'><strong>sed</strong></span> <span class='ocrx_word' id='word_1_601' title='bbox 3239 3084 3497 3139; x_wconf 83' lang='lat' dir='ltr'><strong>puteos</strong></span> <span class='ocrx_word' id='word_1_602' title='bbox 3543 3083 3705 3136; x_wconf 65' lang='lat' dir='ltr'><strong>mal-</strong></span> 
     </span>
    </p>
   </div>
   <div class='ocr_carea' id='block_1_78' title="bbox 1955 3157 3702 3224">
    <p class='ocr_par' dir='ltr' id='par_1_78' title="bbox 1955 3157 3702 3224">
     <span class='ocr_line' id='line_1_78' title="bbox 1955 3157 3702 3224; baseline 0.02 -35"><span class='ocrx_word' id='word_1_603' title='bbox 1955 3169 2059 3224; x_wconf 56' lang='lat' dir='ltr'><strong>ws,</strong></span> <span class='ocrx_word' id='word_1_604' title='bbox 2085 3166 2138 3213; x_wconf 61' lang='grc' dir='ltr'><strong>ει</strong></span> <span class='ocrx_word' id='word_1_605' title='bbox 2165 3172 2271 3214; x_wconf 69' lang='lat' dir='ltr'><strong>non</strong></span> <span class='ocrx_word' id='word_1_606' title='bbox 2299 3169 2590 3210; x_wconf 69' lang='lat' dir='ltr'><strong>unumvas</strong></span> <span class='ocrx_word' id='word_1_607' title='bbox 2616 3169 2814 3224; x_wconf 70' lang='lat' dir='ltr'><strong>aquas,</strong></span> <span class='ocrx_word' id='word_1_608' title='bbox 2869 3157 2979 3211; x_wconf 85' lang='lat' dir='ltr'><strong>sed</strong></span> <span class='ocrx_word' id='word_1_609' title='bbox 3044 3171 3191 3211; x_wconf 79' lang='lat' dir='ltr'><strong>vasa</strong></span> <span class='ocrx_word' id='word_1_610' title='bbox 3252 3162 3508 3219; x_wconf 81' lang='lat' dir='ltr'><strong>multa.</strong></span> <span class='ocrx_word' id='word_1_611' title='bbox 3567 3167 3702 3223; x_wconf 76' lang='lat' dir='ltr'><strong>Non</strong></span> 
     </span>
    </p>
   </div>
   <div class='ocr_carea' id='block_1_79' title="bbox 1955 3242 3709 3310">
    <p class='ocr_par' dir='ltr' id='par_1_79' title="bbox 1955 3242 3709 3310">
     <span class='ocr_line' id='line_1_79' title="bbox 1955 3242 3709 3310; baseline 0 -8"><span class='ocrx_word' id='word_1_612' title='bbox 1955 3247 2097 3303; x_wconf 80' lang='lat' dir='ltr'><strong>enim</strong></span> <span class='ocrx_word' id='word_1_613' title='bbox 2121 3245 2281 3307; x_wconf 77' lang='lat' dir='ltr'><strong>dixit,</strong></span> <span class='ocrx_word' id='word_1_614' title='bbox 2315 3262 2334 3295; x_wconf 76' lang='grc' dir='ltr'>ι</span> <span class='ocrx_word' id='word_1_615' title='bbox 2368 3242 2494 3296; x_wconf 85' lang='lat' dir='ltr'><strong>bibe</strong></span> <span class='ocrx_word' id='word_1_616' title='bbox 2519 3256 2705 3310; x_wconf 87' lang='lat' dir='ltr'><strong>aquas</strong></span> <span class='ocrx_word' id='word_1_617' title='bbox 2735 3259 2758 3293; x_wconf 71' lang='grc' dir='ltr'><strong><em>ι</em></strong></span> <span class='ocrx_word' id='word_1_618' title='bbox 2790 3243 2868 3297; x_wconf 88' lang='lat' dir='ltr'><strong>de</strong></span> <span class='ocrx_word' id='word_1_619' title='bbox 2903 3252 3006 3298; x_wconf 93' lang='lat' dir='ltr'><strong>tuo</strong></span> <span class='ocrx_word' id='word_1_620' title='bbox 3032 3258 3206 3310; x_wconf 78' lang='lat' dir='ltr'><strong>vase,</strong></span> <span class='ocrx_word' id='word_1_621' title='bbox 3237 3249 3373 3303; x_wconf 82' lang='lat' dir='ltr'><strong>sed</strong></span> <span class='ocrx_word' id='word_1_622' title='bbox 3411 3268 3435 3302; x_wconf 80' lang='grc' dir='ltr'>ι</span> <span class='ocrx_word' id='word_1_623' title='bbox 3475 3254 3556 3309; x_wconf 82' lang='lat' dir='ltr'><strong>de</strong></span> <span class='ocrx_word' id='word_1_624' title='bbox 3589 3258 3709 3310; x_wconf 71' lang='lat' dir='ltr'><strong>uiis</strong></span> 
     </span>
    </p>
   </div>
   <div class='ocr_carea' id='block_1_80' title="bbox 1957 3328 3711 3399">
    <p class='ocr_par' dir='ltr' id='par_1_80' title="bbox 1957 3328 3711 3399">
     <span class='ocr_line' id='line_1_80' title="bbox 1957 3328 3711 3399; baseline 0.002 -13"><span class='ocrx_word' id='word_1_625' title='bbox 1957 3334 2129 3387; x_wconf 88' lang='lat' dir='ltr'><strong>vasis:</strong></span> <span class='ocrx_word' id='word_1_626' title='bbox 2163 3351 2182 3384; x_wconf 64' lang='grc' dir='ltr'><strong>ν</strong></span> <span class='ocrx_word' id='word_1_627' title='bbox 2209 3339 2266 3385; x_wconf 92' lang='lat' dir='ltr'><strong>et</strong></span> <span class='ocrx_word' id='word_1_628' title='bbox 2298 3345 2404 3383; x_wconf 89' lang='lat' dir='ltr'><strong>non</strong></span> <span class='ocrx_word' id='word_1_629' title='bbox 2429 3329 2594 3394; x_wconf 78' lang='lat' dir='ltr'><strong>dixit,</strong></span> <span class='ocrx_word' id='word_1_630' title='bbox 2628 3337 2686 3382; x_wconf 89' lang='lat' dir='ltr'><strong>et</strong></span> <span class='ocrx_word' id='word_1_631' title='bbox 2711 3328 2789 3382; x_wconf 85' lang='lat' dir='ltr'><strong>de</strong></span> <span class='ocrx_word' id='word_1_632' title='bbox 2810 3331 2978 3396; x_wconf 85' lang='lat' dir='ltr'><strong>putei</strong></span> <span class='ocrx_word' id='word_1_633' title='bbox 3002 3333 3085 3384; x_wconf 88' lang='lat' dir='ltr'><strong>tui</strong></span> <span class='ocrx_word' id='word_1_634' title='bbox 3123 3331 3354 3399; x_wconf 75' lang='lat' dir='ltr'><strong>fonte,</strong></span> <span class='ocrx_word' id='word_1_635' title='bbox 3393 3341 3513 3394; x_wconf 72' lang='lat' dir='ltr'><strong>sed</strong></span> <span class='ocrx_word' id='word_1_636' title='bbox 3553 3360 3581 3393; x_wconf 78' lang='grc' dir='ltr'>ι</span> <span class='ocrx_word' id='word_1_637' title='bbox 3635 3345 3711 3397; x_wconf 74' lang='lat' dir='ltr'><strong>de</strong></span> 
     </span>
    </p>
   </div>
   <div class='ocr_carea' id='block_1_81' title="bbox 1957 3417 3712 3494">
    <p class='ocr_par' dir='ltr' id='par_1_81' title="bbox 1957 3417 3712 3494">
     <span class='ocr_line' id='line_1_81' title="bbox 1957 3417 3712 3494; baseline -0.003 -21"><span class='ocrx_word' id='word_1_638' title='bbox 1957 3433 2239 3494; x_wconf 86' lang='lat' dir='ltr'><strong>puteorum</strong></span> <span class='ocrx_word' id='word_1_639' title='bbox 2265 3427 2481 3474; x_wconf 90' lang='lat' dir='ltr'><strong>tuorum</strong></span> <span class='ocrx_word' id='word_1_640' title='bbox 2525 3417 2708 3472; x_wconf 79' lang='lat' dir='ltr'><strong>fonte.</strong></span> <span class='ocrx_word' id='word_1_641' title='bbox 2752 3437 2776 3470; x_wconf 69' lang='grc' dir='ltr'>ι</span> <span class='ocrx_word' id='word_1_642' title='bbox 2827 3418 3110 3489; x_wconf 76' lang='lat' dir='ltr'><strong>Legimus</strong></span> <span class='ocrx_word' id='word_1_643' title='bbox 3143 3422 3204 3454; x_wconf 79' lang='grc'><strong>⁸⁸</strong></span> <span class='ocrx_word' id='word_1_644' title='bbox 3272 3427 3605 3486; x_wconf 61' lang='lat' dir='ltr'><strong>habuisse</strong></span> <span class='ocrx_word' id='word_1_645' title='bbox 3647 3442 3712 3488; x_wconf 62' lang='grc' dir='ltr'>αι</span> 
     </span>
    </p>
   </div>
   <div class='ocr_carea' id='block_1_82' title="bbox 1958 3509 3712 3583">
    <p class='ocr_par' dir='ltr' id='par_1_82' title="bbox 1958 3509 3712 3583">
     <span class='ocr_line' id='line_1_82' title="bbox 1958 3509 3712 3583; baseline 0.006 -17"><span class='ocrx_word' id='word_1_646' title='bbox 1958 3514 2292 3583; x_wconf 87' lang='lat' dir='ltr'><strong>patriarchas</strong></span> <span class='ocrx_word' id='word_1_647' title='bbox 2343 3519 2587 3578; x_wconf 88' lang='lat' dir='ltr'><strong>puteos;</strong></span> <span class='ocrx_word' id='word_1_648' title='bbox 2644 3509 2858 3566; x_wconf 85' lang='lat' dir='ltr'><strong>habuit</strong></span> <span class='ocrx_word' id='word_1_649' title='bbox 2923 3513 3292 3577; x_wconf 79' lang='lat' dir='ltr'><strong>Abraham.</strong></span> <span class='ocrx_word' id='word_1_650' title='bbox 3355 3520 3593 3577; x_wconf 76' lang='lat' dir='ltr'><strong>halmit</strong></span> <span class='ocrx_word' id='word_1_651' title='bbox 3651 3535 3712 3578; x_wconf 89' lang='lat' dir='ltr'><strong>et</strong></span> 
     </span>
    </p>
   </div>
   <div class='ocr_carea' id='block_1_83' title="bbox 1958 3597 3772 3685">
    <p class='ocr_par' dir='ltr' id='par_1_83' title="bbox 1958 3597 3772 3685">
     <span class='ocr_line' id='line_1_83' title="bbox 1958 3597 3772 3685; baseline 0.008 -28"><span class='ocrx_word' id='word_1_652' title='bbox 1958 3603 2126 3658; x_wconf 85' lang='lat' dir='ltr'><strong>Isaac.</strong></span> <span class='ocrx_word' id='word_1_653' title='bbox 2153 3601 2292 3656; x_wconf 85' lang='lat' dir='ltr'><strong>Puto</strong></span> <span class='ocrx_word' id='word_1_654' title='bbox 2322 3609 2506 3652; x_wconf 90' lang='lat' dir='ltr'><strong>autem</strong></span> <span class='ocrx_word' id='word_1_655' title='bbox 2533 3597 2815 3657; x_wconf 79' lang='lat' dir='ltr'><strong>habuisse</strong></span> <span class='ocrx_word' id='word_1_656' title='bbox 2838 3609 2899 3654; x_wconf 91' lang='lat' dir='ltr'><strong>et</strong></span> <span class='ocrx_word' id='word_1_657' title='bbox 2924 3599 3138 3658; x_wconf 78' lang='lat' dir='ltr'><strong>Jaeob.</strong></span> <span class='ocrx_word' id='word_1_658' title='bbox 3169 3605 3257 3659; x_wconf 83' lang='lat' dir='ltr'><strong>Et</strong></span> <span class='ocrx_word' id='word_1_659' title='bbox 3286 3608 3383 3664; x_wconf 79' lang='lat' dir='ltr'><strong>ab</strong></span> <span class='ocrx_word' id='word_1_660' title='bbox 3432 3613 3585 3669; x_wconf 83' lang='lat' dir='ltr'><strong>istis</strong></span> <span class='ocrx_word' id='word_1_661' title='bbox 3615 3632 3718 3685; x_wconf 81' lang='lat' dir='ltr'><strong>pa-</strong></span> <span class='ocrx_word' id='word_1_662' title='bbox 3767 3599 3772 3601; x_wconf 20' lang='grc' dir='ltr'>λ</span> 
     </span>
    </p>
   </div>
   <div class='ocr_carea' id='block_1_84' title="bbox 1961 3685 3716 3772">
    <p class='ocr_par' dir='ltr' id='par_1_84' title="bbox 1961 3685 3716 3772">
     <span class='ocr_line' id='line_1_84' title="bbox 1961 3685 3716 3772; baseline 0.006 -26"><span class='ocrx_word' id='word_1_663' title='bbox 1961 3691 2064 3746; x_wconf 91' lang='lat' dir='ltr'><strong>teis</strong></span> <span class='ocrx_word' id='word_1_664' title='bbox 2078 3695 2292 3756; x_wconf 90' lang='lat' dir='ltr'><strong>sumpto</strong></span> <span class='ocrx_word' id='word_1_665' title='bbox 2312 3685 2492 3749; x_wconf 87' lang='lat' dir='ltr'><strong>initio,</strong></span> <span class='ocrx_word' id='word_1_666' title='bbox 2514 3697 2800 3751; x_wconf 86' lang='lat' dir='ltr'><strong>percurre</strong></span> <span class='ocrx_word' id='word_1_667' title='bbox 2826 3701 3063 3744; x_wconf 90' lang='lat' dir='ltr'><strong>omnem</strong></span> <span class='ocrx_word' id='word_1_668' title='bbox 3095 3690 3569 3766; x_wconf 83' lang='lat' dir='ltr'><strong>Scripturam,</strong></span> <span class='ocrx_word' id='word_1_669' title='bbox 3607 3719 3716 3772; x_wconf 84' lang='lat' dir='ltr'><strong>pu-</strong></span> 
     </span>
    </p>
   </div>
   <div class='ocr_carea' id='block_1_85' title="bbox 1963 3776 3716 3857">
    <p class='ocr_par' dir='ltr' id='par_1_85' title="bbox 1963 3776 3716 3857">
     <span class='ocr_line' id='line_1_85' title="bbox 1963 3776 3716 3857; baseline 0.004 -22"><span class='ocrx_word' id='word_1_670' title='bbox 1963 3789 2078 3842; x_wconf 81' lang='lat' dir='ltr'><strong>teos</strong></span> <span class='ocrx_word' id='word_1_671' title='bbox 2103 3779 2411 3844; x_wconf 88' lang='lat' dir='ltr'><strong>requirens,</strong></span> <span class='ocrx_word' id='word_1_672' title='bbox 2438 3781 2496 3828; x_wconf 87' lang='lat' dir='ltr'><strong>et</strong></span> <span class='ocrx_word' id='word_1_673' title='bbox 2538 3776 2783 3840; x_wconf 79' lang='lat' dir='ltr'><strong>perveni</strong></span> <span class='ocrx_word' id='word_1_674' title='bbox 2823 3792 3013 3845; x_wconf 86' lang='lat' dir='ltr'><strong>usque</strong></span> <span class='ocrx_word' id='word_1_675' title='bbox 3049 3781 3130 3833; x_wconf 75' lang='lat' dir='ltr'><strong>ad</strong></span> <span class='ocrx_word' id='word_1_676' title='bbox 3190 3780 3592 3857; x_wconf 70' lang='lat' dir='ltr'><strong>Evangelia,</strong></span> <span class='ocrx_word' id='word_1_677' title='bbox 3655 3801 3716 3848; x_wconf 81' lang='lat' dir='ltr'><strong>et</strong></span> 
     </span>
    </p>
   </div>
   <div class='ocr_carea' id='block_1_86' title="bbox 1964 3865 3714 3936">
    <p class='ocr_par' dir='ltr' id='par_1_86' title="bbox 1964 3865 3714 3936">
     <span class='ocr_line' id='line_1_86' title="bbox 1964 3865 3714 3936; baseline 0.001 -14"><span class='ocrx_word' id='word_1_678' title='bbox 1964 3869 2034 3924; x_wconf 90' lang='lat' dir='ltr'><strong>ibi</strong></span> <span class='ocrx_word' id='word_1_679' title='bbox 2062 3865 2304 3919; x_wconf 89' lang='lat' dir='ltr'><strong>invenies</strong></span> <span class='ocrx_word' id='word_1_680' title='bbox 2345 3874 2574 3932; x_wconf 89' lang='lat' dir='ltr'><strong>puteum</strong></span> <span class='ocrx_word' id='word_1_681' title='bbox 2625 3876 2807 3931; x_wconf 85' lang='lat' dir='ltr'><strong>supra</strong></span> <span class='ocrx_word' id='word_1_682' title='bbox 2859 3881 3043 3935; x_wconf 83' lang='lat' dir='ltr'><strong>quem</strong></span> <span class='ocrx_word' id='word_1_683' title='bbox 3103 3869 3440 3932; x_wconf 79' lang='lat' dir='ltr'><strong>Salvator</strong></span> <span class='ocrx_word' id='word_1_684' title='bbox 3499 3889 3714 3936; x_wconf 56' lang='lat' dir='ltr'><strong>noster</strong></span> 
     </span>
    </p>
   </div>
   <div class='ocr_carea' id='block_1_87' title="bbox 1963 3954 3710 4027">
    <p class='ocr_par' dir='ltr' id='par_1_87' title="bbox 1963 3954 3710 4027">
     <span class='ocr_line' id='line_1_87' title="bbox 1963 3954 3710 4027; baseline -0.001 -15"><span class='ocrx_word' id='word_1_685' title='bbox 1963 3956 2180 4012; x_wconf 88' lang='lat' dir='ltr'><strong>sedebat</strong></span> <span class='ocrx_word' id='word_1_686' title='bbox 2205 3954 2555 4021; x_wconf 89' lang='lat' dir='ltr'><strong>requiescens</strong></span> <span class='ocrx_word' id='word_1_687' title='bbox 2585 3963 2716 4020; x_wconf 91' lang='lat' dir='ltr'><strong>post</strong></span> <span class='ocrx_word' id='word_1_688' title='bbox 2741 3956 2975 4012; x_wconf 87' lang='lat' dir='ltr'><strong>itineris</strong></span> <span class='ocrx_word' id='word_1_689' title='bbox 2999 3957 3328 4027; x_wconf 79' lang='lat' dir='ltr'><strong>laborem,</strong></span> <span class='ocrx_word' id='word_1_690' title='bbox 3372 3977 3534 4022; x_wconf 65' lang='lat' dir='ltr'><strong>nunc</strong></span> <span class='ocrx_word' id='word_1_691' title='bbox 3573 3987 3710 4024; x_wconf 69' lang='lat' dir='ltr'><strong>mm</strong></span> 
     </span>
    </p>
   </div>
   <div class='ocr_carea' id='block_1_88' title="bbox 1964 4039 3690 4113">
    <p class='ocr_par' dir='ltr' id='par_1_88' title="bbox 1964 4039 3690 4113">
     <span class='ocr_line' id='line_1_88' title="bbox 1964 4039 3690 4113; baseline 0.003 -15"><span class='ocrx_word' id='word_1_692' title='bbox 1964 4046 2211 4098; x_wconf 87' lang='lat' dir='ltr'><strong>veniente</strong></span> <span class='ocrx_word' id='word_1_693' title='bbox 2253 4041 2484 4095; x_wconf 84' lang='lat' dir='ltr'><strong>muliere</strong></span> <span class='ocrx_word' id='word_1_694' title='bbox 2525 4039 2934 4108; x_wconf 78' lang='lat' dir='ltr'><strong>Samaritana.</strong></span> <span class='ocrx_word' id='word_1_695' title='bbox 2968 4056 3031 4101; x_wconf 84' lang='lat' dir='ltr'><strong>et</strong></span> <span class='ocrx_word' id='word_1_696' title='bbox 3084 4050 3371 4108; x_wconf 82' lang='lat' dir='ltr'><strong>volente</strong></span> <span class='ocrx_word' id='word_1_697' title='bbox 3436 4058 3690 4113; x_wconf 73' lang='lat' dir='ltr'><strong>ham-ire</strong></span> 
     </span>
    </p>
   </div>
   <div class='ocr_carea' id='block_1_89' title="bbox 1966 4134 3710 4213">
    <p class='ocr_par' dir='ltr' id='par_1_89' title="bbox 1966 4134 3710 4213">
     <span class='ocr_line' id='line_1_89' title="bbox 1966 4134 3710 4213; baseline 0.001 -24"><span class='ocrx_word' id='word_1_698' title='bbox 1966 4149 2160 4202; x_wconf 86' lang='lat' dir='ltr'><strong>aquam</strong></span> <span class='ocrx_word' id='word_1_699' title='bbox 2187 4134 2257 4188; x_wconf 85' lang='lat' dir='ltr'><strong>de</strong></span> <span class='ocrx_word' id='word_1_700' title='bbox 2285 4142 2472 4201; x_wconf 89' lang='lat' dir='ltr'><strong>puteo,</strong></span> <span class='ocrx_word' id='word_1_701' title='bbox 2497 4147 2626 4201; x_wconf 67' lang='lat' dir='ltr'><strong>qua:</strong></span> <span class='ocrx_word' id='word_1_702' title='bbox 2651 4143 2815 4188; x_wconf 87' lang='lat' dir='ltr'><strong>esset</strong></span> <span class='ocrx_word' id='word_1_703' title='bbox 2862 4138 2922 4190; x_wconf 87' lang='lat' dir='ltr'><strong>in</strong></span> <span class='ocrx_word' id='word_1_704' title='bbox 2964 4135 3329 4208; x_wconf 83' lang='lat' dir='ltr'><strong>Scripturis</strong></span> <span class='ocrx_word' id='word_1_705' title='bbox 3379 4150 3564 4213; x_wconf 72' lang='grc' dir='ltr'><strong>ρυιεί</strong></span> <span class='ocrx_word' id='word_1_706' title='bbox 3619 4149 3710 4199; x_wconf 70' lang='grc' dir='ltr'><strong>νει</strong></span> 
     </span>
    </p>
   </div>
   <div class='ocr_carea' id='block_1_90' title="bbox 1967 4223 3727 4301">
    <p class='ocr_par' dir='ltr' id='par_1_90' title="bbox 1967 4223 3727 4301">
     <span class='ocr_line' id='line_1_90' title="bbox 1967 4223 3727 4301; baseline 0.005 -23"><span class='ocrx_word' id='word_1_707' title='bbox 1967 4235 2250 4296; x_wconf 89' lang='lat' dir='ltr'><strong>puteorum</strong></span> <span class='ocrx_word' id='word_1_708' title='bbox 2272 4223 2449 4280; x_wconf 88' lang='lat' dir='ltr'><strong>virtus</strong></span> <span class='ocrx_word' id='word_1_709' title='bbox 2474 4226 2810 4293; x_wconf 80' lang='lat' dir='ltr'><strong>exponitur,</strong></span> <span class='ocrx_word' id='word_1_710' title='bbox 2844 4235 2907 4282; x_wconf 89' lang='lat' dir='ltr'><strong>et</strong></span> <span class='ocrx_word' id='word_1_711' title='bbox 2951 4235 3377 4299; x_wconf 66' lang='lat' dir='ltr'><strong>compar-aluo</strong></span> <span class='ocrx_word' id='word_1_712' title='bbox 3415 4236 3502 4288; x_wconf 68' lang='lat' dir='ltr'><strong>tu</strong></span> <span class='ocrx_word' id='word_1_713' title='bbox 3533 4250 3727 4301; x_wconf 72' lang='lat' dir='ltr'><strong>aqua-</strong></span> 
     </span>
    </p>
   </div>
   <div class='ocr_carea' id='block_1_91' title="bbox 345 4291 3750 4382">
    <p class='ocr_par' dir='ltr' id='par_1_91' title="bbox 345 4291 3750 4382">
     <span class='ocr_line' id='line_1_91' title="bbox 345 4291 3750 4382; baseline 0.002 -19"><span class='ocrx_word' id='word_1_714' title='bbox 345 4304 731 4373; x_wconf 78' lang='lat' dir='ltr'><strong>conspcctibns,</strong></span> <span class='ocrx_word' id='word_1_715' title='bbox 761 4311 916 4368; x_wconf 89' lang='lat' dir='ltr'><strong>atque</strong></span> <span class='ocrx_word' id='word_1_716' title='bbox 941 4300 1190 4354; x_wconf 87' lang='lat' dir='ltr'><strong>iuctl&#39;abili</strong></span> <span class='ocrx_word' id='word_1_717' title='bbox 1224 4297 1410 4352; x_wconf 91' lang='lat' dir='ltr'><strong>lumini</strong></span> <span class='ocrx_word' id='word_1_718' title='bbox 1440 4310 1499 4349; x_wconf 89' lang='lat' dir='ltr'><strong>se</strong></span> <span class='ocrx_word' id='word_1_719' title='bbox 1539 4291 1866 4382; x_wconf 77' lang='lat' dir='ltr'><strong>intellexerit</strong></span> <span class='ocrx_word' id='word_1_720' title='bbox 1894 4311 1940 4368; x_wconf 76' lang='grc' dir='ltr'><strong>ι)</strong></span> <span class='ocrx_word' id='word_1_721' title='bbox 1967 4291 2111 4376; x_wconf 49' lang='lat' dir='ltr'><strong>imm,</strong></span> <span class='ocrx_word' id='word_1_722' title='bbox 2138 4310 2230 4364; x_wconf 75' lang='lat' dir='ltr'><strong>ubi</strong></span> <span class='ocrx_word' id='word_1_723' title='bbox 2257 4319 2313 4364; x_wconf 74' lang='lat' dir='ltr'><strong>ei</strong></span> <span class='ocrx_word' id='word_1_724' title='bbox 2336 4310 2505 4364; x_wconf 79' lang='lat' dir='ltr'><strong>divini</strong></span> <span class='ocrx_word' id='word_1_725' title='bbox 2530 4291 2800 4381; x_wconf 77' lang='lat' dir='ltr'><strong>mysterii</strong></span> <span class='ocrx_word' id='word_1_726' title='bbox 2833 4291 3200 4382; x_wconf 69' lang='lat' dir='ltr'><strong>panduntur</strong></span> <span class='ocrx_word' id='word_1_727' title='bbox 3234 4331 3556 4377; x_wconf 69' lang='lat' dir='ltr'><strong>arcana.</strong></span> <span class='ocrx_word' id='word_1_728' title='bbox 3576 4291 3750 4372; x_wconf 58' lang='lat' dir='ltr'><strong>Diei-</strong></span> 
     </span>
    </p>
   </div>
   <div class='ocr_carea' id='block_1_92' title="bbox 343 4380 1864 4455">
    <p class='ocr_par' dir='ltr' id='par_1_92' title="bbox 343 4380 1864 4455">
     <span class='ocr_line' id='line_1_92' title="bbox 343 4380 1864 4455; baseline -0.014 -4"><span class='ocrx_word' id='word_1_729' title='bbox 343 4395 701 4454; x_wconf 82' lang='lat' dir='ltr'><strong>assistentcm,</strong></span> <span class='ocrx_word' id='word_1_730' title='bbox 750 4388 924 4455; x_wconf 83' lang='lat' dir='ltr'><strong>ibique</strong></span> <span class='ocrx_word' id='word_1_731' title='bbox 981 4387 1284 4452; x_wconf 88' lang='lat' dir='ltr'><strong>orationes,</strong></span> <span class='ocrx_word' id='word_1_732' title='bbox 1341 4393 1395 4438; x_wconf 91' lang='lat' dir='ltr'><strong>et</strong></span> <span class='ocrx_word' id='word_1_733' title='bbox 1445 4380 1864 4447; x_wconf 80' lang='lat' dir='ltr'><strong>obsecrationes,</strong></span> 
     </span>
    </p>
   </div>
   <div class='ocr_carea' id='block_1_93' title="bbox 343 4472 1868 4553">
    <p class='ocr_par' dir='ltr' id='par_1_93' title="bbox 343 4472 1868 4553">
     <span class='ocr_line' id='line_1_93' title="bbox 343 4472 1868 4553; baseline -0.01 -18"><span class='ocrx_word' id='word_1_734' title='bbox 343 4478 826 4553; x_wconf 85' lang='lat' dir='ltr'><strong>postnlationesque</strong></span> <span class='ocrx_word' id='word_1_735' title='bbox 851 4483 905 4528; x_wconf 90' lang='lat' dir='ltr'><strong>et</strong></span> <span class='ocrx_word' id='word_1_736' title='bbox 929 4476 1216 4543; x_wconf 88' lang='lat' dir='ltr'><strong>gratiarum</strong></span> <span class='ocrx_word' id='word_1_737' title='bbox 1279 4472 1518 4525; x_wconf 88' lang='lat' dir='ltr'><strong>actiones</strong></span> <span class='ocrx_word' id='word_1_738' title='bbox 1556 4483 1686 4522; x_wconf 88' lang='lat' dir='ltr'><strong>suas</strong></span> <span class='ocrx_word' id='word_1_739' title='bbox 1739 4481 1868 4536; x_wconf 88' lang='lat' dir='ltr'><strong>pro-</strong></span> 
     </span>
    </p>
   </div>
   <div class='ocr_carea' id='block_1_94' title="bbox 346 4556 1866 4630">
    <p class='ocr_par' dir='ltr' id='par_1_94' title="bbox 346 4556 1866 4630">
     <span class='ocr_line' id='line_1_94' title="bbox 346 4556 1866 4630; baseline -0.011 -6"><span class='ocrx_word' id='word_1_740' title='bbox 346 4569 564 4629; x_wconf 80' lang='lat' dir='ltr'><strong>fuderit,</strong></span> <span class='ocrx_word' id='word_1_741' title='bbox 593 4563 784 4618; x_wconf 91' lang='lat' dir='ltr'><strong>nullius</strong></span> <span class='ocrx_word' id='word_1_742' title='bbox 815 4563 1146 4617; x_wconf 73' lang='lat' dir='ltr'><strong>extrinsecus</strong></span> <span class='ocrx_word' id='word_1_743' title='bbox 1212 4559 1498 4630; x_wconf 81' lang='lat' dir='ltr'><strong>phantasia:</strong></span> <span class='ocrx_word' id='word_1_744' title='bbox 1548 4556 1866 4612; x_wconf 87' lang='lat' dir='ltr'><strong>sollicitatus</strong></span> 
     </span>
    </p>
   </div>
   <div class='ocr_carea' id='block_1_95' title="bbox 347 4643 1870 4726">
    <p class='ocr_par' dir='ltr' id='par_1_95' title="bbox 347 4643 1870 4726">
     <span class='ocr_line' id='line_1_95' title="bbox 347 4643 1870 4726; baseline -0.012 -12"><span class='ocrx_word' id='word_1_745' title='bbox 347 4659 575 4726; x_wconf 77' lang='lat' dir='ltr'><strong>imagine</strong></span> <span class='ocrx_word' id='word_1_746' title='bbox 605 4670 620 4706; x_wconf 87' lang='lat'><strong>:</strong></span> <span class='ocrx_word' id='word_1_747' title='bbox 645 4653 729 4707; x_wconf 88' lang='lat' dir='ltr'><strong>hic</strong></span> <span class='ocrx_word' id='word_1_748' title='bbox 761 4666 819 4706; x_wconf 89' lang='lat' dir='ltr'><strong>se</strong></span> <span class='ocrx_word' id='word_1_749' title='bbox 862 4653 1070 4706; x_wconf 90' lang='lat' dir='ltr'><strong>noverit</strong></span> <span class='ocrx_word' id='word_1_750' title='bbox 1103 4663 1197 4720; x_wconf 91' lang='lat' dir='ltr'><strong>per</strong></span> <span class='ocrx_word' id='word_1_751' title='bbox 1238 4647 1483 4715; x_wconf 81' lang='lat' dir='ltr'><strong>angelum</strong></span> <span class='ocrx_word' id='word_1_752' title='bbox 1527 4646 1617 4713; x_wconf 88' lang='lat' dir='ltr'><strong>qui</strong></span> <span class='ocrx_word' id='word_1_753' title='bbox 1666 4643 1870 4698; x_wconf 89' lang='lat' dir='ltr'><strong>assistit</strong></span> 
     </span>
    </p>
   </div>
   <div class='ocr_carea' id='block_1_96' title="bbox 347 4732 1878 4810">
    <p class='ocr_par' dir='ltr' id='par_1_96' title="bbox 347 4732 1878 4810">
     <span class='ocr_line' id='line_1_96' title="bbox 347 4732 1878 4810; baseline -0.011 -9"><span class='ocrx_word' id='word_1_754' title='bbox 347 4745 531 4810; x_wconf 89' lang='lat' dir='ltr'><strong>altari,</strong></span> <span class='ocrx_word' id='word_1_755' title='bbox 573 4739 830 4796; x_wconf 88' lang='lat' dir='ltr'><strong>obtulisse</strong></span> <span class='ocrx_word' id='word_1_756' title='bbox 873 4738 1252 4794; x_wconf 85' lang='lat' dir='ltr'><strong>immolationis</strong></span> <span class='ocrx_word' id='word_1_757' title='bbox 1292 4750 1400 4790; x_wconf 79' lang='lat' dir='ltr'><strong>suae</strong></span> <span class='ocrx_word' id='word_1_758' title='bbox 1439 4732 1702 4801; x_wconf 88' lang='lat' dir='ltr'><strong>primitias</strong></span> <span class='ocrx_word' id='word_1_759' title='bbox 1744 4747 1878 4800; x_wconf 81' lang='lat' dir='ltr'><strong>pon-</strong></span> 
     </span>
    </p>
   </div>
   <div class='ocr_carea' id='block_1_97' title="bbox 345 4820 1870 4900">
    <p class='ocr_par' dir='ltr' id='par_1_97' title="bbox 345 4820 1870 4900">
     <span class='ocr_line' id='line_1_97' title="bbox 345 4820 1870 4900; baseline -0.011 -9"><span class='ocrx_word' id='word_1_760' title='bbox 345 4834 477 4891; x_wconf 84' lang='lat' dir='ltr'><strong>tiliei</strong></span> <span class='ocrx_word' id='word_1_761' title='bbox 518 4845 705 4900; x_wconf 86' lang='lat' dir='ltr'><strong>magno</strong></span> <span class='ocrx_word' id='word_1_762' title='bbox 739 4839 792 4883; x_wconf 88' lang='lat' dir='ltr'><strong>et</strong></span> <span class='ocrx_word' id='word_1_763' title='bbox 822 4843 968 4893; x_wconf 91' lang='lat' dir='ltr'><strong>vero,</strong></span> <span class='ocrx_word' id='word_1_764' title='bbox 1002 4829 1215 4883; x_wconf 87' lang='lat' dir='ltr'><strong>Christo</strong></span> <span class='ocrx_word' id='word_1_765' title='bbox 1241 4825 1364 4878; x_wconf 81' lang='lat' dir='ltr'><strong>Jesu</strong></span> <span class='ocrx_word' id='word_1_766' title='bbox 1409 4820 1629 4874; x_wconf 90' lang='lat' dir='ltr'><strong>Domino</strong></span> <span class='ocrx_word' id='word_1_767' title='bbox 1664 4830 1870 4886; x_wconf 91' lang='lat' dir='ltr'><strong>nostro,</strong></span> 
     </span>
    </p>
   </div>
   <div class='ocr_carea' id='block_1_98' title="bbox 345 4907 1868 4988">
    <p class='ocr_par' dir='ltr' id='par_1_98' title="bbox 345 4907 1868 4988">
     <span class='ocr_line' id='line_1_98' title="bbox 345 4907 1868 4988; baseline -0.009 -12"><span class='ocrx_word' id='word_1_768' title='bbox 345 4925 428 4979; x_wconf 88' lang='lat' dir='ltr'><strong>cui</strong></span> <span class='ocrx_word' id='word_1_769' title='bbox 444 4930 525 4976; x_wconf 90' lang='lat' dir='ltr'><strong>est</strong></span> <span class='ocrx_word' id='word_1_770' title='bbox 557 4919 719 4988; x_wconf 81' lang='lat' dir='ltr'><strong>gloria</strong></span> <span class='ocrx_word' id='word_1_771' title='bbox 758 4926 812 4971; x_wconf 87' lang='lat' dir='ltr'><strong>et</strong></span> <span class='ocrx_word' id='word_1_772' title='bbox 857 4920 1136 4988; x_wconf 90' lang='lat' dir='ltr'><strong>imperium</strong></span> <span class='ocrx_word' id='word_1_773' title='bbox 1186 4916 1238 4968; x_wconf 94' lang='lat' dir='ltr'><strong>in</strong></span> <span class='ocrx_word' id='word_1_774' title='bbox 1285 4909 1479 4966; x_wconf 71' lang='lat' dir='ltr'><strong>saecula</strong></span> <span class='ocrx_word' id='word_1_775' title='bbox 1533 4907 1868 4963; x_wconf 65' lang='lat' dir='ltr'><strong>saeculorum.</strong></span> 
     </span>
    </p>
   </div>
   <div class='ocr_carea' id='block_1_99' title="bbox 345 5015 532 5068">
    <p class='ocr_par' dir='ltr' id='par_1_99' title="bbox 345 5015 532 5068">
     <span class='ocr_line' id='line_1_99' title="bbox 345 5015 532 5068; baseline -0.021 0"><span class='ocrx_word' id='word_1_776' title='bbox 345 5015 532 5068; x_wconf 81' lang='lat' dir='ltr'><strong>Amen.</strong></span> 
     </span>
    </p>
   </div>
   <div class='ocr_carea' id='block_1_100' title="bbox 301 5165 328 5195">
    <p class='ocr_par' dir='ltr' id='par_1_100' title="bbox 301 5165 328 5195">
     <span class='ocr_line' id='line_1_100' title="bbox 301 5165 328 5195; baseline 0 0"><span class='ocrx_word' id='word_1_777' title='bbox 301 5165 328 5195; x_wconf 72' lang='lat' dir='ltr'><strong>l-</strong></span> 
     </span>
    </p>
   </div>
   <div class='ocr_carea' id='block_1_101' title="bbox 345 5261 1824 5336">
    <p class='ocr_par' dir='ltr' id='par_1_101' title="bbox 345 5261 1824 5336">
     <span class='ocr_line' id='line_1_101' title="bbox 345 5261 1824 5336; baseline -0.015 0"><span class='ocrx_word' id='word_1_778' title='bbox 345 5296 446 5336; x_wconf 65' lang='lat' dir='ltr'><strong>am</strong></span> <span class='ocrx_word' id='word_1_779' title='bbox 478 5261 743 5333; x_wconf 56' lang='lat' dir='ltr'><strong>éi“’xin.’</strong></span> <span class='ocrx_word' id='word_1_780' title='bbox 797 5261 858 5306; x_wconf 83' lang='grc'><strong>’⁸⁷</strong></span> <span class='ocrx_word' id='word_1_781' title='bbox 882 5261 1032 5328; x_wconf 62' lang='lat' dir='ltr'><strong>toan.</strong></span> <span class='ocrx_word' id='word_1_782' title='bbox 1067 5285 1142 5334; x_wconf 80' lang='lat' dir='ltr'><strong>tv,</strong></span> <span class='ocrx_word' id='word_1_783' title='bbox 1167 5269 1252 5320; x_wconf 71' lang='grc'><strong>14.</strong></span> <span class='ocrx_word' id='word_1_784' title='bbox 1353 5263 1398 5296; x_wconf 81' lang='grc'><strong>⁸⁸</strong></span> <span class='ocrx_word' id='word_1_785' title='bbox 1425 5261 1578 5315; x_wconf 84' lang='lat' dir='ltr'><strong>Joan.</strong></span> <span class='ocrx_word' id='word_1_786' title='bbox 1608 5276 1699 5323; x_wconf 87' lang='lat' dir='ltr'><strong>vn,</strong></span> <span class='ocrx_word' id='word_1_787' title='bbox 1735 5263 1824 5318; x_wconf 81' lang='lat'><strong>38.</strong></span> 
     </span>
    </p>
   </div>
   <div class='ocr_carea' id='block_1_102' title="bbox 419 5351 1867 5446">
    <p class='ocr_par' dir='ltr' id='par_1_102' title="bbox 419 5351 1867 5446">
     <span class='ocr_line' id='line_1_102' title="bbox 419 5351 1867 5446; baseline -0.01 -25"><span class='ocrx_word' id='word_1_788' title='bbox 419 5369 530 5446; x_wconf 55' lang='lat' dir='ltr'><strong>t2?)</strong></span> <span class='ocrx_word' id='word_1_789' title='bbox 559 5368 736 5422; x_wconf 79' lang='lat' dir='ltr'><strong>Codex</strong></span> <span class='ocrx_word' id='word_1_790' title='bbox 765 5363 1123 5426; x_wconf 87' lang='lat' dir='ltr'><strong>Belvacensis,</strong></span> <span class='ocrx_word' id='word_1_791' title='bbox 1153 5377 1172 5412; x_wconf 72' lang='lat' dir='ltr'><strong>t</strong></span> <span class='ocrx_word' id='word_1_792' title='bbox 1202 5369 1402 5414; x_wconf 87' lang='lat' dir='ltr'><strong>rursus.</strong></span> <span class='ocrx_word' id='word_1_793' title='bbox 1435 5371 1453 5406; x_wconf 78' lang='grc' dir='ltr'><strong><em>ι</em></strong></span> <span class='ocrx_word' id='word_1_794' title='bbox 1495 5351 1645 5406; x_wconf 85' lang='lat' dir='ltr'><strong>Libh.</strong></span> <span class='ocrx_word' id='word_1_795' title='bbox 1694 5353 1826 5407; x_wconf 89' lang='lat' dir='ltr'><strong>editi</strong></span> <span class='ocrx_word' id='word_1_796' title='bbox 1852 5395 1867 5420; x_wconf 95' lang='lat'><strong>,</strong></span> 
     </span>
    </p>
   </div>
   <div class='ocr_carea' id='block_1_103' title="bbox 355 5437 1874 5566">
    <p class='ocr_par' dir='ltr' id='par_1_103' title="bbox 355 5437 1874 5566">
     <span class='ocr_line' id='line_1_103' title="bbox 355 5437 1874 5566; baseline -0.009 -9"><span class='ocrx_word' id='word_1_797' title='bbox 355 5437 737 5566; x_wconf 32' lang='grc' dir='ltr'><strong>ξδὲἓὲίἰδὶέηω.</strong></span> <span class='ocrx_word' id='word_1_798' title='bbox 792 5497 1168 5566; x_wconf 85' lang='lat' dir='ltr'><strong>Ebroicensis,</strong></span> <span class='ocrx_word' id='word_1_799' title='bbox 1218 5487 1556 5566; x_wconf 70' lang='lat' dir='ltr'><strong>Carnotensis</strong></span> <span class='ocrx_word' id='word_1_800' title='bbox 1604 5494 1656 5540; x_wconf 90' lang='lat' dir='ltr'><strong>et</strong></span> <span class='ocrx_word' id='word_1_801' title='bbox 1703 5488 1874 5543; x_wconf 89' lang='lat' dir='ltr'><strong>sancti</strong></span> 
     </span>
    </p>
   </div>
   <div class='ocr_carea' id='block_1_104' title="bbox 358 5556 1672 5630">
    <p class='ocr_par' dir='ltr' id='par_1_104' title="bbox 358 5556 1672 5630">
     <span class='ocr_line' id='line_1_104' title="bbox 358 5556 1672 5630; baseline -0.008 -15"><span class='ocrx_word' id='word_1_802' title='bbox 358 5556 690 5630; x_wconf 77' lang='lat' dir='ltr'><strong>Tbeodorici,</strong></span> <span class='ocrx_word' id='word_1_803' title='bbox 720 5585 739 5618; x_wconf 75' lang='grc' dir='ltr'>ι</span> <span class='ocrx_word' id='word_1_804' title='bbox 770 5568 964 5622; x_wconf 84' lang='lat' dir='ltr'><strong>vilitas.</strong></span> <span class='ocrx_word' id='word_1_805' title='bbox 1009 5584 1030 5619; x_wconf 72' lang='grc' dir='ltr'><strong><em>ι</em></strong></span> <span class='ocrx_word' id='word_1_806' title='bbox 1068 5556 1232 5630; x_wconf 75' lang='lat' dir='ltr'><strong>Alias,</strong></span> <span class='ocrx_word' id='word_1_807' title='bbox 1268 5579 1286 5613; x_wconf 73' lang='grc' dir='ltr'>ι</span> <span class='ocrx_word' id='word_1_808' title='bbox 1319 5556 1608 5613; x_wconf 80' lang='lat' dir='ltr'><strong>humilitas.</strong></span> <span class='ocrx_word' id='word_1_809' title='bbox 1653 5571 1672 5605; x_wconf 73' lang='grc' dir='ltr'><strong><em>ι</em></strong></span> 
     </span>
    </p>
   </div>
   <div class='ocr_carea' id='block_1_105' title="bbox 415 5193 2066 5272">
    <p class='ocr_par' dir='ltr' id='par_1_105' title="bbox 415 5193 2066 5272">
     <span class='ocr_line' id='line_1_105' title="bbox 415 5193 2066 5272; baseline -0.004 -8"><span class='ocrx_word' id='word_1_810' title='bbox 415 5215 458 5246; x_wconf 76' lang='grc'>⁸³</span> <span class='ocrx_word' id='word_1_811' title='bbox 483 5212 634 5264; x_wconf 71' lang='lat' dir='ltr'><strong>Num.</strong></span> <span class='ocrx_word' id='word_1_812' title='bbox 660 5223 809 5272; x_wconf 77' lang='lat' dir='ltr'><strong>xvut,</strong></span> <span class='ocrx_word' id='word_1_813' title='bbox 840 5207 892 5260; x_wconf 88' lang='lat'><strong>9.</strong></span> <span class='ocrx_word' id='word_1_814' title='bbox 968 5207 1012 5270; x_wconf 67' lang='grc' dir='ltr'><strong>δζ</strong></span> <span class='ocrx_word' id='word_1_815' title='bbox 1041 5203 1185 5272; x_wconf 71' lang='lat' dir='ltr'><strong>Psal.</strong></span> <span class='ocrx_word' id='word_1_816' title='bbox 1212 5195 1402 5272; x_wconf 50' lang='lat' dir='ltr'><strong>stud</strong></span> <span class='ocrx_word' id='word_1_817' title='bbox 1544 5193 1588 5224; x_wconf 87' lang='grc'><strong>⁸³</strong></span> <span class='ocrx_word' id='word_1_818' title='bbox 1615 5193 1630 5245; x_wconf 94' lang='grc' dir='ltr'><strong>Ι</strong></span> <span class='ocrx_word' id='word_1_819' title='bbox 1659 5193 1800 5272; x_wconf 46' lang='grc' dir='ltr'><strong>Οοςλ</strong></span> <span class='ocrx_word' id='word_1_820' title='bbox 1832 5217 1944 5268; x_wconf 78' lang='lat' dir='ltr'><strong>xw,</strong></span> <span class='ocrx_word' id='word_1_821' title='bbox 1978 5203 2066 5261; x_wconf 70' lang='lat'><strong>15.</strong></span> 
     </span>
    </p>
   </div>
   <div class='ocr_carea' id='block_1_106' title="bbox 1973 4399 3759 4482">
    <p class='ocr_par' dir='ltr' id='par_1_106' title="bbox 1973 4399 3759 4482">
     <span class='ocr_line' id='line_1_106' title="bbox 1973 4399 3759 4482; baseline 0.003 -27"><span class='ocrx_word' id='word_1_822' title='bbox 1973 4411 2060 4455; x_wconf 91' lang='lat' dir='ltr'><strong>tur</strong></span> <span class='ocrx_word' id='word_1_823' title='bbox 2095 4399 2239 4454; x_wconf 91' lang='lat' dir='ltr'><strong>enim</strong></span> <span class='ocrx_word' id='word_1_824' title='bbox 2267 4399 2393 4466; x_wconf 89' lang='lat' dir='ltr'><strong>quia</strong></span> <span class='ocrx_word' id='word_1_825' title='bbox 2425 4399 2472 4451; x_wconf 89' lang='lat' dir='ltr'><strong>si</strong></span> <span class='ocrx_word' id='word_1_826' title='bbox 2521 4401 2652 4468; x_wconf 88' lang='lat' dir='ltr'><strong>quis</strong></span> <span class='ocrx_word' id='word_1_827' title='bbox 2682 4401 2853 4456; x_wconf 88' lang='lat' dir='ltr'><strong>bibat</strong></span> <span class='ocrx_word' id='word_1_828' title='bbox 2886 4419 2962 4460; x_wconf 83' lang='lat' dir='ltr'><strong>ex</strong></span> <span class='ocrx_word' id='word_1_829' title='bbox 2993 4409 3071 4461; x_wconf 85' lang='lat' dir='ltr'><strong>iis</strong></span> <span class='ocrx_word' id='word_1_830' title='bbox 3103 4425 3241 4482; x_wconf 82' lang='lat' dir='ltr'><strong>aqu</strong></span> <span class='ocrx_word' id='word_1_831' title='bbox 3255 4405 3374 4469; x_wconf 71' lang='lat' dir='ltr'><strong>is,</strong></span> <span class='ocrx_word' id='word_1_832' title='bbox 3417 4421 3590 4475; x_wconf 72' lang='lat' dir='ltr'><strong>quas</strong></span> <span class='ocrx_word' id='word_1_833' title='bbox 3612 4422 3759 4461; x_wconf 82' lang='lat' dir='ltr'><strong>cou-</strong></span> 
     </span>
    </p>
   </div>
   <div class='ocr_carea' id='block_1_107' title="bbox 1974 4487 3774 4567">
    <p class='ocr_par' dir='ltr' id='par_1_107' title="bbox 1974 4487 3774 4567">
     <span class='ocr_line' id='line_1_107' title="bbox 1974 4487 3774 4567; baseline 0.011 -22"><span class='ocrx_word' id='word_1_834' title='bbox 1974 4489 2180 4545; x_wconf 89' lang='lat' dir='ltr'><strong>tinebat</strong></span> <span class='ocrx_word' id='word_1_835' title='bbox 2207 4495 2400 4556; x_wconf 90' lang='lat' dir='ltr'><strong>puteus</strong></span> <span class='ocrx_word' id='word_1_836' title='bbox 2428 4487 2521 4540; x_wconf 90' lang='lat' dir='ltr'><strong>ille</strong></span> <span class='ocrx_word' id='word_1_837' title='bbox 2555 4498 2859 4556; x_wconf 89' lang='lat' dir='ltr'><strong>terrenus,</strong></span> <span class='ocrx_word' id='word_1_838' title='bbox 2905 4496 3082 4552; x_wconf 87' lang='lat' dir='ltr'><strong>sitiet</strong></span> <span class='ocrx_word' id='word_1_839' title='bbox 3115 4509 3438 4560; x_wconf 59' lang='lat' dir='ltr'><strong>rurant“</strong></span> <span class='ocrx_word' id='word_1_840' title='bbox 3465 4513 3488 4560; x_wconf 67' lang='grc' dir='ltr'><strong>ζ</strong></span> <span class='ocrx_word' id='word_1_841' title='bbox 3535 4497 3646 4567; x_wconf 62' lang='grc' dir='ltr'><strong>τιυὶ</strong></span> <span class='ocrx_word' id='word_1_842' title='bbox 3670 4511 3774 4548; x_wconf 60' lang='grc' dir='ltr'><strong>δυ’</strong></span> 
     </span>
    </p>
   </div>
   <div class='ocr_carea' id='block_1_108' title="bbox 1966 4577 3756 4654">
    <p class='ocr_par' dir='ltr' id='par_1_108' title="bbox 1966 4577 3756 4654">
     <span class='ocr_line' id='line_1_108' title="bbox 1966 4577 3756 4654; baseline 0.004 -20"><span class='ocrx_word' id='word_1_843' title='bbox 1966 4588 2080 4634; x_wconf 73' lang='grc' dir='ltr'><strong>,ῑεω</strong></span> <span class='ocrx_word' id='word_1_844' title='bbox 2101 4592 2168 4642; x_wconf 66' lang='lat' dir='ltr'><strong>ex</strong></span> <span class='ocrx_word' id='word_1_845' title='bbox 2196 4577 2302 4630; x_wconf 88' lang='lat' dir='ltr'><strong>illis</strong></span> <span class='ocrx_word' id='word_1_846' title='bbox 2330 4577 2553 4642; x_wconf 90' lang='lat' dir='ltr'><strong>biberit,</strong></span> <span class='ocrx_word' id='word_1_847' title='bbox 2577 4593 2726 4646; x_wconf 87' lang='lat' dir='ltr'><strong>quas</strong></span> <span class='ocrx_word' id='word_1_848' title='bbox 2767 4584 2872 4636; x_wconf 86' lang='lat' dir='ltr'><strong>dat</strong></span> <span class='ocrx_word' id='word_1_849' title='bbox 2892 4584 3111 4654; x_wconf 70' lang='lat' dir='ltr'><strong>Iesus,</strong></span> <span class='ocrx_word' id='word_1_850' title='bbox 3156 4611 3182 4645; x_wconf 71' lang='grc' dir='ltr'>ι</span> <span class='ocrx_word' id='word_1_851' title='bbox 3227 4589 3380 4650; x_wconf 65' lang='lat' dir='ltr'><strong>[iet</strong></span> <span class='ocrx_word' id='word_1_852' title='bbox 3395 4591 3472 4647; x_wconf 83' lang='lat' dir='ltr'><strong>in</strong></span> <span class='ocrx_word' id='word_1_853' title='bbox 3515 4612 3596 4652; x_wconf 73' lang='lat' dir='ltr'><strong>eo</strong></span> <span class='ocrx_word' id='word_1_854' title='bbox 3621 4597 3756 4654; x_wconf 65' lang='grc' dir='ltr'><strong>[ους</strong></span> 
     </span>
    </p>
   </div>
   <div class='ocr_carea' id='block_1_109' title="bbox 1978 4664 3721 4745">
    <p class='ocr_par' dir='ltr' id='par_1_109' title="bbox 1978 4664 3721 4745">
     <span class='ocr_line' id='line_1_109' title="bbox 1978 4664 3721 4745; baseline 0.017 -29"><span class='ocrx_word' id='word_1_855' title='bbox 1978 4681 2128 4735; x_wconf 68' lang='lat' dir='ltr'><strong>aqua:</strong></span> <span class='ocrx_word' id='word_1_856' title='bbox 2149 4664 2390 4718; x_wconf 85' lang='lat' dir='ltr'><strong>salientis</strong></span> <span class='ocrx_word' id='word_1_857' title='bbox 2419 4665 2472 4719; x_wconf 92' lang='lat' dir='ltr'><strong>in</strong></span> <span class='ocrx_word' id='word_1_858' title='bbox 2503 4667 2679 4726; x_wconf 86' lang='lat' dir='ltr'><strong>vitam</strong></span> <span class='ocrx_word' id='word_1_859' title='bbox 2713 4680 3019 4733; x_wconf 63' lang='lat' dir='ltr'><strong>aeternam</strong></span> <span class='ocrx_word' id='word_1_860' title='bbox 3039 4679 3121 4735; x_wconf 87' lang='grc'><strong>⁸⁷.</strong></span> <span class='ocrx_word' id='word_1_861' title='bbox 3180 4703 3201 4736; x_wconf 73' lang='grc' dir='ltr'><strong><em>ι</em></strong></span> <span class='ocrx_word' id='word_1_862' title='bbox 3231 4679 3328 4742; x_wconf 79' lang='grc' dir='ltr'><em>ιιι</em></span> <span class='ocrx_word' id='word_1_863' title='bbox 3358 4686 3498 4743; x_wconf 81' lang='lat' dir='ltr'><strong>alio</strong></span> <span class='ocrx_word' id='word_1_864' title='bbox 3519 4699 3721 4745; x_wconf 72' lang='lat' dir='ltr'><strong>autem</strong></span> 
     </span>
    </p>
   </div>
   <div class='ocr_carea' id='block_1_110' title="bbox 1973 4752 3714 4843">
    <p class='ocr_par' dir='ltr' id='par_1_110' title="bbox 1973 4752 3714 4843">
     <span class='ocr_line' id='line_1_110' title="bbox 1973 4752 3714 4843; baseline 0.018 -38"><span class='ocrx_word' id='word_1_865' title='bbox 1973 4755 2251 4822; x_wconf 85' lang='lat' dir='ltr'><strong>Evangelii</strong></span> <span class='ocrx_word' id='word_1_866' title='bbox 2277 4753 2396 4808; x_wconf 90' lang='lat' dir='ltr'><strong>loco</strong></span> <span class='ocrx_word' id='word_1_867' title='bbox 2415 4752 2531 4820; x_wconf 86' lang='lat' dir='ltr'><strong>jam</strong></span> <span class='ocrx_word' id='word_1_868' title='bbox 2561 4769 2675 4809; x_wconf 90' lang='lat' dir='ltr'><strong>non</strong></span> <span class='ocrx_word' id='word_1_869' title='bbox 2713 4756 2877 4823; x_wconf 78' lang='lat' dir='ltr'><strong>fons,</strong></span> <span class='ocrx_word' id='word_1_870' title='bbox 2909 4779 3126 4835; x_wconf 85' lang='lat' dir='ltr'><strong>neque</strong></span> <span class='ocrx_word' id='word_1_871' title='bbox 3147 4781 3410 4843; x_wconf 88' lang='lat' dir='ltr'><strong>puteus,</strong></span> <span class='ocrx_word' id='word_1_872' title='bbox 3445 4782 3562 4838; x_wconf 78' lang='lat' dir='ltr'><strong>sed</strong></span> <span class='ocrx_word' id='word_1_873' title='bbox 3589 4799 3714 4839; x_wconf 76' lang='lat' dir='ltr'><strong>un-</strong></span> 
     </span>
    </p>
   </div>
   <div class='ocr_carea' id='block_1_111' title="bbox 1971 4843 3683 4933">
    <p class='ocr_par' dir='ltr' id='par_1_111' title="bbox 1971 4843 3683 4933">
     <span class='ocr_line' id='line_1_111' title="bbox 1971 4843 3683 4933; baseline 0.008 -36"><span class='ocrx_word' id='word_1_874' title='bbox 1971 4843 2112 4914; x_wconf 88' lang='lat' dir='ltr'><strong>plius</strong></span> <span class='ocrx_word' id='word_1_875' title='bbox 2133 4844 2333 4933; x_wconf 83' lang='lat' dir='ltr'><strong>aliquid</strong></span> <span class='ocrx_word' id='word_1_876' title='bbox 2357 4844 2583 4898; x_wconf 90' lang='lat' dir='ltr'><strong>dicitur.</strong></span> <span class='ocrx_word' id='word_1_877' title='bbox 2623 4865 2643 4897; x_wconf 76' lang='grc' dir='ltr'>ι</span> <span class='ocrx_word' id='word_1_878' title='bbox 2675 4846 2786 4912; x_wconf 87' lang='lat' dir='ltr'><strong>Qui</strong></span> <span class='ocrx_word' id='word_1_879' title='bbox 2824 4853 3061 4924; x_wconf 86' lang='lat' dir='ltr'><strong>credit,</strong></span> <span class='ocrx_word' id='word_1_880' title='bbox 3091 4860 3280 4930; x_wconf 79' lang='lat' dir='ltr'><strong>inquit</strong></span> <span class='ocrx_word' id='word_1_881' title='bbox 3300 4865 3395 4933; x_wconf 73' lang='grc'><strong>⁸⁸,</strong></span> <span class='ocrx_word' id='word_1_882' title='bbox 3436 4870 3504 4925; x_wconf 73' lang='lat' dir='ltr'><strong>in</strong></span> <span class='ocrx_word' id='word_1_883' title='bbox 3543 4888 3683 4928; x_wconf 70' lang='lat' dir='ltr'><strong>eum</strong></span> 
     </span>
    </p>
   </div>
   <div class='ocr_carea' id='block_1_112' title="bbox 1975 4910 3714 5025">
    <p class='ocr_par' dir='ltr' id='par_1_112' title="bbox 1975 4910 3714 5025">
     <span class='ocr_line' id='line_1_112' title="bbox 1975 4910 3714 5025; baseline 0.018 -37"><span class='ocrx_word' id='word_1_884' title='bbox 1975 4933 2119 4989; x_wconf 88' lang='lat' dir='ltr'><strong>sicut</strong></span> <span class='ocrx_word' id='word_1_885' title='bbox 2149 4931 2433 5025; x_wconf 79' lang='lat' dir='ltr'><strong>scriptura</strong></span> <span class='ocrx_word' id='word_1_886' title='bbox 2451 4933 2622 5025; x_wconf 84' lang='lat' dir='ltr'><strong>dicit,</strong></span> <span class='ocrx_word' id='word_1_887' title='bbox 2656 4935 2919 4998; x_wconf 80' lang='lat' dir='ltr'><strong>ﬂumina</strong></span> <span class='ocrx_word' id='word_1_888' title='bbox 2967 4910 3060 5002; x_wconf 68' lang='lat' dir='ltr'><strong>de</strong></span> <span class='ocrx_word' id='word_1_889' title='bbox 3321 4910 3504 5025; x_wconf 53' lang='lat' dir='ltr'><strong>eius&quot;</strong></span> 
     </span>
    </p>
   </div>
   <div class='ocr_carea' id='block_1_113' title="bbox 1974 5022 3765 5107">
    <p class='ocr_par' dir='ltr' id='par_1_113' title="bbox 1974 5022 3765 5107">
     <span class='ocr_line' id='line_1_113' title="bbox 1974 5022 3765 5107; baseline 0.021 -36"><span class='ocrx_word' id='word_1_890' title='bbox 1974 5036 2128 5089; x_wconf 79' lang='lat' dir='ltr'><strong>aquae</strong></span> <span class='ocrx_word' id='word_1_891' title='bbox 2157 5022 2310 5075; x_wconf 66' lang='lat' dir='ltr'><strong>vivae.</strong></span> <span class='ocrx_word' id='word_1_892' title='bbox 2359 5041 2378 5089; x_wconf 64' lang='grc' dir='ltr'><strong>ρ</strong></span> <span class='ocrx_word' id='word_1_893' title='bbox 2417 5024 2580 5079; x_wconf 81' lang='lat' dir='ltr'><strong>Vides</strong></span> <span class='ocrx_word' id='word_1_894' title='bbox 2607 5040 2749 5096; x_wconf 87' lang='lat' dir='ltr'><strong>ergo</strong></span> <span class='ocrx_word' id='word_1_895' title='bbox 2781 5032 2930 5099; x_wconf 86' lang='lat' dir='ltr'><strong>quia</strong></span> <span class='ocrx_word' id='word_1_896' title='bbox 2988 5041 3110 5107; x_wconf 83' lang='lat' dir='ltr'><strong>qui</strong></span> <span class='ocrx_word' id='word_1_897' title='bbox 3173 5022 3380 5099; x_wconf 72' lang='lat' dir='ltr'><strong>credit</strong></span> <span class='ocrx_word' id='word_1_898' title='bbox 3433 5049 3500 5104; x_wconf 86' lang='lat' dir='ltr'><strong>in</strong></span> <span class='ocrx_word' id='word_1_899' title='bbox 3547 5068 3710 5107; x_wconf 86' lang='lat' dir='ltr'><strong>eum.</strong></span> <span class='ocrx_word' id='word_1_900' title='bbox 3741 5031 3765 5050; x_wconf 64' lang='grc'><em>’</em></span> 
     </span>
    </p>
   </div>
   <div class='ocr_carea' id='block_1_114' title="bbox 2165 5093 3713 5198">
    <p class='ocr_par' dir='ltr' id='par_1_114' title="bbox 2165 5093 3713 5198">
     <span class='ocr_line' id='line_1_114' title="bbox 2165 5093 3713 5198; baseline 0.026 -38"><span class='ocrx_word' id='word_1_901' title='bbox 2165 5110 2282 5162; x_wconf 84' lang='lat' dir='ltr'><strong>dum</strong></span> <span class='ocrx_word' id='word_1_902' title='bbox 2315 5121 2569 5181; x_wconf 85' lang='lat' dir='ltr'><strong>puteum,</strong></span> <span class='ocrx_word' id='word_1_903' title='bbox 2597 5117 2695 5177; x_wconf 74' lang='lat' dir='ltr'><strong>sed</strong></span> <span class='ocrx_word' id='word_1_904' title='bbox 2710 5128 2773 5172; x_wconf 86' lang='lat' dir='ltr'><strong>et</strong></span> <span class='ocrx_word' id='word_1_905' title='bbox 2803 5093 3063 5194; x_wconf 66' lang='lat' dir='ltr'><strong>puteos,</strong></span> <span class='ocrx_word' id='word_1_906' title='bbox 3091 5093 3164 5187; x_wconf 43' lang='lat' dir='ltr'><strong>ret</strong></span> <span class='ocrx_word' id='word_1_907' title='bbox 3181 5093 3713 5198; x_wconf 42' lang='lat' dir='ltr'><strong>non—SmIZ-m‘f‘oI:</strong></span> 
     </span>
    </p>
   </div>
   <div class='ocr_carea' id='block_1_115' title="bbox 2165 5202 3712 5290">
    <p class='ocr_par' dir='ltr' id='par_1_115' title="bbox 2165 5202 3712 5290">
     <span class='ocr_line' id='line_1_115' title="bbox 2165 5202 3712 5290; baseline 0.025 -37"><span class='ocrx_word' id='word_1_908' title='bbox 2165 5203 2212 5234; x_wconf 76' lang='lat'><strong>“</strong></span> <span class='ocrx_word' id='word_1_909' title='bbox 2253 5202 2415 5258; x_wconf 74' lang='lat' dir='ltr'><strong>Num.</strong></span> <span class='ocrx_word' id='word_1_910' title='bbox 2447 5223 2566 5276; x_wconf 74' lang='lat' dir='ltr'><strong>xxi,</strong></span> <span class='ocrx_word' id='word_1_911' title='bbox 2609 5209 2703 5264; x_wconf 78' lang='grc'><strong>16.</strong></span> <span class='ocrx_word' id='word_1_912' title='bbox 2818 5212 2872 5245; x_wconf 84' lang='grc'><strong><em>⁸⁵</em></strong></span> <span class='ocrx_word' id='word_1_913' title='bbox 2905 5214 3108 5290; x_wconf 75' lang='lat' dir='ltr'><strong>Proy.</strong></span> <span class='ocrx_word' id='word_1_914' title='bbox 3155 5220 3343 5289; x_wconf 79' lang='lat' dir='ltr'><strong>v,|5.</strong></span> <span class='ocrx_word' id='word_1_915' title='bbox 3473 5232 3531 5264; x_wconf 79' lang='lat'>“</span> <span class='ocrx_word' id='word_1_916' title='bbox 3557 5233 3712 5290; x_wconf 73' lang='lat' dir='ltr'><strong>Gen.</strong></span> 
     </span>
    </p>
   </div>
   <div class='ocr_carea' id='block_1_116' title="bbox 2818 5212 3343 5310">
    <p class='ocr_par' dir='ltr' id='par_1_116' title="bbox 2818 5212 3343 5310">
     <span class='ocr_line' id='line_1_116' title="bbox 2818 5212 3343 5310; baseline 0.004 -34"><span class='ocrx_word' id='word_1_917' title='bbox 2818 5212 2872 5245; x_wconf 83' lang='grc'><strong><em>⁸³</em></strong></span> <span class='ocrx_word' id='word_1_918' title='bbox 2905 5214 3108 5310; x_wconf 56' lang='lat' dir='ltr'><strong>Proy.</strong></span> <span class='ocrx_word' id='word_1_919' title='bbox 3155 5240 3200 5289; x_wconf 88' lang='lat' dir='ltr'><strong>v,</strong></span> <span class='ocrx_word' id='word_1_920' title='bbox 3222 5220 3343 5278; x_wconf 69' lang='grc'><strong>15.</strong></span> 
     </span>
    </p>
   </div>
   <div class='ocr_carea' id='block_1_117' title="bbox 2165 5356 3718 5504">
    <p class='ocr_par' dir='ltr' id='par_1_117' title="bbox 2165 5357 3718 5504">
     <span class='ocr_line' id='line_1_117' title="bbox 2201 5357 3718 5447; baseline 0.024 -35"><span class='ocrx_word' id='word_1_921' title='bbox 2201 5357 2390 5440; x_wconf 78' lang='lat' dir='ltr'><strong>Codex</strong></span> <span class='ocrx_word' id='word_1_922' title='bbox 2413 5362 2808 5445; x_wconf 73' lang='lat' dir='ltr'><strong>Carnotensis.</strong></span> <span class='ocrx_word' id='word_1_923' title='bbox 2839 5387 2862 5434; x_wconf 64' lang='grc' dir='ltr'><strong><em>μ</em></strong></span> <span class='ocrx_word' id='word_1_924' title='bbox 2905 5377 3389 5445; x_wconf 63' lang='grc' dir='ltr'><strong>ειιρεηιιιιιδηι.</strong></span> <span class='ocrx_word' id='word_1_925' title='bbox 3435 5407 3460 5439; x_wconf 74' lang='grc' dir='ltr'><strong><em>ι</em></strong></span> <span class='ocrx_word' id='word_1_926' title='bbox 3524 5390 3718 5447; x_wconf 80' lang='lat' dir='ltr'><strong>Paulo</strong></span> 
     </span>
     <span class='ocr_line' id='line_1_118' title="bbox 2165 5428 3718 5504; baseline 0.018 -26"><span class='ocrx_word' id='word_1_927' title='bbox 2165 5443 2186 5478; x_wconf 70' lang='grc' dir='ltr'>[ι</span> <span class='ocrx_word' id='word_1_928' title='bbox 2215 5428 2407 5484; x_wconf 77' lang='lat' dir='ltr'><strong>codice</strong></span> <span class='ocrx_word' id='word_1_929' title='bbox 2434 5444 2622 5487; x_wconf 74' lang='lat' dir='ltr'><strong>sancti</strong></span> <span class='ocrx_word' id='word_1_930' title='bbox 2669 5431 3044 5504; x_wconf 72' lang='lat' dir='ltr'><strong>Theudorici</strong></span> <span class='ocrx_word' id='word_1_931' title='bbox 3099 5445 3559 5504; x_wconf 74' lang='lat' dir='ltr'><strong>desiderantur</strong></span> <span class='ocrx_word' id='word_1_932' title='bbox 3592 5465 3718 5504; x_wconf 67' lang='lat' dir='ltr'><strong>tm</strong></span> 
     </span>
    </p>
   </div>
   <div class='ocr_carea' id='block_1_118' title="bbox 2165 5461 3720 5546">
    <p class='ocr_par' dir='ltr' id='par_1_118' title="bbox 2165 5461 3720 5546">
     <span class='ocr_line' id='line_1_119' title="bbox 2165 5461 3720 5546; baseline 0.015 -69"><span class='ocrx_word' id='word_1_933' title='bbox 2165 5461 2198 5522; x_wconf 52' lang='lat' dir='ltr'><strong>ii.</strong></span> <span class='ocrx_word' id='word_1_934' title='bbox 2215 5461 2407 5546; x_wconf 49' lang='grc' dir='ltr'><strong>ιιυέιιῖυ</strong></span> <span class='ocrx_word' id='word_1_935' title='bbox 2435 5461 2622 5514; x_wconf 48' lang='lat' dir='ltr'><strong>aii-luit!</strong></span> <span class='ocrx_word' id='word_1_936' title='bbox 2685 5461 3044 5515; x_wconf 47' lang='lat' dir='ltr'><strong>IItlcptlpl&#39;ICI</strong></span> <span class='ocrx_word' id='word_1_937' title='bbox 3099 5461 3559 5514; x_wconf 74' lang='lat' dir='ltr'><strong>aestuet-amm-</strong></span> <span class='ocrx_word' id='word_1_938' title='bbox 3592 5465 3720 5517; x_wconf 49' lang='lat' dir='ltr'><strong>hac</strong></span> 
     </span>
     <span class='ocr_line' id='line_1_120' title="bbox 2186 5499 3528 5546; baseline 0 0"><span class='ocrx_word' id='word_1_939' title='bbox 2186 5533 2198 5546; x_wconf 89' lang='lat'><strong>.</strong></span> <span class='ocrx_word' id='word_1_940' title='bbox 2320 5513 2545 5546; x_wconf 61' lang='lat' dir='ltr'><strong>“annus</strong></span> <span class='ocrx_word' id='word_1_941' title='bbox 2571 5520 2622 5546; x_wconf 82' lang='lat' dir='ltr'><strong>III</strong></span> <span class='ocrx_word' id='word_1_942' title='bbox 2654 5499 2780 5546; x_wconf 69' lang='lat' dir='ltr'><strong>ain:</strong></span> <span class='ocrx_word' id='word_1_943' title='bbox 2810 5515 3271 5546; x_wconf 62' lang='lat' dir='ltr'><strong>DIOIhI\In..iI\-I¢</strong></span> <span class='ocrx_word' id='word_1_944' title='bbox 3317 5517 3528 5546; x_wconf 56' lang='lat' dir='ltr'><strong>In..-_:</strong></span> 
     </span>
    </p>
   </div>
   <div class='ocr_carea' id='block_1_119' title="bbox 1977 5495 3722 5644">
    <p class='ocr_par' dir='ltr' id='par_1_119' title="bbox 1977 5495 3722 5644">
     <span class='ocr_line' id='line_1_121' title="bbox 1979 5495 3722 5585; baseline 0.024 -43"><span class='ocrx_word' id='word_1_945' title='bbox 1979 5495 2149 5585; x_wconf 71' lang='lat' dir='ltr'><strong>verba</strong></span> <span class='ocrx_word' id='word_1_946' title='bbox 2184 5510 2198 5546; x_wconf 87' lang='lat'><strong>:</strong></span> <span class='ocrx_word' id='word_1_947' title='bbox 2231 5513 2250 5546; x_wconf 76' lang='grc' dir='ltr'>ι</span> <span class='ocrx_word' id='word_1_948' title='bbox 2279 5504 2545 5584; x_wconf 67' lang='lat' dir='ltr'><strong>quamvis</strong></span> <span class='ocrx_word' id='word_1_949' title='bbox 2569 5505 2622 5556; x_wconf 92' lang='lat' dir='ltr'><strong>in</strong></span> <span class='ocrx_word' id='word_1_950' title='bbox 2654 5495 3722 5583; x_wconf 37' lang='lat' dir='ltr'><strong>aliisexemplaribuslegerim“:</strong></span> 
     </span>
     <span class='ocr_line' id='line_1_122' title="bbox 1977 5547 3712 5644; baseline 0.022 -31"><span class='ocrx_word' id='word_1_951' title='bbox 1977 5571 2034 5614; x_wconf 87' lang='lat' dir='ltr'><strong>e.</strong></span> <span class='ocrx_word' id='word_1_952' title='bbox 2053 5560 2412 5624; x_wconf 72' lang='lat' dir='ltr'><strong>cﬂundantur</strong></span> <span class='ocrx_word' id='word_1_953' title='bbox 2434 5576 2531 5630; x_wconf 82' lang='lat' dir='ltr'><strong>Itbt</strong></span> <span class='ocrx_word' id='word_1_954' title='bbox 2550 5589 2708 5643; x_wconf 71' lang='lat' dir='ltr'><strong>aqua:</strong></span> <span class='ocrx_word' id='word_1_955' title='bbox 2736 5583 2900 5632; x_wconf 77' lang='lat' dir='ltr'><strong>extra</strong></span> <span class='ocrx_word' id='word_1_956' title='bbox 2927 5588 3117 5643; x_wconf 83' lang='lat' dir='ltr'><strong>tutttu</strong></span> <span class='ocrx_word' id='word_1_957' title='bbox 3159 5562 3462 5644; x_wconf 51' lang='lat' dir='ltr'><strong>fontem?»</strong></span> <span class='ocrx_word' id='word_1_958' title='bbox 3608 5547 3679 5588; x_wconf 57' lang='grc' dir='ltr'><strong>ω</strong></span> <span class='ocrx_word' id='word_1_959' title='bbox 3704 5578 3712 5586; x_wconf 55' lang='grc'><strong>’</strong></span> 
     </span>
    </p>
   </div>
  </div>
