3838 6208
244 275 258 288 ο
338 249 434 303 639

337 359 610 414 esseittlt'a
643 346 904 405 animam.
955 344 1090 400 Sunt
1141 351 1195 399 et
1247 340 1336 396 alii
1381 337 1616 408 plurimi,

337 444 556 513 singulis
623 440 921 509 quibusque
961 437 1354 503 Seripturarum
1405 427 1737 483 sermonibus
1782 422 1864 513 in-

344 512 656 598 telliguntur
711 537 764 582 et
815 526 1076 581 sensibus.
1137 525 1228 577 Est
1294 531 1470 572 tamen
1548 512 1865 569 eminentior

335 597 491 686 313
533 617 736 670 czrteris
787 615 884 667 iste
932 622 1139 680 puteus,
1180 617 1232 662 et
1283 605 1528 668 eximius,
1564 603 1628 655 de
1658 613 1760 666 quo
1809 597 1885 650 in-

338 706 581 774 przeseuti
635 706 750 759 loco
784 704 1054 770 Scriptura
1110 699 1257 763 dicit,
1312 696 1433 763 quia
1475 692 1701 745 foderint
1739 701 1886 741 eum

337 812 439 850 non
473 797 776 863 quicunque
821 804 1132 847 communes
1173 787 1436 846 homines,
1473 783 1564 834 sed
1599 777 1888 847 principes

335 895 382 939 et
405 886 577 937 adhuc
606 885 793 936 horum
827 880 1183 937 sublimiores,
1216 888 1348 941 quos
1373 885 1524 939 reges
1559 866 1861 935 appellavit.

336 974 560 1041 Propter
587 973 722 1038 quod
755 980 808 1023 et
868 970 1092 1037 hymnus
1124 965 1336 1018 canitur
1385 961 1492 1013 Deo
1539 957 1678 1024 apud
1724 955 1865 1007 hunc

336 1063 576 1116 eumdem
633 1070 866 1126 puteum.
898 1058 956 1109 lit
1001 1057 1116 1108 ideo
1145 1054 1398 1121 scriptum
1434 1057 1542 1104 est:
1580 1065 1597 1096 «
1639 1045 1802 1106 Vade,
1839 1060 1858 1092 ι

304 1156 528 1222 -iuquit,
558 1171 575 1203 ι
613 1153 677 1204 ad
707 1160 940 1216 puteum.
966 1166 984 1198 ι
1021 1146 1118 1198 llic
1152 1153 1236 1199 est
1283 1151 1468 1209 puteus
1521 1152 1674 1205 quem
1726 1135 1862 1189 dixit

343 1245 594 1298 Dominus
638 1241 700 1292 ad
755 1238 967 1306 Moysen
993 1237 1036 1267 ⁸³
1069 1253 1082 1288 :
1113 1253 1130 1284 ‹
1169 1235 1438 1300 Congrega
1487 1227 1756 1296 pupulum,
1812 1233 1864 1279 et

340 1334 474 1385 daho
499 1331 576 1384 eis
614 1343 805 1396 aquam
839 1329 902 1379 de
927 1334 1105 1392 puteo,
1151 1341 1168 1373 ι
1207 1321 1338 1375 dixit
1365 1319 1635 1371 Dominus.
1663 1315 1867 1382 Moyses

340 1434 662 1489 congregare
702 1418 921 1483 juhetur
975 1414 1247 1482 populum,
1285 1419 1340 1462 ut
1371 1408 1650 1462 conveniat
1679 1406 1741 1458 ad
1771 1420 1869 1473 pll-

342 1523 507 1574 tcnm,
536 1521 588 1562 et
634 1510 780 1560 bibat
812 1521 1024 1574 aquam.
1057 1503 1267 1571 Moysen
1294 1507 1466 1552 autem
1497 1498 1665 1561 legem
1698 1493 1864 1558 accipi

341 1599 536 1650 debere
582 1611 718 1660 sa‘pe
744 1594 1093 1648 ostendimus.
1140 1591 1244 1642 Lex
1273 1602 1398 1653 ergo
1432 1586 1522 1638 Dei
1556 1594 1637 1636 est
1668 1597 1786 1649 qua:
1818 1592 1869 1635 te

338 1697 615 1747 coavocat,
648 1696 701 1736 ut
744 1687 807 1736 ad
842 1693 1056 1751 puteum
1084 1678 1388 1732 convenias.
1432 1674 1598 1739 Quem
1627 1684 1867 1740 puteum,

342 1777 438 1828 nisi
473 1776 616 1827 illum
658 1777 720 1826 de
748 1789 851 1840 quo
892 1785 1053 1837 supra
1101 1769 1332 1820 diximus
1377 1765 1553 1818 Jesum
1597 1762 1871 1815 Christum

343 1865 530 1919 Filium
562 1861 894 1932 Dci,pr0pria
917 1859 1128 1929 quidem
1156 1854 1452 1909 substantia
1470 1851 1868 1911 subsistentem,

341 1970 448 2007 uno
483 1964 657 2006 tamen
696 1967 813 2004 (um
862 1950 1022 2002 Patre
1074 1957 1128 2000 et
1182 1945 1380 2013 Spiritu
1427 1949 1610 1995 saneto
1650 1938 1871 1992 Deitatis

341 2041 486 2096 fonte
545 2041 914 2094 nominatum?
960 2039 1036 2089 Ad
1085 2037 1226 2088 hunc
1281 2046 1406 2100 ergo
1441 2038 1678 2096 puteum,
1712 2027 1763 2079 id
1791 2035 1871 2079 est

341 2132 406 2185 ad
441 2130 593 2183 fidem
626 2129 821 2183 Christi
857 2143 952 2180 nos
989 2133 1249 2179 convocat
1283 2123 1387 2174 lex.
1421 2121 1533 2187 Ipse
1549 2118 1692 2173 enim
1713 2113 1869 2176 dixit,

347 2235 366 2269 ι
390 2219 512 2286 quia
542 2217 745 2286 Moyses
760 2217 824 2269 de
838 2231 919 2268 tne
936 2214 1167 2282 scripsit.
1184 2231 1203 2261 ›
1228 2211 1428 2278 thuid
1459 2224 1554 2261 nos
1575 2206 1872 2262 cenvoeat?

343 2305 412 2360 Ut
447 2307 688 2360 bibamus
720 2320 933 2372 aquam,
975 2313 1027 2357 et
1061 2313 1340 2356 cantemus
1365 2299 1414 2353 ei
1439 2298 1706 2351 canticum
1732 2313 1746 2348 :
1772 2296 1872 2348 hoc

339 2407 421 2450 est
448 2398 608 2450 corde
629 2394 912 2450 credamus
941 2394 1004 2446 ad
1030 2392 1308 2461 justitiam,
1332 2399 1494 2441 etore
1523 2385 1875 2440 confiteantur

343 2484 407 2536 ad
429 2484 674 2538 salutem.

408 2573 463 2627 ἓ.
492 2591 509 2622 ε
541 2572 774 2632 lnitiate,
810 2589 829 2621 ι
862 2570 1031 2636 inquit
1055 2569 1119 2632 ‘9,
1156 2587 1174 2618 ε
1210 2568 1283 2620 illi
1318 2576 1554 2635 puteum.
1596 2584 1616 2616 ›
1646 2563 1743 2618 llic
1792 2571 1874 2618 est

341 2679 549 2717 sensus.
584 2662 818 2724 Initium,
843 2662 934 2722 ait,
975 2660 1208 2711 omnium
1237 2666 1450 2724 puteum
1486 2655 1686 2720 ponite,
1732 2653 1872 2706 sicut

342 2765 396 2808 et
433 2752 717 2818 Apostolus
771 2749 992 2812 dicit",
1036 2747 1157 2813 quia
1213 2747 1322 2813 ipse
1363 2753 1445 2798 est
1489 2763 1509 2794 c
1546 2742 1868 2811 principium

341 2852 395 2893 et
437 2838 817 2907 primogenitus
858 2837 1029 2889 omnis
1061 2844 1339 2897 creaturae,
1369 2834 1497 2887 etin
1547 2834 1662 2898 ipso
1691 2841 1869 2886 creata

1768 209 2081 271 OBIGENIS

1670 332 1762 403 qui
1811 331 1861 384 in
1892 335 1936 387 Α
1964 332 2138 394 potest
2175 320 2386 376 habere
2435 324 2746 403 peccatum
2773 313 2799 366 2
2850 307 2974 364 Sed
3015 312 3086 403 el
3145 303 3386 372 amplius
3427 307 3648 378 διῖίμιῖιι

3537 195 3650 254 σω

1965 415 2152 467 habet.
2188 410 2246 465 Si
2275 410 2429 463 enim
2461 399 2703 460 'veneris
2727 403 2801 454 ad
2859 395 3212 453 hmreticam
3260 401 3657 466 se.\\\ex\\'\\\\\,

1963 504 2005 557 si
2051 501 2267 555 veneris
2330 499 2400 552 ad
2452 491 2909 550 amaritudinem
2991 484 3256 554 peccati.
3364 490 3597 545 ne.\\‘\s\‘\
3630 497 3711 549 su

1967 603 2158 662 puteos
2218 589 2545 644 bituminis.
2590 584 2901 643 Bitumen,
2956 593 3104 633 esca
3141 586 3208 629 et
3248 581 3710 641 nutrimentum

1965 683 2106 750 ignis
2137 689 2245 738 est.
2281 681 2339 735 Si
2374 694 2512 747 ergo
2567 686 2624 731 et
2660 687 2718 729 tu
2755 671 3117 742 gustaveris
3149 681 3452 734 aquilio
3504 672 3571 727 de
3602 675 3710 730 istis

1967 777 2172 844 puteis,
2209 774 2254 827 si
2291 771 2609 839 sumpseris
2633 764 2994 820 baereticnm
3051 771 3414 823 δεηειη-ιο
3443 763 3701 832 “Decem

1963 866 2387 919 amaritudinem
2433 861 2676 929 ceperis,
2717 856 2989 910 fomenta
3026 851 3092 904 in
3144 860 3212 903 te
3275 848 3485 921 ignis
3539 865 3590 910 et
3617 873 3698 926 ge-

1969 959 2165 1011 hennae
2201 950 2454 1007 incendia
2509 945 2886 1016 przeparabis.
2948 941 3030 995 Et
3069 945 3468 1009 proptErea
3512 945 3580 999 ad
3613 964 3695 1004 eo;

1968 1047 2060 1115 qui
2101 1045 2294 1097 uolunt
2323 1043 2392 1095 de
2415 1041 2508 1094 illo
2532 1052 2706 1107 puteo
2737 1049 2966 1104 aquam
3009 1032 3272 1092 bibere,
3365 1047 3526 1100 quem
3549 1041 3687 1103 prin-

1968 1137 2117 1204 cipes
2151 1134 2413 1187 foderunt
2465 1141 2522 1183 et
2575 1143 2762 1195 reges,
2803 1125 2910 1179 sed
2954 1137 3032 1176 ex
3093 1121 3242 1173 istis
3293 1125 3443 1192 qui
3481 1126 3533 1180 in
3564 1130 3684 1188 valle

1969 1223 2177 1291 peccati
2239 1227 2392 1283 sunt,
2441 1229 2497 1270 et
2551 1217 2701 1282 ignis
2753 1213 3056 1266 materias
3120 1209 3391 1276 alttnn,
3450 1215 3679 1275 dicitur:

1975 1331 1993 1363 ‹
2042 1311 2287 1364 Incedite
2317 1309 2370 1362 in
2403 1307 2614 1359 lumine
2645 1302 2799 1371 ignis
2848 1301 3042 1354 vestri
3093 1309 3160 1352 et
3209 1297 3312 1350 ﬂzL
3346 1318 3507 1357 ruma:
3531 1321 3676 1373 quam

1969 1405 2120 1456 vobis
2167 1401 2525 1456 accendistis.
2584 1417 2603 1448 ι
2636 1397 2785 1461 Quid
2846 1409 3003 1460 ergo
3034 1391 3340 1444 canitur
3371 1397 3514 1462 apud
3551 1400 3677 1454 hu...

1971 1491 2237 1558 puteum?
2271 1508 2290 1541 ι
2321 1490 2540 1543 lnitiate
2572 1488 2647 1551 ei,
2692 1505 2712 1536 ι
2748 1486 2944 1552 inquit
2968 1483 3048 1544 ",
3097 1500 3121 1532 ι
3171 1492 3304 1550 puL
3327 1500 3480 1540 eum.
3513 1489 3670 1545 Fode-

1976 1591 2098 1634 runt
2139 1579 2292 1634 illum
2331 1577 2628 1646 principes,
2668 1574 3052 1628 excuderunt
3120 1584 3360 1637 reges.
3401 1594 3423 1625 ι
3449 1574 3672 1631 Possunt

1970 1671 2180 1739 quidem
2243 1667 2521 1736 principes
2549 1673 2606 1716 et
2655 1677 2820 1729 reges
2863 1661 3053 1714 iidem
3105 1660 3390 1716 videri:
3451 1665 3497 1717 si
3551 1680 3668 1720 vero

1971 1759 2224 1827 distingui
2252 1769 2478 1810 necesse
2518 1762 2628 1816 est,
2655 1750 2963 1820 principes
2989 1748 3366 1816 Prophetas
3399 1753 3671 1822 intelliga-

1972 1861 2109 1900 mus.
2158 1845 2265 1914 Ipsi
2295 1845 2439 1897 enim
2475 1857 2708 1897 sensum
2763 1851 2822 1894 et
2868 1838 3273 1907 prapbetiam
3344 1841 3419 1895 de
3449 1841 3669 1900 Christo

1971 1936 2235 1989 defossam
2273 1944 2326 1989 et
2358 1933 2670 1987 demersam
2710 1931 2768 1984 in
2799 1928 3118 1997 profundo
3161 1928 3405 1983 littere
3437 1933 3675 1988 colloca-

1974 2033 2115 2086 runt,
2151 2032 2208 2077 et
2251 2024 2373 2076 ideo
2425 2022 2656 2090 quidam
2711 2033 2783 2072 ex
2853 2019 3010 2086 ipsis
3045 2019 3316 2072 dicebat
3350 2020 3402 2050 ⁷³
3440 2039 3455 2073 :
3490 2041 3509 2072 ι
3565 2023 3674 2078 Nisi

1971 2113 2187 2168 occulte
2220 2112 2530 2170 audieritis.
2560 2107 2816 2176 plorabit
2851 2108 3070 2160 anima
3101 2117 3354 2163 vestra.
3399 2127 3428 2160 ι
3454 2109 3533 2164 Et
3549 2112 3687 2167 item

1972 2204 2111 2254 alius
2138 2201 2407 2268 Propheta
2464 2198 2600 2250 dicit
2625 2197 2696 2250 ad
2731 2196 3067 2249 Dominum
3104 2197 3161 2228 τι
3201 2215 3217 2250 :
3261 2215 3290 2248 ε
3350 2197 3546 2261 Quam
3577 2217 3693 2255 ma-

1971 2308 2074 2362 gna
2116 2289 2406 2345 multitudo
2442 2286 2756 2343 dulcedinis
2801 2296 2952 2351 tuae,
2981 2287 3276 2353 Domine,
3339 2301 3530 2356 quam
3567 2291 3702 2350 ab;-

1969 2383 2199 2439 eondisti
2268 2379 2592 2433 timentibus
2631 2379 2720 2432 te!
2761 2397 2781 2428 ο
2826 2378 2931 2432 Isti
2975 2391 3136 2445 ergo
3181 2387 3354 2432 sunt
3387 2380 3707 2450 principes,

1973 2473 2062 2539 qui
2097 2471 2352 2525 foderunt
2389 2469 2536 2521 hunc
2565 2476 2833 2536 puteum,
2880 2481 3070 2536 reges
3107 2477 3349 2522 autem
3389 2471 3496 2538 qui
3539 2486 3717 2528 esca.

1973 2563 2165 2616 derunt
2195 2573 2342 2612 eum.
2375 2557 2529 2620 Quod
2576 2556 2742 2618 dixit,
2787 2573 2809 2606 ι
2865 2556 3308 2618 excuderunt,
3378 2575 3402 2609 ι
3441 2561 3526 2616 ab
3552 2577 3721 2618 exeu-

1974 2650 2167 2714 dendo,
2197 2663 2304 2700 non
2336 2647 2406 2699 ab
2435 2644 2750 2698 exeideudo
2786 2644 3035 2698 dictum
3086 2655 3214 2699 est.
3249 2646 3516 2706 Excndi
3559 2655 3714 2711 enim

1974 2740 2190 2802 dicitur,
2227 2737 2370 2804 quod
2419 2737 2474 2788 in
2518 2749 2661 2789 saxo
2722 2734 2817 2788 vel
2878 2737 3170 2801 caeditur,
3224 2741 3336 2792 vel
3377 2742 3702 2799 formatur.

1975 2829 2250 2896 Principes
2271 2840 2404 2895 ergo
2443 2835 2712 2893 tauquam
2740 2825 3144 2894 aliquantulo
3173 2827 3534 2896 inferiores,
3590 2835 3684 2888 fo-

343 2936 466 2980 sunt
517 2927 714 2978 omnia.
773 2944 790 2976 ι
845 2924 1054 2977 lnitiate
1105 2938 1236 2989 ergo
1286 2924 1332 2976 ei
1370 2929 1600 2988 puteum,
1640 2921 1739 2973 hoc
1767 2930 1870 2981 est,
1899 2913 1944 2969 C
1978 2920 2105 2972 dere
2134 2917 2389 2972 dicuntur
2412 2925 2663 2983 puteum,
2696 2917 2812 2970 hoc
2870 2926 2972 2971 est
3011 2919 3186 2986 quasi
3216 2918 3268 2970 iu
3310 2928 3512 2976 terra:
3541 2924 3691 2978 mol-

344 3016 552 3068 iuitium
601 3015 835 3067 omnium
869 3011 1192 3066 contitemini
1248 3025 1366 3065 esse
1405 3018 1638 3078 puteum.
1689 3008 1874 3061 Potest

343 3115 518 3158 autem
545 3104 712 3155 ethoc
739 3103 891 3156 modo
920 3101 1162 3168 intelligi,
1198 3109 1256 3152 ut
1278 3099 1435 3152 verba
1464 3098 1620 3165 dirigi
1657 3098 1874 3151 videan-

347 3205 432 3244 lur
470 3208 535 3245 ex
583 3206 804 3259 persona
865 3190 1027 3256 Moysi
1083 3189 1148 3242 ad
1187 3187 1438 3256 populum
1468 3226 1484 3252 ,
1536 3187 1871 3240 eohortantis

343 3296 398 3338 ct
424 3285 648 3338 dicentis
677 3303 690 3337 :
723 3285 850 3336 Date
891 3282 1100 3334 initium
1143 3281 1287 3334 cordi
1321 3289 1521 3341 vestro,
1558 3288 1616 3331 ut
1650 3279 1872 3347 incipiat

345 3375 640 3444 intelligere
663 3375 781 3442 quis
833 3374 903 3427 sit
939 3382 1127 3438 puteus
1154 3373 1220 3426 de
1263 3387 1369 3440 quo
1408 3385 1558 3438 aqua!
1603 3370 1872 3436 spiritales
1917 3417 1922 3420 .

344 3465 651 3521 haurienda:
677 3474 820 3528 sunt,
848 3472 900 3513 et
933 3462 1249 3517 reficiendas
1279 3470 1362 3516 est
1404 3460 1736 3515 credentium
1775 3474 1868 3528 po-

343 3556 522 3623 pulus.
569 3555 780 3608 lnitiate
809 3567 934 3618 ergo
963 3554 1034 3615 ei,
1085 3552 1187 3606 hoc
1241 3561 1326 3606 est
1361 3550 1731 3610 Israeli,hunc
1769 3565 1869 3618 pu-

346 3655 484 3696 teum
515 3661 530 3698 :
561 3651 617 3698 ut
641 3657 850 3697 sensum
893 3641 1175 3710 mysticum
1205 3641 1247 3693 si
1276 3640 1395 3707 quis
1419 3649 1500 3692 est
1518 3640 1676 3692 corde
1709 3639 1869 3691 Deum

347 3738 554 3798 videns,
590 3734 655 3788 de
689 3733 964 3801 profundis
990 3731 1159 3799 possit
1189 3730 1423 3784 haurire.
1451 3731 1530 3785 Ad
1568 3731 1724 3783 istum
1745 3745 1873 3800 ergo

347 3834 560 3891 puteum
600 3831 657 3875 ut
681 3821 913 3892 Moyses,
943 3822 993 3873 id
1039 3828 1120 3874 est
1167 3818 1272 3883 lex,
1297 3835 1396 3874 nos
1431 3829 1737 3889 congreget,
1767 3835 1868 3873 non

343 3915 544 3968 frustra
577 3915 774 3967 dictum
803 3911 1031 3964 videtur.
1057 3911 1238 3964 Potest
1268 3911 1408 3964 enim
1439 3912 1571 3977 ﬁeri,
1597 3922 1655 3964 ut
1679 3911 1870 3980 aliquis

341 4002 528 4054 venire
571 4002 637 4052 ad
693 4001 848 4051 istum
887 4006 1102 4066 puteum
1151 3998 1413 4062 videatur,
1472 4000 1565 4050 sed
1624 3999 1722 4051 nisi
1779 4013 1872 4065 per

343 4088 558 4157 Moysen
585 4097 951 4153 congregetur,
983 4102 1085 4140 non
1111 4095 1190 4141 est
1206 4097 1456 4154 acceptus
1483 4087 1610 4140 Deo.
1638 4087 1868 4141 Marcion

342 4177 552 4227 venisse
573 4177 671 4228 sibi
703 4176 909 4225 videtur
943 4178 1005 4228 ad
1039 4179 1198 4231 istum
1229 4185 1468 4245 puteum,
1500 4185 1555 4228 et
1583 4174 1870 4240 Basilides,

342 4275 398 4313 et
415 4262 753 4324 Valentinus,
781 4267 873 4316 sed
907 4267 1029 4332 quia
1076 4282 1177 4319 non
1214 4275 1473 4320 venerunt
1503 4281 1600 4333 per
1639 4265 1871 4336 Moysen.

309 4365 444 4404 .nec
489 4360 802 4416 receperunt
843 4353 1009 4420 legem
1054 4366 1107 4409 et
1154 4357 1466 4424 Prophetas,
1503 4371 1604 4409 non
1655 4367 1875 4423 possunt

344 4441 560 4492 laudare
610 4440 886 4493 Dominum
933 4444 1096 4498 Deum
1141 4447 1205 4499 de
1253 4447 1492 4500 fontibus
1529 4446 1709 4500 Israel.
1759 4445 1871 4500 Non

343 4543 474 4596 ergo
499 4529 713 4582 veniunt
745 4531 831 4598 qui
863 4531 1162 4598 hnjusmodi
1189 4547 1334 4599 sunt,
1377 4537 1440 4587 ad
1475 4533 1691 4604 puteum
1717 4551 1871 4603 quem

349 4620 596 4672 foderunt
626 4619 910 4686 principes,
937 4632 988 4675 et
1019 4627 1349 4678 excuderunt
1381 4641 1548 4690 reges.
1579 4625 1684 4676 Sed
1711 4626 1875 4678 vultis

343 4709 623 4762 ostendam
669 4708 820 4760 vobis
860 4709 926 4762 de
970 4711 1288 4780 Scripturis,
1317 4714 1533 4780 adquos
1558 4713 1643 4766 isti
1688 4725 1876 4782 puteos

345 4799 608 4852 veniunt?
636 4797 726 4851 Est
757 4797 906 4852 vallis
926 4802 1166 4867 quaedam
1188 4804 1349 4866 salsa,
1384 4804 1434 4854 in
1459 4817 1561 4868 qua
1586 4801 1720 4855 valle
1752 4813 1878 4856 sunt

345 4886 488 4954 putei
534 4885 826 4940 bituminis.
850 4885 1037 4941 Omnis
1060 4904 1186 4957 ergo
1219 4890 1458 4949 haeresis.
1487 4898 1540 4941 et
1567 4903 1725 4942 omne
1751 4905 1876 4957 pee-

281 5025 284 5029 .
343 4985 522 5030 catum
549 4975 600 5028 in
626 4975 762 5027 valle
783 4984 885 5039 est,
910 4989 961 5030 et
991 4978 1042 5031 iu
1072 4980 1209 5032 valle
1237 4978 1397 5031 salsa.
1417 4975 1700 5030 Peccatum
1728 4980 1870 5033 enim

338 5074 399 5119 et
433 5064 689 5133 iniquitas
731 5080 835 5118 non
871 5066 1115 5120 ascendit
1155 5081 1390 5123 sursum.
1436 5065 1528 5120 sed
1566 5079 1779 5132 semper
1805 5069 1869 5119 ad

342 5156 449 5209 ia
477 5165 532 5208 et
575 5155 785 5209 inferna
817 5158 1115 5210 descendit.
1147 5157 1239 5209 Est
1270 5170 1396 5223 ergo
1423 5154 1474 5206 iu
1505 5152 1639 5207 valle
1669 5157 1871 5221 positus

339 5255 390 5295 et
421 5244 590 5298 salsus
619 5253 782 5310 atque
810 5261 1027 5298 amarus
1056 5247 1228 5298 omnis
1274 5243 1554 5296 lucreticus
1587 5255 1872 5308 sensus,et

340 5331 517 5384 omnis
555 5341 708 5385 actus
733 5334 960 5399 peccati.
993 5332 1130 5396 Quid
1172 5331 1314 5385 enim
1347 5330 1521 5392 dulce,
1553 5331 1677 5396 quid
1707 5348 1868 5388 suave

411 5419 456 5449 “
478 5421 630 5499 Pium;
649 5427 864 5499 “1,16.
941 5423 1248 5499 “tibidtj'il.
1273 5492 1302 5499 η
1322 5423 1367 5453 ⁷⁸
1389 5422 1592 5499 Coloss.
1625 5439 1662 5486 ι,
1793 5429 1874 5499 l6.

347 5482 428 5535 Γπ.
501 5487 546 5517 '-“
597 5482 757 5543 Psalf
784 5508 934 5549 χχιι.
971 5484 1059 5545 20.
1134 5493 1226 5546 "l
1267 5492 1388 5544 (Lor.
1430 5507 1484 5552 ιι,
1532 5492 1614 5545 lt).

1982 3009 2090 3061 litie
2145 3007 2486 3061 altitudinem
2542 3008 2862 3075 quamdam
2899 3008 3272 3076 demergere.
3352 2998 3467 3066 lsii
3545 3029 3690 3068 vero

1977 3112 2113 3165 quos
2146 3110 2299 3164 reges
2330 3096 2590 3164 appellat,
2647 3099 2813 3163 quasi
2847 3098 3288 3152 eminentiores
3356 3115 3443 3156 ac
3467 3103 3686 3157 fortio-

1979 3202 2084 3251 res,
2116 3199 2220 3238 nou
2250 3184 2422 3238 solum
2457 3194 2622 3237 terra:
2653 3183 3051 3252 profundum,
3105 3189 3207 3242 sed
3240 3198 3305 3242 et
3340 3193 3488 3244 saxi
3524 3193 3692 3245 duri-

1979 3277 2104 3328 tiam
2137 3281 2444 3342 penetraut,
2478 3281 2539 3325 ut
2584 3275 2902 3337 pervenire
2932 3276 3168 3343 pessint
3198 3277 3268 3331 ad
3305 3279 3692 3345 profundio-

1980 3380 2064 3418 res
2095 3377 2285 3430 aquas,
2311 3372 2363 3415 et
2395 3361 2546 3428 ipsas
2570 3361 2639 3429 (si
2667 3361 2783 3414 dici
2806 3364 3038 3433 potest)
3067 3366 3126 3418 in
3152 3379 3222 3418 eo
3251 3379 3463 3420 venas
3483 3369 3688 3437 abyssi

1977 3456 2419 3517 perscruteutur,
2453 3448 2702 3502 scientes
2746 3449 2988 3518 judicia
3025 3455 3127 3506 Dei
3179 3467 3320 3507 esse
3382 3456 3683 3524 abyssum

1978 3540 2223 3593 inultam.
2259 3538 2393 3591 Istos
2443 3551 2574 3604 ergo
2614 3553 2808 3606 reges,
2843 3542 2952 3608 qui
2996 3552 3120 3595 tam
3176 3543 3505 3610 profunda
3546 3560 3686 3614 pos-

1977 3642 2096 3684 sunt
2148 3639 2203 3681 et
2254 3639 2362 3680 tatu
2419 3626 2750 3680 abscondita
2787 3632 2958 3696 putei
2997 3636 3411 3700 perscrutari,
3457 3637 3680 3690 merito

1979 3719 2250 3786 apostolos
2295 3718 2624 3779 dixerimus,
2657 3733 2732 3772 ex.
2766 3722 2994 3788 quibus
3037 3723 3250 3792 aliquis
3277 3726 3547 3779 dicebat
3570 3725 3624 3757 "
3660 3742 3678 3778 :

1982 3827 1998 3856 ι
2062 3807 2224 3860 Nobis
2258 3814 2437 3859 autem
2487 3806 2764 3860 revelavit
2811 3810 2970 3865 Deus
3008 3828 3116 3881 per
3158 3812 3477 3882 Spiritum
3531 3830 3675 3869 san-

1976 3905 2140 3948 ctum.
2174 3895 2407 3961 Spiritus
2459 3895 2606 3947 enim
2643 3898 2842 3951 omnia
2903 3913 3230 3965 scrutatur,
3267 3904 3476 3957 etiam
3547 3905 3665 3957 alta

1981 3983 2093 4034 Dei.
2136 3997 2155 4030 ι
2193 3979 2328 4045 Quia
2364 3994 2494 4047 ergo
2531 3995 2631 4048 per
2666 3982 2962 4050 Spiritum
3013 4002 3257 4059 possunt
3319 3995 3522 4048 etiam
3553 3995 3668 4062 ipsi

1976 4070 2305 4139 perscrutari
2338 4070 2446 4123 alta
2474 4071 2591 4134 Dei,
2628 4079 2687 4126 et
2707 4073 2828 4127 alta
2874 4093 2948 4132 ac
2982 4083 3264 4149 profunda
3339 4088 3518 4154 putei
3567 4100 3663 4154 pe-

1981 4169 2192 4212 netrare
2225 4161 2504 4228 mysteria,
2545 4161 2768 4218 idcirco
2803 4182 2987 4237 reges
3022 4189 3155 4228 esse
3183 4177 3505 4237 dicuntur,
3561 4177 3658 4242 qui

1983 4257 2200 4315 ριιιθυιη
2228 4251 2392 4302 etiam
2424 4249 2590 4303 ἱειιιιη
2636 4250 2694 4303 in
2753 4269 2932 4322 petra
2972 4264 3358 4326 excuderin‘,
3401 4277 3479 4315 ac
3517 4261 3665 4314 dum

1976 4347 2028 4388 ct
2060 4337 2298 4391 difﬁcilia
2353 4350 2563 4394 secreta
2617 4348 2885 4405 scientia:
2948 4356 3451 4421 penetraverit“-
3510 4352 3678 4417 θυοδ

1974 4440 2150 4481 autem
2192 4444 2348 4499 reges
2370 4431 2472 4485 dici
2501 4437 2721 4501 possint
2755 4443 2942 4498 etiam
2982 4451 3257 4517 apostoli,
3313 4453 3477 4511 p010
3512 4453 3572 4494 θι
3613 4455 3683 4492 εἰ

1975 4534 2039 4570 eo
2058 4518 2219 4571 facile
2256 4520 2472 4586 probari
2501 4535 2692 4593 posse,
2736 4535 2899 4597 quod
2937 4538 3013 4592 de
3051 4541 3365 4595 omnibus
3396 4530 3694 4585 credenti-

1975 4610 2072 4663 bus
2119 4611 2317 4664 dicitur
2341 4612 2426 4664 “:
2471 4631 2489 4664 ι
2538 4614 2651 4671 Vos
2681 4632 2880 4677 autem
2933 4644 3134 4696 genus
3191 4649 3300 4704 reg
3321 4623 3464 4684 2‘8.
3503 4634 3694 4674 safe"

1979 4703 2178 4754 dotium
2215 4721 2492 4773 maguum,
2535 4727 2673 4780 gens
2730 4728 2965 4771 sancta.
3017 4741 3039 4774 ι
3085 4725 3153 4778 Si
3189 4703 3300 4796 erg
3333 4729 3388 4765 ὀ
3423 4712 3568 4763 “‘05
3620 4707 3704 4758 ἀί·

1977 4806 2106 4848 euut
2147 4812 2324 4867 reges,
2375 4803 2464 4870 qui
2503 4818 2600 4869 per
2633 4805 2880 4858 verbum
2924 4809 3201 4877 ipsorum
3251 4799 3713 4869 cﬂdidemb

1978 4896 2180 4955 quanto
2211 4892 2383 4957 magis
2415 4893 2520 4960 ipsi
2551 4908 2715 4962 reges
2745 4896 3009 4954 habendi
3079 4917 3252 4972 sunt,
3292 4888 3468 4962 é‘“
3501 4884 3729 4938 “cm”

1981 4977 2177 5043 reges?
2210 4977 2314 5031 Sed
2367 4990 2423 5034 et
2452 4983 2582 5040 inde
2606 4983 2772 5039 facile
2801 4989 3146 5063 colligitur.
3184 5000 3250 5053 Si
3283 4977 3520 5055 φυὴν
3555 4981 3725 5043 πῖθ’

1979 5078 2008 5161 a
2061 5069 2301 5161 regendo
2351 5071 2640 5144 dicuntur,
2673 5093 2876 5136 omnes
2939 5084 3158 5155 utique
3221 5077 3359 5161 qui
3373 5069 3676 5134 Eat/£5121!

1978 5158 2072 5212 Dei
2111 5175 2329 5229 regunt,
2360 5181 2521 5237 reges
2548 5173 2754 5228 merito
2789 5158 3260 5247 appellabuntur,
3294 5181 3492 5237 ttittlto
3537 5189 3636 5228 atl-

1975 5259 2086 5306 tem
2125 5257 2336 5313 rectius
2370 5261 2472 5328 illi,
2498 5267 2598 5332 qui
2630 5275 2685 5321 et
2708 5266 2838 5324 illos
2868 5271 3032 5338 ipsos
3077 5279 3255 5335 dictis
3276 5285 3460 5337 alQ‘le
3504 5269 3643 5324 δαί·

2363 5487 2375 5502 -
2451 5454 2686 5514 "Nutu.
2726 5474 2844 5521 xxr,
2869 5459 2957 5522 t7,
2990 5460 3093 5515 18.
3195 5469 3253 5502 τι
3280 5461 3507 5516 tum“.
3537 5461 3668 5508 xm.
