3838 6222
145 310 231 358 ω

1408 277 1475 331 IN
1511 261 1835 362 Nummos
1868 277 2145 333 HOMILlA
2182 276 2293 330 xu.

3314 264 3432 320 εει

185 365 536 471 »ωριῗτξθξί
765 371 976 471 “fullo
1003 375 1287 438 Dantinus
1317 385 1434 442 Rex
1465 406 1648 460 regum
1673 392 1802 446 dici-
1827 395 1874 449 Α
1901 388 2058 457 spicit
2100 389 2164 442 ad
2195 369 2382 442 faciem
2407 385 2622 439 deserti.
2655 402 2671 432 ι
2708 381 2924 436 Nomina
2954 383 3061 434 Iure
3083 393 3202 447 qua:
3231 373 3417 430 viden-

201 460 292 541 ω(
298 467 388 518 1“.
411 460 524 518 Nisi
553 462 700 518 enim
725 463 849 529 isti,
917 477 976 522 et
999 471 1190 524 creteri
1237 476 1340 544 qui
1369 493 1480 551 eos.
1504 482 1800 542 imitantur,

231 575 385 637 ηερε
417 554 650 618 iuerint,
676 554 775 610 ille
819 571 936 611 non
991 561 1276 615 videbitur
1310 581 1407 620 rex
1448 582 1649 637 regum.
1701 568 1802 622 Sed

237 669 292 712 et
339 658 443 724 ipse
485 648 754 718 apostolus
795 649 1003 706 Paulus
1051 652 1358 710 Corinthiis
1417 658 1689 719 scribens,
1752 665 1804 711 et

237 747 384 801 velut
435 757 534 814 per
611 744 905 812 quamdam
985 744 1223 798 ironiam
1295 747 1592 815 corripiens
1669 761 1800 812 eos,

225 840 311 892 ait
337 838 384 871 "
419 857 434 892 :
472 855 494 888 ι
538 835 666 890 Sine
691 834 850 888 nobis
877 837 1146 903 regnatis.
1194 845 1250 889 et
1303 838 1506 891 utinam
1553 837 1800 904 regnetis,

224 934 288 978 ut
321 934 376 980 et
404 938 511 978 nos
538 923 817 976 vobiscum
847 935 1158 989 regnemus.
1192 939 1210 972 ι
1239 922 1294 975 In
1327 937 1432 990 quo
1459 922 1637 990 utique
1655 936 1802 990 rcges

213 1014 454 1082 quidem
479 1027 611 1067 esse
634 1011 835 1066 debere
863 1011 1201 1072 Corinthios,
1231 1021 1288 1064 et
1315 1013 1652 1078 semetipsum
1679 1025 1800 1064 cum

210 1105 289 1157 iis
324 1115 565 1170 regnare
592 1099 730 1154 velle
766 1100 1108 1168 pronuntiat,
1143 1099 1234 1152 sed
1263 1099 1545 1152 elationem
1572 1099 1799 1151 nomium

143 1250 146 1253 _
203 1208 326 1262 pro
353 1192 557 1245 merito
595 1189 864 1257 assutnpti
898 1189 1120 1243 honoris
1153 1191 1384 1242 incusat.
1420 1188 1646 1240 Fodiunt
1675 1202 1802 1253 ergo

203 1282 245 1334 ii
279 1294 487 1334 omnes
521 1287 754 1346 puteum
788 1279 952 1330 istum
985 1278 1253 1346 principes
1282 1287 1371 1330 εει
1393 1277 1659 1330 excudunt
1683 1291 1800 1329 eum

202 1384 380 1439 reges
417 1370 700 1437 gentium.
747 1367 992 1435 Apostoli
1023 1367 1162 1419 enim
1213 1368 1477 1434 praecipue
1509 1380 1658 1432 reges
1681 1372 1804 1416 sunt

199 1461 502 1528 gentium,
543 1459 646 1526 qui
679 1467 876 1527 gentes
908 1458 974 1509 ad
1027 1457 1382 1510 obedientiam
1419 1456 1535 1508 ﬁdei
1576 1467 1800 1519 congre-

199 1557 446 1618 garunt,
473 1555 532 1599 et
549 1546 763 1600 Christi
795 1545 1077 1599 scientiam
1131 1545 1379 1597 omnibus
1406 1543 1799 1610 patefecerunt:

207 1655 229 1688 ι
303 1637 371 1690 1η
421 1650 539 1704 quo
574 1644 712 1687 sunt
744 1634 986 1687 thesauri
1035 1632 1312 1700 sapientiae
1345 1633 1455 1694 Dei,
1493 1640 1542 1684 et
1571 1629 1802 1684 scientia;

199 1728 539 1780 absconditi
573 1727 672 1777 ἐς
725 1743 745 1776 ι
798 1723 1094 1777 secundum
1145 1731 1464 1790 praeceptum
1525 1718 1799 1773 Domini"o

198 1815 647 1866 circumeuntes
710 1810 901 1864 orbem
961 1816 1116 1860 terra:
1148 1846 1162 1870 ,
1217 1815 1270 1860 et
1325 1807 1607 1875 implentes
1661 1805 1800 1873 quod

197 1901 548 1954 mandatum
589 1909 700 1961 est,
738 1907 801 1952 ut
836 1899 1064 1950 doceant
1086 1910 1269 1949 omnes
1295 1903 1500 1964 gentes,
1524 1896 1802 1962 baptizan-

202 2003 298 2043 tes
331 2004 431 2042 eas
451 1989 509 2041 in
538 1988 770 2041 nomine
801 1985 998 2049 Patris,
1023 1995 1078 2038 et
1108 1984 1248 2049 Filii,
1272 1994 1324 2036 et
1346 1983 1576 2052 Spiritus
1595 1984 1799 2037 sancti:

199 2083 263 2126 et
335 2087 437 2142 per
490 2073 615 2126 hrec
673 2071 1041 2135 excuderunt,
1101 2072 1202 2122 hoc
1261 2079 1384 2129 est,
1442 2069 1804 2138 patefecerunt

199 2161 520 2215 scientiam
568 2161 750 2228 putei,
785 2167 840 2212 et
893 2160 944 2211 in
992 2159 1237 2211 notitiam
1271 2159 1531 2212 universis
1557 2161 1804 2226 gentibus

200 2253 610 2305 adduxerunt.
643 2249 757 2302 Sed
781 2257 835 2302 et
866 2263 983 2316 quas
1010 2263 1148 2301 nunc
1178 2247 1437 2301 habemus
1459 2247 1511 2300 in
1541 2249 1800 2312 manibus,

206 2356 349 2408 quae
385 2339 628 2394 recitata
664 2346 800 2390 sunt
825 2337 1004 2398 nobis,
1029 2344 1218 2400 puteus
1239 2345 1342 2392 est.
1372 2345 1424 2388 et
1450 2336 1622 2389 omnis
1647 2337 1803 2389 simul

206 2426 519 2491 Scriptura
570 2420 711 2491 legis
755 2429 814 2474 et
862 2419 1237 2488 prophetarum
1272 2434 1284 2469 :
1318 2418 1628 2486 Evangelica
1670 2433 1804 2484 quo-

203 2527 326 2580 que
359 2522 532 2578 atque
561 2508 887 2579 Apostolica
925 2507 1128 2575 scripta
1155 2505 1312 2560 simul
1343 2507 1520 2559 Omnia
1555 2520 1691 2558 unus
1724 2513 1806 2557 est

210 2612 445 2670 puteus,
485 2612 663 2666 quem
722 2611 835 2650 non
893 2605 1116 2663 passunt
1162 2595 1365 2657 fodere,
1395 2594 1476 2646 vel
1519 2592 1801 2659 excudere,

212 2691 325 2743 nisi
380 2688 751 2741 inveniantur
777 2700 933 2753 reges
991 2694 1038 2738 et
1078 2683 1369 2751 principes.
1401 2681 1535 2736 Vere
1557 2683 1696 2735 enim
1721 2696 1805 2736 re-

217 2795 344 2847 ges,
381 2788 439 2832 et
486 2790 628 2831 vere
660 2775 948 2843 principes
985 2775 1213 2828 habendi
1247 2780 1392 2835 sunt,
1441 2774 1530 2841 qui
1584 2783 1805 2842 possunt

216 2867 450 2922 auferre
481 2876 702 2920 terram
737 2865 806 2917 de
855 2872 1044 2930 puteo,
1079 2863 1178 2915 hoc
1210 2870 1316 2926 est,
1349 2876 1595 2915 amovere
1621 2879 1804 2930 super-

1905 488 1988 532 tttr
2032 481 2266 534 locorum
2314 491 2433 530 esse
2478 472 2751 534 vocabula,
2798 487 2860 524 ex
2908 470 3272 538 signiﬁcantiis
3309 469 3419 522 suis

1902 584 2032 636 quas
2053 570 2104 622 in
2136 569 2310 636 lingua
2342 563 2552 632 propria
2576 562 2870 627 designant,
2894 576 3067 614 rermn
3109 560 3274 628 magis
3302 575 3419 627 my-

1901 658 2153 722 sticarum
2182 649 2627 717 consequentiam,
2652 663 2808 714 quam
2836 648 3207 701 vocabulorum
3239 648 3415 714 appel-

1902 747 2148 802 lationem
2178 744 2415 799 videntur
2452 738 2750 796 ostendere.
2788 757 2806 788 ι
2852 738 3078 793 Profecti
3101 739 3260 804 enim,
3292 759 3309 790 ι
3339 741 3418 792 iu-

1902 835 2036 903 quit,
2068 853 2086 885 ι
2124 849 2150 886 a
2183 842 2362 901 puteo,
2436 828 2654 884 veniunt
2716 829 2766 880 in
2812 827 3150 880 Mathauaim.
3198 846 3216 878 ›
3251 828 3418 880 luter-

1891 934 2138 998 _pretatur
2181 922 2318 975 enim
2370 918 2688 972 Matbanaim
2742 932 2954 969 munera
2998 918 3228 982 ipsorum
3283 916 3414 984 (51).

1904 1014 2062 1069 Vides
2091 1027 2217 1080 ergo
2237 1009 2358 1077 quia
2389 1010 2432 1062 si
2463 1007 2581 1075 quis
2605 1009 2669 1058 de
2702 1013 2862 1074 puteo
2888 1005 2987 1058 hoc
3015 1003 3226 1066 biberit,
3263 1016 3420 1071 quem

1901 1102 2149 1156 foderunt
2189 1113 2336 1166 reges
2363 1107 2413 1150 et
2457 1096 2742 1164 principes.
2775 1094 2952 1146 statim
2985 1092 3195 1160 proficit
3219 1094 3283 1145 ad
3323 1094 3423 1146 hoc

1902 1203 1960 1244 ut
1982 1191 2171 1242 habeat
2197 1201 2412 1240 munera
2455 1199 2569 1251 qua:
2597 1183 2783 1238 offerat
2807 1182 2932 1235 Deo.
2965 1182 3099 1246 Quid
3130 1189 3306 1233 autem
3339 1189 3423 1234 est

1901 1280 2040 1348 quod
2089 1280 2243 1330 homo
2281 1274 2466 1329 offerat
2515 1273 2664 1327 Deo?
2708 1271 2816 1324 lloc
2840 1272 3008 1339 ipsum
3035 1270 3174 1336 quod
3225 1269 3276 1322 in
3308 1268 3425 1338 lege

1901 1367 2154 1434 scriptum
2192 1373 2267 1419 est
2298 1363 2368 1413 με
2389 1361 2636 1414 tMunera
2667 1375 2803 1424 mea,
2836 1379 2855 1412 ›
2892 1359 2992 1413 hoc
3011 1367 3106 1419 est,
3137 1359 3258 1412 data
3287 1372 3420 1411 mea.

1901 1457 1975 1510 Ex
2017 1457 2081 1509 iis
2119 1471 2245 1522 ergo
2275 1469 2388 1521 qua:
2416 1452 2556 1504 Deus
2601 1452 2766 1508 dedit,
2815 1449 3040 1503 offerunt
3081 1450 3424 1502 nihilominus

1901 1543 2141 1596 homines
2171 1540 2297 1592 Deo.
2351 1539 2485 1604 Quid
2538 1537 2679 1590 dedit
2715 1535 2849 1588 Deus
2897 1533 3143 1587 homini?
3184 1533 3425 1600 Agnitio-

1899 1645 2019 1683 nem
2066 1629 2172 1682 sui.
2211 1627 2349 1693 Quid
2401 1641 2530 1694 ergo
2569 1623 2723 1678 offert
2759 1623 2907 1676 Deo?
2957 1621 3138 1674 Fidem
3191 1631 3425 1675 suamet

1901 1719 2162 1772 affectum.
2196 1718 2306 1771 lloc
2355 1726 2436 1770 est
2477 1715 2613 1782 quod
2659 1713 2859 1781 expetit
2910 1713 2979 1767 ab
3014 1712 3229 1766 homine
3266 1714 3422 1767 Deus.

1901 1811 2132 1879 Denique
2153 1810 2224 1862 ita
2250 1808 2497 1875 scriptum
2525 1815 2607 1858 est
2631 1806 2675 1837 ³³
2704 1823 2716 1856 :
2747 1824 2763 1854 ι
2800 1805 2864 1859 Et
2893 1818 3054 1868 nunc,
3090 1803 3273 1869 lsrael,
3299 1805 3426 1871 quid

1900 1914 1980 1957 est
2022 1900 2160 1968 quod
2187 1899 2441 1952 Dominus
2477 1897 2612 1948 Deus
2647 1905 2764 1948 tuus
2789 1895 2957 1962 poscit
2984 1894 3079 1947 abs
3129 1903 3196 1960 te,
3224 1895 3323 1947 nisi
3370 1902 3428 1946 ut

1903 1993 2089 2045 timeas
2133 1989 2408 2043 Dominum
2451 1987 2612 2040 Deum
2666 1995 2834 2040 tuum.
2865 1993 2919 2039 et
2973 1985 3190 2038 incedas
3240 1985 3298 2037 in
3325 1983 3428 2037 viis

1901 2078 2036 2147 ejus,
2081 2086 2132 2130 et
2161 2076 2351 2143 diligas
2388 2089 2533 2135 cum,
2584 2083 2638 2126 et
2665 2073 2933 2126 custodias
2959 2073 3134 2126 omnia
3175 2072 3426 2125 mandata

1901 2168 2032 2234 ejus,
2050 2176 2100 2220 et
2125 2166 2324 2218 servias
2360 2163 2582 2216 Domino
2617 2163 2723 2214 Deo
2749 2170 2838 2214 tuo
2864 2176 2928 2215 ex
2974 2171 3085 2216 toto
3115 2165 3276 2217 corde
3310 2175 3419 2226 tuo,

1901 2267 1954 2310 et
1975 2271 2039 2308 ex
2071 2264 2179 2308 tota
2206 2254 2383 2306 anima
2411 2251 2541 2304 tua?
2581 2269 2599 2302 ι
2629 2250 2729 2304 Ista
2759 2259 2884 2304 sunt
2903 2266 3141 2314 munera,
3167 2253 3263 2304 ista
3287 2253 3423 2305 dona

1901 2361 2018 2414 quae
2056 2353 2266 2412 oportet
2315 2343 2536 2395 Domino
2576 2341 2712 2395 dari.
2747 2342 2938 2395 Damus
2973 2350 3149 2394 autem
3181 2342 3292 2396 lucc
3316 2339 3422 2395 Do-

1904 2436 2045 2489 mino
2079 2435 2256 2488 cordis
2303 2433 2469 2486 nostri
2505 2445 2726 2484 munera
2765 2438 3106 2498 posteaquam
3147 2429 3427 2497 agnoveri-
3521 2425 3524 2428 ’

1902 2539 2020 2577 mus
2050 2537 2190 2584 eum,
2215 2530 2268 2574 et
2290 2519 2560 2589 agnitione
2586 2518 2840 2572 bonitatis
2863 2521 2978 2584 ejus
3003 2518 3068 2571 de
3118 2517 3260 2586 putei
3309 2516 3424 2584 ejus

1902 2612 2178 2666 altitudine
2211 2610 2523 2664 biberimus.
2563 2606 2796 2662 Observa
2831 2615 3003 2658 tamen
3041 2606 3306 2672 quomodo
3342 2606 3425 2658 di-

1904 2701 2043 2754 xerit
2073 2698 2375 2765 Propheta:
2415 2713 2432 2746 ι
2491 2694 2554 2747 Ει
2596 2707 2738 2747 nunc
2786 2691 2947 2745 Israel
2997 2694 3123 2760 quid
3169 2692 3425 2746 Dominus

1907 2790 2042 2844 Deus
2074 2799 2190 2841 tuus
2230 2786 2398 2854 poscit
2424 2785 2519 2836 abs
2551 2790 2598 2836 te
2621 2783 2644 2836 ?
2670 2801 2687 2833 ι
2710 2782 3039 2835 Erubescant
3066 2780 3143 2834 illi
3173 2781 3284 2833 haec
3307 2794 3425 2834 ver-

1903 2879 1989 2943 ba,
2029 2877 2116 2948 qui
2165 2884 2357 2945 negant
2410 2873 2461 2927 in
2499 2873 2728 2928 hominis
2781 2871 3001 2927 arbitrio
3033 2883 3147 2923 esse
3185 2869 3317 2936 ('52),
3365 2877 3423 2921 ut

219 2958 403 3011 ﬁciem
455 2957 693 3016 litterae,
732 2962 789 3006 et
834 2953 900 3006 de
951 2952 1208 3005 interiore
1246 2962 1393 3018 petra
1439 2952 1524 3005 ubi
1555 2954 1800 3008 Christus
1829 2971 1870 3027 ο
1904 2968 2152 3021 salvetur,
2181 2964 2454 3028 Quomodo
2483 2970 2729 3032 posceret
2765 2961 2832 3014 ab
2867 2961 3079 3014 homine
3112 2958 3271 3020 Deus,
3321 2955 3425 3010 nisi

219 3057 326 3111 est,
362 3045 660 3114 spiritales
699 3055 896 3096 sensus
927 3042 1074 3094 velut
1102 3055 1293 3108 aquam
1325 3041 1494 3096 vivam
1539 3045 1797 3109 proferre.

220 3136 347 3190 Haec
376 3149 513 3202 ergo
539 3132 735 3186 facere
773 3131 923 3182 decet
951 3143 1048 3182 eos
1069 3130 1232 3192 solos,
1261 3131 1350 3198 qui
1370 3132 1450 3184 vel
1481 3148 1630 3201 reges
1652 3145 1797 3196 sunt,

222 3225 307 3278 vel
349 3222 668 3292 principes.
730 3218 902 3286 Reges
950 3232 1014 3271 ex
1051 3231 1114 3271 eo
1153 3217 1282 3271 dicti
1318 3221 1456 3286 quod
1481 3221 1682 3287 peccati
1717 3238 1797 3276 reo

221 3324 389 3377 gnum
412 3322 481 3361 ex
508 3318 760 3373 corpore
790 3318 890 3357 suo
914 3303 1238 3370 depulerint,
1271 3315 1324 3359 et
1345 3304 1563 3372 iustitiae
1584 3324 1799 3378 regnum

222 3399 546 3463 paraverint
575 3397 635 3449 in
669 3393 930 3447 membris
951 3394 1081 3447 suis.
1111 3394 1269 3448 Decet
1301 3396 1440 3448 enim
1471 3411 1588 3450 eum
1613 3397 1804 3452 docere

224 3496 472 3547 caeteros,
511 3485 616 3554 qui
658 3483 815 3551 prius
843 3480 1032 3536 fecerit
1059 3483 1168 3550 ipsa
1192 3498 1308 3551 quae
1337 3485 1507 3538 docet.
1540 3486 1629 3540 Sic
1659 3487 1801 3541 enim

165 3559 174 3567 ’
221 3575 486 3643 scriptum
515 3582 610 3628 est
632 3573 708 3633 ⁸³,
741 3571 874 3639 quia
903 3589 921 3621 ι
949 3571 1036 3638 qui
1061 3571 1248 3625 fecerit
1278 3574 1582 3627 ctdocuerit
1608 3578 1682 3629 sic
1707 3577 1802 3628 ho-

225 3663 422 3726 mines,
481 3663 582 3716 hic
614 3674 854 3730 magnus
880 3659 1159 3712 vocabitur
1187 3661 1239 3713 in
1278 3675 1438 3730 regno
1471 3664 1745 3716 caelorum.
1780 3684 1798 3717 ι

221 3749 484 3820 Magnum
513 3759 712 3804 autem
745 3761 865 3801 esse
891 3747 943 3800 in
969 3761 1149 3815 regno,
1179 3748 1286 3802 hoc
1329 3759 1409 3802 est
1459 3765 1630 3819 regem
1665 3767 1802 3808 esse.

229 3861 246 3890 r
281 3841 660 3895 Excuderunt
691 3850 837 3900 eum,
887 3854 904 3886 ι
943 3834 1199 3902 inquit",
1245 3855 1262 3886 ι
1303 3852 1451 3906 reges
1473 3842 1704 3908 gentium
1741 3844 1793 3894 in

221 3949 395 4002 regno
428 3947 560 3992 suo,
597 3931 732 3984 dum
768 3929 1179 3983 dominarentur
1200 3931 1298 3983 eis.
1332 3949 1350 3982 ι
1383 3929 1461 3984 Re
1509 3932 1647 3984 enim
1681 3945 1803 3985 vera

223 4034 330 4072 non
361 4027 607 4087 possunt
641 4018 828 4071 fodere
854 4028 1065 4085 puteum
1093 4019 1275 4081 istum,
1300 4032 1396 4071 nec
1417 4018 1638 4072 latentes
1659 4034 1806 4088 aqua:

220 4111 365 4164 vivas
395 4124 577 4164 venas
608 4107 848 4175 aperire,
875 4109 975 4162 nisi
1005 4110 1155 4176 prius
1180 4109 1507 4162 dominatum
1540 4111 1804 4162 tenuerint

223 4199 471 4265 gentium
519 4197 912 4252 barbararum.
953 4195 1122 4251 Omne
1154 4197 1298 4250 enim
1341 4197 1596 4266 quidquid
1630 4198 1679 4250 in
1726 4198 1804 4252 eis

1901 3055 2116 3108 haberet
2166 3054 2322 3105 homo
2364 3053 2414 3105 in
2455 3066 2547 3103 sua
2581 3059 2858 3118 potestate,
2883 3047 3279 3117 quodposcenti
3305 3047 3428 3101 Deo

1899 3141 2114 3194 deberet
2144 3138 2330 3193 offerre
2355 3139 2380 3190 ?
2429 3138 2563 3191 Sunt
2608 3152 2736 3205 ergo
2761 3151 2876 3204 qua:
2909 3137 3100 3189 dantur
3131 3150 3158 3187 a
3194 3134 3322 3198 Deo,
3372 3142 3444 3188 ct-

1900 3236 2022 3276 sunt
2054 3237 2170 3289 quae
2199 3224 2505 3288 praebentur
2553 3221 2620 3274 ab
2669 3223 2898 3278 homine.
2949 3221 3108 3277 Verbi
3143 3222 3335 3291 gratia,
3371 3221 3424 3274 in

1901 3312 2114 3365 homine
2149 3309 2246 3363 fuit
2277 3321 2334 3364 ut
2381 3325 2485 3364 una
2522 3324 2641 3362 mna
2680 3310 2878 3364 faceret
2909 3311 3090 3365 decem
3123 3325 3296 3375 mnas,
3335 3321 3428 3365 aut

1901 3416 2000 3470 una
2048 3414 2165 3452 mna
2203 3399 2404 3452 faceret
2450 3399 2689 3467 quinque
2721 3413 2874 3453 mnas
2904 3400 2969 3452 ³⁸.
3009 3400 3087 3453 Ex
3115 3400 3219 3454 Deo
3248 3409 3424 3454 autem

1902 3489 2017 3547 fuit.
2044 3498 2098 3542 ut
2121 3489 2338 3542 haberet
2366 3488 2523 3540 humo
2575 3503 2774 3552 mnam,
2805 3501 2866 3540 ex
2910 3502 3011 3555 qua
3055 3488 3227 3541 facere
3251 3497 3428 3555 posset

1905 3581 2083 3632 decem
2149 3591 2323 3630 muas.
2373 3575 2503 3629 Cum
2558 3588 2732 3629 autem
2780 3577 2971 3630 obtulit
3008 3575 3084 3630 ex
3140 3591 3200 3631 se
3245 3578 3426 3631 decem

1902 3681 2077 3730 muas,
2111 3667 2312 3734 accepit
2341 3681 2523 3719 rursus
2558 3681 2586 3718 a
2619 3666 2725 3718 Deo
2747 3680 2852 3718 non
2874 3665 2980 3731 jam
3008 3665 3308 3733 pecuniam,
3335 3667 3425 3718 sed

1903 3764 2214 3824 potestatem
2268 3764 2321 3809 et
2359 3770 2572 3823 regnum
2624 3756 2803 3809 decem
2840 3755 3134 3807 civitatum.
3171 3753 3307 3806 Petit
3330 3756 3428 3807 ite-

1904 3860 2018 3899 rum
2047 3845 2182 3898 Dcus
2227 3845 2292 3898 ab
2334 3843 2620 3906 Abraham,
2659 3852 2717 3897 ut
2745 3841 2958 3896 offerret
2988 3843 3036 3896 ei
3087 3841 3232 3896 Isaac
3264 3841 3424 3894 ﬁlium

1903 3947 2052 3986 suum
2111 3932 2162 3984 in
2237 3939 2469 3985 montem
2539 3943 2931 3998 quemcumque
2988 3928 3304 3982 ostendisset
3354 3930 3423 3981 ei.

1903 4017 2105 4072 Obtulit
2130 4017 2393 4070 Abraham
2433 4017 2725 4085 intrepidus
2781 4016 3107 4086 unigenitum
3139 4017 3208 4081 ⁸⁷,
3265 4018 3429 4084 impo-

1903 4106 2008 4159 suit
2030 4119 2188 4172 super
2211 4121 2380 4167 aram,
2417 4107 2647 4160 cultrum
2671 4103 2856 4158 eduxit
2887 4116 2944 4157 ιιι
2983 4105 3270 4176 jugularet,
3297 4108 3430 4160 inhio

1902 4193 2056 4246 betur
2079 4195 2353 4254 continuo,
2378 4201 2431 4246 et
2461 4195 2600 4248 aries
2633 4194 2681 4247 ei
2716 4210 2810 4263 pro
2841 4194 2949 4247 ﬁlio
2974 4197 3131 4248 datur
3179 4195 3242 4248 ad
3273 4196 3426 4249 victi-

221 4285 402 4339 ferum
431 4285 547 4338 fuit
574 4285 630 4338 in
675 4283 913 4346 actibus,
961 4284 1214 4352 quidquid
1249 4285 1299 4336 in
1348 4285 1579 4338 moribus
1607 4284 1801 4338 barba-
1833 4269 1878 4320 ι)
1905 4299 2063 4335 mam.
2132 4283 2286 4336 Vides
2312 4297 2437 4351 ergo
2489 4283 2611 4351 quia
2679 4298 2795 4352 quae
2845 4286 2950 4338 Deo
2988 4282 3278 4348 offerimus,
3327 4299 3425 4339 no-

224 4389 370 4436 rum,
390 4375 437 4428 si
453 4372 813 4428 edomueriut
838 4380 891 4425 et
919 4371 1242 4440 subjecerint
1258 4372 1402 4440 regio
1427 4375 1625 4436 sensui,
1646 4383 1694 4426 et
1713 4374 1804 4426 do-

221 4463 424 4516 minati
447 4463 668 4517 fuerint
688 4461 789 4522 eis,
816 4462 885 4513 ita
912 4471 968 4514 ut
989 4463 1053 4516 de
1069 4471 1264 4516 caetero
1282 4478 1381 4515 non
1411 4463 1799 4530 gentiliter,sed

220 4550 472 4613 legitime
505 4559 696 4618 agant,
715 4549 802 4602 isti
829 4559 951 4602 sunt
972 4564 1097 4603 vere
1114 4564 1267 4616 reges
1295 4549 1552 4615 profunda
1569 4551 1707 4617 putei
1729 4552 1800 4604 ri-

220 4651 467 4705 mantes,
490 4651 550 4693 et
570 4635 724 4691 verbi
739 4635 833 4690 Dei
854 4651 1050 4689 arcana
1071 4652 1136 4691 ac
1153 4639 1372 4706 mystica
1389 4647 1804 4705 perscrutantes.

291 4732 348 4785 5.
384 4731 523 4784 Post
552 4728 695 4792 hac,
732 4743 752 4776 α
781 4735 838 4781 et
867 4742 895 4778 a
926 4737 1109 4794 puteo,
1146 4745 1166 4778 ι
1222 4727 1386 4794 inquit
1417 4727 1482 4792 ⁸³,
1519 4747 1537 4779 r
1584 4729 1804 4796 profecti

220 4829 353 4872 sunt
394 4815 771 4877 Mathanaim,
806 4821 863 4867 et
888 4828 918 4866 a
951 4813 1272 4866 Mathauaim
1318 4815 1367 4865 in
1403 4813 1659 4879 Nahaliel,
1693 4827 1746 4870 et
1771 4832 1799 4870 a

221 4906 481 4962 Nahaliel
511 4908 567 4958 in
604 4902 862 4966 Bamoth,
893 4910 994 4954 eta
1019 4901 1238 4953 Bamoth
1264 4903 1314 4953 in
1348 4917 1529 4956 nemus
1555 4907 1796 4971 quodest

222 4997 274 5048 iu
312 5010 517 5064 campo
549 4991 738 5055 Moab,
773 5005 805 5043 a
842 4989 1050 5041 vertice
1100 4991 1290 5043 montis
1334 4993 1524 5046 excelsi
1579 4995 1664 5060 qui
1709 5009 1792 5047 re-

313 5107 362 5139 τ’
395 5107 568 5172 Apoc.
598 5117 736 5172 xix.
762 5099 864 5172 _l_6.

220 5189 340 5239 ιιι,
393 5165 480 5226 l8.
594 5170 645 5201 ³³
703 5165 1221 5229 ibid.,18,19.‘20.

296 5287 415 5356 (3|)
441 5285 851 5356 Interpretatur
891 5277 1043 5356 e_ni__m_
1089 5276 1783 5356 Ma‘fhttnaitttﬁUNEBAlPSOo

231 5344 361 5408 acu.
391 5344 435 5406 Ἀ
469 5344 664 5406 radice
696 5357 793 5431 Fu
832 5362 851 5391 ι
891 5344 1072 5431 dedit,
1113 5365 1130 5396 ι
1159 5348 1208 5400 ﬁt
1234 5355 1344 5425 '(n'o
1369 5348 1640 5401 «donum.»

274 5443 399 5504 τῖε)
422 5445 526 5499 sic
559 5429 765 5491 omnes
798 5429 1138 5504 mss._Li_bb.
1168 5444 1332 5486 autem
1364 5437 1484 5490 cliti
1524 5457 1535 5490 :
1575 5457 1591 5488 ι
1625 5439 1672 5491 in
1705 5442 1800 5492 hoc

177 5497 505 5571 ωὑὲιξίὲεὲε
537 5506 794 5561 liberum
827 5497 1162 5552 arbitrium.
1189 5519 1205 5549 ι

1314 5168 1356 5198 ⁸⁵
1391 5169 1539 5223 Num.
1586 5187 1673 5225 xv.

1901 4373 1982 4426 bis
2030 4381 2244 4427 manent
2292 4388 2306 4425 :
2355 4375 2445 4426 sed
2498 4375 2562 4426 ad
2619 4374 2717 4428 hoc
2788 4375 3113 4444 expetimur,
3167 4385 3223 4428 ut
3268 4377 3318 4428 in
3364 4377 3429 4430 iis

1902 4459 2120 4514 aﬁ‘ectus
2181 4470 2360 4516 noster
2413 4475 2536 4531 erga
2605 4462 2767 4516 Deum
2843 4465 3095 4531 probetur
3157 4473 3208 4519 et
3277 4466 3426 4519 ﬁdes.

1906 4548 2030 4602 llaec
2081 4548 2175 4616 pro
2235 4565 2299 4605 eo
2347 4551 2484 4619 quod
2536 4551 2764 4607 diximus
2817 4555 3082 4622 profectos
3126 4562 3244 4608 esse
3289 4555 3428 4609 ﬁlios

1900 4635 2058 4690 Israel
2099 4653 2126 4690 a
2167 4646 2341 4706 puteo,
2369 4648 2421 4693 et
2451 4641 2655 4696 venisse
2696 4644 2746 4696 in
2788 4643 3130 4707 Mathanaim,
3161 4644 3298 4714 quod
3345 4645 3428 4696 itt-

1902 4735 2216 4794 terpretatur
2271 4744 2481 4780 numera
2514 4746 2709 4784 eorum.
2771 4734 2811 4786 A
2871 4733 3192 4787 Mathanaim
3251 4741 3424 4786 autem

1898 4816 2133 4868 venimus
2199 4816 2250 4869 in
2318 4817 2556 4872 Nahaliel
2608 4821 2754 4888 (55).
2829 4824 2970 4890 qttod
3053 4824 3428 4890 interpretatur

1894 4903 2056 4972 315‘
2091 4918 2152 4957 ea:
2187 4905 2312 4958 Deo.
2353 4905 2486 4972 Quid
2512 4922 2572 4960 ex
2619 4909 2762 4963 Deo?
2793 4910 3138 4979 Posteaquam
3167 4909 3422 4964 obtuleri~

1894 5008 2008 5046 mus
2041 5007 2138 5046 nos
2184 5008 2301 5062 qua:
2359 5008 2423 5047 ex
2467 4993 2617 5050 nobis
2667 5005 2812 5060 sunt,
2843 4997 3085 5052 venimus
3127 4999 3193 5052 ad
3236 4998 3335 5051 hoc
3366 5005 3424 5056 ut

942 5098 990 5129 ⁷⁸
1026 5097 1042 5149 Ι
1085 5097 1205 5152 Cor.
1236 5115 1308 5162 tv,
1343 5101 1394 5153 8.
1468 5104 1511 5134 τ’
1533 5103 1730 5160 Coloss.
1771 5109 1900 5162 ".3.
1973 5107 2017 5139 ⁸ο
2048 5105 2230 5160 Matth.
2255 5121 2440 5168 xxvttt,
2480 5110 2564 5162 19.

942 5165 983 5226 ζ,
1022 5166 1221 5224 19.⁴ὶο.
1314 5168 1356 5198 ⁸⁵
1391 5169 1539 5223 Num.
1586 5187 1673 5225 xv.
1772 5175 1814 5208 ⁸³
1845 5176 1990 5228 Deut.
2038 5191 2092 5228 x.
2143 5175 2226 5226 l2.
2317 5175 2361 5206 ³⁸
2405 5177 2564 5228 Matth

1885 5191 1990 5228 eut.
2038 5191 2092 5238 x,
2143 5191 2226 5226 Ix.

2657 5110 2698 5141 ⁸¹
2732 5109 2974 5168 Matth.v.
3005 5109 3088 5164 19.
3183 5110 3227 5142 ⁸⁸
3265 5107 3426 5166 Num.

2317 5175 2361 5206 ³⁸
2405 5177 2587 5230 Matth.
2643 5194 2761 5232 xxv.
2893 5178 2936 5208 ⁸⁷
2963 5178 3156 5232 Geues.
3186 5191 3315 5230 χιιι.

1972 5287 2082 5354 (35)
2134 5286 2284 5350 Quod
2312 5287 2678 5355 interpretatur
2717 5306 2778 5342 ex
2813 5289 2935 5342 Deo.
2974 5288 3185 5356 Aliquid
3212 5287 3422 5340 videtur

1905 5355 2127 5423 deﬁcere
2174 5371 2188 5406 :
2229 5369 2396 5423 neque
2443 5356 2582 5408 enim
2623 5357 2858 5423 Nubalicl
2909 5357 3040 5408 verti
3080 5355 3258 5420 potest
3296 5373 3330 5423 ι,
3352 5371 3418 5408 ex

1909 5406 2093 5486 θεοί»
2136 5423 2226 5476 sed
2259 5406 2286 5470 ti
2309 5406 2579 5489 pOSSeSS'to
2614 5406 3062 5477 lineares—Deoia
3092 5406 3281 5476 Iradicc

1903 5509 2150 5571 possedit,
2189 5520 2239 5563 et
2269 5511 2477 5562 nomine
2512 5493 2584 5565 ἠις
2619 5508 2749 5562 Deus
