3838 6200
254 286 367 345 0ῧῦ

1469 295 1536 351 ΙΝ
1569 293 1891 351 NUMEROS
1909 295 2186 352 IlOMlLlA
2206 297 2340 353 Xlll.

3359 299 3463 355 666

268 401 430 456 Ἃῖιιῗι
451 395 591 478 igitur
605 375 755 485 ⁸⁵*ξῷ
771 375 1042 485 ξῗεδίοε
1068 401 1159 466 ad.
1176 419 1368 478 regem
1387 412 1833 477 Amorrh'aeorum,
1862 418 1908 474 Α
1935 405 2020 469 da.
2053 434 2072 466 ι
2107 416 2199 470 Via
2215 403 2340 485 ergo
2364 413 2528 483 regali
2562 361 2906 469 incedendum
2933 422 3032 478 est,
3064 427 3166 468 nec
3188 412 3460 467 declinan-

266 502 450 558 rcgem
480 471 533 538 iu
556 470 911 568 amaritudine
957 470 1427 563 provocantinm,
1456 515 1630 568 regem
1673 470 1836 554 infru;

219 622 222 624 γ
263 589 530 636 ctuosum,
563 583 729 638 regem
753 565 937 641 318
975 584 1316 650 superbum.
1362 565 1633 653 Quomodo
1658 605 1836 660 super-

258 668 387 731 bus,
431 662 683 736 quomodo
708 661 880 716 elatus
932 664 1247 728 docebitur
1289 676 1565 731 diabolus?
1605 681 1720 747 ipse
1755 689 1834 734 est

255 756 356 822 qui
393 751 576 810 dixit‘
615 770 631 806 :
663 768 682 803 ι
711 749 925 806 Virtute
955 771 1094 812 mea
1124 761 1342 828 faciam,
1370 773 1422 818 et
1464 767 1720 834 sapientia
1754 769 1834 820 ln-

255 847 525 924 t_ellectus
558 845 658 900 mei
701 844 950 899 auleram
986 849 1134 907 ﬁnes
1177 855 1437 922 gentium,
1466 865 1519 909 et
1558 856 1832 911 fortitudi-e

252 952 390 990 nem
431 952 622 992 eorum
660 937 1043 1005 deprtetlabor,
1100 952 1156 996 et
1202 947 1547 999 commovebo
1587 948 1831 1002 civitates

247 1040 382 1092 qua:
427 1027 828 1091 inhabitantur,
861 1035 913 1080 et
957 1031 1273 1085 universum
1326 1035 1507 1086 orbem
1557 1042 1708 1088 terra:
1739 1051 1828 1088 ca-

244 1115 405 1180 piam
444 1131 613 1168 manu
646 1130 756 1168 mea
789 1116 928 1169 sicut
953 1119 1162 1172 nidum.
1197 1137 1216 1172 ι
1251 1121 1313 1173 Ει
1341 1121 1529 1174 iterum
1568 1123 1693 1175 dicit
1719 1123 1830 1176 ela-

245 1213 333 1256 tus
361 1204 470 1255 hic
501 1212 562 1257 et
595 1205 860 1270 superbus
890 1206 912 1236 ⁸
952 1223 968 1258 :
1001 1223 1020 1256 ι
1060 1205 1357 1261 Ascendam
1394 1209 1446 1261 in
1478 1209 1689 1272 crelum,
1737 1224 1828 1262 su-

242 1306 340 1358 pra
381 1292 586 1346 sidera
611 1293 736 1344 cmli
770 1307 962 1358 ponam
991 1294 1241 1347 thronum
1273 1310 1466 1349 meum.
1515 1295 1716 1350 Sedebo
1773 1297 1824 1349 in

240 1388 450 1434 monte
476 1381 724 1442 excelso,
752 1395 914 1448 supra
937 1391 1143 1435 montes
1172 1382 1306 1436 altos
1329 1383 1418 1450 qui
1441 1391 1561 1435 sunt
1585 1383 1649 1435 ad
1680 1385 1826 1449 aqui-

239 1467 468 1531 lonem,
499 1471 797 1522 ascendam
831 1483 995 1536 supra
1027 1471 1220 1534 nubes,
1249 1481 1302 1524 et
1327 1487 1422 1525 ero
1455 1460 1642 1526 similis
1664 1473 1824 1526 Altis-

236 1557 416 1610 simo.
468 1576 490 1608 ι
526 1558 724 1610 Adhuc
753 1558 983 1626 requiris
1013 1557 1056 1611 si
1095 1559 1208 1625 ipse
1236 1559 1497 1614 sitelatus
1549 1571 1601 1614 et
1638 1578 1822 1629 super-

234 1646 386 1700 bus?
419 1646 548 1700 lmo
579 1648 764 1715 potius
793 1654 848 1701 et
894 1648 1006 1716 ipse
1039 1649 1301 1715 superbus
1328 1661 1407 1702 est
1449 1659 1502 1702 et
1541 1651 1734 1709 elatus.
1770 1662 1821 1705 et

235 1738 326 1790 ille
368 1739 477 1802 qui
511 1738 674 1805 quasi
718 1739 1028 1806 unigenitns
1055 1739 1170 1806 ejus
1208 1751 1307 1804 est,
1333 1741 1398 1794 de
1439 1755 1542 1808 quo
1569 1743 1819 1809 scriptmn

234 1837 316 1880 est
363 1826 418 1890 ³,
455 1827 593 1893 quia
629 1844 651 1878 ι
701 1826 981 1880 extollitur
1025 1841 1186 1894 super
1233 1841 1387 1881 omne
1435 1829 1576 1895 quod
1628 1830 1822 1882 dicitur
1868 1852 1872 1857 ι

239 1914 413 1977 Dens,
454 1924 555 1968 aut
577 1916 726 1982 quod
756 1916 953 1968 colitur
977 1935 990 1970 :
1015 1917 1086 1970 ita
1113 1926 1168 1970 ut
1199 1918 1249 1969 in
1277 1917 1472 1984 templo
1496 1917 1584 1971 Dei
1619 1919 1817 1981 sedeat,

235 2013 549 2058 ostentans
599 2018 661 2057 se
710 2012 965 2072 tanquam
997 2005 1066 2057 sit
1103 2005 1258 2057 Dens.
1302 2023 1320 2054 ι
1355 2005 1542 2059 Omnis
1574 2021 1702 2075 ergo
1729 2009 1816 2073 qui

237 2095 430 2147 elatus
459 2101 634 2147 estet
667 2093 957 2160 superbus,
985 2093 1066 2146 Vel
1107 2094 1244 2146 ﬁlius
1277 2104 1356 2149 est
1380 2095 1500 2148 elati
1533 2094 1705 2160 hujus,
1737 2098 1816 2152 vel

235 2183 560 2250 discipulus
585 2190 644 2235 et
683 2182 948 2234 imitator.
975 2182 1036 2234 Et
1074 2190 1350 2249 propterea
1371 2185 1501 2237 dicit
1531 2184 1818 2250 Apostolus

234 2272 299 2322 de
328 2272 585 2339 quodam
629 2270 653 2302 ‘
689 2288 702 2321 :
736 2287 755 2320 ι
791 2269 870 2322 Ne
900 2271 1033 2323 forte
1059 2269 1234 2322 elatus
1263 2271 1458 2326 incidat
1482 2275 1530 2326 in
1560 2273 1814 2340 judicium

233 2361 489 2424 diaboli;
532 2378 552 2411 ι
591 2362 898 2413 ostendens
919 2375 1013 2426 per
1039 2361 1159 2426 hoc,
1190 2364 1311 2430 quia
1341 2365 1516 2417 omnis
1541 2363 1713 2416 elatus
1744 2364 1816 2415 si-

238 2450 348 2501 mili
396 2458 462 2501 ut
493 2449 756 2502 diabolus
793 2449 998 2516 judicio
1029 2452 1492 2505 condemnabitur.
1551 2451 1653 2505 Nos
1687 2466 1814 2521 ergo

233 2551 437 2590 sumus
462 2537 560 2604 qui
601 2537 844 2590 transire
873 2538 1120 2593 volumus
1151 2556 1246 2608 per
1269 2541 1407 2594 hunc
1447 2544 1718 2605 mundum,
1759 2549 1813 2594 ut

233 2625 538 2694 pervenire
560 2625 848 2693 possimus
878 2625 944 2678 ad
975 2634 1173 2679 terram
1198 2636 1455 2690 sanctam,
1483 2642 1600 2696 quae
1633 2642 1813 2694 repro-

234 2715 406 2766 missa
437 2723 522 2767 est
554 2713 771 2767 sanctis
819 2733 833 2767 :
878 2723 930 2768 et
963 2717 1220 2770 mittimus
1253 2717 1430 2770 verbis
1467 2715 1700 2786 paciﬁcis
1745 2720 1810 2771 ad

234 2804 412 2868 Seon,
463 2805 861 2871 promittentes
908 2819 1012 2858 non
1061 2821 1158 2860 nos
1198 2807 1526 2861 habitaturus
1574 2809 1624 2860 in
1665 2817 1808 2862 terra

231 2895 371 2961 ejus,
419 2911 526 2950 nec
563 2904 883 2948 moraturos
910 2907 1029 2947 cum
1061 2909 1147 2958 eo,
1194 2897 1284 2949 scd
1330 2897 1648 2950 transituros
1691 2905 1810 2948 tan-

1934 503 2058 557 dum
2082 517 2303 571 nsquam
2332 515 2502 569 neque
2526 500 2578 554 in
2597 515 2778 568 agrum
2807 501 2942 570 ejus,
2971 517 3144 570 neque
3170 502 3220 554 in
3247 500 3457 554 vineam

1932 591 2047 659 ejus
2073 609 2086 644 :
2115 592 2166 643 id
2198 599 2279 643 est
2314 603 2484 657 neque
2511 588 2576 641 ad
2607 602 2788 654 opera,
2825 603 2996 655 neque
3027 591 3092 642 ad
3126 603 3312 642 sensus
3345 589 3459 640 dia-

1933 682 2136 736 bolicos
2157 681 2426 744 declinare
2473 679 2612 732 ultra
2652 694 2804 731 mons
2843 678 3068 731 ﬁdelium
3108 678 3279 731 debet.
3313 679 3457 743 Quo-

1931 770 2088 823 modo
2122 783 2247 836 ergo
2280 769 2519 820 volumus
2547 765 2678 818 ﬁnes
2703 765 3133 818 Amorrha'orum
3163 779 3282 818 cum
3324 779 3456 832 pace

1927 858 2200 912 transire?
2254 856 2572 918 Amorrhtei,
2617 854 2905 908 inﬁdelium
2957 854 3044 921 qui
3087 862 3209 905 sunt
3254 853 3304 906 in
3348 854 3454 912 hoc

1928 947 2127 1001 mundo
2170 960 2271 1012 pax
2315 945 2476 1012 accipi
2514 951 2722 1010 potest:
2750 942 2843 996 sed
2881 943 2963 994 isti
3017 942 3452 1008 interpretantur,

1927 1044 1986 1088 ιιι
2013 1048 2169 1103 supra
2207 1033 2452 1096 diximus,
2483 1034 2560 1086 vel
2603 1035 2655 1085 in
2684 1032 3096 1085 amaritudinem
3119 1031 3452 1094 adducentes,

1927 1120 2011 1172 vel
2043 1120 2324 1188 loquentes.
2349 1118 2412 1171 Et
2432 1117 2692 1184 quomoda
2720 1117 2928 1183 quidem
2955 1118 3006 1170 in
3043 1117 3448 1171 amaritudinem

1926 1208 2190 1261 adducant
2218 1207 2378 1260 Deum
2411 1207 2652 1260 inﬁdeles
2699 1215 2752 1259 et
2791 1205 3077 1268 increduli,
3119 1206 3452 1274 expositione

1925 1315 2028 1353 non
2074 1299 2272 1366 indiget
2309 1299 2492 1365 :qnod
2546 1305 2718 1348 autem
2771 1293 2846 1349 ait
2888 1296 3170 1365 loquentes,
3207 1299 3270 1350 ad
3306 1297 3448 1352 illam

1923 1397 2126 1458 partem
2155 1389 2292 1442 trahi
2321 1395 2493 1456 potest
2508 1401 2608 1453 qua
2625 1385 2862 1439 inﬁdeles
2886 1387 3079 1454 quique
3105 1395 3158 1440 et
3183 1386 3281 1440 sub
3306 1387 3453 1454 prin-

1921 1481 2037 1546 cipe
2065 1477 2278 1530 diabolo
2305 1485 2524 1545 agentes
2545 1474 2684 1541 loqui
2717 1485 2911 1527 norunt
2935 1475 3322 1538 tantummodo,
3353 1475 3447 1528 sed

1921 1568 2208 1634 loquuntur
2232 1566 2429 1619 inania.
2455 1565 2614 1619 Verbi
2643 1580 2825 1626 causa,
2858 1572 2916 1616 ut
2945 1573 3112 1632 poeta:
3151 1579 3356 1627 eorum,
3392 1571 3449 1617 ut

1921 1655 2197 1725 astrologi,
2219 1664 2276 1706 at
2297 1651 2529 1706 nonnulli
2559 1654 2717 1707 etiam
2749 1653 3195 1720 phiiosophnrum.
3221 1651 3309 1720 qui
3337 1651 3443 1704 ina-

1921 1746 2008 1797 nia
2068 1745 2349 1811 loquuntur
2389 1753 2441 1797 et
2476 1757 2628 1796 vana.
2688 1741 2946 1795 Fidelium
3001 1749 3176 1792 autem
3226 1753 3446 1807 regnum

1920 1834 2058 1901 quod
2087 1849 2115 1884 a
2145 1835 2250 1886 Deo
2273 1845 2373 1890 est.
2401 1847 2502 1884 non
2535 1831 2585 1882 in
2618 1843 2862 1882 sermone
2890 1837 2990 1892 est,
3015 1829 3106 1881 sed
3141 1827 3192 1878 in
3226 1827 3445 1882 virtute.

1918 1923 2173 1976 Volumus
2200 1936 2326 1989 ergo
2367 1933 2462 1970 nos
2505 1916 2726 1984 paciﬁce
2765 1917 2992 1968 transire
3038 1929 3131 1982 per
3172 1916 3445 1978 mundum,

1918 2012 2009 2065 sed
2039 2012 2137 2064 hoc
2160 2010 2330 2077 ipsum
2359 2007 2526 2075 magis
2553 2007 2740 2058 incitat
2758 2005 3046 2072 principem
3073 2005 3274 2066 mundi,
3301 2003 3444 2071 quod

1917 2101 2140 2153 dicimus
2163 2113 2257 2149 nos
2285 2095 2425 2148 nolle
2450 2108 2759 2162 permanere
2790 2107 2908 2144 cum
2940 2091 3188 2159 ipso,nec
3223 2091 3442 2157 morari,

1917 2203 2012 2240 nec
2035 2185 2230 2253 aliquid
2264 2184 2377 2251 ejus
2399 2182 2531 2235 \elle
2552 2183 2857 2248 contingere
2889 2197 2902 2232 :
2938 2180 3058 2232 inde
3098 2179 3266 2246 magis
3313 2193 3447 2231 exa-

1916 2277 2178 2341 cerbatur,
2210 2273 2329 2327 inde
2351 2271 2638 2335 extollitur,
2680 2279 2733 2322 et
2763 2271 3029 2331 irascitur,
3060 2278 3109 2322 et
3137 2279 3434 2320 commovet

1915 2364 2066 2418 nobis
2087 2365 2496 2433 persecutiones,
2534 2358 2766 2428 pericula
2794 2357 3033 2421 suscitat,
3061 2357 3328 2409 cruciatus
3355 2354 3441 2408 in—

1916 2463 2102 2508 tentat.
2133 2453 2196 2505 Et
2243 2453 2360 2505 ideo
2409 2451 2558 2504 dicit:
2582 2469 2597 2498 ι
2620 2447 2993 2516 Congregavit,
3023 2445 3194 2514 inquit
3225 2445 3267 2511 ⁷,
3297 2445 3436 2499 Seon

1911 2557 2121 2596 Omnem
2144 2540 2392 2608 populum
2423 2553 2599 2601 suum,
2636 2548 2688 2589 et
2713 2537 2841 2589 exiit
2867 2533 3150 2600 conﬂigere
3181 2534 3446 2586 adversus

1910 2631 2090 2684 Israel.
2133 2650 2151 2680 ι
2189 2627 2316 2693 Quis
2347 2637 2426 2680 est
2462 2625 2634 2678 omnis
2672 2623 2893 2690 populus
2930 2623 3092 2686 Seon,
3127 2635 3280 2689 quem
3311 2635 3446 2673 con-.

1908 2722 2041 2773 citat
2079 2726 2265 2771 contra
2314 2715 2512 2769 Israel?
2565 2713 2840 2779 Principes
2886 2727 2946 2765 ac
2987 2711 3193 2778 judices
3230 2713 3447 2776 mundi,

1908 2807 2194 2873 cunctique
2218 2805 2467 2872 nequitiae
2490 2802 2739 2862 ministri,
2760 2801 2848 2867 qui
2875 2801 3176 2869 impngnanl
3204 2816 3432 2869 semper,

1907 2904 1960 2948 et
1985 2903 2373 2962 persequuntur
2400 2891 2644 2958 populum
2666 2888 2897 2942 Dei.Sed
2920 2889 3045 2954 quid
3077 2888 3208 2941 facit
3237 2889 3449 2943 Israel?

232 2987 544 3049 tummodo,
573 2993 636 3038 et
663 2985 981 3040 incessuros
1001 2986 1084 3038 via
1109 2986 1293 3054 regali,
1327 3001 1424 3038 nec
1449 2985 1805 3038 declinaturos
1831 2999 1874 3055 ε
1913 2999 1930 3032 ι
1973 2980 2144 3042 Venit,
2180 2981 2346 3047 inquit
2391 2981 2445 3040 ⁸,
2503 2979 2554 3031 in
2586 2977 2776 3032 lssaar.
2806 2995 2826 3028 ι
2861 2976 3034 3028 lssaar
3058 2977 3437 3042 interpretatur

229 3088 488 3140 nsquam,
518 3087 709 3140 neque
729 3072 783 3124 in
813 3086 1210 3141 agrum,neque
1242 3071 1293 3124 in
1325 3072 1552 3133 vineam,
1578 3071 1668 3124 sed
1707 3084 1804 3124 nec

228 3165 294 3216 de
321 3163 449 3216 lacu
478 3162 606 3230 ejus
631 3174 832 3228 aquam
858 3160 1430 3214 bibiturosNidcamus
1447 3173 1573 3227 ergo
1595 3159 1807 3228 quando

231 3265 329 3302 nos
359 3250 463 3304 ista
495 3249 884 3317 promisimus,
911 3248 1123 3314 quando
1154 3249 1265 3302 hrec
1291 3247 1450 3303 verba
1485 3247 1698 3301 diabolo
1720 3247 1806 3300 de-

227 3339 634 3392 nuntiavimus.
665 3337 1005 3391 Recordetur
1026 3337 1387 3404 unusquisque
1405 3336 1656 3400 ﬁdelium,
1681 3349 1801 3389 cum

230 3428 468 3492 primum
498 3426 658 3495 venit
687 3425 758 3478 ad
783 3439 952 3492 aquas
974 3424 1248 3491 baptismi,
1277 3439 1396 3477 cum
1438 3425 1707 3492 signacula
1742 3425 1802 3477 ﬁ-

225 3515 314 3566 dei
348 3516 528 3581 prima
567 3515 842 3581 suscepit,
873 3522 927 3567 et
955 3515 1019 3567 ad
1047 3515 1248 3568 fontem
1278 3515 1527 3568 salutaris
1552 3514 1799 3579 accessit,

226 3603 427 3668 quibus
461 3605 535 3658 ibi
573 3613 708 3656 tunc
741 3617 870 3655 usus
903 3602 974 3656 sit
1004 3603 1200 3665 verbis,
1223 3610 1276 3656 et
1301 3605 1425 3670 quid
1454 3605 1801 3657 renuntiave-

225 3693 298 3744 rit
351 3692 574 3745 diabolo
606 3708 623 3743 :
670 3705 778 3744 non
823 3704 883 3744 se
931 3705 1154 3744 usurum
1201 3692 1407 3759 pompis
1450 3691 1584 3758 ejus,
1628 3705 1800 3759 neque

223 3785 485 3850 operibus
516 3786 666 3853 ejus,
697 3797 876 3850 neque
919 3781 1044 3836 ullis
1078 3785 1300 3837 omnino
1322 3785 1558 3838 servitiis
1587 3783 1703 3853 ejus
1735 3798 1798 3838 ac

224 3874 611 3941 voluptatibus
639 3875 974 3942 pariturum.
1003 3873 1068 3927 Et
1097 3874 1200 3926 hoc
1227 3885 1309 3927 est
1348 3875 1485 3941 quod
1535 3874 1616 3926 his
1667 3874 1798 3941 legis

223 3964 578 4016 sermonibus
625 3962 1005 4023 adumhratur,
1033 3962 1155 4028 quia
1203 3977 1306 4015 non
1346 3962 1575 4015 declinet
1614 3961 1792 4026 Israel,

222 4066 408 4118 neque
444 4051 498 4103 in
531 4065 730 4117 agrum
768 4049 910 4114 ejus,
953 4063 1128 4116 neque
1176 4049 1227 4101 in
1262 4050 1469 4101 vineam
1511 4049 1640 4114 ejus.
1689 4050 1793 4104 Sed

221 4153 412 4207 neque
441 4154 640 4207 aquam
682 4138 750 4192 de
786 4137 906 4191 lacu
937 4137 1053 4204 ejus
1088 4137 1376 4205 pollicetur
1403 4153 1460 4192 se
1490 4155 1610 4192 esse
1649 4150 1795 4208 pota-

221 4234 442 4278 turum.
471 4224 585 4279 Non
619 4225 766 4278 enim
822 4223 961 4276 ultra
1008 4224 1303 4292 disciplina:
1350 4224 1644 4293 diabolicae,
1687 4241 1789 4280 non

215 4313 557 4380 astrologia,
597 4327 704 4365 non
735 4311 978 4378 magicte,
1007 4326 1109 4364 non
1139 4311 1300 4365 ullius
1329 4312 1546 4366 omnino
1590 4315 1787 4368 doctri-

213 4414 321 4465 nm,
348 4414 487 4468 quia
522 4410 708 4453 contra
740 4397 834 4451 Dei
873 4398 1125 4466 pietatem
1165 4399 1372 4467 aliquid
1397 4401 1602 4466 doceat,
1628 4417 1790 4472 pocu-

212 4489 327 4542 inm
368 4499 556 4542 sumet
582 4489 776 4543 ﬁdelis.
803 4487 978 4544 Habet
1000 4488 1142 4540 enim
1176 4491 1308 4544 sues
1341 4489 1614 4554 fontes,et
1654 4493 1788 4548 bibit

217 4578 286 4628 de
311 4575 560 4630 fontibus
590 4575 776 4641 Israel,
816 4574 950 4629 bibit
985 4575 1051 4629 de
1078 4576 1320 4630 fontibus
1361 4577 1648 4634 salut-aris:
1680 4595 1796 4640 non,

216 4665 359 4716 bibit
389 4679 581 4732 aquam
634 4668 703 4720 de
752 4666 874 4719 lacu
916 4665 1086 4731 Seon,
1117 4679 1216 4718 nec
1250 4663 1556 4731 relinquens
1584 4667 1780 4724 fontem

215 4767 378 4819 aqua:
411 4755 544 4805 vivae
574 4762 867 4822 congregat
892 4755 994 4808 sibi
1029 4754 1179 4807 lacus
1202 4751 1528 4807 confractos.
1580 4756 1683 4810 Sed
1725 4767 1778 4812 et

216 4838 306 4890 via
350 4838 522 4904 regali
544 4840 875 4894 iucessurum
897 4854 955 4892 se
984 4840 1295 4908 proﬁtetur.
1330 4839 1454 4903 Quae
1475 4851 1557 4895 est
1589 4844 1670 4896 via
1699 4858 1784 4898 re-

217 4928 404 4993 galis?
451 4926 541 4980 llla
571 4931 686 4983 sine
736 4931 903 4985 dubio.
932 4946 1050 4998 quae
1089 4930 1224 4986 dicit
1263 4930 1307 4992 ἰ
1342 4948 1359 4978 ι
1386 4927 1493 5000 Ego
1525 4947 1640 4986 sum
1671 4935 1778 4997 via,

216 5014 458 5078 veritas,
483 5024 536 5066 et
557 5018 679 5072 vita.
727 5036 747 5069 ι
780 5018 848 5070 Et
881 5019 1073 5071 merito
1104 5015 1305 5082 regalis
1337 5017 1487 5082 :ipse
1514 5029 1599 5073 est
1620 5023 1782 5085 enim,

215 5099 288 5152 de
322 5114 438 5174 quo
479 5099 741 5170 Propheta
770 5105 888 5158 ait“
916 5119 988 5158 ες(
1017 5099 1452 5170 Deus,jndicium
1488 5111 1638 5159 tuum
1673 5108 1780 5176 regi

1906 3071 2138 3124 mandati
2169 3068 2462 3136 odimpletio
2493 3067 2625 3137 (57).
2674 3067 2730 3120 Si
2775 3080 2902 3132 ergo
2943 3066 3216 3120 veniamus
3255 3075 3307 3118 et
3338 3079 3435 3119 nos

1905 3161 1967 3213 ad
1996 3159 2167 3212 locum
2213 3159 2394 3220 istum,
2457 3158 2506 3212 id
2558 3168 2640 3211 est
2683 3157 2746 3208 ad
2780 3157 3130 3225 expletionem
3163 3156 3434 3209 mandato-

1903 3263 2041 3309 rum,
2072 3247 2280 3304 etiamsi
2318 3261 2438 3299 cum
2468 3245 2610 3298 omni
2647 3247 2884 3298 exercitu
2929 3246 3110 3296 veniat
3152 3245 3447 3302 adversum.

1902 3351 1996 3389 nos
2036 3335 2173 3388 Seon
2207 3336 2306 3388 iste
2334 3338 2523 3396 elatus,
2553 3342 2610 3385 et
2647 3335 2907 3399 superbus
2929 3333 3198 3394 diabolus,‘
3223 3342 3278 3385 et
3299 3347 3448 3386 con-.

1899 3426 2042 3493 lligal
2063 3425 2342 3477 adversum
2371 3437 2484 3484 nos,
2531 3422 2578 3475 si
2609 3436 2794 3474 omnes
2824 3436 2950 3474 suos
2974 3428 3160 3473 contra
3189 3436 3285 3474 nos
3317 3422 3434 3475 dte-

1899 3528 2081 3567 mones
2126 3511 2379 3573 concitet,
2428 3524 2735 3578 superamus
2780 3523 2898 3561 eum
2951 3508 2992 3560 si
3045 3509 3136 3561 Dei
3183 3511 3426 3581 mandata

1898 3601 2243 3668 complemus.
2266 3598 2539 3666 Complere
2561 3594 2698 3650 enim
2726 3597 2990 3655 mandata,
3012 3594 3112 3646 hoc
3141 3601 3220 3646 est
3244 3595 3428 3647 diabo-

1898 3687 2004 3740 lum
2034 3697 2086 3740 et
2112 3702 2321 3740 omnem
2369 3685 2482 3750 ejus
2522 3683 2814 3736 exercitum
2869 3695 3143 3748 superare.
3192 3682 3257 3734 Et
3304 3690 3426 3736 tunc

1897 3774 2251 3841 complebitnr
2299 3775 2350 3826 in
2391 3774 2543 3827 nobis
2577 3771 2869 3839 apostolica
2906 3771 3077 3836 oratio
3105 3769 3322 3836 qna.ait
3347 3768 3371 3801 ⁹
3405 3786 3419 3822 :

1901 3881 1920 3914 ι
1958 3863 2094 3917 Deus
2113 3872 2287 3916 autem
2315 3872 2549 3916 conteret
2597 3863 2846 3914 Satanam
2886 3859 2986 3913 sub
3019 3859 3178 3926 pedes
3211 3868 3423 3911 nostros

1895 3950 2162 4004 velociter.
2198 3969 2217 4002 ι
2254 3949 2317 4003 Ει
2360 3951 2486 4004 illud
2540 3951 2681 4018 quod
2713 3949 2963 4005 Dominus
3003 3948 3079 4000 ait
3105 3947 3188 3999 ’σε
3225 3963 3247 3997 ι
3286 3946 3424 4001 Ecce

1894 4038 2010 4092 dedi
2046 4039 2199 4093 vobis
2245 4046 2560 4110 potestatem
2609 4038 2845 4092 calcandi
2878 4051 3039 4105 super
3071 4045 3347 4104 serpentes
3369 4047 3423 4088 et

1892 4129 2218 4197 scorpiones,
2259 4139 2313 4182 et
2357 4144 2518 4197 super
2547 4143 2756 4182 omnem
2791 4129 3036 4182 virtutem
3091 4127 3314 4190 inimici,
3368 4137 3429 4184 et.

1895 4218 2030 4271 nihil
2050 4219 2207 4272 vobis.
2224 4220 2452 4274 nocebit.
2485 4237 2517 4271 ι.
2537 4219 2677 4272 Nihil
2711 4220 2850 4272 enim
2875 4233 3068 4272 nocere
3097 4217 3248 4271 vobis
3270 4225 3422 4285 pote-

1818 4283 1873 4344 υ
1897 4315 2019 4360 runt
2051 4308 2150 4360 ista
2179 4308 2356 4363 omnia
2404 4309 2446 4362 si
2491 4309 2764 4362 veniamus
2812 4309 2863 4360 in
2915 4308 3106 4369 lssaar,
3137 4308 3188 4361 id
3221 4315 3322 4370 est,
3370 4306 3429 4361 si

1893 4395 2140 4446 mandata
2173 4405 2227 4448 et
2268 4403 2525 4464 praecepta
2575 4397 2779 4448 Domini
2832 4398 2996 4451 nostri
3045 4397 3166 4466 Jesu
3212 4396 3424 4452 Christi;

1889 4495 2183 4546 servemus,
2209 4483 2292 4535 cui
2331 4494 2411 4536 est
2445 4485 2608 4553 gloria
2636 4495 2687 4538 et
2713 4487 2986 4554 imperium
3018 4488 3068 4540 iu
3100 4487 3289 4541 sarcula
3315 4501 3428 4545 οαιο.

1889 4571 2152 4627 culorum.
2187 4572 2379 4628 Amen.

2435 4661 2710 4719 HOMILIA
2747 4664 2882 4721 Xlll.

1886 4743 1964 4798 De
1999 4746 2064 4800 iis
2101 4762 2216 4814 qua:
2242 4750 2603 4818 superfuerunt
2641 4754 2804 4818 priori
2833 4754 3098 4816 tractatui,
3135 4763 3180 4806 et
3219 4753 3280 4806 de
3307 4752 3422 4804 Bac.

2329 4817 2464 4872 (eam
2520 4817 2669 4886 atque
2689 4823 2834 4872 asina
2871 4837 3004 4888 ejus.

1961 4927 2012 4982 1.
2044 4928 2297 4983 Hesterna
2353 4932 2438 4984 die
2489 4932 2792 4987 dixeramus
2838 4934 3098 5001 quomodo
3139 4933 3278 4987 Seon
3319 4946 3422 4987 rex.

1886 5019 2339 5084 Amorrhaaorum,
2372 5023 2462 5089 qui
2499 5032 2582 5076 est
2626 5023 2818 5086 elatus,
2853 5033 2906 5075 et
2947 5023 3104 5100 311
3137 5024 3296 5076 arbor
3330 5023 3416 5078 ins

1888 5107 2182 5174 fructuosa,
2210 5120 2530 5180 congressus
2561 5127 2678 5167 cum
2731 5111 2888 5166 Israel
2931 5115 3103 5166 victus
3135 5111 3311 5175 fuerit,
3342 5111 3423 5167 de:

292 5288 454 5363 fisa.
489 5303 539 5350 ι,
570 5291 792 5363 εἴδη.Δ
822 5291 972 5363 fisa.
1000 5302 1120 5363 χιιι,ἶ
1144 5285 1234 5348 l5,
1267 5285 1350 5338 M.
1404 5290 1505 5363 fall
1543 5290 1807 5363 Theseus,

1973 5298 1994 5330 ⁸
2032 5298 2052 5352 ι
2079 5299 2215 5352 Tim.
2245 5314 2324 5363 tu,
2352 5301 2404 5354 6.
2478 5298 2668 5354 'Joan.
2696 5313 2804 5362 nr,
2834 5297 2886 5349 6.
2960 5299 2985 5329 ⁶
3008 5295 3146 5350 Psal.
3163 5310 3313 5361 ιιιι,
3346 5295 3414 5354 1.

217 5355 248 5386 ἠ
275 5355 444 5407 Nam.
479 5372 585 5420 xxi,
611 5359 699 5412 25.
773 5359 795 5388 ⁸
824 5360 954 5411 ibid.
1031 5358 1054 5386 ν
1080 5352 1236 5403 Rom.
1265 5366 1374 5418 xvt,
1401 5357 1488 5410 20.

1578 5361 1622 5390 ¹⁰
1647 5360 1778 5415 Luc.
1811 5379 1865 5428 x,
1902 5366 1984 5420 l9.

292 5512 412 5575 (37,:
443 5510 608 5570 Iuaar
651 5515 1018 5580 interpretatur
1065 5503 1297 5555 mandati
1343 5510 1675 5580 adimplctio.
1708 5516 1744 5568 A
1784 5529 1807 5574 τ

1928 5541 1945 5572 ι
1975 5523 2262 5586 mandavit,
2299 5539 2316 5572 ι
2341 5529 2391 5574 et
2413 5537 2440 5572 a
2477 5531 2602 5580 nm.
2637 5538 2654 5570 ι
2685 5513 2901 5584 carpsit,
2930 5517 3099 5584 cepit,
3119 5517 3342 5587 accepit.
3365 5534 3407 5576 ι.
