3838 6202
335 247 435 303 667
1738 230 1850 287 ORl

3541 207 3647 259 668

337 375 444 431 quo
469 367 522 412 et
569 362 912 416 observanter
933 320 1206 422 Scriptura
1261 351 1414 416 dicit,
1436 350 1558 418 quia
1603 349 1797 403 cecidit
1820 349 1872 400 in
1905 353 1946 405 A
1979 331 2128 412 quia,
2164 357 2182 390 ι
2221 338 2287 392 de
2316 335 2483 391 corde
2513 333 2844 402 procedunt
2893 320 3290 422 cogita-tiones
3325 320 3518 431 male,
3549 322 3651 377 bo-

339 411 468 502 tiece
499 445 678 515 gladii,
709 443 810 509 vel,
838 454 892 495 ιιι
918 411 1333 508 alibi'legitnus,
1361 411 1412 492 in
1449 411 1539 492 ore
1565 439 1742 504 gladii.
1768 436 1871 490 Sed
1978 411 2214 489 micidia,
2245 425 2537 484 adulteria,
2568 423 2747 482 furta,
2779 417 2939 470 falsa
2961 411 3330 515 .testiut‘onht.
3376 411 3646 479 blasphe-

339 495 463 502 --νη
501 495 529 515 υ
723 495 767 496 η
797 495 810 509 .
1138 495 1166 508 ..
1322 495 1332 502 .
1567 495 1594 504 ,,

337 538 381 590 si
424 535 505 588 vis
545 533 851 598 diligentius
899 531 1076 592 scire,
1127 543 1232 595 quo
1277 528 1448 596 gladio
1505 525 1853 580 infructuosa:

2146 524 2200 568 et
2226 514 2324 568 ista
2364 521 2494 564 sttnt
2543 523 2668 577 quae
2723 502 3141 570 coinquinant
3180 495 3480 552 hominem.
3516 516 3536 548 ι
3581 499 3645 550 Ει.

339 625 464 691 iste,
493 632 543 675 et
567 622 736 675 elatus
758 621 892 672 sicut
932 619 1124 671 cedrus
1169 595 1354 668 Libani
1389 615 1661 679 ceciderit,
1695 615 1872 666 disca-
1981 609 2103 662 ideo
2167 602 2482 658 necessario
2547 596 2887 652 incenditur
2951 595 3067 642 ista
3140 595 3376 650 ctvttas,
3426 596 3494 640 ex
3520 595 3662 658 κιαι

342 675 463 765 ntus
479 712 544 763 ab
578 708 820 776 apostolo
848 705 1008 758 Paulo
1029 706 1243 756 dicente
1269 705 1344 754 ηε
1383 721 1401 752 ι
1438 703 1598 755 Vivus
1626 675 1766 752 enim
1792 707 1875 752 est
1981 693 2250 748 exuritur.
2281 690 2398 755 Quo
2439 686 2608 754 igne?
2644 684 2743 738 Illo
2777 680 3066 774 profecto
3100 675 3178 728 de
3218 688 3371 739 φιῦ
3395 677 3697 732 δκεκκὶ-λκο

341 813 519 853 sermo
555 797 664 862 Dei,
691 806 742 848 et
766 793 975 854 eﬁicax,
997 802 1049 846 et
1083 788 1870 860 penetrabilioromnigladio.»
1978 789 2136 831 valor
2164 777 2210 807 ¹⁰
2238 794 2252 828 ε
2286 792 2304 824 ι
2342 773 2529 842 limem
2564 770 2690 822 νθηί
2729 769 2974 821 “mter”
3029 769 3090 815 i"
3129 769 3441 827 term")!
3472 775 3530 820 θί
3559 781 3708 834 quam

341 889 408 942 Et
439 890 564 941 item
596 887 645 939 in
685 884 843 938 aliis:
886 900 903 932 ι
940 883 1002 934 Et
1048 882 1302 949 gladium,
1338 879 1598 948 inquit“,
1639 878 1857 945 spiritus

2046 866 2104 917 ~lo
2128 873 2186 916 ut
2217 862 2573 916 accendatur.
2617 877 2636 909 ι

342 977 482 1045 quod
505 983 585 1029 est
612 976 829 1026 verbum
852 971 962 1025 Dei.
995 989 1012 1021 ι
1041 939 1094 1021 in
1121 939 1430 1037 bnjustergo
1454 967 1609 1036 gladii
1638 939 1766 1018 nece
1787 939 1876 1018 ce;
2049 953 2107 1006 2.
2139 951 2272 1004 Post
2322 963 2497 1017 pauca
2534 957 2722 1000 autem
2785 942 3057 997 refertur
3091 939 3167 1040 de
3230 939 3402 1005 ipsa
3442 944 3692 1010 :civitate.

345 1033 474 1118 didit
497 1062 757 1132 spiritalis
781 1059 944 1122 Seon,
975 1061 1066 1126 qui
1099 1033 1476 1111 estvdiabolus.‘
1513 1054 1738 1107 Additur
1762 1067 1861 1120 pos

2171 1041 2413 1102 >terhoe,
2446 1036 2628 1104 inquit
2659 1035 2734 1097 “,
2785 1033 2998 1085 dicent
3047 1033 3305 1097 aenigma
3345 1033 3552 1085 tistzn:
3595 1033 3687 1086 Ve-

349 1155 460 1204 hare
485 1123 571 1202 u':
601 1167 618 1198 ι
657 1125 720 1202 Et
755 1123 1009 1202 dominati
1043 1154 1184 1208 sunt,
1210 1145 1398 1212 inquit,
1433 1143 1521 1194 ﬁlii
1551 1140 1710 1193 Israel
1734 1139 1877 1192 omni
1983 1133 2097 1184 uite
2128 1132 2181 1183 in
2217 1130 2453 1186 Esebou,
2493 1134 2550 1177 ut
2576 1123 2899 1176 aediﬁcetur
2932 1127 2995 1170 el
3047 1127 3470 1173 construatur
3495 1123 3684 1174 civitas

348 1250 502 1292 terrae
549 1236 682 1301 ejus.
737 1255 756 1287 ›
797 1235 980 1289 Omnis
1018 1234 1231 1298 quidem
1291 1233 1435 1299 regio
1493 1231 1604 1282 haec
1648 1238 1877 1290 terrena,
1984 1221 2125 1273 Seon
2165 1233 2179 1270 :
2215 1218 2474 1285 quoniam
2539 1215 2686 1281 ignis
2747 1208 3050 1278 processit
3134 1206 3208 1258 de
3289 1205 3564 1270 Esebon,
3627 1219 3675 1262 et

349 1337 489 1379 mm
527 1296 722 1378 σίξίιυι.
777 1323 913 1377 Seon
944 1339 957 1374 ε
989 1296 1079 1374 8έά
1108 1296 1372 1374 Christus;
1401 1329 1453 1372 ει
1501 1317 1734 1370 Ecclesia
1767 1314 1881 1381 ejus
1987 1306 2204 1373 ﬂamma
2238 1306 2303 1356 de
2339 1304 2566 1358 civitate
2601 1301 2751 1354 Seon
2815 1297 3138 1352 devoravit
3175 1311 3382 1362 usque
3433 1296 3612 1348 Moab.
3643 1313 3662 1346 ι

347 1415 648 1467 dominatur
676 1414 726 1466 iu
751 1414 895 1466 omni
954 1421 1093 1464 terra
1131 1409 1291 1462 Seon.
1330 1425 1348 1456 ι
1380 1407 1442 1460 Et
1471 1405 1720 1458 dominati
1759 1418 1856 1456 sun

2151 1401 2237 1447 ,ut
2261 1391 2523 1450 dixin'tus,
2553 1397 2672 1440 erat
2718 1403 2848 1448 rex,
2885 1385 3062 1452 cujus
3106 1394 3238 1435 erat
3281 1382 3512 1436 civitas
3542 1384 3667 1437 Esc-

348 1504 414 1554 ah
434 1503 610 1555 Arnon
648 1515 812 1568 usque
842 1498 1082 1553 Jaboc“.
1114 1516 1131 1548 ι
1162 1498 1341 1548 Arnon
1371 1505 1422 1547 et
1447 1493 1612 1547 Jaboc
1641 1493 1864 1544 civitate:

2168 1477 2259 1530 Sic
2315 1490 2448 1543 ergo
2496 1474 2905 1541 intelligendus
2961 1480 3055 1526 est
3121 1471 3273 1525 ordo
3350 1469 3667 1535 verborum,

348 1601 504 1646 erant
548 1593 686 1660 regis
729 1561 873 1642 Seon
900 1589 1031 1658 ('58),
1061 1588 1152 1641 sed
1187 1586 1394 1638 initium
1435 1583 1580 1651 regni
1613 1583 1729 1650 ejus
1768 1595 1858 1633 cra

2173 1567 2359 1620 dicant
2394 1563 2485 1617 isti
2527 1563 2938 1630 aenigmatista
2973 1579 2988 1614 :
3034 1561 3247 1614 Venite
3275 1566 3356 1611 ut
3383 1568 3669 1612 construa-

349 1687 554 1746 Amon,
581 1647 637 1736 εἴ
669 1681 788 1734 ﬁnis
807 1647 1079 1743 ιδυδεςρι
1113 1676 1231 1729 ideo
1262 1675 1456 1726 dicitur
1479 1647 1603 1740 (ίυῑςι
1633 1647 1886 1724 dominari
1918 1661 1960 1713 Β
1994 1667 2080 1710 tur
2107 1666 2162 1710 et
2204 1654 2511 1708 aediﬁcetur
2572 1652 2826 1714 Esebon,
2882 1666 3021 1720 qua:
3077 1649 3194 1702 fuit
3236 1649 3466 1702 civitas
3513 1647 3675 1702 Seon.

352 1783 474 1828 sunt
507 1745 574 1827 ab
626 1774 805 1824 Arnon
857 1783 1022 1837 usque
1051 1765 1235 1819 Jaboc.
1278 1765 1660 1832 Interpretatur
1709 1771 1886 1815 autem
1988 1748 2092 1800 Sed
2142 1745 2487 1812 requiramus
2547 1757 2695 1795 """C
2746 1745 2848 1810 (ιιιῑ
2915 1745 3044 1794 Sim
3095 1745 3195 1793 is“
3247 1745 3678 1806 ωτιῖιεηηιῑειεο

353 1868 533 1918 Αιίιοιι
561 1861 943 1914 maledictiones
966 1872 1138 1910 eorum
1165 1854 1297 1924 ('59).
1326 1828 1535 1906 [uitium
1570 1852 1710 1907 enim
1744 1867 1866 1920 regn

2168 1850 2240 1886 ua
2276 1834 2476 1887 dicitur
2496 1845 2680 1886 sermo
2710 1830 3036 1898 ﬁguratus.
3071 1828 3540 1898 Aﬁnigmatistm
3560 1845 3684 1899 ergo

356 1955 495 2005 Seon
527 1951 682 2017 hujus
715 1948 839 2001 elati
870 1957 922 2000 et
952 1943 1288 2007 infructuosi,
1331 1942 1723 1995 maledictiones
1741 1917 1865 1993 sunt

2179 1938 2280 1986 ur,
2326 1923 2416 1990 qui
2483 1922 2807 1991 ﬁguraliter
2877 1921 3251 1988 loquuntur.
3349 1917 3420 1970 Et
3452 1921 3576 1988 quis
3611 1932 3689 1976 est

356 2041 503 2094 Finis
541 2054 668 2092 vero
743 2045 823 2090 est
872 2034 1059 2097 Jaboc,
1108 2034 1247 2101 quod
1290 2032 1669 2098 interpretatur
1721 2029 1892 2080 lucta-
1991 2015 2148 2075 ³¹Ῑ¹¹⁵ς
2199 2013 2290 2079 qui
2350 2013 2402 2064 ί¹¹
2441 2011 2634 2079 ίῖευνίε
2690 2011 2930 2063 ιοευῑυε
2976 2011 3082 2072 δην
3121 2010 3235 2062 ηίεί
3294 2009 3415 2061 “3“
3471 2021 3527 2062 ει
3573 2027 3692 2079 υτο-

357 2143 471 2180 men
501 2126 630 2195 (40).
663 2124 885 2176 Necesse
919 2130 999 2171 cst
1036 2098 1176 2170 θιιίιιι
1205 2129 1259 2170 ιιι
1282 2120 1453 2170 omnis
1473 2118 1560 2184 qui
1607 2117 1717 2169 vult
1746 2117 1873 2170 exirt

2181 2100 2364 2152 ?Audi
2394 2100 2539 2153 enim
2567 2098 2858 2166 quomodo
2912 2100 3110 2152 David
3172 2099 3322 2153 dicit
3375 2099 3424 2128 "
3455 2117 3469 2153 :
3505 2117 3523 2150 ι
3567 2103 3697 2170 Ape-

357 2215 420 2266 de
476 2228 638 2283 regno
691 2210 888 2264 diaboli
941 2220 994 2270 ει
1030 2209 1162 2262 ﬁnes
1206 2205 1319 2272 eius
1347 2205 1592 2268 evadere,
1625 2205 1893 2259 ιιιοιεηηθη
1996 2194 2128 2244 riam
2157 2193 2209 2244 in
2260 2191 2540 2260 parabolis
2590 2206 2654 2244 os
2709 2206 2936 2254 meum,
2993 2192 3217 2259 loquar
3261 2194 3700 2262 propositiones

359 2279 615 2364 inveniat,
644 2309 696 2352 et
728 2299 1020 2352 certamina
1045 2298 1092 2348 ei
1121 2312 1148 2347 a
1177 2294 1436 2348 ministris
1475 2293 1592 2361 ejus
1633 2303 1688 2345 ct
1732 2293 1894 2345 satel-
1997 2284 2065 2336 ab
2123 2284 2277 2337 initio
2323 2280 2530 2336 smculi.
2567 2299 2586 2330 ι
2622 2279 2735 2336 Sed
2795 2292 2858 2335 et
2913 2282 3143 2345 Isaias,
3193 2281 3363 2350 quia
3412 2284 3701 2353 aenigmata

361 2393 542 2445 litibus
567 2390 908 2444 suscitentur.
949 2386 1050 2439 Sed
1084 2387 1128 2438 si
1155 2384 1384 2436 luctatus
1410 2383 1648 2435 fueritet
1682 2382 1894 2447 vicerit,
1997 2377 2106 2429 sint
2138 2389 2257 2442 quae
2313 2375 2555 2441 scripsit,
2587 2377 2695 2427 hoc
2739 2373 2922 2428 modo
2953 2372 3238 2427 declarat
3283 2390 3297 2424 ε
3363 2391 3384 2423 ι
3429 2375 3493 2427 Et
3522 2389 3695 2438 erunt.

356 2480 465 2547 jam
511 2494 613 2534 non
653 2479 756 2531 erit.
783 2477 946 2531 Jaboc
989 2476 1174 2526 civitas
1213 2473 1372 2534 Seon,
1421 2472 1516 2523 sed
1560 2472 1662 2522 erit
1712 2453 1899 2522 civitas
2000 2464 2174 2532 inquit
2203 2465 2272 2529 ³³,
2295 2463 2463 2516 verba
2495 2463 2621 2516 libri
2657 2462 2835 2529 hujus
2868 2462 3035 2515 sicut
3059 2461 3249 2516 verba
3270 2462 3430 2515 111)τί
3467 2465 3696 2536 signati;

362 2567 546 2622 israel.
578 2566 688 2620 Hoc
727 2574 806 2619 est
827 2565 969 2618 enim
1015 2564 1286 2624 nimirum,
1328 2561 1465 2627 quod
1501 2560 1726 2628 legimus
1760 2571 1811 2613 et
1837 2562 1901 2614 de
1999 2569 2160 2621 Quem
2192 2555 2235 2606 si
2270 2551 2530 2607 dederint
2566 2552 2620 2604 iu
2679 2567 2895 2606 manus
2938 2553 3219 2606 hominis
3244 2555 3584 2612 nescientis
3616 2559 3700 2613 lit-

364 2655 664 2725 patriarcha
696 2654 859 2708 Jacob
897 2655 961 2714 ιδ,
987 2653 1237 2721 quoniam
1289 2665 1406 2704 cum
1453 2650 1688 2703 venisset
1730 2651 1792 2702 ad
1823 2650 1903 2702 lo-
2004 2657 2165 2709 teras,
2193 2657 2245 2700 et
2282 2648 2523 2700 dixerint
2558 2648 2607 2700 ei
2647 2665 2661 2699 :
2702 2647 2886 2714 Lege,
2944 2646 3112 2698 dicet
3174 2662 3189 2697 :
3254 2642 3403 2700 Non
3449 2652 3577 2704 novi
3611 2651 3695 2708 lit-

365 2759 486 2796 cum
519 2744 821 2810 quemdam,
867 2743 1136 2795 luctamen
1187 2740 1236 2792 ei
1296 2745 1649 2806 praeparatum
1702 2745 1904 2790 estzet
2005 2747 2171 2792 teras.
2215 2737 2270 2790 Si
2317 2747 2500 2791 autem
2563 2739 2832 2792 dederint
2871 2739 3104 2793 scienti
3167 2739 3436 2803 litteras,
3499 2747 3680 2802 dic-eg,

369 2833 440 2886 ibi
474 2839 580 2887 tota
613 2841 768 2886 nocte
791 2832 1022 2884 luctatus
1057 2845 1176 2883 cum
1209 2829 1529 2882 obtinuisset
1559 2837 1614 2880 et
1653 2827 1905 2881 invaluis-
2005 2825 2118 2880 Non
2153 2840 2371 2893 possum
2425 2827 2643 2895 legere,
2667 2827 2952 2897 signatus
2991 2837 3087 2881 est
3122 2828 3300 2881 enim.
3343 2849 3366 2879 ι
3405 2832 3674 2902 Signata:

370 2929 451 2973 set
479 2922 544 2974 ad
590 2920 777 2984 Deum,
829 2919 1116 2972 vocitatum
1182 2923 1268 2968 est
1316 2929 1506 2968 nomen
1551 2913 1666 2980 ejus
1723 2913 1900 2966 Israel.
1932 2966 1971 2991 ρ
2007 2923 2189 2966 autem
2215 2913 2416 2966 dicitur
2451 2915 2591 2969 liber
2623 2931 2728 2984 pro
2764 2929 2863 2978 eo,
2909 2917 3072 2983 quod
3123 2917 3321 2985 ﬁguris
3365 2925 3675 2991 perplexas

376 3029 394 3060 ι
427 3010 488 3062 Et
507 3010 732 3076 accepit,
764 3009 936 3075 inquit
969 3008 1031 3070 ",
1066 3005 1226 3059 Israel
1247 3019 1434 3057 omnes
1475 3005 1716 3057 civitates
1748 3005 1902 3065 istas,
1932 3001 1973 3020 ν
2007 3010 2111 3064 est,
2138 3010 2190 3053 et
2214 3001 2597 3070 atuigmatibus
2631 3004 2959 3057 involutus.
2994 3005 3211 3059 Dicunt
3238 3021 3390 3076 ergo
3419 3011 3514 3064 isti
3545 3014 3680 3066 teni-

373 3107 425 3150 rt
455 3098 714 3150 habitavit
743 3097 793 3147 in
814 3097 1060 3148 omnibus
1080 3094 1383 3148 civitatibus
1414 3093 1898 3146 Amorrhaeorum.»
2009 3090 2274 3159 gmatista:
2312 3107 2324 3142 :
2366 3115 2384 3140 ι
2410 3088 2611 3144 Venite
2641 3092 2696 3143 in
2731 3091 2998 3150 Esebon.
3032 3102 3095 3145 ut
3122 3094 3483 3155 aediﬁcetur.
3527 3120 3549 3152 ι
3579 3102 3683 3156 Cc.

376 3185 473 3240 llic
523 3186 706 3250 lsrael,
755 3186 847 3254 qui
899 3185 952 3237 iu
997 3183 1213 3238 Christo
1246 3183 1408 3237 Israel
1455 3192 1555 3245 est,
1584 3181 1674 3248 qui
1719 3197 1821 3233 non
1853 3181 1905 3232 iu
2008 3179 2136 3232 cidit
2171 3178 2257 3232 illa
2287 3179 2462 3247 prima
2502 3179 2725 3234 Esebon
2753 3220 2768 3245 ,
2825 3181 2949 3235 imo
3004 3185 3290 3238 subversa
3355 3197 3453 3242 est
3511 3200 3569 3244 et
3605 3193 3686 3244 in—

378 3273 743 3338 earnelsrael,
774 3289 873 3328 nec
907 3274 958 3326 in
989 3272 1272 3327 manifesto
1312 3271 1521 3326 Judaeus
1541 3278 1640 3336 est,
1674 3271 1785 3337 ipse
1814 3269 1910 3322 ba-
2009 3283 2194 3331 censa,
2249 3268 2636 3322 rezediﬁcanda
2705 3280 2797 3324 est
2845 3274 2984 3329 alia.
3047 3275 3160 3329 Sed
3225 3280 3540 3344 quomodo
3587 3280 3693 3335 hoc

380 3362 512 3414 bitat
538 3362 591 3414 in
616 3363 861 3415 omnibus
887 3361 1196 3415 civitatibus
1230 3360 1683 3423 Amorrbtcorum,
1707 3373 1825 3411 cum
1855 3356 1908 3410 in
2011 3359 2126 3421 ﬁat,
2163 3366 2443 3424 assumpto
2483 3360 2861 3416 ostendamus
2886 3364 3181 3433 exemplo.
3231 3365 3296 3420 Si
3330 3369 3547 3424 videas
3569 3386 3694 3440 gen—

380 3452 522 3504 omni
550 3450 676 3504 orbe
711 3458 966 3503 terrarum
1001 3449 1197 3504 Christi
1239 3448 1486 3502 Ecclesiae
1527 3456 1908 3515 propagantur.
2013 3447 2156 3499 tilem
2210 3446 2263 3498 in
2320 3448 2590 3500 dedecore
2654 3450 2787 3503 vita;
2832 3454 3091 3519 positum
3124 3471 3192 3508 ac
3231 3455 3556 3522 religionis
3608 3478 3701 3514 er-

384 3535 485 3588 Sed
513 3543 564 3586 et
598 3535 958 3602 unusquisque
991 3543 1227 3586 nostrum
1274 3532 1418 3599 prius
1468 3529 1654 3582 civitas
1688 3530 1787 3583 fuit
1826 3544 1914 3583 re-
2014 3550 2152 3596 rore,
2188 3549 2292 3586 non
2317 3535 2536 3588 dubites
2572 3540 2641 3590 de
2675 3553 2745 3591 eo
2773 3539 3007 3604 dicere,
3033 3545 3188 3611 quod
3212 3546 3294 3598 sit
3340 3549 3448 3602 hic
3476 3550 3704 3603 Escbon

382 3626 459 3689 gis
485 3622 606 3675 elati
639 3623 932 3691 :reguabat
964 3622 1104 3674 enim
1129 3621 1180 3672 in
1204 3620 1352 3672 nobis
1373 3618 1613 3681 stultitia,
1641 3618 1910 3685 superbia,
2013 3622 2204 3674 civitas
2231 3621 2282 3672 in
2313 3637 2478 3688 regno
2516 3624 2665 3692 regis
2727 3625 2914 3680 Seon.
2959 3628 3186 3699 Reguat
3231 3637 3412 3687 enim
3457 3637 3521 3688 in
3554 3640 3714 3705 cogi-

384 3711 643 3778 itnpietas,
668 3721 720 3763 et
750 3711 924 3762 omnia
952 3724 1067 3776 qum
1100 3718 1220 3762 sunt
1259 3723 1321 3760 ex
1363 3717 1514 3776 parte
1553 3706 1747 3760 diaboli
1779 3727 1790 3761 :
1822 3707 1914 3760 sed
2015 3711 2307 3764 tationibus
2339 3711 2455 3778 ejus
2487 3727 2586 3766 rex
2621 3714 3024 3772 infructuosus
3049 3730 3104 3773 et
3129 3722 3358 3777 elatus.
3409 3727 3502 3780 Ad
3561 3729 3714 3780 bone

383 3797 471 3851 ubi
498 3806 828 3865 expugnatus
866 3804 918 3848 et
964 3798 1204 3850 devictus
1233 3805 1312 3848 est
1356 3795 1527 3859 fortis,
1559 3804 1610 3848 et
1647 3809 1770 3847 vasa
1802 3795 1916 3862 ejus
2016 3800 2059 3852 si
2092 3800 2306 3852 accedat
2352 3800 2540 3866 lsrael,
2585 3804 2695 3858 hoc
2736 3817 2829 3860 est
2868 3810 3154 3866 Ecclesiae
3195 3813 3393 3879 ﬁlius,
3441 3826 3510 3870 et
3560 3817 3724 3870 ειὶὶιῑο

384 3886 586 3977 direpta
616 3894 756 3948 sunt,
788 3885 957 3939 eﬁ‘ecti
1020 3901 1201 3938 sumus
1253 3885 1438 3938 civitas
1465 3885 1622 3937 Israel
1662 3894 1714 3937 et
1751 3886 1916 3938 lucre-
2015 3887 2337 3955 beatjacula
2367 3891 2517 3943 verbi
2555 3892 2676 3956 Dei,
2706 3905 2767 3949 et
2795 3898 3122 3970 distringat
3153 3915 3376 3959 contra
3422 3922 3572 3961 eum
3601 3910 3724 3977 gla-

389 3974 526 4026 ditas
546 3981 882 4036 sanctorum;
915 3974 959 4026 si
986 3982 1162 4026 tamen
1195 3975 1402 4042 penitus
1434 3975 1610 4026 excisa
1637 3985 1717 4026 est
1745 3975 1794 4026 in
1825 3989 1920 4027 no-
2019 3978 2162 4032 dium
2211 3979 2456 4047 spiritus,
2510 3980 2770 4039 destruat
2829 3988 2888 4042 in
2953 4008 3025 4047 eo
3073 4009 3278 4048 omnes
3338 3974 3728 4052 munitiones

390 4062 471 4113 bis
492 4069 729 4126 potestas
769 4061 880 4124 illa,
913 4076 1028 4126 qua:
1071 4063 1217 4129 prius
1244 4063 1616 4116 dominabatur
1665 4064 1838 4126 uobis,
1867 4073 1922 4117 et

386 4150 564 4203 excisa
604 4155 686 4201 est
716 4147 873 4199 arbor
929 4147 1276 4211 infructuosa,
1328 4157 1380 4202 et
1439 4151 1671 4216 dejectus
1703 4160 1784 4204 est
1825 4166 1920 4204 rex

390 4237 581 4297 elatus,
607 4242 857 4286 etsumus
878 4234 972 4285 sub
997 4248 1060 4286 eo
1083 4249 1221 4302 rege,
1253 4237 1342 4304 qui
1371 4237 1498 4288 dicit
1523 4239 1563 4268 "
1591 4260 1600 4291 :
1634 4256 1651 4288 ι
1679 4239 1872 4292 Discite
1890 4255 1918 4290 a

391 4340 477 4377 me
501 4324 624 4390 quia
681 4321 824 4375 mitis
873 4336 1007 4386 sum,
1057 4333 1108 4376 et
1149 4325 1363 4379 humilis
1401 4328 1578 4381 corde.
1615 4346 1634 4377 ι
1663 4327 1788 4382 Post
1813 4330 1922 4382 lucc

392 4409 660 4478 sigillatim
686 4408 792 4476 jam
822 4409 1067 4462 civitates
1104 4412 1316 4476 superbi
1344 4423 1397 4465 et
1439 4414 1752 4468 infructuosi
1786 4416 1925 4483 regis

393 4503 691 4561 enumerat,
733 4506 788 4549 et
833 4496 959 4550 dicit
987 4497 1028 4527 ³⁸
1065 4514 1078 4550 :
1112 4516 1128 4549 ι
1164 4499 1218 4552 lu
1263 4501 1471 4554 Esebon
1503 4513 1556 4556 et
1595 4504 1647 4556 in
1679 4506 1924 4558 omnibus

393 4589 589 4642 ﬁuibls
617 4585 750 4652 ejus.
787 4603 806 4636 ι
848 4587 982 4651 Quid
1023 4597 1104 4644 est
1139 4591 1262 4660 hoc,
1300 4594 1440 4662 quod
1481 4583 1800 4660 praecipuam
1833 4610 1925 4648 ur-

400 4679 516 4728 bem
550 4675 615 4727 de
649 4688 807 4743 regno
829 4674 964 4728 Seon
993 4680 1282 4734 nominavit
1319 4680 1565 4733 Esebou?
1592 4680 1797 4734 Esebou
1839 4683 1921 4734 iu.

402 4773 722 4833 terpretatur
743 4767 1070 4833 cogitationes
1110 4767 1240 4837 (41).
1279 4769 1467 4822 Merito
1501 4783 1628 4834 ergo
1654 4784 1779 4836 pars
1810 4787 1923 4824 ma-

2020 4069 2294 4135 gcutilium
2341 4069 2682 4138 dogmatum,
2749 4086 2802 4130 et
2850 4081 3144 4137 elationes
3200 4099 3725 4153 argumentorum

2021 4156 2135 4222 ejus
2161 4157 2280 4224 igne
2313 4157 2561 4211 veritatis
2605 4173 2835 4229 exurat,
2873 4169 3060 4225 dicito
3099 4173 3169 4225 de
3200 4176 3346 4236 hoc,
3395 4177 3550 4243 quia
3591 4178 3730 4228 sub-

2022 4260 2180 4299 versa
2225 4253 2309 4298 est
2358 4245 2576 4300 Esebon
2609 4249 2817 4306 civitas
2868 4254 3053 4312 Seon.
3090 4260 3206 4314 Sed
3255 4279 3382 4316 non
3429 4264 3732 4318 continuo

2027 4334 2272 4386 desertus
2297 4341 2350 4384 et
2389 4333 2691 4391 destitutus
2724 4340 3090 4410 relinquitur
3127 4348 3260 4411 iste,
3300 4351 3368 4403 in
3419 4367 3552 4420 quo
3589 4333 3729 4405 sub-

2027 4435 2181 4474 versa
2222 4432 2348 4510 sunt
2380 4425 2670 4490 gentilium
2699 4428 3008 4500 dogmata.
3041 4437 3169 4492 Non
3201 4439 3361 4494 enim
3395 4442 3726 4510 disciplina

2028 4517 2108 4561 est
2133 4509 2257 4563 ﬁliis
2278 4509 2445 4564 Israel
2469 4511 2790 4573 destructas
2824 4525 3173 4596 relinquere
3204 4544 3354 4598 quas
3398 4509 3730 4584 destruxe-

2027 4599 2417 4697 rintrivilates
2443 4615 2458 4654 :
2485 4604 2740 4697 sed‘cum
2781 4613 3132 4671 subruerint
3187 4628 3245 4674 et
3273 4621 3627 4674 everterint
3662 4621 3720 4672 in

2029 4775 2333 4866 diﬁcabunt
2363 4792 2554 4834 rursus
2586 4782 2640 4836 in
2667 4792 2845 4844 corde
2909 4795 3046 4864 ejus
3072 4775 3243 4866 quem
3287 4798 3716 4852 destruxerint

399 4854 542 4948 tina
779 4853 1047 4921 diabolici,
1102 4867 1156 4911 et
1190 4867 1425 4932 po'estas
1466 4855 1581 4923 ejus
1607 4856 1830 4923 plurima
1869 4861 1922 4912 in
2027 4862 2198 4919 bonas
2217 4871 2602 4940 cogitationes,
2637 4877 2761 4946 pios
2793 4853 3030 4948 sensus.
3065 4853 3392 4944 doctrinam
3438 4889 3716 4942 veritatis

400 4941 806 5010 cogitationibus
835 4956 1036 5013 regnat.
1069 4947 1160 5002 Sic
1186 4948 1327 5002 enim
1347 4945 1546 5000 dixitet
1570 4944 1826 5000 Dominus
1861 4949 1916 5012 ιθ,

2183 4967 2302 5020 ent,
2339 4960 2623 5031 religionis
2653 4968 2828 5024 ritum
2869 4975 3125 5039 tradent,
3173 4978 3431 5032 ordinent
3467 4979 3699 5032 vivendi

472 5035 512 5065 “
546 5035 802 5131 ιξξδιεςλὲν
831 5036 924 5131 ‘3:
990 5034 1985 5131 ξεενιιςξ·;ί;.1⁷ε....¹³ςὲ·ιηε.ι.κξεοαὲιο

2181 5051 2268 5104 Μ.
2351 5054 2395 5085 ¹³
2417 5055 2752 5131 Geruxxxtt.
2839 5065 2885 5096 “
2937 5067 3080 5122 ibid.
3285 5067 3321 5098 "
3372 5069 3588 5121 Mallll-
3624 5085 3697 5131 ιι.

401 5105 492 5160 29.
567 5104 608 5136 ²⁸
643 5102 798 5156 Num.
840 5121 946 5166 ut,
991 5102 1107 5159 25f
1173 5107 1213 5137 "
1252 5106 1415 5158 Marc.
1450 5118 1544 5166 vtt,
1569 5104 1660 5168 2|,
1696 5105 1767 5158 ‘29.
1798 5117 1851 5160 et
1871 5108 1917 5160 Ξῖ

403 5186 590 5233 ιιυιιιι.
619 5173 672 5224 2.
743 5171 788 5200 "
817 5171 937 5228 lsai.
978 5189 1124 5234 χχιι.
1174 5173 1260 5234 ii,
1291 5173 1376 5228 1‘2.

2166 5102 2265 5172 uc.
2322 5102 2911 5193 Xll,v1§.an:;.-Num.
3266 5102 3680 5192 28.”.3‘33552

475 5258 584 5327 {58)
615 5256 791 5327 Codex
825 5257 880 5310 S.
905 5258 1135 5318 Theod.,
1167 5274 1184 5306 ι
1229 5255 1460 5327 regionis
1489 5255 1646 5308 Seon.
1679 5275 1698 5306 ι
2049 5280 2068 5313 ι
2099 5268 2363 5327 exhausit

615 5286 791 5376 m2?
825 5286 880 5310 θ’
915 5286 1135 5318 "ww"
1167 5286 1184 5306 “
1231 5286 1460 5320 ¹τ¹⁵¹ν¹¹¹³
1489 5286 1646 5308 °“’"‘
1679 5286 1698 5306 '
2049 5286 2077 5342 ι,
2099 5286 2393 5340 exnausu,
2424 5286 2726 5340 evacuavit
2790 5305 2810 5341 ι
2893 5286 3003 5342 uod
3037 5287 3096 5342 in
3123 5289 3140 5343 l
3301 5286 3465 5337 vires
3487 5286 3696 5338 exhau-

588 5391 594 5393 Α
715 5391 741 5393 __
763 5332 990 5386 pretutur
1032 5325 1928 5393 αιιιεηιΑιοηοιιιιιιευιοτιοιιεεεο-
2037 5343 2282 5393 rtautur.
2733 5325 2748 5353 ’
2851 5303 2890 5360 (ι
3147 5302 3281 5349 "cm

419 5391 809 5523 “defigit?
833 5398 994 5522 διῖῗέ
1031 5392 1392 5520 inﬁmiin.»-
1424 5473 1712 5512 I.UCT.\.\IE.\‘.
1741 5462 1778 5513 Λ
1815 5471 1927 5521 DD:
2040 5485 2057 5518 t
2099 5401 2510 5539 gééitﬁ‘i‘t’f’zn‘
2578 5425 2967 5499 interpretatur
2983 5434 3431 5513 εοαιτιτιοδεδ·
3462 5417 3546 5472 ,ὼ
3574 5427 3704 5477 m
