  <div class='ocr_page' id='page_1' title='image "/cluster/home/n/w/nwhite01/storage/ocr_20150623/12 (Origen; pt. 2)/nyp.33433081862272/342.png"; bbox 0 0 3838 6198; ppageno 0'>
   <div class='ocr_carea' id='block_1_1' title="bbox 192 274 1756 339">
    <p class='ocr_par' dir='ltr' id='par_1_1' title="bbox 192 279 1756 339">
     <span class='ocr_line' id='line_1_1' title="bbox 192 279 1756 339; baseline -0.003 -2"><span class='ocrx_word' id='word_1_1' title='bbox 192 281 288 337; x_wconf 74' lang='grc'><strong>669</strong></span> <span class='ocrx_word' id='word_1_2' title='bbox 1409 284 1479 339; x_wconf 84' lang='grc' dir='ltr'><strong>ΙΝ</strong></span> <span class='ocrx_word' id='word_1_3' title='bbox 1513 279 1756 338; x_wconf 63' lang='grc' dir='ltr'><strong>ΝυΜΕιὶι</strong></span> 
     </span>
    </p>
   </div>
   <div class='ocr_carea' id='block_1_2' title="bbox 1845 274 3397 339">
    <p class='ocr_par' dir='ltr' id='par_1_2' title="bbox 1869 274 3397 334">
     <span class='ocr_line' id='line_1_2' title="bbox 1869 274 3397 334; baseline -0.003 -2"><span class='ocrx_word' id='word_1_4' title='bbox 1869 275 2145 334; x_wconf 76' lang='lat' dir='ltr'><strong>HOMILIA</strong></span> <span class='ocrx_word' id='word_1_5' title='bbox 2167 276 2301 332; x_wconf 80' lang='lat' dir='ltr'><strong>XIII.</strong></span> <span class='ocrx_word' id='word_1_6' title='bbox 3294 274 3397 328; x_wconf 80' lang='lat'><strong>6&#39;10</strong></span> 
     </span>
    </p>
   </div>
   <div class='ocr_carea' id='block_1_3' title="bbox 205 378 3391 468">
    <p class='ocr_par' dir='ltr' id='par_1_3' title="bbox 205 378 3391 468">
     <span class='ocr_line' id='line_1_3' title="bbox 205 378 3391 468; baseline -0.002 -16"><span class='ocrx_word' id='word_1_7' title='bbox 205 397 475 458; x_wconf 83' lang='lat' dir='ltr'><strong>docebunt,</strong></span> <span class='ocrx_word' id='word_1_8' title='bbox 511 385 656 460; x_wconf 71' lang='lat'><strong>318</strong></span> <span class='ocrx_word' id='word_1_9' title='bbox 687 378 1089 453; x_wconf 52' lang='lat' dir='ltr'><strong>“(immanem</strong></span> <span class='ocrx_word' id='word_1_10' title='bbox 1141 415 1392 468; x_wconf 88' lang='lat' dir='ltr'><strong>morum,</strong></span> <span class='ocrx_word' id='word_1_11' title='bbox 1425 398 1771 456; x_wconf 65' lang='lat' dir='ltr'><strong>observantia</strong></span> <span class='ocrx_word' id='word_1_12' title='bbox 1797 399 1844 456; x_wconf 72' lang='grc' dir='ltr'><strong>Α</strong></span> <span class='ocrx_word' id='word_1_13' title='bbox 1871 409 2082 463; x_wconf 82' lang='lat' dir='ltr'><strong>gemas:</strong></span> <span class='ocrx_word' id='word_1_14' title='bbox 2112 393 2348 460; x_wconf 88' lang='lat' dir='ltr'><strong>alioquin</strong></span> <span class='ocrx_word' id='word_1_15' title='bbox 2361 390 2730 446; x_wconf 86' lang='lat' dir='ltr'><strong>debuissemus</strong></span> <span class='ocrx_word' id='word_1_16' title='bbox 2747 392 2813 446; x_wconf 89' lang='lat' dir='ltr'><strong>de</strong></span> <span class='ocrx_word' id='word_1_17' title='bbox 2834 393 2937 448; x_wconf 92' lang='lat' dir='ltr'><strong>hoc</strong></span> <span class='ocrx_word' id='word_1_18' title='bbox 2963 390 3161 446; x_wconf 89' lang='lat' dir='ltr'><strong>mundo</strong></span> <span class='ocrx_word' id='word_1_19' title='bbox 3179 392 3391 447; x_wconf 84' lang='lat' dir='ltr'><strong>extisse.</strong></span> 
     </span>
    </p>
   </div>
   <div class='ocr_carea' id='block_1_4' title="bbox 202 470 3395 548">
    <p class='ocr_par' dir='ltr' id='par_1_4' title="bbox 202 470 3395 548">
     <span class='ocr_line' id='line_1_4' title="bbox 202 470 3395 548; baseline -0.002 -10"><span class='ocrx_word' id='word_1_20' title='bbox 202 491 400 538; x_wconf 76' lang='lat' dir='ltr'><strong>Statuta</strong></span> <span class='ocrx_word' id='word_1_21' title='bbox 426 470 889 536; x_wconf 69' lang='lat' dir='ltr'><strong>nmnstrabunLEt</strong></span> <span class='ocrx_word' id='word_1_22' title='bbox 914 487 1080 541; x_wconf 78' lang='lat' dir='ltr'><strong>tunc</strong></span> <span class='ocrx_word' id='word_1_23' title='bbox 1115 505 1246 544; x_wconf 85' lang='lat' dir='ltr'><strong>vere</strong></span> <span class='ocrx_word' id='word_1_24' title='bbox 1277 492 1457 544; x_wconf 88' lang='lat' dir='ltr'><strong>dicent</strong></span> <span class='ocrx_word' id='word_1_25' title='bbox 1502 489 1588 541; x_wconf 89' lang='lat' dir='ltr'><strong>isti</strong></span> <span class='ocrx_word' id='word_1_26' title='bbox 1639 488 1766 539; x_wconf 65' lang='lat' dir='ltr'><strong>arni-</strong></span> <span class='ocrx_word' id='word_1_27' title='bbox 1872 484 1943 536; x_wconf 87' lang='lat' dir='ltr'><strong>De</strong></span> <span class='ocrx_word' id='word_1_28' title='bbox 1998 482 2169 534; x_wconf 79' lang='lat' dir='ltr'><strong>Basan</strong></span> <span class='ocrx_word' id='word_1_29' title='bbox 2217 493 2414 543; x_wconf 87' lang='lat' dir='ltr'><strong>tamen,</strong></span> <span class='ocrx_word' id='word_1_30' title='bbox 2483 478 2587 531; x_wconf 90' lang='lat' dir='ltr'><strong>hoc</strong></span> <span class='ocrx_word' id='word_1_31' title='bbox 2623 488 2722 542; x_wconf 87' lang='lat' dir='ltr'><strong>est,</strong></span> <span class='ocrx_word' id='word_1_32' title='bbox 2755 481 2820 532; x_wconf 93' lang='lat' dir='ltr'><strong>de</strong></span> <span class='ocrx_word' id='word_1_33' title='bbox 2869 481 3213 548; x_wconf 75' lang='lat' dir='ltr'><strong>turpitudine,</strong></span> <span class='ocrx_word' id='word_1_34' title='bbox 3253 480 3395 532; x_wconf 93' lang='lat' dir='ltr'><strong>nullo</strong></span> 
     </span>
    </p>
   </div>
   <div class='ocr_carea' id='block_1_5' title="bbox 201 562 3394 638">
    <p class='ocr_par' dir='ltr' id='par_1_5' title="bbox 201 562 3394 638">
     <span class='ocr_line' id='line_1_5' title="bbox 201 562 3394 638; baseline 0.003 -24"><span class='ocrx_word' id='word_1_35' title='bbox 201 569 459 638; x_wconf 61' lang='grc' dir='ltr'><strong>εωειὶειε</strong></span> <span class='ocrx_word' id='word_1_36' title='bbox 481 569 542 623; x_wconf 62' lang='grc' dir='ltr'>ω</span> <span class='ocrx_word' id='word_1_37' title='bbox 562 562 1161 633; x_wconf 70' lang='lat' dir='ltr'><strong>semetipsosinvicem</strong></span> <span class='ocrx_word' id='word_1_38' title='bbox 1190 594 1205 630; x_wconf 89' lang='lat'><strong>:</strong></span> <span class='ocrx_word' id='word_1_39' title='bbox 1234 577 1447 638; x_wconf 79' lang='lat' dir='ltr'><strong>Venite,</strong></span> <span class='ocrx_word' id='word_1_40' title='bbox 1473 573 1769 627; x_wconf 77' lang='lat' dir='ltr'><strong>etzedilice—</strong></span> <span class='ocrx_word' id='word_1_41' title='bbox 1867 571 2078 638; x_wconf 91' lang='lat' dir='ltr'><strong>penitus</strong></span> <span class='ocrx_word' id='word_1_42' title='bbox 2114 570 2435 637; x_wconf 81' lang='lat' dir='ltr'><strong>indigemus,</strong></span> <span class='ocrx_word' id='word_1_43' title='bbox 2476 567 2608 618; x_wconf 85' lang='lat' dir='ltr'><strong>nihil</strong></span> <span class='ocrx_word' id='word_1_44' title='bbox 2641 581 2704 620; x_wconf 90' lang='lat' dir='ltr'><strong>ex</strong></span> <span class='ocrx_word' id='word_1_45' title='bbox 2748 581 2809 619; x_wconf 91' lang='lat' dir='ltr'><strong>ea</strong></span> <span class='ocrx_word' id='word_1_46' title='bbox 2849 568 3254 635; x_wconf 80' lang='lat' dir='ltr'><strong>relinquamus;</strong></span> <span class='ocrx_word' id='word_1_47' title='bbox 3301 584 3394 622; x_wconf 87' lang='lat' dir='ltr'><strong>ex-</strong></span> 
     </span>
    </p>
   </div>
   <div class='ocr_carea' id='block_1_6' title="bbox 199 655 3390 730">
    <p class='ocr_par' dir='ltr' id='par_1_6' title="bbox 199 655 3390 730">
     <span class='ocr_line' id='line_1_6' title="bbox 199 655 3390 730; baseline -0 -18"><span class='ocrx_word' id='word_1_48' title='bbox 199 675 310 714; x_wconf 89' lang='lat' dir='ltr'><strong>mus</strong></span> <span class='ocrx_word' id='word_1_49' title='bbox 341 661 575 724; x_wconf 82' lang='lat' dir='ltr'><strong>Esebon,</strong></span> <span class='ocrx_word' id='word_1_50' title='bbox 617 671 731 729; x_wconf 63' lang='lat' dir='ltr'><strong>quae</strong></span> <span class='ocrx_word' id='word_1_51' title='bbox 773 655 882 710; x_wconf 75' lang='lat' dir='ltr'><strong>fuit</strong></span> <span class='ocrx_word' id='word_1_52' title='bbox 908 660 1135 720; x_wconf 84' lang='lat' dir='ltr'><strong>civitas</strong></span> <span class='ocrx_word' id='word_1_53' title='bbox 1184 665 1351 720; x_wconf 88' lang='lat' dir='ltr'><strong>Seon.</strong></span> <span class='ocrx_word' id='word_1_54' title='bbox 1381 665 1444 717; x_wconf 87' lang='lat' dir='ltr'><strong>Et</strong></span> <span class='ocrx_word' id='word_1_55' title='bbox 1471 663 1568 730; x_wconf 92' lang='lat' dir='ltr'><strong>ipsi</strong></span> <span class='ocrx_word' id='word_1_56' title='bbox 1602 661 1762 721; x_wconf 88' lang='lat' dir='ltr'><strong>enim,</strong></span> <span class='ocrx_word' id='word_1_57' title='bbox 1865 661 2083 713; x_wconf 86' lang='lat' dir='ltr'><strong>cidenda</strong></span> <span class='ocrx_word' id='word_1_58' title='bbox 2128 659 2345 721; x_wconf 86' lang='lat' dir='ltr'><strong>omnia,</strong></span> <span class='ocrx_word' id='word_1_59' title='bbox 2399 665 2586 710; x_wconf 86' lang='lat' dir='ltr'><strong>cuneta</strong></span> <span class='ocrx_word' id='word_1_60' title='bbox 2639 656 2989 708; x_wconf 74' lang='lat' dir='ltr'><strong>subvertenda</strong></span> <span class='ocrx_word' id='word_1_61' title='bbox 3042 669 3167 710; x_wconf 90' lang='lat' dir='ltr'><strong>sunt</strong></span> <span class='ocrx_word' id='word_1_62' title='bbox 3231 673 3390 726; x_wconf 82' lang='lat' dir='ltr'><strong>Opera</strong></span> 
     </span>
    </p>
   </div>
   <div class='ocr_carea' id='block_1_7' title="bbox 197 744 3452 827">
    <p class='ocr_par' dir='ltr' id='par_1_7' title="bbox 197 744 3452 827">
     <span class='ocr_line' id='line_1_7' title="bbox 197 744 3452 827; baseline -0.002 -22"><span class='ocrx_word' id='word_1_63' title='bbox 197 755 288 807; x_wconf 90' lang='lat' dir='ltr'><strong>hoc</strong></span> <span class='ocrx_word' id='word_1_64' title='bbox 314 764 419 808; x_wconf 83' lang='lat' dir='ltr'><strong>est</strong></span> <span class='ocrx_word' id='word_1_65' title='bbox 449 752 819 816; x_wconf 73' lang='lat' dir='ltr'><strong>liliiEcclesiae,</strong></span> <span class='ocrx_word' id='word_1_66' title='bbox 850 754 994 823; x_wconf 86' lang='lat' dir='ltr'><strong>quia</strong></span> <span class='ocrx_word' id='word_1_67' title='bbox 1036 757 1243 826; x_wconf 77' lang='lat' dir='ltr'><strong>figuras</strong></span> <span class='ocrx_word' id='word_1_68' title='bbox 1267 759 1396 827; x_wconf 86' lang='lat' dir='ltr'><strong>legis</strong></span> <span class='ocrx_word' id='word_1_69' title='bbox 1417 766 1468 811; x_wconf 89' lang='lat' dir='ltr'><strong>et</strong></span> <span class='ocrx_word' id='word_1_70' title='bbox 1486 757 1764 822; x_wconf 67' lang='lat' dir='ltr'><strong>aenigmata</strong></span> <span class='ocrx_word' id='word_1_71' title='bbox 1866 748 2232 816; x_wconf 86' lang='lat' dir='ltr'><strong>turpitudinis.</strong></span> <span class='ocrx_word' id='word_1_72' title='bbox 2258 747 2311 798; x_wconf 89' lang='lat' dir='ltr'><strong>in</strong></span> <span class='ocrx_word' id='word_1_73' title='bbox 2365 744 2507 798; x_wconf 90' lang='lat' dir='ltr'><strong>nullo</strong></span> <span class='ocrx_word' id='word_1_74' title='bbox 2549 745 2690 796; x_wconf 89' lang='lat' dir='ltr'><strong>enim</strong></span> <span class='ocrx_word' id='word_1_75' title='bbox 2743 752 2917 809; x_wconf 88' lang='lat' dir='ltr'><strong>potest</strong></span> <span class='ocrx_word' id='word_1_76' title='bbox 2966 744 3244 799; x_wconf 85' lang='lat' dir='ltr'><strong>honestum</strong></span> <span class='ocrx_word' id='word_1_77' title='bbox 3275 761 3392 800; x_wconf 90' lang='lat' dir='ltr'><strong>esse</strong></span> <span class='ocrx_word' id='word_1_78' title='bbox 3447 781 3452 786; x_wconf 90' lang='lat'><strong>-</strong></span> 
     </span>
    </p>
   </div>
   <div class='ocr_carea' id='block_1_8' title="bbox 191 837 2313 916">
    <p class='ocr_par' dir='ltr' id='par_1_8' title="bbox 191 837 2313 916">
     <span class='ocr_line' id='line_1_8' title="bbox 191 837 2313 916; baseline 0 -22"><span class='ocrx_word' id='word_1_79' title='bbox 191 842 527 908; x_wconf 82' lang='lat' dir='ltr'><strong>spiritaliter</strong></span> <span class='ocrx_word' id='word_1_80' title='bbox 576 843 916 913; x_wconf 85' lang='lat' dir='ltr'><strong>intelligunt,</strong></span> <span class='ocrx_word' id='word_1_81' title='bbox 976 849 1365 916; x_wconf 64' lang='lat' dir='ltr'><strong>aenigmatista:</strong></span> <span class='ocrx_word' id='word_1_82' title='bbox 1416 844 1760 912; x_wconf 86' lang='lat' dir='ltr'><strong>appellantur.</strong></span> <span class='ocrx_word' id='word_1_83' title='bbox 1865 837 2005 905; x_wconf 89' lang='lat' dir='ltr'><strong>quod</strong></span> <span class='ocrx_word' id='word_1_84' title='bbox 2032 846 2184 902; x_wconf 74' lang='grc' dir='ltr'>ιυιρθ</span> <span class='ocrx_word' id='word_1_85' title='bbox 2213 844 2313 888; x_wconf 65' lang='lat' dir='ltr'><strong>est.</strong></span> 
     </span>
    </p>
   </div>
   <div class='ocr_carea' id='block_1_9' title="bbox 192 918 3392 1004">
    <p class='ocr_par' dir='ltr' id='par_1_9' title="bbox 192 918 3392 1004">
     <span class='ocr_line' id='line_1_9' title="bbox 192 918 3392 1004; baseline -0.004 -19"><span class='ocrx_word' id='word_1_86' title='bbox 192 928 292 983; x_wconf 90' lang='lat' dir='ltr'><strong>Hoc</strong></span> <span class='ocrx_word' id='word_1_87' title='bbox 319 940 427 984; x_wconf 80' lang='lat' dir='ltr'><strong>est</strong></span> <span class='ocrx_word' id='word_1_88' title='bbox 448 933 592 1000; x_wconf 84' lang='lat' dir='ltr'><strong>quod</strong></span> <span class='ocrx_word' id='word_1_89' title='bbox 621 941 675 987; x_wconf 89' lang='lat' dir='ltr'><strong>et</strong></span> <span class='ocrx_word' id='word_1_90' title='bbox 715 930 982 988; x_wconf 84' lang='lat' dir='ltr'><strong>.leremias</strong></span> <span class='ocrx_word' id='word_1_91' title='bbox 1040 935 1250 1004; x_wconf 81' lang='lat' dir='ltr'><strong>ﬁgurali</strong></span> <span class='ocrx_word' id='word_1_92' title='bbox 1293 933 1633 987; x_wconf 90' lang='lat' dir='ltr'><strong>nihilominus</strong></span> <span class='ocrx_word' id='word_1_93' title='bbox 1652 944 1768 983; x_wconf 86' lang='lat' dir='ltr'><strong>ser-</strong></span> <span class='ocrx_word' id='word_1_94' title='bbox 1930 925 1984 976; x_wconf 74' lang='grc'><strong>4.</strong></span> <span class='ocrx_word' id='word_1_95' title='bbox 2017 943 2036 975; x_wconf 83' lang='grc' dir='ltr'><strong>ι</strong></span> <span class='ocrx_word' id='word_1_96' title='bbox 2071 925 2136 977; x_wconf 83' lang='grc' dir='ltr'>Ει</span> <span class='ocrx_word' id='word_1_97' title='bbox 2183 923 2399 990; x_wconf 87' lang='lat' dir='ltr'><strong>profecti</strong></span> <span class='ocrx_word' id='word_1_98' title='bbox 2465 922 2588 975; x_wconf 88' lang='lat' dir='ltr'><strong>inde</strong></span> <span class='ocrx_word' id='word_1_99' title='bbox 2640 921 2733 974; x_wconf 83' lang='lat' dir='ltr'><strong>lilii</strong></span> <span class='ocrx_word' id='word_1_100' title='bbox 2792 918 2954 974; x_wconf 85' lang='lat' dir='ltr'><strong>Israel</strong></span> <span class='ocrx_word' id='word_1_101' title='bbox 3003 920 3392 974; x_wconf 83' lang='lat' dir='ltr'><strong>collocaverunt</strong></span> 
     </span>
    </p>
   </div>
   <div class='ocr_carea' id='block_1_10' title="bbox 186 1008 3390 1094">
    <p class='ocr_par' dir='ltr' id='par_1_10' title="bbox 186 1008 3390 1094">
     <span class='ocr_line' id='line_1_10' title="bbox 186 1008 3390 1094; baseline -0.002 -28"><span class='ocrx_word' id='word_1_102' title='bbox 186 1036 344 1076; x_wconf 74' lang='lat' dir='ltr'><strong>mone</strong></span> <span class='ocrx_word' id='word_1_103' title='bbox 401 1025 685 1094; x_wconf 62' lang='grc' dir='ltr'><strong>ἀθείςηεη,</strong></span> <span class='ocrx_word' id='word_1_104' title='bbox 731 1025 821 1080; x_wconf 70' lang='lat' dir='ltr'><strong>ubi</strong></span> <span class='ocrx_word' id='word_1_105' title='bbox 857 1026 926 1080; x_wconf 67' lang='lat' dir='ltr'><strong>ad</strong></span> <span class='ocrx_word' id='word_1_106' title='bbox 973 1041 1102 1079; x_wconf 69' lang='lat' dir='ltr'><strong>eum</strong></span> <span class='ocrx_word' id='word_1_107' title='bbox 1140 1025 1342 1080; x_wconf 57' lang='lat' dir='ltr'><strong>dicitur</strong></span> <span class='ocrx_word' id='word_1_108' title='bbox 1368 1039 1396 1078; x_wconf 63' lang='grc' dir='ltr'><em>ε</em></span> <span class='ocrx_word' id='word_1_109' title='bbox 1425 1022 1645 1077; x_wconf 74' lang='lat' dir='ltr'><strong>Domino</strong></span> <span class='ocrx_word' id='word_1_110' title='bbox 1675 1021 1760 1074; x_wconf 66' lang='grc' dir='ltr'><strong>’δε</strong></span> <span class='ocrx_word' id='word_1_111' title='bbox 1861 1023 2036 1067; x_wconf 87' lang='lat' dir='ltr'><strong>castra</strong></span> <span class='ocrx_word' id='word_1_112' title='bbox 2086 1014 2154 1066; x_wconf 91' lang='lat' dir='ltr'><strong>ab</strong></span> <span class='ocrx_word' id='word_1_113' title='bbox 2212 1013 2491 1066; x_wconf 86' lang='lat' dir='ltr'><strong>occidente</strong></span> <span class='ocrx_word' id='word_1_114' title='bbox 2533 1010 2685 1064; x_wconf 81' lang='lat' dir='ltr'><strong>Moab</strong></span> <span class='ocrx_word' id='word_1_115' title='bbox 2718 1009 2868 1077; x_wconf 83' lang='lat' dir='ltr'><strong>juxta</strong></span> <span class='ocrx_word' id='word_1_116' title='bbox 2896 1008 3179 1062; x_wconf 86' lang='lat' dir='ltr'><strong>Jordanem</strong></span> <span class='ocrx_word' id='word_1_117' title='bbox 3207 1017 3390 1062; x_wconf 83' lang='lat' dir='ltr'><strong>contra</strong></span> 
     </span>
    </p>
   </div>
   <div class='ocr_carea' id='block_1_11' title="bbox 189 1097 3392 1175">
    <p class='ocr_par' dir='ltr' id='par_1_11' title="bbox 189 1097 3392 1175">
     <span class='ocr_line' id='line_1_11' title="bbox 189 1097 3392 1175; baseline -0.003 -15"><span class='ocrx_word' id='word_1_118' title='bbox 189 1128 207 1160; x_wconf 77' lang='grc' dir='ltr'><strong>ι</strong></span> <span class='ocrx_word' id='word_1_119' title='bbox 236 1112 389 1166; x_wconf 84' lang='lat' dir='ltr'><strong>Ecce</strong></span> <span class='ocrx_word' id='word_1_120' title='bbox 457 1115 584 1168; x_wconf 80' lang='lat' dir='ltr'><strong>dedi</strong></span> <span class='ocrx_word' id='word_1_121' title='bbox 616 1115 778 1168; x_wconf 78' lang='lat' dir='ltr'><strong>verba</strong></span> <span class='ocrx_word' id='word_1_122' title='bbox 816 1130 936 1167; x_wconf 76' lang='lat' dir='ltr'><strong>mea</strong></span> <span class='ocrx_word' id='word_1_123' title='bbox 973 1115 1028 1168; x_wconf 81' lang='lat' dir='ltr'><strong>in</strong></span> <span class='ocrx_word' id='word_1_124' title='bbox 1063 1130 1125 1168; x_wconf 80' lang='lat' dir='ltr'><strong>os</strong></span> <span class='ocrx_word' id='word_1_125' title='bbox 1153 1123 1318 1175; x_wconf 61' lang='lat' dir='ltr'><strong>mum,</strong></span> <span class='ocrx_word' id='word_1_126' title='bbox 1349 1126 1474 1165; x_wconf 83' lang='lat' dir='ltr'><strong>ecce</strong></span> <span class='ocrx_word' id='word_1_127' title='bbox 1516 1110 1761 1163; x_wconf 78' lang='lat' dir='ltr'><strong>constitui</strong></span> <span class='ocrx_word' id='word_1_128' title='bbox 1861 1101 2093 1156; x_wconf 79' lang='lat' dir='ltr'><strong>Jericho.</strong></span> <span class='ocrx_word' id='word_1_129' title='bbox 2150 1103 2215 1155; x_wconf 86' lang='lat' dir='ltr'><strong>El</strong></span> <span class='ocrx_word' id='word_1_130' title='bbox 2263 1111 2320 1154; x_wconf 92' lang='lat' dir='ltr'><strong>ut</strong></span> <span class='ocrx_word' id='word_1_131' title='bbox 2357 1102 2494 1153; x_wconf 76' lang='lat' dir='ltr'><strong>Vidit</strong></span> <span class='ocrx_word' id='word_1_132' title='bbox 2547 1100 2738 1152; x_wconf 89' lang='lat' dir='ltr'><strong>Balach</strong></span> <span class='ocrx_word' id='word_1_133' title='bbox 2797 1099 2938 1152; x_wconf 81' lang='lat' dir='ltr'><strong>filius</strong></span> <span class='ocrx_word' id='word_1_134' title='bbox 2964 1097 3167 1166; x_wconf 85' lang='lat' dir='ltr'><strong>Sephor</strong></span> <span class='ocrx_word' id='word_1_135' title='bbox 3189 1097 3254 1160; x_wconf 79' lang='grc'><em>³⁸,</em></span> <span class='ocrx_word' id='word_1_136' title='bbox 3291 1117 3307 1148; x_wconf 77' lang='grc' dir='ltr'><strong>ι</strong></span> <span class='ocrx_word' id='word_1_137' title='bbox 3338 1109 3392 1150; x_wconf 92' lang='lat' dir='ltr'><strong>et</strong></span> 
     </span>
    </p>
   </div>
   <div class='ocr_carea' id='block_1_12' title="bbox 185 1185 3389 1272">
    <p class='ocr_par' dir='ltr' id='par_1_12' title="bbox 185 1185 3389 1272">
     <span class='ocr_line' id='line_1_12' title="bbox 185 1185 3389 1272; baseline 0 -21"><span class='ocrx_word' id='word_1_138' title='bbox 185 1211 233 1254; x_wconf 91' lang='lat' dir='ltr'><strong>te</strong></span> <span class='ocrx_word' id='word_1_139' title='bbox 257 1202 443 1255; x_wconf 72' lang='lat' dir='ltr'><strong>hodie</strong></span> <span class='ocrx_word' id='word_1_140' title='bbox 476 1217 646 1272; x_wconf 87' lang='lat' dir='ltr'><strong>super</strong></span> <span class='ocrx_word' id='word_1_141' title='bbox 697 1213 882 1272; x_wconf 86' lang='lat' dir='ltr'><strong>gentes</strong></span> <span class='ocrx_word' id='word_1_142' title='bbox 907 1213 963 1258; x_wconf 90' lang='lat' dir='ltr'><strong>et</strong></span> <span class='ocrx_word' id='word_1_143' title='bbox 1009 1217 1202 1272; x_wconf 87' lang='lat' dir='ltr'><strong>regna,</strong></span> <span class='ocrx_word' id='word_1_144' title='bbox 1226 1202 1532 1262; x_wconf 80' lang='lat' dir='ltr'><strong>eradicare,</strong></span> <span class='ocrx_word' id='word_1_145' title='bbox 1555 1210 1607 1254; x_wconf 91' lang='lat' dir='ltr'><strong>et</strong></span> <span class='ocrx_word' id='word_1_146' title='bbox 1638 1201 1763 1253; x_wconf 91' lang='lat' dir='ltr'><strong>sub-</strong></span> <span class='ocrx_word' id='word_1_147' title='bbox 1862 1191 2082 1257; x_wconf 79' lang='lat' dir='ltr'><strong>reliqua-</strong></span> <span class='ocrx_word' id='word_1_148' title='bbox 2135 1189 2322 1243; x_wconf 67' lang='lat' dir='ltr'><strong>omnia</strong></span> <span class='ocrx_word' id='word_1_149' title='bbox 2373 1188 2486 1256; x_wconf 64' lang='lat' dir='ltr'><strong>iam</strong></span> <span class='ocrx_word' id='word_1_150' title='bbox 2512 1203 2628 1255; x_wconf 63' lang='grc' dir='ltr'>(Ιιιω</span> <span class='ocrx_word' id='word_1_151' title='bbox 2657 1188 2722 1240; x_wconf 74' lang='lat' dir='ltr'><strong>de</strong></span> <span class='ocrx_word' id='word_1_152' title='bbox 2768 1186 2984 1239; x_wconf 67' lang='lat' dir='ltr'><strong>Balaam</strong></span> <span class='ocrx_word' id='word_1_153' title='bbox 3014 1196 3068 1239; x_wconf 75' lang='grc' dir='ltr'>ει</span> <span class='ocrx_word' id='word_1_154' title='bbox 3100 1187 3248 1239; x_wconf 69' lang='grc' dir='ltr'><strong>δεῖηίι</strong></span> <span class='ocrx_word' id='word_1_155' title='bbox 3277 1185 3389 1251; x_wconf 67' lang='lat' dir='ltr'><strong>eius</strong></span> 
     </span>
    </p>
   </div>
   <div class='ocr_carea' id='block_1_13' title="bbox 185 1275 3388 1359">
    <p class='ocr_par' dir='ltr' id='par_1_13' title="bbox 185 1275 3388 1359">
     <span class='ocr_line' id='line_1_13' title="bbox 185 1275 3388 1359; baseline -0.002 -28"><span class='ocrx_word' id='word_1_156' title='bbox 185 1299 430 1354; x_wconf 65' lang='lat' dir='ltr'><strong>venere,</strong></span> <span class='ocrx_word' id='word_1_157' title='bbox 460 1301 523 1344; x_wconf 71' lang='grc' dir='ltr'>ει</span> <span class='ocrx_word' id='word_1_158' title='bbox 555 1292 894 1354; x_wconf 55' lang='grc' dir='ltr'><strong>Γεωδίίῑοειιε</strong></span> <span class='ocrx_word' id='word_1_159' title='bbox 944 1302 1000 1346; x_wconf 71' lang='grc' dir='ltr'>ει</span> <span class='ocrx_word' id='word_1_160' title='bbox 1043 1292 1364 1359; x_wconf 65' lang='lat' dir='ltr'><strong>replaniare,</strong></span> <span class='ocrx_word' id='word_1_161' title='bbox 1402 1309 1420 1340; x_wconf 75' lang='grc' dir='ltr'><strong>ι</strong></span> <span class='ocrx_word' id='word_1_162' title='bbox 1455 1291 1591 1354; x_wconf 73' lang='lat' dir='ltr'><strong>Quid</strong></span> <span class='ocrx_word' id='word_1_163' title='bbox 1638 1303 1758 1342; x_wconf 74' lang='lat' dir='ltr'><strong>em-</strong></span> <span class='ocrx_word' id='word_1_164' title='bbox 1860 1281 2171 1332; x_wconf 87' lang='lat' dir='ltr'><strong>scribuntur</strong></span> <span class='ocrx_word' id='word_1_165' title='bbox 2223 1279 2447 1330; x_wconf 85' lang='lat' dir='ltr'><strong>historia</strong></span> <span class='ocrx_word' id='word_1_166' title='bbox 2492 1277 2645 1344; x_wconf 87' lang='lat' dir='ltr'><strong>plena</strong></span> <span class='ocrx_word' id='word_1_167' title='bbox 2680 1275 2903 1344; x_wconf 85' lang='lat' dir='ltr'><strong>negotiis</strong></span> <span class='ocrx_word' id='word_1_168' title='bbox 2940 1292 2953 1327; x_wconf 89' lang='lat'><strong>:</strong></span> <span class='ocrx_word' id='word_1_169' title='bbox 3001 1275 3222 1328; x_wconf 91' lang='lat' dir='ltr'><strong>interior</strong></span> <span class='ocrx_word' id='word_1_170' title='bbox 3249 1288 3388 1359; x_wconf 84' lang='lat' dir='ltr'><strong>vero</strong></span> 
     </span>
    </p>
   </div>
   <div class='ocr_carea' id='block_1_14' title="bbox 182 1358 3387 1448">
    <p class='ocr_par' dir='ltr' id='par_1_14' title="bbox 182 1358 3387 1448">
     <span class='ocr_line' id='line_1_14' title="bbox 182 1358 3387 1448; baseline -0.002 -31"><span class='ocrx_word' id='word_1_171' title='bbox 182 1378 312 1431; x_wconf 62' lang='lat' dir='ltr'><strong>diem</strong></span> <span class='ocrx_word' id='word_1_172' title='bbox 378 1390 446 1432; x_wconf 71' lang='grc' dir='ltr'>ει</span> <span class='ocrx_word' id='word_1_173' title='bbox 496 1382 632 1448; x_wconf 65' lang='lat' dir='ltr'><strong>quid</strong></span> <span class='ocrx_word' id='word_1_174' title='bbox 679 1383 982 1436; x_wconf 50' lang='lat' dir='ltr'><strong>subvenit?</strong></span> <span class='ocrx_word' id='word_1_175' title='bbox 1037 1358 1317 1437; x_wconf 61' lang='lat' dir='ltr'><strong>Cmmlem</strong></span> <span class='ocrx_word' id='word_1_176' title='bbox 1361 1381 1588 1442; x_wconf 56' lang='grc' dir='ltr'><strong>Εεοδοη,</strong></span> <span class='ocrx_word' id='word_1_177' title='bbox 1644 1395 1761 1448; x_wconf 59' lang='grc' dir='ltr'><strong>(ωε</strong></span> <span class='ocrx_word' id='word_1_178' title='bbox 1862 1365 2160 1418; x_wconf 87' lang='lat' dir='ltr'><strong>intellectus</strong></span> <span class='ocrx_word' id='word_1_179' title='bbox 2205 1363 2368 1415; x_wconf 89' lang='lat' dir='ltr'><strong>multo</strong></span> <span class='ocrx_word' id='word_1_180' title='bbox 2425 1363 2768 1429; x_wconf 86' lang='lat' dir='ltr'><strong>negotiosior,</strong></span> <span class='ocrx_word' id='word_1_181' title='bbox 2800 1371 2852 1414; x_wconf 90' lang='lat' dir='ltr'><strong>et</strong></span> <span class='ocrx_word' id='word_1_182' title='bbox 2900 1362 3080 1414; x_wconf 88' lang='lat' dir='ltr'><strong>nescio</strong></span> <span class='ocrx_word' id='word_1_183' title='bbox 3128 1375 3192 1412; x_wconf 88' lang='lat' dir='ltr'><strong>an</strong></span> <span class='ocrx_word' id='word_1_184' title='bbox 3235 1358 3387 1412; x_wconf 79' lang='lat' dir='ltr'><strong>facile</strong></span> 
     </span>
    </p>
   </div>
   <div class='ocr_carea' id='block_1_15' title="bbox 179 1451 3386 1536">
    <p class='ocr_par' dir='ltr' id='par_1_15' title="bbox 179 1451 3386 1536">
     <span class='ocr_line' id='line_1_15' title="bbox 179 1451 3386 1536; baseline -0.002 -29"><span class='ocrx_word' id='word_1_185' title='bbox 179 1466 487 1533; x_wconf 68' lang='grc' dir='ltr'><strong>εηιι-εεῖε</strong></span> <span class='ocrx_word' id='word_1_186' title='bbox 524 1467 693 1521; x_wconf 64' lang='lat' dir='ltr'><strong>Seon,</strong></span> <span class='ocrx_word' id='word_1_187' title='bbox 746 1468 886 1533; x_wconf 73' lang='lat' dir='ltr'><strong>Quid</strong></span> <span class='ocrx_word' id='word_1_188' title='bbox 929 1471 1166 1523; x_wconf 56' lang='lat' dir='ltr'><strong>emam;</strong></span> <span class='ocrx_word' id='word_1_189' title='bbox 1208 1471 1258 1521; x_wconf 80' lang='grc' dir='ltr'><strong>ίη</strong></span> <span class='ocrx_word' id='word_1_190' title='bbox 1299 1483 1357 1522; x_wconf 65' lang='lat' dir='ltr'><strong>ea</strong></span> <span class='ocrx_word' id='word_1_191' title='bbox 1384 1478 1436 1522; x_wconf 70' lang='grc' dir='ltr'>ει</span> <span class='ocrx_word' id='word_1_192' title='bbox 1463 1469 1590 1536; x_wconf 72' lang='lat' dir='ltr'><strong>quid</strong></span> <span class='ocrx_word' id='word_1_193' title='bbox 1635 1468 1760 1520; x_wconf 70' lang='lat' dir='ltr'><strong>sub-</strong></span> <span class='ocrx_word' id='word_1_194' title='bbox 1859 1456 1947 1518; x_wconf 92' lang='lat' dir='ltr'><strong>sit,</strong></span> <span class='ocrx_word' id='word_1_195' title='bbox 1979 1453 2057 1506; x_wconf 88' lang='lat' dir='ltr'><strong>vel</strong></span> <span class='ocrx_word' id='word_1_196' title='bbox 2118 1453 2264 1520; x_wconf 88' lang='lat' dir='ltr'><strong>ipsas</strong></span> <span class='ocrx_word' id='word_1_197' title='bbox 2289 1459 2492 1503; x_wconf 87' lang='lat' dir='ltr'><strong>tantum</strong></span> <span class='ocrx_word' id='word_1_198' title='bbox 2534 1452 2816 1503; x_wconf 89' lang='lat' dir='ltr'><strong>historicas</strong></span> <span class='ocrx_word' id='word_1_199' title='bbox 2845 1451 3132 1518; x_wconf 88' lang='lat' dir='ltr'><strong>explanare</strong></span> <span class='ocrx_word' id='word_1_200' title='bbox 3174 1459 3386 1503; x_wconf 75' lang='lat' dir='ltr'><strong>senten-</strong></span> 
     </span>
    </p>
   </div>
   <div class='ocr_carea' id='block_1_16' title="bbox 181 1552 1758 1623">
    <p class='ocr_par' dir='ltr' id='par_1_16' title="bbox 181 1552 1758 1623">
     <span class='ocr_line' id='line_1_16' title="bbox 181 1552 1758 1623; baseline 0.005 -22"><span class='ocrx_word' id='word_1_201' title='bbox 181 1552 381 1604; x_wconf 70' lang='grc' dir='ltr'><strong>νει·ιίιῖ</strong></span> <span class='ocrx_word' id='word_1_202' title='bbox 419 1553 810 1620; x_wconf 80' lang='lat' dir='ltr'><strong>Cogitationes</strong></span> <span class='ocrx_word' id='word_1_203' title='bbox 843 1557 1034 1623; x_wconf 89' lang='lat' dir='ltr'><strong>impias</strong></span> <span class='ocrx_word' id='word_1_204' title='bbox 1072 1565 1125 1609; x_wconf 91' lang='lat' dir='ltr'><strong>et</strong></span> <span class='ocrx_word' id='word_1_205' title='bbox 1161 1557 1415 1623; x_wconf 81' lang='lat' dir='ltr'><strong>imperas.</strong></span> <span class='ocrx_word' id='word_1_206' title='bbox 1452 1556 1586 1620; x_wconf 83' lang='lat' dir='ltr'><strong>Quid</strong></span> <span class='ocrx_word' id='word_1_207' title='bbox 1625 1570 1758 1608; x_wconf 74' lang='lat' dir='ltr'><strong>rete-</strong></span> 
     </span>
    </p>
   </div>
   <div class='ocr_carea' id='block_1_17' title="bbox 180 1639 1758 1713">
    <p class='ocr_par' dir='ltr' id='par_1_17' title="bbox 180 1639 1758 1713">
     <span class='ocr_line' id='line_1_17' title="bbox 180 1639 1758 1713; baseline 0.004 -23"><span class='ocrx_word' id='word_1_208' title='bbox 180 1639 364 1693; x_wconf 82' lang='lat' dir='ltr'><strong>diﬁcat</strong></span> <span class='ocrx_word' id='word_1_209' title='bbox 419 1642 477 1693; x_wconf 91' lang='lat' dir='ltr'><strong>in</strong></span> <span class='ocrx_word' id='word_1_210' title='bbox 505 1657 570 1695; x_wconf 89' lang='lat' dir='ltr'><strong>ea</strong></span> <span class='ocrx_word' id='word_1_211' title='bbox 602 1652 658 1695; x_wconf 93' lang='lat' dir='ltr'><strong>et</strong></span> <span class='ocrx_word' id='word_1_212' title='bbox 709 1644 836 1711; x_wconf 90' lang='lat' dir='ltr'><strong>quid</strong></span> <span class='ocrx_word' id='word_1_213' title='bbox 890 1644 1195 1711; x_wconf 87' lang='lat' dir='ltr'><strong>replantat?</strong></span> <span class='ocrx_word' id='word_1_214' title='bbox 1239 1644 1601 1713; x_wconf 81' lang='lat' dir='ltr'><strong>Cogitationes</strong></span> <span class='ocrx_word' id='word_1_215' title='bbox 1644 1645 1758 1712; x_wconf 88' lang='lat' dir='ltr'><strong>pias</strong></span> 
     </span>
    </p>
   </div>
   <div class='ocr_carea' id='block_1_18' title="bbox 1861 1537 3384 1604">
    <p class='ocr_par' dir='ltr' id='par_1_18' title="bbox 1861 1537 3384 1604">
     <span class='ocr_line' id='line_1_18' title="bbox 1861 1537 3384 1604; baseline -0.004 -10"><span class='ocrx_word' id='word_1_216' title='bbox 1861 1542 1982 1594; x_wconf 88' lang='lat' dir='ltr'><strong>tias.</strong></span> <span class='ocrx_word' id='word_1_217' title='bbox 2007 1543 2112 1594; x_wconf 83' lang='lat' dir='ltr'><strong>Deo</strong></span> <span class='ocrx_word' id='word_1_218' title='bbox 2169 1550 2341 1592; x_wconf 88' lang='lat' dir='ltr'><strong>tamen</strong></span> <span class='ocrx_word' id='word_1_219' title='bbox 2392 1539 2644 1600; x_wconf 86' lang='lat' dir='ltr'><strong>donante,</strong></span> <span class='ocrx_word' id='word_1_220' title='bbox 2681 1537 2910 1590; x_wconf 88' lang='lat' dir='ltr'><strong>breviter</strong></span> <span class='ocrx_word' id='word_1_221' title='bbox 2955 1552 3072 1604; x_wconf 73' lang='lat' dir='ltr'><strong>qua:</strong></span> <span class='ocrx_word' id='word_1_222' title='bbox 3109 1551 3384 1602; x_wconf 84' lang='lat' dir='ltr'><strong>possumus</strong></span> 
     </span>
    </p>
   </div>
   <div class='ocr_carea' id='block_1_19' title="bbox 1861 1623 3376 1697">
    <p class='ocr_par' dir='ltr' id='par_1_19' title="bbox 1861 1623 3376 1697">
     <span class='ocr_line' id='line_1_19' title="bbox 1861 1623 3376 1697; baseline -0.002 -17"><span class='ocrx_word' id='word_1_223' title='bbox 1861 1628 2292 1697; x_wconf 87' lang='lat' dir='ltr'><strong>perstringemus.</strong></span> <span class='ocrx_word' id='word_1_224' title='bbox 2352 1623 2548 1677; x_wconf 86' lang='lat' dir='ltr'><strong>Bellum</strong></span> <span class='ocrx_word' id='word_1_225' title='bbox 2603 1626 2697 1678; x_wconf 88' lang='lat' dir='ltr'><strong>tibi</strong></span> <span class='ocrx_word' id='word_1_226' title='bbox 2756 1626 3017 1690; x_wconf 86' lang='lat' dir='ltr'><strong>imminet,</strong></span> <span class='ocrx_word' id='word_1_227' title='bbox 3058 1641 3089 1677; x_wconf 89' lang='grc' dir='ltr'>ο</span> <span class='ocrx_word' id='word_1_228' title='bbox 3125 1641 3216 1679; x_wconf 84' lang='lat' dir='ltr'><strong>rex</strong></span> <span class='ocrx_word' id='word_1_229' title='bbox 3273 1625 3376 1677; x_wconf 90' lang='lat' dir='ltr'><strong>Ba-</strong></span> 
     </span>
    </p>
   </div>
   <div class='ocr_carea' id='block_1_20' title="bbox 181 1703 1756 1791">
    <p class='ocr_par' dir='ltr' id='par_1_20' title="bbox 181 1703 1756 1791">
     <span class='ocr_line' id='line_1_20' title="bbox 181 1703 1756 1791; baseline 0.003 -13"><span class='ocrx_word' id='word_1_230' title='bbox 181 1735 229 1778; x_wconf 82' lang='lat' dir='ltr'><strong>et</strong></span> <span class='ocrx_word' id='word_1_231' title='bbox 248 1738 474 1791; x_wconf 85' lang='lat' dir='ltr'><strong>castas,</strong></span> <span class='ocrx_word' id='word_1_232' title='bbox 516 1739 578 1781; x_wconf 93' lang='lat' dir='ltr'><strong>ut</strong></span> <span class='ocrx_word' id='word_1_233' title='bbox 631 1729 1139 1784; x_wconf 75' lang='lat' dir='ltr'><strong>elﬁciatur‘Esebon</strong></span> <span class='ocrx_word' id='word_1_234' title='bbox 1191 1703 1376 1785; x_wconf 68' lang='lat' dir='ltr'><strong>civitas</strong></span> <span class='ocrx_word' id='word_1_235' title='bbox 1427 1746 1528 1784; x_wconf 92' lang='lat' dir='ltr'><strong>non</strong></span> <span class='ocrx_word' id='word_1_236' title='bbox 1569 1734 1756 1785; x_wconf 55' lang='lat' dir='ltr'><strong>Amor»</strong></span> 
     </span>
    </p>
   </div>
   <div class='ocr_carea' id='block_1_21' title="bbox 1845 1703 3382 1791">
    <p class='ocr_par' dir='ltr' id='par_1_21' title="bbox 1857 1710 3382 1780">
     <span class='ocr_line' id='line_1_21' title="bbox 1857 1710 3382 1780; baseline -0.001 -14"><span class='ocrx_word' id='word_1_237' title='bbox 1857 1715 1994 1777; x_wconf 85' lang='lat' dir='ltr'><strong>lach,</strong></span> <span class='ocrx_word' id='word_1_238' title='bbox 2029 1714 2103 1766; x_wconf 77' lang='lat' dir='ltr'><strong>{ili</strong></span> <span class='ocrx_word' id='word_1_239' title='bbox 2134 1713 2340 1780; x_wconf 90' lang='lat' dir='ltr'><strong>Sephor</strong></span> <span class='ocrx_word' id='word_1_240' title='bbox 2368 1729 2380 1763; x_wconf 95' lang='lat'>:</span> <span class='ocrx_word' id='word_1_241' title='bbox 2412 1721 2663 1765; x_wconf 82' lang='lat' dir='ltr'><strong>sexcenta</strong></span> <span class='ocrx_word' id='word_1_242' title='bbox 2699 1712 2860 1764; x_wconf 86' lang='lat' dir='ltr'><strong>millia</strong></span> <span class='ocrx_word' id='word_1_243' title='bbox 2900 1721 3224 1764; x_wconf 88' lang='lat' dir='ltr'><strong>armatorum</strong></span> <span class='ocrx_word' id='word_1_244' title='bbox 3253 1710 3382 1764; x_wconf 80' lang='lat' dir='ltr'><strong>fines</strong></span> 
     </span>
    </p>
   </div>
   <div class='ocr_carea' id='block_1_22' title="bbox 182 1814 1104 1881">
    <p class='ocr_par' dir='ltr' id='par_1_22' title="bbox 182 1814 1104 1881">
     <span class='ocr_line' id='line_1_22' title="bbox 182 1814 1104 1881; baseline 0.008 -18"><span class='ocrx_word' id='word_1_245' title='bbox 182 1814 492 1877; x_wconf 72' lang='lat' dir='ltr'><strong>rhzeorum,</strong></span> <span class='ocrx_word' id='word_1_246' title='bbox 535 1815 634 1867; x_wconf 91' lang='lat' dir='ltr'><strong>sed</strong></span> <span class='ocrx_word' id='word_1_247' title='bbox 666 1815 900 1881; x_wconf 83' lang='lat' dir='ltr'><strong>filiorum</strong></span> <span class='ocrx_word' id='word_1_248' title='bbox 923 1815 1104 1870; x_wconf 89' lang='lat' dir='ltr'><strong>Israel.</strong></span> 
     </span>
    </p>
   </div>
   <div class='ocr_carea' id='block_1_23' title="bbox 241 1898 1756 1974">
    <p class='ocr_par' dir='ltr' id='par_1_23' title="bbox 241 1898 1756 1974">
     <span class='ocr_line' id='line_1_23' title="bbox 241 1898 1756 1974; baseline 0.005 -23"><span class='ocrx_word' id='word_1_249' title='bbox 241 1899 291 1952; x_wconf 80' lang='lat'><strong>&#39;5.</strong></span> <span class='ocrx_word' id='word_1_250' title='bbox 318 1898 449 1953; x_wconf 87' lang='lat' dir='ltr'><strong>Sed</strong></span> <span class='ocrx_word' id='word_1_251' title='bbox 489 1901 538 1954; x_wconf 88' lang='lat' dir='ltr'><strong>si</strong></span> <span class='ocrx_word' id='word_1_252' title='bbox 592 1903 856 1958; x_wconf 89' lang='lat' dir='ltr'><strong>volumus</strong></span> <span class='ocrx_word' id='word_1_253' title='bbox 879 1905 1084 1973; x_wconf 85' lang='lat' dir='ltr'><strong>singula</strong></span> <span class='ocrx_word' id='word_1_254' title='bbox 1121 1906 1389 1974; x_wconf 85' lang='lat' dir='ltr'><strong>persequi,</strong></span> <span class='ocrx_word' id='word_1_255' title='bbox 1415 1905 1756 1959; x_wconf 86' lang='lat' dir='ltr'><strong>excludetnur</strong></span> 
     </span>
    </p>
   </div>
   <div class='ocr_carea' id='block_1_24' title="bbox 179 1995 1754 2066">
    <p class='ocr_par' dir='ltr' id='par_1_24' title="bbox 179 1995 1754 2066">
     <span class='ocr_line' id='line_1_24' title="bbox 179 1995 1754 2066; baseline 0.003 -21"><span class='ocrx_word' id='word_1_256' title='bbox 179 2009 204 2044; x_wconf 89' lang='lat' dir='ltr'><strong>a</strong></span> <span class='ocrx_word' id='word_1_257' title='bbox 251 1995 604 2050; x_wconf 83' lang='lat' dir='ltr'><strong>dissertione</strong></span> <span class='ocrx_word' id='word_1_258' title='bbox 661 2011 852 2050; x_wconf 89' lang='lat' dir='ltr'><strong>eorum</strong></span> <span class='ocrx_word' id='word_1_259' title='bbox 910 2013 1027 2065; x_wconf 72' lang='lat' dir='ltr'><strong>quae</strong></span> <span class='ocrx_word' id='word_1_260' title='bbox 1077 2000 1495 2066; x_wconf 82' lang='lat' dir='ltr'><strong>nobis_recitata</strong></span> <span class='ocrx_word' id='word_1_261' title='bbox 1530 2006 1650 2051; x_wconf 91' lang='lat' dir='ltr'><strong>sunt</strong></span> <span class='ocrx_word' id='word_1_262' title='bbox 1689 1999 1754 2050; x_wconf 90' lang='lat' dir='ltr'><strong>de</strong></span> 
     </span>
    </p>
   </div>
   <div class='ocr_carea' id='block_1_25' title="bbox 182 2081 1754 2153">
    <p class='ocr_par' dir='ltr' id='par_1_25' title="bbox 182 2081 1754 2153">
     <span class='ocr_line' id='line_1_25' title="bbox 182 2081 1754 2153; baseline 0.002 -21"><span class='ocrx_word' id='word_1_263' title='bbox 182 2081 407 2136; x_wconf 80' lang='lat' dir='ltr'><strong>Balaam</strong></span> <span class='ocrx_word' id='word_1_264' title='bbox 443 2102 457 2136; x_wconf 88' lang='lat'><strong>:</strong></span> <span class='ocrx_word' id='word_1_265' title='bbox 491 2085 655 2153; x_wconf 86' lang='lat' dir='ltr'><strong>cujus</strong></span> <span class='ocrx_word' id='word_1_266' title='bbox 711 2085 960 2140; x_wconf 87' lang='lat' dir='ltr'><strong>lectionis</strong></span> <span class='ocrx_word' id='word_1_267' title='bbox 1006 2094 1148 2138; x_wconf 88' lang='lat' dir='ltr'><strong>tanta</strong></span> <span class='ocrx_word' id='word_1_268' title='bbox 1211 2085 1492 2139; x_wconf 80' lang='lat' dir='ltr'><strong>diﬂicultas</strong></span> <span class='ocrx_word' id='word_1_269' title='bbox 1540 2094 1644 2148; x_wconf 89' lang='lat' dir='ltr'><strong>est,</strong></span> <span class='ocrx_word' id='word_1_270' title='bbox 1699 2095 1754 2136; x_wconf 91' lang='lat' dir='ltr'><strong>ut</strong></span> 
     </span>
    </p>
   </div>
   <div class='ocr_carea' id='block_1_26' title="bbox 180 2175 1751 2244">
    <p class='ocr_par' dir='ltr' id='par_1_26' title="bbox 180 2175 1751 2244">
     <span class='ocr_line' id='line_1_26' title="bbox 180 2175 1751 2244; baseline 0.003 -23"><span class='ocrx_word' id='word_1_271' title='bbox 180 2175 260 2226; x_wconf 86' lang='lat' dir='ltr'><strong>vix</strong></span> <span class='ocrx_word' id='word_1_272' title='bbox 289 2175 364 2227; x_wconf 86' lang='lat' dir='ltr'><strong>ad</strong></span> <span class='ocrx_word' id='word_1_273' title='bbox 419 2175 678 2228; x_wconf 59' lang='lat' dir='ltr'><strong>historia:</strong></span> <span class='ocrx_word' id='word_1_274' title='bbox 714 2176 888 2244; x_wconf 90' lang='lat' dir='ltr'><strong>ipsius</strong></span> <span class='ocrx_word' id='word_1_275' title='bbox 932 2179 1195 2230; x_wconf 89' lang='lat' dir='ltr'><strong>rationem</strong></span> <span class='ocrx_word' id='word_1_276' title='bbox 1242 2184 1294 2227; x_wconf 92' lang='lat' dir='ltr'><strong>et</strong></span> <span class='ocrx_word' id='word_1_277' title='bbox 1325 2177 1751 2242; x_wconf 87' lang='lat' dir='ltr'><strong>censequentiam</strong></span> 
     </span>
    </p>
   </div>
   <div class='ocr_carea' id='block_1_27' title="bbox 175 2261 1750 2332">
    <p class='ocr_par' dir='ltr' id='par_1_27' title="bbox 175 2261 1750 2332">
     <span class='ocr_line' id='line_1_27' title="bbox 175 2261 1750 2332; baseline 0.001 -20"><span class='ocrx_word' id='word_1_278' title='bbox 175 2261 584 2327; x_wconf 82' lang='lat' dir='ltr'><strong>explanandam</strong></span> <span class='ocrx_word' id='word_1_279' title='bbox 620 2265 908 2329; x_wconf 87' lang='lat' dir='ltr'><strong>pervenire</strong></span> <span class='ocrx_word' id='word_1_280' title='bbox 935 2265 1220 2332; x_wconf 90' lang='lat' dir='ltr'><strong>possimus.</strong></span> <span class='ocrx_word' id='word_1_281' title='bbox 1251 2263 1456 2328; x_wconf 87' lang='lat' dir='ltr'><strong>Quanta</strong></span> <span class='ocrx_word' id='word_1_282' title='bbox 1501 2277 1627 2330; x_wconf 82' lang='lat' dir='ltr'><strong>ergo</strong></span> <span class='ocrx_word' id='word_1_283' title='bbox 1645 2262 1750 2328; x_wconf 86' lang='lat' dir='ltr'><strong>iam</strong></span> 
     </span>
    </p>
   </div>
   <div class='ocr_carea' id='block_1_28' title="bbox 176 2344 1750 2418">
    <p class='ocr_par' dir='ltr' id='par_1_28' title="bbox 176 2344 1750 2418">
     <span class='ocr_line' id='line_1_28' title="bbox 176 2344 1750 2418; baseline 0.001 -20"><span class='ocrx_word' id='word_1_284' title='bbox 176 2344 475 2400; x_wconf 73' lang='lat' dir='ltr'><strong>difﬁcultas</strong></span> <span class='ocrx_word' id='word_1_285' title='bbox 507 2348 672 2401; x_wconf 90' lang='lat' dir='ltr'><strong>nobis</strong></span> <span class='ocrx_word' id='word_1_286' title='bbox 689 2350 795 2401; x_wconf 90' lang='lat' dir='ltr'><strong>erit</strong></span> <span class='ocrx_word' id='word_1_287' title='bbox 818 2349 870 2402; x_wconf 93' lang='lat' dir='ltr'><strong>in</strong></span> <span class='ocrx_word' id='word_1_288' title='bbox 891 2350 1265 2418; x_wconf 80' lang='lat' dir='ltr'><strong>explanatione</strong></span> <span class='ocrx_word' id='word_1_289' title='bbox 1294 2349 1606 2416; x_wconf 89' lang='lat' dir='ltr'><strong>spiritalium</strong></span> <span class='ocrx_word' id='word_1_290' title='bbox 1629 2364 1750 2402; x_wconf 88' lang='lat' dir='ltr'><strong>sen-</strong></span> 
     </span>
    </p>
   </div>
   <div class='ocr_carea' id='block_1_29' title="bbox 178 2431 1752 2501">
    <p class='ocr_par' dir='ltr' id='par_1_29' title="bbox 178 2431 1752 2501">
     <span class='ocr_line' id='line_1_29' title="bbox 178 2431 1752 2501; baseline -0.001 -17"><span class='ocrx_word' id='word_1_291' title='bbox 178 2447 354 2495; x_wconf 85' lang='lat' dir='ltr'><strong>suum,</strong></span> <span class='ocrx_word' id='word_1_292' title='bbox 390 2433 438 2485; x_wconf 90' lang='lat' dir='ltr'><strong>si</strong></span> <span class='ocrx_word' id='word_1_293' title='bbox 472 2435 656 2501; x_wconf 84' lang='lat' dir='ltr'><strong>prima</strong></span> <span class='ocrx_word' id='word_1_294' title='bbox 691 2434 807 2498; x_wconf 86' lang='lat' dir='ltr'><strong>ipsa</strong></span> <span class='ocrx_word' id='word_1_295' title='bbox 847 2435 1040 2488; x_wconf 65' lang='lat' dir='ltr'><strong>litterae</strong></span> <span class='ocrx_word' id='word_1_296' title='bbox 1096 2434 1262 2487; x_wconf 82' lang='lat' dir='ltr'><strong>facies</strong></span> <span class='ocrx_word' id='word_1_297' title='bbox 1288 2434 1452 2487; x_wconf 89' lang='lat' dir='ltr'><strong>tantis</strong></span> <span class='ocrx_word' id='word_1_298' title='bbox 1475 2431 1752 2487; x_wconf 75' lang='lat' dir='ltr'><strong>difﬁculta-</strong></span> 
     </span>
    </p>
   </div>
   <div class='ocr_carea' id='block_1_30' title="bbox 181 2520 1753 2591">
    <p class='ocr_par' dir='ltr' id='par_1_30' title="bbox 181 2520 1753 2591">
     <span class='ocr_line' id='line_1_30' title="bbox 181 2520 1753 2591; baseline 0.003 -21"><span class='ocrx_word' id='word_1_299' title='bbox 181 2521 312 2575; x_wconf 53' lang='lat' dir='ltr'><strong>tibus</strong></span> <span class='ocrx_word' id='word_1_300' title='bbox 335 2520 599 2574; x_wconf 88' lang='lat' dir='ltr'><strong>involuta</strong></span> <span class='ocrx_word' id='word_1_301' title='bbox 633 2523 767 2574; x_wconf 83' lang='lat' dir='ltr'><strong>est?</strong></span> <span class='ocrx_word' id='word_1_302' title='bbox 802 2521 905 2576; x_wconf 89' lang='lat' dir='ltr'><strong>Sed</strong></span> <span class='ocrx_word' id='word_1_303' title='bbox 937 2523 1184 2590; x_wconf 84' lang='lat' dir='ltr'><strong>quamvis</strong></span> <span class='ocrx_word' id='word_1_304' title='bbox 1217 2522 1389 2591; x_wconf 85' lang='lat' dir='ltr'><strong>rapiat</strong></span> <span class='ocrx_word' id='word_1_305' title='bbox 1419 2535 1515 2574; x_wconf 90' lang='lat' dir='ltr'><strong>nos</strong></span> <span class='ocrx_word' id='word_1_306' title='bbox 1547 2521 1753 2574; x_wconf 88' lang='lat' dir='ltr'><strong>deside-</strong></span> 
     </span>
    </p>
   </div>
   <div class='ocr_carea' id='block_1_31' title="bbox 179 2608 1752 2677">
    <p class='ocr_par' dir='ltr' id='par_1_31' title="bbox 179 2608 1752 2677">
     <span class='ocr_line' id='line_1_31' title="bbox 179 2608 1752 2677; baseline 0.003 -19"><span class='ocrx_word' id='word_1_307' title='bbox 179 2609 308 2660; x_wconf 89' lang='lat' dir='ltr'><strong>rium</strong></span> <span class='ocrx_word' id='word_1_308' title='bbox 333 2608 413 2661; x_wconf 82' lang='lat' dir='ltr'><strong>ad</strong></span> <span class='ocrx_word' id='word_1_309' title='bbox 437 2623 503 2662; x_wconf 87' lang='lat' dir='ltr'><strong>ea</strong></span> <span class='ocrx_word' id='word_1_310' title='bbox 529 2624 658 2675; x_wconf 74' lang='lat' dir='ltr'><strong>qua:</strong></span> <span class='ocrx_word' id='word_1_311' title='bbox 696 2611 870 2677; x_wconf 88' lang='lat' dir='ltr'><strong>magis</strong></span> <span class='ocrx_word' id='word_1_312' title='bbox 913 2611 1137 2664; x_wconf 89' lang='lat' dir='ltr'><strong>obscura</strong></span> <span class='ocrx_word' id='word_1_313' title='bbox 1161 2621 1282 2664; x_wconf 90' lang='lat' dir='ltr'><strong>sunt</strong></span> <span class='ocrx_word' id='word_1_314' title='bbox 1309 2611 1639 2672; x_wconf 84' lang='lat' dir='ltr'><strong>disserenda,</strong></span> <span class='ocrx_word' id='word_1_315' title='bbox 1675 2618 1752 2662; x_wconf 92' lang='lat' dir='ltr'><strong>ta-</strong></span> 
     </span>
    </p>
   </div>
   <div class='ocr_carea' id='block_1_32' title="bbox 180 2696 1752 2763">
    <p class='ocr_par' dir='ltr' id='par_1_32' title="bbox 180 2696 1752 2763">
     <span class='ocr_line' id='line_1_32' title="bbox 180 2696 1752 2763; baseline 0.003 -18"><span class='ocrx_word' id='word_1_316' title='bbox 180 2707 295 2746; x_wconf 89' lang='lat' dir='ltr'><strong>men</strong></span> <span class='ocrx_word' id='word_1_317' title='bbox 325 2708 446 2747; x_wconf 88' lang='lat' dir='ltr'><strong>non</strong></span> <span class='ocrx_word' id='word_1_318' title='bbox 495 2702 635 2746; x_wconf 88' lang='lat' dir='ltr'><strong>sunt</strong></span> <span class='ocrx_word' id='word_1_319' title='bbox 693 2696 908 2762; x_wconf 90' lang='lat' dir='ltr'><strong>penitus</strong></span> <span class='ocrx_word' id='word_1_320' title='bbox 936 2697 1224 2750; x_wconf 86' lang='lat' dir='ltr'><strong>omittenda</strong></span> <span class='ocrx_word' id='word_1_321' title='bbox 1273 2699 1434 2749; x_wconf 90' lang='lat' dir='ltr'><strong>etiam</strong></span> <span class='ocrx_word' id='word_1_322' title='bbox 1490 2697 1603 2749; x_wconf 72' lang='lat' dir='ltr'><strong>haze</strong></span> <span class='ocrx_word' id='word_1_323' title='bbox 1633 2711 1752 2763; x_wconf 69' lang='lat' dir='ltr'><strong>quae</strong></span> 
     </span>
    </p>
   </div>
   <div class='ocr_carea' id='block_1_33' title="bbox 179 2781 1749 2852">
    <p class='ocr_par' dir='ltr' id='par_1_33' title="bbox 179 2781 1749 2852">
     <span class='ocr_line' id='line_1_33' title="bbox 179 2781 1749 2852; baseline 0.004 -20"><span class='ocrx_word' id='word_1_324' title='bbox 179 2782 346 2834; x_wconf 85' lang='lat' dir='ltr'><strong>media</strong></span> <span class='ocrx_word' id='word_1_325' title='bbox 403 2781 754 2834; x_wconf 86' lang='lat' dir='ltr'><strong>referuntur.</strong></span> <span class='ocrx_word' id='word_1_326' title='bbox 784 2783 972 2836; x_wconf 83' lang='lat' dir='ltr'><strong>Postea</strong></span> <span class='ocrx_word' id='word_1_327' title='bbox 1026 2785 1170 2837; x_wconf 90' lang='lat' dir='ltr'><strong>enim</strong></span> <span class='ocrx_word' id='word_1_328' title='bbox 1200 2800 1357 2852; x_wconf 89' lang='lat' dir='ltr'><strong>quam</strong></span> <span class='ocrx_word' id='word_1_329' title='bbox 1404 2785 1749 2838; x_wconf 89' lang='lat' dir='ltr'><strong>obtinuerunt</strong></span> 
     </span>
    </p>
   </div>
   <div class='ocr_carea' id='block_1_34' title="bbox 180 2866 1750 2935">
    <p class='ocr_par' dir='ltr' id='par_1_34' title="bbox 180 2866 1750 2935">
     <span class='ocr_line' id='line_1_34' title="bbox 180 2866 1750 2935; baseline 0.004 -17"><span class='ocrx_word' id='word_1_330' title='bbox 180 2866 268 2920; x_wconf 82' lang='lat' dir='ltr'><strong>lilii</strong></span> <span class='ocrx_word' id='word_1_331' title='bbox 322 2868 500 2922; x_wconf 80' lang='lat' dir='ltr'><strong>Israel</strong></span> <span class='ocrx_word' id='word_1_332' title='bbox 547 2869 815 2922; x_wconf 85' lang='lat' dir='ltr'><strong>civitates</strong></span> <span class='ocrx_word' id='word_1_333' title='bbox 859 2870 1333 2935; x_wconf 72' lang='lat' dir='ltr'><strong>Amorrhmorum,</strong></span> <span class='ocrx_word' id='word_1_334' title='bbox 1375 2874 1750 2930; x_wconf 76' lang='lat' dir='ltr'><strong>ascenderunt</strong></span> 
     </span>
    </p>
   </div>
   <div class='ocr_carea' id='block_1_35' title="bbox 177 2959 1811 3048">
    <p class='ocr_par' dir='ltr' id='par_1_35' title="bbox 177 2959 1811 3048">
     <span class='ocr_line' id='line_1_35' title="bbox 177 2959 1811 3048; baseline 0.006 -41"><span class='ocrx_word' id='word_1_335' title='bbox 177 2961 336 3009; x_wconf 85' lang='lat' dir='ltr'><strong>etiam</strong></span> <span class='ocrx_word' id='word_1_336' title='bbox 376 2960 554 3024; x_wconf 88' lang='lat' dir='ltr'><strong>viam,</strong></span> <span class='ocrx_word' id='word_1_337' title='bbox 589 2973 718 3026; x_wconf 66' lang='lat' dir='ltr'><strong>quae</strong></span> <span class='ocrx_word' id='word_1_338' title='bbox 747 2959 899 3011; x_wconf 90' lang='lat' dir='ltr'><strong>ducit</strong></span> <span class='ocrx_word' id='word_1_339' title='bbox 935 2959 986 3011; x_wconf 89' lang='lat' dir='ltr'><strong>itt</strong></span> <span class='ocrx_word' id='word_1_340' title='bbox 1039 2959 1233 3028; x_wconf 87' lang='lat' dir='ltr'><strong>Basan,</strong></span> <span class='ocrx_word' id='word_1_341' title='bbox 1269 2963 1354 3015; x_wconf 89' lang='lat' dir='ltr'><strong>ubi</strong></span> <span class='ocrx_word' id='word_1_342' title='bbox 1389 2961 1601 3031; x_wconf 77' lang='lat' dir='ltr'><strong>eratOg</strong></span> <span class='ocrx_word' id='word_1_343' title='bbox 1654 2980 1742 3018; x_wconf 90' lang='lat' dir='ltr'><strong>rex</strong></span> <span class='ocrx_word' id='word_1_344' title='bbox 1771 2994 1811 3048; x_wconf 67' lang='grc' dir='ltr'>ο</span> 
     </span>
    </p>
   </div>
   <div class='ocr_carea' id='block_1_36' title="bbox 178 3044 1746 3120">
    <p class='ocr_par' dir='ltr' id='par_1_36' title="bbox 178 3044 1746 3120">
     <span class='ocr_line' id='line_1_36' title="bbox 178 3044 1746 3120; baseline 0.004 -23"><span class='ocrx_word' id='word_1_345' title='bbox 178 3044 344 3099; x_wconf 77' lang='lat' dir='ltr'><strong>Basan</strong></span> <span class='ocrx_word' id='word_1_346' title='bbox 384 3063 398 3097; x_wconf 89' lang='lat'><strong>:</strong></span> <span class='ocrx_word' id='word_1_347' title='bbox 427 3047 529 3100; x_wconf 89' lang='lat' dir='ltr'><strong>sed</strong></span> <span class='ocrx_word' id='word_1_348' title='bbox 555 3049 627 3100; x_wconf 90' lang='lat' dir='ltr'><strong>ad</strong></span> <span class='ocrx_word' id='word_1_349' title='bbox 667 3048 815 3100; x_wconf 90' lang='lat' dir='ltr'><strong>hunc</strong></span> <span class='ocrx_word' id='word_1_350' title='bbox 839 3061 1012 3113; x_wconf 89' lang='lat' dir='ltr'><strong>neque</strong></span> <span class='ocrx_word' id='word_1_351' title='bbox 1047 3047 1253 3118; x_wconf 81' lang='lat' dir='ltr'><strong>legatos</strong></span> <span class='ocrx_word' id='word_1_352' title='bbox 1285 3051 1492 3104; x_wconf 90' lang='lat' dir='ltr'><strong>mittere</strong></span> <span class='ocrx_word' id='word_1_353' title='bbox 1521 3052 1746 3120; x_wconf 85' lang='lat' dir='ltr'><strong>dignan-</strong></span> 
     </span>
    </p>
   </div>
   <div class='ocr_carea' id='block_1_37' title="bbox 178 3136 1747 3208">
    <p class='ocr_par' dir='ltr' id='par_1_37' title="bbox 178 3136 1747 3208">
     <span class='ocr_line' id='line_1_37' title="bbox 178 3136 1747 3208; baseline 0.004 -22"><span class='ocrx_word' id='word_1_354' title='bbox 178 3146 276 3196; x_wconf 90' lang='lat' dir='ltr'><strong>tur,</strong></span> <span class='ocrx_word' id='word_1_355' title='bbox 317 3151 505 3204; x_wconf 89' lang='lat' dir='ltr'><strong>neque</strong></span> <span class='ocrx_word' id='word_1_356' title='bbox 548 3144 746 3202; x_wconf 87' lang='lat' dir='ltr'><strong>petere</strong></span> <span class='ocrx_word' id='word_1_357' title='bbox 779 3136 846 3189; x_wconf 92' lang='lat' dir='ltr'><strong>ab</strong></span> <span class='ocrx_word' id='word_1_358' title='bbox 873 3151 959 3198; x_wconf 91' lang='lat' dir='ltr'><strong>eo,</strong></span> <span class='ocrx_word' id='word_1_359' title='bbox 988 3145 1046 3190; x_wconf 92' lang='lat' dir='ltr'><strong>ut</strong></span> <span class='ocrx_word' id='word_1_360' title='bbox 1101 3152 1198 3206; x_wconf 88' lang='lat' dir='ltr'><strong>per</strong></span> <span class='ocrx_word' id='word_1_361' title='bbox 1232 3147 1426 3191; x_wconf 85' lang='lat' dir='ltr'><strong>terram</strong></span> <span class='ocrx_word' id='word_1_362' title='bbox 1451 3139 1747 3208; x_wconf 83' lang='lat' dir='ltr'><strong>eiustrans-</strong></span> 
     </span>
    </p>
   </div>
   <div class='ocr_carea' id='block_1_38' title="bbox 181 3227 1748 3296">
    <p class='ocr_par' dir='ltr' id='par_1_38' title="bbox 181 3227 1748 3296">
     <span class='ocr_line' id='line_1_38' title="bbox 181 3227 1748 3296; baseline 0.003 -21"><span class='ocrx_word' id='word_1_363' title='bbox 181 3233 332 3289; x_wconf 86' lang='lat' dir='ltr'><strong>cant,</strong></span> <span class='ocrx_word' id='word_1_364' title='bbox 375 3228 471 3279; x_wconf 90' lang='lat' dir='ltr'><strong>sed</strong></span> <span class='ocrx_word' id='word_1_365' title='bbox 493 3228 767 3279; x_wconf 89' lang='lat' dir='ltr'><strong>continuo</strong></span> <span class='ocrx_word' id='word_1_366' title='bbox 816 3227 1252 3295; x_wconf 82' lang='lat' dir='ltr'><strong>conﬂiguntcum</strong></span> <span class='ocrx_word' id='word_1_367' title='bbox 1294 3242 1356 3282; x_wconf 91' lang='lat' dir='ltr'><strong>eo</strong></span> <span class='ocrx_word' id='word_1_368' title='bbox 1412 3238 1467 3282; x_wconf 91' lang='lat' dir='ltr'><strong>et</strong></span> <span class='ocrx_word' id='word_1_369' title='bbox 1494 3237 1748 3296; x_wconf 87' lang='lat' dir='ltr'><strong>superant</strong></span> 
     </span>
    </p>
   </div>
   <div class='ocr_carea' id='block_1_39' title="bbox 179 3315 1746 3384">
    <p class='ocr_par' dir='ltr' id='par_1_39' title="bbox 179 3315 1746 3384">
     <span class='ocr_line' id='line_1_39' title="bbox 179 3315 1746 3384; baseline 0.003 -19"><span class='ocrx_word' id='word_1_370' title='bbox 179 3326 282 3366; x_wconf 85' lang='lat' dir='ltr'><strong>tam</strong></span> <span class='ocrx_word' id='word_1_371' title='bbox 313 3317 497 3384; x_wconf 84' lang='lat' dir='ltr'><strong>ipsum</strong></span> <span class='ocrx_word' id='word_1_372' title='bbox 557 3330 730 3382; x_wconf 88' lang='lat' dir='ltr'><strong>quam</strong></span> <span class='ocrx_word' id='word_1_373' title='bbox 785 3315 1039 3383; x_wconf 89' lang='lat' dir='ltr'><strong>populum</strong></span> <span class='ocrx_word' id='word_1_374' title='bbox 1093 3315 1276 3383; x_wconf 89' lang='lat' dir='ltr'><strong>ipsius.</strong></span> <span class='ocrx_word' id='word_1_375' title='bbox 1309 3315 1591 3370; x_wconf 76' lang='lat' dir='ltr'><strong>Videamus</strong></span> <span class='ocrx_word' id='word_1_376' title='bbox 1621 3317 1746 3384; x_wconf 81' lang='lat' dir='ltr'><strong>ergo</strong></span> 
     </span>
    </p>
   </div>
   <div class='ocr_carea' id='block_1_40' title="bbox 176 3402 1740 3474">
    <p class='ocr_par' dir='ltr' id='par_1_40' title="bbox 176 3402 1740 3474">
     <span class='ocr_line' id='line_1_40' title="bbox 176 3402 1740 3474; baseline 0.001 -20"><span class='ocrx_word' id='word_1_377' title='bbox 176 3419 291 3469; x_wconf 74' lang='lat' dir='ltr'><strong>quae</strong></span> <span class='ocrx_word' id='word_1_378' title='bbox 309 3416 392 3457; x_wconf 86' lang='lat' dir='ltr'><strong>est</strong></span> <span class='ocrx_word' id='word_1_379' title='bbox 425 3403 637 3457; x_wconf 87' lang='lat' dir='ltr'><strong>Basan.</strong></span> <span class='ocrx_word' id='word_1_380' title='bbox 667 3402 846 3455; x_wconf 87' lang='lat' dir='ltr'><strong>Basan</strong></span> <span class='ocrx_word' id='word_1_381' title='bbox 880 3403 1264 3471; x_wconf 81' lang='lat' dir='ltr'><strong>interpretatur</strong></span> <span class='ocrx_word' id='word_1_382' title='bbox 1302 3406 1567 3472; x_wconf 78' lang='lat' dir='ltr'><strong>turpitudo</strong></span> <span class='ocrx_word' id='word_1_383' title='bbox 1593 3405 1740 3474; x_wconf 67' lang='lat'><strong>(42):</strong></span> 
     </span>
    </p>
   </div>
   <div class='ocr_carea' id='block_1_41' title="bbox 174 3491 1731 3563">
    <p class='ocr_par' dir='ltr' id='par_1_41' title="bbox 174 3491 1731 3563">
     <span class='ocr_line' id='line_1_41' title="bbox 174 3491 1731 3563; baseline 0.006 -20"><span class='ocrx_word' id='word_1_384' title='bbox 174 3492 371 3545; x_wconf 84' lang='lat' dir='ltr'><strong>merito</strong></span> <span class='ocrx_word' id='word_1_385' title='bbox 396 3509 531 3563; x_wconf 81' lang='lat' dir='ltr'><strong>ergo</strong></span> <span class='ocrx_word' id='word_1_386' title='bbox 566 3507 672 3546; x_wconf 90' lang='lat' dir='ltr'><strong>nec</strong></span> <span class='ocrx_word' id='word_1_387' title='bbox 706 3491 871 3558; x_wconf 81' lang='lat' dir='ltr'><strong>legati</strong></span> <span class='ocrx_word' id='word_1_388' title='bbox 897 3491 1183 3546; x_wconf 88' lang='lat' dir='ltr'><strong>mittuntur</strong></span> <span class='ocrx_word' id='word_1_389' title='bbox 1219 3499 1283 3547; x_wconf 88' lang='lat' dir='ltr'><strong>ad</strong></span> <span class='ocrx_word' id='word_1_390' title='bbox 1313 3496 1470 3547; x_wconf 86' lang='lat' dir='ltr'><strong>istam</strong></span> <span class='ocrx_word' id='word_1_391' title='bbox 1500 3506 1731 3563; x_wconf 86' lang='lat' dir='ltr'><strong>gentem,</strong></span> 
     </span>
    </p>
   </div>
   <div class='ocr_carea' id='block_1_42' title="bbox 173 3585 1741 3652">
    <p class='ocr_par' dir='ltr' id='par_1_42' title="bbox 173 3585 1741 3652">
     <span class='ocr_line' id='line_1_42' title="bbox 173 3585 1741 3652; baseline 0.008 -21"><span class='ocrx_word' id='word_1_392' title='bbox 173 3597 272 3636; x_wconf 83' lang='lat' dir='ltr'><strong>nec</strong></span> <span class='ocrx_word' id='word_1_393' title='bbox 304 3586 577 3637; x_wconf 87' lang='lat' dir='ltr'><strong>transitus</strong></span> <span class='ocrx_word' id='word_1_394' title='bbox 622 3599 720 3651; x_wconf 88' lang='lat' dir='ltr'><strong>per</strong></span> <span class='ocrx_word' id='word_1_395' title='bbox 744 3591 944 3636; x_wconf 89' lang='lat' dir='ltr'><strong>terram</strong></span> <span class='ocrx_word' id='word_1_396' title='bbox 975 3587 1090 3650; x_wconf 85' lang='lat' dir='ltr'><strong>eius</strong></span> <span class='ocrx_word' id='word_1_397' title='bbox 1109 3585 1361 3652; x_wconf 89' lang='lat' dir='ltr'><strong>poscitur.</strong></span> <span class='ocrx_word' id='word_1_398' title='bbox 1393 3588 1579 3640; x_wconf 80' lang='lat' dir='ltr'><strong>Nullus</strong></span> <span class='ocrx_word' id='word_1_399' title='bbox 1602 3593 1741 3643; x_wconf 89' lang='lat' dir='ltr'><strong>enim</strong></span> 
     </span>
    </p>
   </div>
   <div class='ocr_carea' id='block_1_43' title="bbox 173 3671 1744 3738">
    <p class='ocr_par' dir='ltr' id='par_1_43' title="bbox 173 3671 1744 3738">
     <span class='ocr_line' id='line_1_43' title="bbox 173 3671 1744 3738; baseline 0.006 -18"><span class='ocrx_word' id='word_1_400' title='bbox 173 3671 329 3726; x_wconf 87' lang='lat' dir='ltr'><strong>nobis</strong></span> <span class='ocrx_word' id='word_1_401' title='bbox 365 3677 645 3727; x_wconf 85' lang='lat' dir='ltr'><strong>transitus</strong></span> <span class='ocrx_word' id='word_1_402' title='bbox 681 3672 846 3726; x_wconf 89' lang='lat' dir='ltr'><strong>debet</strong></span> <span class='ocrx_word' id='word_1_403' title='bbox 873 3686 1012 3738; x_wconf 89' lang='lat' dir='ltr'><strong>esse,</strong></span> <span class='ocrx_word' id='word_1_404' title='bbox 1061 3675 1235 3728; x_wconf 92' lang='lat' dir='ltr'><strong>nullus</strong></span> <span class='ocrx_word' id='word_1_405' title='bbox 1263 3691 1510 3730; x_wconf 85' lang='lat' dir='ltr'><strong>accessus</strong></span> <span class='ocrx_word' id='word_1_406' title='bbox 1537 3681 1601 3730; x_wconf 88' lang='lat' dir='ltr'><strong>ad</strong></span> <span class='ocrx_word' id='word_1_407' title='bbox 1633 3690 1744 3730; x_wconf 87' lang='lat' dir='ltr'><strong>tur-</strong></span> 
     </span>
    </p>
   </div>
   <div class='ocr_carea' id='block_1_44' title="bbox 169 3758 1743 3832">
    <p class='ocr_par' dir='ltr' id='par_1_44' title="bbox 169 3758 1743 3832">
     <span class='ocr_line' id='line_1_44' title="bbox 169 3758 1743 3832; baseline 0.007 -24"><span class='ocrx_word' id='word_1_408' title='bbox 169 3758 478 3820; x_wconf 81' lang='lat' dir='ltr'><strong>pitudinem</strong></span> <span class='ocrx_word' id='word_1_409' title='bbox 513 3776 526 3810; x_wconf 89' lang='lat'>:</span> <span class='ocrx_word' id='word_1_410' title='bbox 565 3761 664 3813; x_wconf 87' lang='lat' dir='ltr'><strong>sed</strong></span> <span class='ocrx_word' id='word_1_411' title='bbox 725 3760 795 3813; x_wconf 89' lang='lat' dir='ltr'><strong>ab</strong></span> <span class='ocrx_word' id='word_1_412' title='bbox 856 3758 1014 3812; x_wconf 88' lang='lat' dir='ltr'><strong>initio</strong></span> <span class='ocrx_word' id='word_1_413' title='bbox 1065 3762 1243 3813; x_wconf 86' lang='lat' dir='ltr'><strong>statim</strong></span> <span class='ocrx_word' id='word_1_414' title='bbox 1275 3766 1644 3832; x_wconf 83' lang='lat' dir='ltr'><strong>expugnanda,</strong></span> <span class='ocrx_word' id='word_1_415' title='bbox 1690 3776 1743 3819; x_wconf 91' lang='lat' dir='ltr'><strong>et</strong></span> 
     </span>
    </p>
   </div>
   <div class='ocr_carea' id='block_1_45' title="bbox 169 3847 1743 3916">
    <p class='ocr_par' dir='ltr' id='par_1_45' title="bbox 169 3847 1743 3916">
     <span class='ocr_line' id='line_1_45' title="bbox 169 3847 1743 3916; baseline 0.006 -18"><span class='ocrx_word' id='word_1_416' title='bbox 169 3847 485 3902; x_wconf 88' lang='lat' dir='ltr'><strong>omnimode</strong></span> <span class='ocrx_word' id='word_1_417' title='bbox 518 3849 767 3901; x_wconf 90' lang='lat' dir='ltr'><strong>cavenda</strong></span> <span class='ocrx_word' id='word_1_418' title='bbox 808 3860 911 3902; x_wconf 91' lang='lat' dir='ltr'><strong>est.</strong></span> <span class='ocrx_word' id='word_1_419' title='bbox 964 3849 1042 3916; x_wconf 86' lang='lat' dir='ltr'><strong>0g</strong></span> <span class='ocrx_word' id='word_1_420' title='bbox 1075 3861 1251 3902; x_wconf 90' lang='lat' dir='ltr'><strong>autem</strong></span> <span class='ocrx_word' id='word_1_421' title='bbox 1276 3853 1380 3916; x_wconf 70' lang='lat' dir='ltr'><strong>qui</strong></span> <span class='ocrx_word' id='word_1_422' title='bbox 1428 3868 1515 3905; x_wconf 85' lang='lat' dir='ltr'><strong>rex</strong></span> <span class='ocrx_word' id='word_1_423' title='bbox 1551 3855 1743 3908; x_wconf 73' lang='lat' dir='ltr'><strong>dicitur</strong></span> 
     </span>
    </p>
   </div>
   <div class='ocr_carea' id='block_1_46' title="bbox 170 3935 1742 4007">
    <p class='ocr_par' dir='ltr' id='par_1_46' title="bbox 170 3935 1742 4007">
     <span class='ocr_line' id='line_1_46' title="bbox 170 3935 1742 4007; baseline 0.006 -22"><span class='ocrx_word' id='word_1_424' title='bbox 170 3948 293 3986; x_wconf 76' lang='lat' dir='ltr'><strong>esse</strong></span> <span class='ocrx_word' id='word_1_425' title='bbox 319 3935 843 3999; x_wconf 79' lang='lat' dir='ltr'><strong>Basan,inlerclusio</strong></span> <span class='ocrx_word' id='word_1_426' title='bbox 879 3936 1259 4002; x_wconf 86' lang='lat' dir='ltr'><strong>interpretatur</strong></span> <span class='ocrx_word' id='word_1_427' title='bbox 1283 3939 1415 4007; x_wconf 69' lang='grc'><strong>(45).</strong></span> <span class='ocrx_word' id='word_1_428' title='bbox 1450 3940 1624 3993; x_wconf 80' lang='lat' dir='ltr'><strong>Potest</strong></span> <span class='ocrx_word' id='word_1_429' title='bbox 1657 3944 1742 3996; x_wconf 91' lang='lat' dir='ltr'><strong>hic</strong></span> 
     </span>
    </p>
   </div>
   <div class='ocr_carea' id='block_1_47' title="bbox 172 4022 1739 4090">
    <p class='ocr_par' dir='ltr' id='par_1_47' title="bbox 172 4022 1739 4090">
     <span class='ocr_line' id='line_1_47' title="bbox 172 4022 1739 4090; baseline 0.003 -14"><span class='ocrx_word' id='word_1_430' title='bbox 172 4025 409 4090; x_wconf 73' lang='lat' dir='ltr'><strong>figuram</strong></span> <span class='ocrx_word' id='word_1_431' title='bbox 472 4034 666 4076; x_wconf 87' lang='lat' dir='ltr'><strong>tenere</strong></span> <span class='ocrx_word' id='word_1_432' title='bbox 690 4022 932 4074; x_wconf 89' lang='lat' dir='ltr'><strong>omnium</strong></span> <span class='ocrx_word' id='word_1_433' title='bbox 969 4025 1261 4076; x_wconf 89' lang='lat' dir='ltr'><strong>carnalium</strong></span> <span class='ocrx_word' id='word_1_434' title='bbox 1290 4035 1342 4078; x_wconf 89' lang='lat' dir='ltr'><strong>et</strong></span> <span class='ocrx_word' id='word_1_435' title='bbox 1390 4029 1739 4081; x_wconf 85' lang='lat' dir='ltr'><strong>materialium</strong></span> 
     </span>
    </p>
   </div>
   <div class='ocr_carea' id='block_1_48' title="bbox 169 4112 1739 4178">
    <p class='ocr_par' dir='ltr' id='par_1_48' title="bbox 169 4112 1739 4178">
     <span class='ocr_line' id='line_1_48' title="bbox 169 4112 1739 4178; baseline 0.005 -17"><span class='ocrx_word' id='word_1_436' title='bbox 169 4127 384 4176; x_wconf 87' lang='lat' dir='ltr'><strong>rerum,</strong></span> <span class='ocrx_word' id='word_1_437' title='bbox 429 4126 664 4178; x_wconf 83' lang='lat' dir='ltr'><strong>quarum</strong></span> <span class='ocrx_word' id='word_1_438' title='bbox 720 4126 905 4165; x_wconf 88' lang='lat' dir='ltr'><strong>amore</strong></span> <span class='ocrx_word' id='word_1_439' title='bbox 948 4121 1002 4163; x_wconf 88' lang='lat' dir='ltr'><strong>et</strong></span> <span class='ocrx_word' id='word_1_440' title='bbox 1039 4112 1306 4165; x_wconf 88' lang='lat' dir='ltr'><strong>desiderio</strong></span> <span class='ocrx_word' id='word_1_441' title='bbox 1328 4113 1540 4166; x_wconf 88' lang='lat' dir='ltr'><strong>detenta</strong></span> <span class='ocrx_word' id='word_1_442' title='bbox 1565 4117 1739 4170; x_wconf 89' lang='lat' dir='ltr'><strong>anima</strong></span> 
     </span>
    </p>
   </div>
   <div class='ocr_carea' id='block_1_49' title="bbox 165 4199 1742 4274">
    <p class='ocr_par' dir='ltr' id='par_1_49' title="bbox 165 4199 1742 4274">
     <span class='ocr_line' id='line_1_49' title="bbox 165 4199 1742 4274; baseline 0.008 -26"><span class='ocrx_word' id='word_1_443' title='bbox 165 4199 491 4250; x_wconf 83' lang='lat' dir='ltr'><strong>excluditur</strong></span> <span class='ocrx_word' id='word_1_444' title='bbox 515 4207 565 4251; x_wconf 89' lang='lat' dir='ltr'><strong>et</strong></span> <span class='ocrx_word' id='word_1_445' title='bbox 607 4207 897 4265; x_wconf 84' lang='lat' dir='ltr'><strong>separatur</strong></span> <span class='ocrx_word' id='word_1_446' title='bbox 929 4213 957 4250; x_wconf 88' lang='lat' dir='ltr'><strong>a</strong></span> <span class='ocrx_word' id='word_1_447' title='bbox 989 4200 1117 4253; x_wconf 90' lang='lat' dir='ltr'><strong>Deo.</strong></span> <span class='ocrx_word' id='word_1_448' title='bbox 1169 4202 1442 4256; x_wconf 82' lang='lat' dir='ltr'><strong>Adversus</strong></span> <span class='ocrx_word' id='word_1_449' title='bbox 1488 4203 1566 4272; x_wconf 90' lang='lat' dir='ltr'><strong>0g</strong></span> <span class='ocrx_word' id='word_1_450' title='bbox 1615 4220 1742 4274; x_wconf 84' lang='lat' dir='ltr'><strong>ergo</strong></span> 
     </span>
    </p>
   </div>
   <div class='ocr_carea' id='block_1_50' title="bbox 1856 1801 3384 1868">
    <p class='ocr_par' dir='ltr' id='par_1_50' title="bbox 1856 1801 3384 1868">
     <span class='ocr_line' id='line_1_50' title="bbox 1856 1801 3384 1868; baseline -0.002 -14"><span class='ocrx_word' id='word_1_451' title='bbox 1856 1811 1972 1856; x_wconf 89' lang='lat' dir='ltr'><strong>tuos</strong></span> <span class='ocrx_word' id='word_1_452' title='bbox 2013 1803 2240 1855; x_wconf 90' lang='lat' dir='ltr'><strong>irruunt.</strong></span> <span class='ocrx_word' id='word_1_453' title='bbox 2272 1801 2568 1868; x_wconf 88' lang='lat' dir='ltr'><strong>Oportebat</strong></span> <span class='ocrx_word' id='word_1_454' title='bbox 2623 1809 2676 1854; x_wconf 92' lang='lat' dir='ltr'><strong>et</strong></span> <span class='ocrx_word' id='word_1_455' title='bbox 2727 1809 2776 1852; x_wconf 91' lang='lat' dir='ltr'><strong>te</strong></span> <span class='ocrx_word' id='word_1_456' title='bbox 2819 1815 3009 1868; x_wconf 89' lang='lat' dir='ltr'><strong>parare</strong></span> <span class='ocrx_word' id='word_1_457' title='bbox 3034 1815 3199 1862; x_wconf 88' lang='lat' dir='ltr'><strong>arma,</strong></span> <span class='ocrx_word' id='word_1_458' title='bbox 3228 1813 3384 1852; x_wconf 83' lang='lat' dir='ltr'><strong>exer-</strong></span> 
     </span>
    </p>
   </div>
   <div class='ocr_carea' id='block_1_51' title="bbox 1853 1888 3382 1961">
    <p class='ocr_par' dir='ltr' id='par_1_51' title="bbox 1853 1888 3382 1961">
     <span class='ocr_line' id='line_1_51' title="bbox 1853 1888 3382 1961; baseline -0.005 -17"><span class='ocrx_word' id='word_1_459' title='bbox 1853 1891 2012 1944; x_wconf 92' lang='lat' dir='ltr'><strong>citum</strong></span> <span class='ocrx_word' id='word_1_460' title='bbox 2041 1907 2327 1961; x_wconf 82' lang='lat' dir='ltr'><strong>congerere</strong></span> <span class='ocrx_word' id='word_1_461' title='bbox 2359 1891 2490 1959; x_wconf 66' lang='lat'>(44),</span> <span class='ocrx_word' id='word_1_462' title='bbox 2524 1892 2589 1944; x_wconf 90' lang='lat' dir='ltr'><strong>de</strong></span> <span class='ocrx_word' id='word_1_463' title='bbox 2624 1891 3022 1944; x_wconf 83' lang='lat' dir='ltr'><strong>constructione</strong></span> <span class='ocrx_word' id='word_1_464' title='bbox 3048 1890 3210 1958; x_wconf 68' lang='lat' dir='ltr'><strong>praelii</strong></span> <span class='ocrx_word' id='word_1_465' title='bbox 3237 1888 3382 1957; x_wconf 86' lang='lat' dir='ltr'><strong>cogi.-</strong></span> 
     </span>
    </p>
   </div>
   <div class='ocr_carea' id='block_1_52' title="bbox 1855 1978 3380 2046">
    <p class='ocr_par' dir='ltr' id='par_1_52' title="bbox 1855 1978 3380 2046">
     <span class='ocr_line' id='line_1_52' title="bbox 1855 1978 3380 2046; baseline -0.001 -13"><span class='ocrx_word' id='word_1_466' title='bbox 1855 1989 1984 2044; x_wconf 87' lang='lat' dir='ltr'><strong>tare,</strong></span> <span class='ocrx_word' id='word_1_467' title='bbox 2018 1989 2073 2034; x_wconf 88' lang='lat' dir='ltr'><strong>ut</strong></span> <span class='ocrx_word' id='word_1_468' title='bbox 2094 1982 2228 2034; x_wconf 88' lang='lat' dir='ltr'><strong>hosti</strong></span> <span class='ocrx_word' id='word_1_469' title='bbox 2260 1981 2432 2032; x_wconf 89' lang='lat' dir='ltr'><strong>adhuc</strong></span> <span class='ocrx_word' id='word_1_470' title='bbox 2459 1979 2849 2046; x_wconf 89' lang='lat' dir='ltr'><strong>proculposito,</strong></span> <span class='ocrx_word' id='word_1_471' title='bbox 2886 1981 3050 2031; x_wconf 88' lang='lat' dir='ltr'><strong>armis</strong></span> <span class='ocrx_word' id='word_1_472' title='bbox 3085 1978 3380 2031; x_wconf 85' lang='lat' dir='ltr'><strong>instructus</strong></span> 
     </span>
    </p>
   </div>
   <div class='ocr_carea' id='block_1_53' title="bbox 1851 2069 3381 2130">
    <p class='ocr_par' dir='ltr' id='par_1_53' title="bbox 1851 2069 3381 2130">
     <span class='ocr_line' id='line_1_53' title="bbox 1851 2069 3381 2130; baseline -0.003 -7"><span class='ocrx_word' id='word_1_473' title='bbox 1851 2085 2181 2124; x_wconf 89' lang='lat' dir='ltr'><strong>occurreres.</strong></span> <span class='ocrx_word' id='word_1_474' title='bbox 2216 2071 2294 2122; x_wconf 76' lang='lat' dir='ltr'><strong>&#39;I&#39;u</strong></span> <span class='ocrx_word' id='word_1_475' title='bbox 2319 2084 2444 2122; x_wconf 87' lang='lat' dir='ltr'><strong>vero</strong></span> <span class='ocrx_word' id='word_1_476' title='bbox 2491 2071 2657 2122; x_wconf 88' lang='lat' dir='ltr'><strong>tnittis</strong></span> <span class='ocrx_word' id='word_1_477' title='bbox 2690 2071 2754 2121; x_wconf 90' lang='lat' dir='ltr'><strong>ad</strong></span> <span class='ocrx_word' id='word_1_478' title='bbox 2790 2069 3001 2122; x_wconf 87' lang='lat' dir='ltr'><strong>Balaam</strong></span> <span class='ocrx_word' id='word_1_479' title='bbox 3042 2070 3300 2130; x_wconf 85' lang='lat' dir='ltr'><strong>divinum,</strong></span> <span class='ocrx_word' id='word_1_480' title='bbox 3326 2075 3381 2119; x_wconf 87' lang='lat' dir='ltr'><strong>et</strong></span> 
     </span>
    </p>
   </div>
   <div class='ocr_carea' id='block_1_54' title="bbox 1853 2156 3380 2226">
    <p class='ocr_par' dir='ltr' id='par_1_54' title="bbox 1853 2156 3380 2226">
     <span class='ocr_line' id='line_1_54' title="bbox 1853 2156 3380 2226; baseline -0.004 -13"><span class='ocrx_word' id='word_1_481' title='bbox 1853 2162 2019 2213; x_wconf 86' lang='lat' dir='ltr'><strong>mittis</strong></span> <span class='ocrx_word' id='word_1_482' title='bbox 2058 2162 2221 2212; x_wconf 90' lang='lat' dir='ltr'><strong>multa</strong></span> <span class='ocrx_word' id='word_1_483' title='bbox 2273 2175 2510 2221; x_wconf 89' lang='lat' dir='ltr'><strong>munera,</strong></span> <span class='ocrx_word' id='word_1_484' title='bbox 2566 2174 2629 2212; x_wconf 86' lang='lat' dir='ltr'><strong>ac</strong></span> <span class='ocrx_word' id='word_1_485' title='bbox 2668 2160 2867 2225; x_wconf 85' lang='lat' dir='ltr'><strong>maiora</strong></span> <span class='ocrx_word' id='word_1_486' title='bbox 2912 2159 3200 2226; x_wconf 86' lang='lat' dir='ltr'><strong>promittis,</strong></span> <span class='ocrx_word' id='word_1_487' title='bbox 3224 2165 3277 2210; x_wconf 90' lang='lat' dir='ltr'><strong>et</strong></span> <span class='ocrx_word' id='word_1_488' title='bbox 3298 2156 3380 2209; x_wconf 85' lang='lat' dir='ltr'><strong>di-</strong></span> 
     </span>
    </p>
   </div>
   <div class='ocr_carea' id='block_1_55' title="bbox 1852 2247 3379 2316">
    <p class='ocr_par' dir='ltr' id='par_1_55' title="bbox 1852 2247 3379 2316">
     <span class='ocr_line' id='line_1_55' title="bbox 1852 2247 3379 2316; baseline -0.001 -15"><span class='ocrx_word' id='word_1_489' title='bbox 1852 2251 1929 2301; x_wconf 89' lang='lat' dir='ltr'><strong>cis</strong></span> <span class='ocrx_word' id='word_1_490' title='bbox 1963 2250 2004 2279; x_wconf 78' lang='grc'>⁸⁷</span> <span class='ocrx_word' id='word_1_491' title='bbox 2029 2262 2044 2301; x_wconf 90' lang='lat'><strong>:</strong></span> <span class='ocrx_word' id='word_1_492' title='bbox 2077 2265 2094 2298; x_wconf 84' lang='lat' dir='ltr'><strong>t</strong></span> <span class='ocrx_word' id='word_1_493' title='bbox 2145 2247 2292 2312; x_wconf 87' lang='lat' dir='ltr'><strong>Veni,</strong></span> <span class='ocrx_word' id='word_1_494' title='bbox 2313 2251 2534 2302; x_wconf 85' lang='lat' dir='ltr'><strong>maledic</strong></span> <span class='ocrx_word' id='word_1_495' title='bbox 2562 2249 2691 2300; x_wconf 90' lang='lat' dir='ltr'><strong>mihi</strong></span> <span class='ocrx_word' id='word_1_496' title='bbox 2716 2247 2984 2316; x_wconf 86' lang='lat' dir='ltr'><strong>populum,</strong></span> <span class='ocrx_word' id='word_1_497' title='bbox 3010 2248 3100 2314; x_wconf 91' lang='lat' dir='ltr'><strong>qui</strong></span> <span class='ocrx_word' id='word_1_498' title='bbox 3123 2247 3288 2298; x_wconf 86' lang='lat' dir='ltr'><strong>exivit</strong></span> <span class='ocrx_word' id='word_1_499' title='bbox 3313 2247 3379 2299; x_wconf 85' lang='lat' dir='ltr'><strong>de</strong></span> 
     </span>
    </p>
   </div>
   <div class='ocr_carea' id='block_1_56' title="bbox 1851 2335 3380 2406">
    <p class='ocr_par' dir='ltr' id='par_1_56' title="bbox 1851 2335 3380 2406">
     <span class='ocr_line' id='line_1_56' title="bbox 1851 2335 3380 2406; baseline -0.003 -13"><span class='ocrx_word' id='word_1_500' title='bbox 1851 2339 2098 2406; x_wconf 67' lang='lat' dir='ltr'><strong>Egyplo.</strong></span> <span class='ocrx_word' id='word_1_501' title='bbox 2137 2357 2156 2390; x_wconf 73' lang='grc' dir='ltr'><strong>ι</strong></span> <span class='ocrx_word' id='word_1_502' title='bbox 2193 2337 2294 2392; x_wconf 89' lang='lat' dir='ltr'><strong>Sed</strong></span> <span class='ocrx_word' id='word_1_503' title='bbox 2329 2339 2568 2400; x_wconf 86' lang='lat' dir='ltr'><strong>Balaam,</strong></span> <span class='ocrx_word' id='word_1_504' title='bbox 2605 2349 2662 2390; x_wconf 91' lang='lat' dir='ltr'><strong>ut</strong></span> <span class='ocrx_word' id='word_1_505' title='bbox 2691 2337 2964 2402; x_wconf 86' lang='lat' dir='ltr'><strong>Scriptura</strong></span> <span class='ocrx_word' id='word_1_506' title='bbox 2993 2336 3165 2397; x_wconf 88' lang='lat' dir='ltr'><strong>docet,</strong></span> <span class='ocrx_word' id='word_1_507' title='bbox 3198 2335 3380 2388; x_wconf 83' lang='lat' dir='ltr'><strong>retulit</strong></span> 
     </span>
    </p>
   </div>
   <div class='ocr_carea' id='block_1_57' title="bbox 1852 2423 3378 2494">
    <p class='ocr_par' dir='ltr' id='par_1_57' title="bbox 1852 2423 3378 2494">
     <span class='ocr_line' id='line_1_57' title="bbox 1852 2423 3378 2494; baseline -0.001 -16"><span class='ocrx_word' id='word_1_508' title='bbox 1852 2428 1962 2479; x_wconf 66' lang='lat' dir='ltr'><strong>haec</strong></span> <span class='ocrx_word' id='word_1_509' title='bbox 1990 2426 2054 2478; x_wconf 93' lang='lat' dir='ltr'><strong>ad</strong></span> <span class='ocrx_word' id='word_1_510' title='bbox 2109 2426 2291 2489; x_wconf 83' lang='lat' dir='ltr'><strong>Deum,</strong></span> <span class='ocrx_word' id='word_1_511' title='bbox 2332 2441 2359 2478; x_wconf 91' lang='lat' dir='ltr'><strong>a</strong></span> <span class='ocrx_word' id='word_1_512' title='bbox 2391 2441 2496 2494; x_wconf 91' lang='lat' dir='ltr'><strong>quo</strong></span> <span class='ocrx_word' id='word_1_513' title='bbox 2521 2435 2574 2479; x_wconf 88' lang='lat' dir='ltr'><strong>et</strong></span> <span class='ocrx_word' id='word_1_514' title='bbox 2612 2426 2794 2478; x_wconf 88' lang='lat' dir='ltr'><strong>venire</strong></span> <span class='ocrx_word' id='word_1_515' title='bbox 2817 2425 3146 2491; x_wconf 86' lang='lat' dir='ltr'><strong>prohibetur.</strong></span> <span class='ocrx_word' id='word_1_516' title='bbox 3190 2423 3294 2477; x_wconf 89' lang='lat' dir='ltr'><strong>Sed</strong></span> <span class='ocrx_word' id='word_1_517' title='bbox 3323 2432 3378 2476; x_wconf 88' lang='lat' dir='ltr'><strong>et</strong></span> 
     </span>
    </p>
   </div>
   <div class='ocr_carea' id='block_1_58' title="bbox 1851 2514 3378 2584">
    <p class='ocr_par' dir='ltr' id='par_1_58' title="bbox 1851 2514 3378 2584">
     <span class='ocr_line' id='line_1_58' title="bbox 1851 2514 3378 2584; baseline -0.001 -16"><span class='ocrx_word' id='word_1_518' title='bbox 1851 2517 2040 2570; x_wconf 90' lang='lat' dir='ltr'><strong>iterum</strong></span> <span class='ocrx_word' id='word_1_519' title='bbox 2078 2531 2169 2569; x_wconf 83' lang='lat' dir='ltr'><strong>rex</strong></span> <span class='ocrx_word' id='word_1_520' title='bbox 2196 2517 2358 2568; x_wconf 91' lang='lat' dir='ltr'><strong>mittit</strong></span> <span class='ocrx_word' id='word_1_521' title='bbox 2410 2516 2628 2583; x_wconf 84' lang='lat' dir='ltr'><strong>legatos,</strong></span> <span class='ocrx_word' id='word_1_522' title='bbox 2655 2525 2708 2569; x_wconf 91' lang='lat' dir='ltr'><strong>et</strong></span> <span class='ocrx_word' id='word_1_523' title='bbox 2753 2516 3009 2584; x_wconf 88' lang='lat' dir='ltr'><strong>neglectis</strong></span> <span class='ocrx_word' id='word_1_524' title='bbox 3037 2514 3200 2568; x_wconf 86' lang='lat' dir='ltr'><strong>armis</strong></span> <span class='ocrx_word' id='word_1_525' title='bbox 3227 2529 3378 2582; x_wconf 84' lang='lat' dir='ltr'><strong>spem</strong></span> 
     </span>
    </p>
   </div>
   <div class='ocr_carea' id='block_1_59' title="bbox 1847 2601 3379 2671">
    <p class='ocr_par' dir='ltr' id='par_1_59' title="bbox 1847 2601 3379 2671">
     <span class='ocr_line' id='line_1_59' title="bbox 1847 2601 3379 2671; baseline -0.003 -11"><span class='ocrx_word' id='word_1_526' title='bbox 1847 2620 2054 2660; x_wconf 88' lang='lat' dir='ltr'><strong>omnem</strong></span> <span class='ocrx_word' id='word_1_527' title='bbox 2094 2607 2242 2671; x_wconf 92' lang='lat' dir='ltr'><strong>ponit</strong></span> <span class='ocrx_word' id='word_1_528' title='bbox 2279 2605 2328 2657; x_wconf 88' lang='lat' dir='ltr'><strong>in</strong></span> <span class='ocrx_word' id='word_1_529' title='bbox 2373 2605 2584 2657; x_wconf 81' lang='lat' dir='ltr'><strong>Balaam</strong></span> <span class='ocrx_word' id='word_1_530' title='bbox 2624 2613 2682 2655; x_wconf 91' lang='grc' dir='ltr'><strong>ιιι</strong></span> <span class='ocrx_word' id='word_1_531' title='bbox 2719 2604 2915 2667; x_wconf 89' lang='lat' dir='ltr'><strong>veniat,</strong></span> <span class='ocrx_word' id='word_1_532' title='bbox 2955 2612 3008 2657; x_wconf 91' lang='lat' dir='ltr'><strong>et</strong></span> <span class='ocrx_word' id='word_1_533' title='bbox 3049 2603 3210 2657; x_wconf 87' lang='lat' dir='ltr'><strong>verba</strong></span> <span class='ocrx_word' id='word_1_534' title='bbox 3239 2601 3379 2656; x_wconf 87' lang='lat' dir='ltr'><strong>defe-</strong></span> 
     </span>
    </p>
   </div>
   <div class='ocr_carea' id='block_1_60' title="bbox 1850 2691 3376 2760">
    <p class='ocr_par' dir='ltr' id='par_1_60' title="bbox 1850 2691 3376 2760">
     <span class='ocr_line' id='line_1_60' title="bbox 1850 2691 3376 2760; baseline 0.002 -16"><span class='ocrx_word' id='word_1_535' title='bbox 1850 2703 1960 2756; x_wconf 88' lang='lat' dir='ltr'><strong>rat,</strong></span> <span class='ocrx_word' id='word_1_536' title='bbox 2011 2702 2169 2760; x_wconf 90' lang='lat' dir='ltr'><strong>atque</strong></span> <span class='ocrx_word' id='word_1_537' title='bbox 2213 2694 2264 2746; x_wconf 88' lang='lat' dir='ltr'><strong>in</strong></span> <span class='ocrx_word' id='word_1_538' title='bbox 2308 2692 2554 2759; x_wconf 85' lang='lat' dir='ltr'><strong>populum</strong></span> <span class='ocrx_word' id='word_1_539' title='bbox 2613 2691 2882 2757; x_wconf 81' lang='lat' dir='ltr'><strong>iaculetur</strong></span> <span class='ocrx_word' id='word_1_540' title='bbox 2933 2692 3217 2746; x_wconf 88' lang='lat' dir='ltr'><strong>maledicta</strong></span> <span class='ocrx_word' id='word_1_541' title='bbox 3277 2706 3376 2759; x_wconf 88' lang='lat' dir='ltr'><strong>pro</strong></span> 
     </span>
    </p>
   </div>
   <div class='ocr_carea' id='block_1_61' title="bbox 1849 2780 3377 2849">
    <p class='ocr_par' dir='ltr' id='par_1_61' title="bbox 1849 2780 3377 2849">
     <span class='ocr_line' id='line_1_61' title="bbox 1849 2780 3377 2849; baseline 0.001 -15"><span class='ocrx_word' id='word_1_542' title='bbox 1849 2781 1988 2847; x_wconf 86' lang='lat' dir='ltr'><strong>telis,</strong></span> <span class='ocrx_word' id='word_1_543' title='bbox 2035 2782 2081 2835; x_wconf 92' lang='lat' dir='ltr'><strong>si</strong></span> <span class='ocrx_word' id='word_1_544' title='bbox 2118 2782 2255 2835; x_wconf 90' lang='lat' dir='ltr'><strong>forte</strong></span> <span class='ocrx_word' id='word_1_545' title='bbox 2300 2783 2479 2834; x_wconf 84' lang='lat' dir='ltr'><strong>verbis</strong></span> <span class='ocrx_word' id='word_1_546' title='bbox 2539 2780 2752 2832; x_wconf 83' lang='lat' dir='ltr'><strong>Balaam</strong></span> <span class='ocrx_word' id='word_1_547' title='bbox 2803 2781 3047 2832; x_wconf 85' lang='lat' dir='ltr'><strong>vincatur</strong></span> <span class='ocrx_word' id='word_1_548' title='bbox 3108 2781 3377 2849; x_wconf 84' lang='lat' dir='ltr'><strong>populus,</strong></span> 
     </span>
    </p>
   </div>
   <div class='ocr_carea' id='block_1_62' title="bbox 1846 2871 3376 2940">
    <p class='ocr_par' dir='ltr' id='par_1_62' title="bbox 1846 2871 3376 2940">
     <span class='ocr_line' id='line_1_62' title="bbox 1846 2871 3376 2940; baseline 0.002 -16"><span class='ocrx_word' id='word_1_549' title='bbox 1846 2886 2000 2938; x_wconf 87' lang='lat' dir='ltr'><strong>quem</strong></span> <span class='ocrx_word' id='word_1_550' title='bbox 2033 2872 2169 2940; x_wconf 85' lang='lat' dir='ltr'><strong>regis</strong></span> <span class='ocrx_word' id='word_1_551' title='bbox 2221 2875 2490 2925; x_wconf 88' lang='lat' dir='ltr'><strong>exercitus</strong></span> <span class='ocrx_word' id='word_1_552' title='bbox 2533 2882 2791 2935; x_wconf 84' lang='lat' dir='ltr'><strong>superare</strong></span> <span class='ocrx_word' id='word_1_553' title='bbox 2839 2885 2941 2923; x_wconf 90' lang='lat' dir='ltr'><strong>non</strong></span> <span class='ocrx_word' id='word_1_554' title='bbox 2972 2880 3204 2937; x_wconf 84' lang='lat' dir='ltr'><strong>poterat.</strong></span> <span class='ocrx_word' id='word_1_555' title='bbox 3254 2871 3376 2927; x_wconf 63' lang='lat' dir='ltr'><strong>liae</strong></span> 
     </span>
    </p>
   </div>
   <div class='ocr_carea' id='block_1_63' title="bbox 1847 2959 3378 3030">
    <p class='ocr_par' dir='ltr' id='par_1_63' title="bbox 1847 2959 3378 3030">
     <span class='ocr_line' id='line_1_63' title="bbox 1847 2959 3378 3030; baseline 0.001 -18"><span class='ocrx_word' id='word_1_556' title='bbox 1847 2960 2065 3013; x_wconf 85' lang='lat' dir='ltr'><strong>historia</strong></span> <span class='ocrx_word' id='word_1_557' title='bbox 2093 2959 2218 3027; x_wconf 92' lang='lat' dir='ltr'><strong>quid</strong></span> <span class='ocrx_word' id='word_1_558' title='bbox 2251 2962 2644 3030; x_wconf 73' lang='lat' dir='ltr'><strong>consequentiae</strong></span> <span class='ocrx_word' id='word_1_559' title='bbox 2675 2961 2872 3014; x_wconf 81' lang='lat' dir='ltr'><strong>habet?</strong></span> <span class='ocrx_word' id='word_1_560' title='bbox 2903 2959 3030 3027; x_wconf 90' lang='lat' dir='ltr'><strong>quid</strong></span> <span class='ocrx_word' id='word_1_561' title='bbox 3065 2959 3271 3014; x_wconf 89' lang='lat' dir='ltr'><strong>consilii</strong></span> <span class='ocrx_word' id='word_1_562' title='bbox 3303 2971 3378 3014; x_wconf 90' lang='lat' dir='ltr'><strong>te-</strong></span> 
     </span>
    </p>
   </div>
   <div class='ocr_carea' id='block_1_64' title="bbox 1845 3049 3380 3118">
    <p class='ocr_par' dir='ltr' id='par_1_64' title="bbox 1845 3049 3380 3118">
     <span class='ocr_line' id='line_1_64' title="bbox 1845 3049 3380 3118; baseline 0.003 -19"><span class='ocrx_word' id='word_1_563' title='bbox 1845 3049 1918 3116; x_wconf 89' lang='lat' dir='ltr'><strong>git</strong></span> <span class='ocrx_word' id='word_1_564' title='bbox 1948 3049 2233 3116; x_wconf 63' lang='lat' dir='ltr'><strong>(l5)?&#39;Ubi</strong></span> <span class='ocrx_word' id='word_1_565' title='bbox 2289 3051 2369 3104; x_wconf 89' lang='lat' dir='ltr'><strong>vel</strong></span> <span class='ocrx_word' id='word_1_566' title='bbox 2423 3051 2638 3118; x_wconf 90' lang='lat' dir='ltr'><strong>quando</strong></span> <span class='ocrx_word' id='word_1_567' title='bbox 2696 3051 2931 3103; x_wconf 84' lang='lat' dir='ltr'><strong>auditum</strong></span> <span class='ocrx_word' id='word_1_568' title='bbox 2963 3059 3064 3112; x_wconf 87' lang='lat' dir='ltr'><strong>est,</strong></span> <span class='ocrx_word' id='word_1_569' title='bbox 3093 3050 3233 3117; x_wconf 91' lang='lat' dir='ltr'><strong>quod</strong></span> <span class='ocrx_word' id='word_1_570' title='bbox 3254 3050 3380 3116; x_wconf 65' lang='lat' dir='ltr'><strong>quis</strong></span> 
     </span>
    </p>
   </div>
   <div class='ocr_carea' id='block_1_65' title="bbox 1846 3138 3376 3208">
    <p class='ocr_par' dir='ltr' id='par_1_65' title="bbox 1846 3138 3376 3208">
     <span class='ocr_line' id='line_1_65' title="bbox 1846 3138 3376 3208; baseline 0.001 -20"><span class='ocrx_word' id='word_1_571' title='bbox 1846 3151 2054 3204; x_wconf 86' lang='lat' dir='ltr'><strong>regum,</strong></span> <span class='ocrx_word' id='word_1_572' title='bbox 2083 3139 2390 3192; x_wconf 89' lang='lat' dir='ltr'><strong>imminente</strong></span> <span class='ocrx_word' id='word_1_573' title='bbox 2438 3140 2538 3193; x_wconf 89' lang='lat' dir='ltr'><strong>sibi</strong></span> <span class='ocrx_word' id='word_1_574' title='bbox 2563 3140 2764 3208; x_wconf 83' lang='lat' dir='ltr'><strong>praelio,</strong></span> <span class='ocrx_word' id='word_1_575' title='bbox 2800 3138 3012 3192; x_wconf 89' lang='lat' dir='ltr'><strong>omissis</strong></span> <span class='ocrx_word' id='word_1_576' title='bbox 3035 3139 3199 3190; x_wconf 88' lang='lat' dir='ltr'><strong>armis</strong></span> <span class='ocrx_word' id='word_1_577' title='bbox 3216 3151 3376 3190; x_wconf 85' lang='lat' dir='ltr'><strong>exer-</strong></span> 
     </span>
    </p>
   </div>
   <div class='ocr_carea' id='block_1_66' title="bbox 1844 3225 3373 3294">
    <p class='ocr_par' dir='ltr' id='par_1_66' title="bbox 1844 3225 3373 3294">
     <span class='ocr_line' id='line_1_66' title="bbox 1844 3225 3373 3294; baseline 0.001 -17"><span class='ocrx_word' id='word_1_578' title='bbox 1844 3225 2056 3294; x_wconf 87' lang='lat' dir='ltr'><strong>cituque</strong></span> <span class='ocrx_word' id='word_1_579' title='bbox 2092 3228 2347 3294; x_wconf 89' lang='lat' dir='ltr'><strong>neglecto,</strong></span> <span class='ocrx_word' id='word_1_580' title='bbox 2402 3227 2466 3278; x_wconf 89' lang='lat' dir='ltr'><strong>ad</strong></span> <span class='ocrx_word' id='word_1_581' title='bbox 2515 3228 2677 3280; x_wconf 90' lang='lat' dir='ltr'><strong>divini</strong></span> <span class='ocrx_word' id='word_1_582' title='bbox 2716 3227 2940 3294; x_wconf 87' lang='lat' dir='ltr'><strong>alicujus</strong></span> <span class='ocrx_word' id='word_1_583' title='bbox 2975 3228 3057 3280; x_wconf 88' lang='lat' dir='ltr'><strong>vel</strong></span> <span class='ocrx_word' id='word_1_584' title='bbox 3107 3225 3373 3294; x_wconf 88' lang='lat' dir='ltr'><strong>aruspicis</strong></span> 
     </span>
    </p>
   </div>
   <div class='ocr_carea' id='block_1_67' title="bbox 1843 3315 3376 3384">
    <p class='ocr_par' dir='ltr' id='par_1_67' title="bbox 1843 3315 3376 3384">
     <span class='ocr_line' id='line_1_67' title="bbox 1843 3315 3376 3384; baseline 0.001 -18"><span class='ocrx_word' id='word_1_585' title='bbox 1843 3317 2000 3368; x_wconf 88' lang='lat' dir='ltr'><strong>verba</strong></span> <span class='ocrx_word' id='word_1_586' title='bbox 2048 3317 2375 3384; x_wconf 82' lang='lat' dir='ltr'><strong>confugerit?</strong></span> <span class='ocrx_word' id='word_1_587' title='bbox 2425 3316 2578 3372; x_wconf 87' lang='lat' dir='ltr'><strong>Unde</strong></span> <span class='ocrx_word' id='word_1_588' title='bbox 2628 3318 2816 3368; x_wconf 89' lang='lat' dir='ltr'><strong>iterum</strong></span> <span class='ocrx_word' id='word_1_589' title='bbox 2868 3327 3026 3383; x_wconf 85' lang='lat' dir='ltr'><strong>atque</strong></span> <span class='ocrx_word' id='word_1_590' title='bbox 3055 3317 3244 3369; x_wconf 86' lang='lat' dir='ltr'><strong>iterum</strong></span> <span class='ocrx_word' id='word_1_591' title='bbox 3278 3315 3376 3368; x_wconf 77' lang='lat' dir='ltr'><strong>Dei</strong></span> 
     </span>
    </p>
   </div>
   <div class='ocr_carea' id='block_1_68' title="bbox 1844 3402 3352 3473">
    <p class='ocr_par' dir='ltr' id='par_1_68' title="bbox 1844 3402 3352 3473">
     <span class='ocr_line' id='line_1_68' title="bbox 1844 3402 3352 3473; baseline 0 -17"><span class='ocrx_word' id='word_1_592' title='bbox 1844 3405 1994 3456; x_wconf 90' lang='lat' dir='ltr'><strong>nobis</strong></span> <span class='ocrx_word' id='word_1_593' title='bbox 2013 3407 2278 3458; x_wconf 89' lang='lat' dir='ltr'><strong>exoranda</strong></span> <span class='ocrx_word' id='word_1_594' title='bbox 2301 3414 2383 3459; x_wconf 89' lang='lat' dir='ltr'><strong>est</strong></span> <span class='ocrx_word' id='word_1_595' title='bbox 2407 3406 2596 3473; x_wconf 85' lang='lat' dir='ltr'><strong>gratia,</strong></span> <span class='ocrx_word' id='word_1_596' title='bbox 2623 3414 2678 3456; x_wconf 89' lang='grc' dir='ltr'><strong>ιιι</strong></span> <span class='ocrx_word' id='word_1_597' title='bbox 2694 3406 2805 3457; x_wconf 72' lang='lat' dir='ltr'><strong>haec</strong></span> <span class='ocrx_word' id='word_1_598' title='bbox 2827 3419 2928 3456; x_wconf 92' lang='lat' dir='ltr'><strong>non</strong></span> <span class='ocrx_word' id='word_1_599' title='bbox 2943 3404 3192 3458; x_wconf 81' lang='lat' dir='ltr'><strong>fabulosis</strong></span> <span class='ocrx_word' id='word_1_600' title='bbox 3210 3413 3263 3457; x_wconf 89' lang='lat' dir='ltr'><strong>et</strong></span> <span class='ocrx_word' id='word_1_601' title='bbox 3285 3402 3352 3457; x_wconf 80' lang='lat' dir='ltr'><strong>Ju</strong></span> 
     </span>
    </p>
   </div>
   <div class='ocr_carea' id='block_1_69' title="bbox 1843 3491 3375 3558">
    <p class='ocr_par' dir='ltr' id='par_1_69' title="bbox 1843 3491 3375 3558">
     <span class='ocr_line' id='line_1_69' title="bbox 1843 3491 3375 3558; baseline 0.003 -15"><span class='ocrx_word' id='word_1_602' title='bbox 1843 3491 2006 3544; x_wconf 86' lang='lat' dir='ltr'><strong>daicis</strong></span> <span class='ocrx_word' id='word_1_603' title='bbox 2023 3493 2433 3555; x_wconf 87' lang='lat' dir='ltr'><strong>narrationibus,</strong></span> <span class='ocrx_word' id='word_1_604' title='bbox 2451 3492 2541 3546; x_wconf 90' lang='lat' dir='ltr'><strong>sed</strong></span> <span class='ocrx_word' id='word_1_605' title='bbox 2565 3491 2912 3544; x_wconf 87' lang='lat' dir='ltr'><strong>rationalibus</strong></span> <span class='ocrx_word' id='word_1_606' title='bbox 2931 3500 2985 3544; x_wconf 91' lang='lat' dir='ltr'><strong>et</strong></span> <span class='ocrx_word' id='word_1_607' title='bbox 3001 3493 3176 3558; x_wconf 88' lang='lat' dir='ltr'><strong>dignis</strong></span> <span class='ocrx_word' id='word_1_608' title='bbox 3194 3493 3375 3547; x_wconf 76' lang='lat' dir='ltr'><strong>divina</strong></span> 
     </span>
    </p>
   </div>
   <div class='ocr_carea' id='block_1_70' title="bbox 1842 3580 3374 3650">
    <p class='ocr_par' dir='ltr' id='par_1_70' title="bbox 1842 3580 3374 3650">
     <span class='ocr_line' id='line_1_70' title="bbox 1842 3580 3374 3650; baseline -0.001 -17"><span class='ocrx_word' id='word_1_609' title='bbox 1842 3581 1958 3647; x_wconf 81' lang='lat' dir='ltr'><strong>lege</strong></span> <span class='ocrx_word' id='word_1_610' title='bbox 1977 3584 2233 3648; x_wconf 89' lang='lat' dir='ltr'><strong>possimus</strong></span> <span class='ocrx_word' id='word_1_611' title='bbox 2245 3584 2484 3636; x_wconf 86' lang='lat' dir='ltr'><strong>sensibus</strong></span> <span class='ocrx_word' id='word_1_612' title='bbox 2503 3581 2705 3648; x_wconf 88' lang='lat' dir='ltr'><strong>explica</strong></span> <span class='ocrx_word' id='word_1_613' title='bbox 2715 3580 2974 3634; x_wconf 84' lang='lat' dir='ltr'><strong>re.Primo</strong></span> <span class='ocrx_word' id='word_1_614' title='bbox 2990 3595 3116 3650; x_wconf 84' lang='lat' dir='ltr'><strong>ergo</strong></span> <span class='ocrx_word' id='word_1_615' title='bbox 3132 3581 3374 3635; x_wconf 82' lang='lat' dir='ltr'><strong>omnium</strong></span> 
     </span>
    </p>
   </div>
   <div class='ocr_carea' id='block_1_71' title="bbox 1843 3667 3374 3737">
    <p class='ocr_par' dir='ltr' id='par_1_71' title="bbox 1843 3667 3374 3737">
     <span class='ocr_line' id='line_1_71' title="bbox 1843 3667 3374 3737; baseline 0.002 -17"><span class='ocrx_word' id='word_1_616' title='bbox 1843 3669 2114 3721; x_wconf 84' lang='lat' dir='ltr'><strong>fatendum</strong></span> <span class='ocrx_word' id='word_1_617' title='bbox 2146 3679 2228 3722; x_wconf 91' lang='lat' dir='ltr'><strong>est</strong></span> <span class='ocrx_word' id='word_1_618' title='bbox 2256 3671 2306 3721; x_wconf 91' lang='lat' dir='ltr'><strong>in</strong></span> <span class='ocrx_word' id='word_1_619' title='bbox 2329 3671 2642 3736; x_wconf 88' lang='lat' dir='ltr'><strong>quibusdam</strong></span> <span class='ocrx_word' id='word_1_620' title='bbox 2662 3669 2776 3735; x_wconf 90' lang='lat' dir='ltr'><strong>plus</strong></span> <span class='ocrx_word' id='word_1_621' title='bbox 2796 3682 2952 3737; x_wconf 87' lang='lat' dir='ltr'><strong>posse</strong></span> <span class='ocrx_word' id='word_1_622' title='bbox 2973 3677 3024 3721; x_wconf 92' lang='lat' dir='ltr'><strong>et</strong></span> <span class='ocrx_word' id='word_1_623' title='bbox 3048 3669 3163 3736; x_wconf 79' lang='lat' dir='ltr'><strong>plus</strong></span> <span class='ocrx_word' id='word_1_624' title='bbox 3195 3667 3374 3723; x_wconf 84' lang='lat' dir='ltr'><strong>valere</strong></span> 
     </span>
    </p>
   </div>
   <div class='ocr_carea' id='block_1_72' title="bbox 1840 3757 3375 3825">
    <p class='ocr_par' dir='ltr' id='par_1_72' title="bbox 1840 3757 3375 3825">
     <span class='ocr_line' id='line_1_72' title="bbox 1840 3757 3375 3825; baseline 0.001 -16"><span class='ocrx_word' id='word_1_625' title='bbox 1840 3759 2000 3812; x_wconf 82' lang='lat' dir='ltr'><strong>verba</strong></span> <span class='ocrx_word' id='word_1_626' title='bbox 2034 3772 2192 3824; x_wconf 82' lang='lat' dir='ltr'><strong>quain</strong></span> <span class='ocrx_word' id='word_1_627' title='bbox 2229 3771 2446 3825; x_wconf 85' lang='lat' dir='ltr'><strong>corpora</strong></span> <span class='ocrx_word' id='word_1_628' title='bbox 2481 3775 2493 3809; x_wconf 92' lang='lat'>:</span> <span class='ocrx_word' id='word_1_629' title='bbox 2528 3758 2651 3822; x_wconf 89' lang='lat' dir='ltr'><strong>quia</strong></span> <span class='ocrx_word' id='word_1_630' title='bbox 2692 3759 2834 3823; x_wconf 88' lang='lat' dir='ltr'><strong>quod</strong></span> <span class='ocrx_word' id='word_1_631' title='bbox 2875 3758 3146 3812; x_wconf 88' lang='lat' dir='ltr'><strong>exercitus</strong></span> <span class='ocrx_word' id='word_1_632' title='bbox 3179 3757 3375 3810; x_wconf 83' lang='lat' dir='ltr'><strong>multa-</strong></span> 
     </span>
    </p>
   </div>
   <div class='ocr_carea' id='block_1_73' title="bbox 1841 3845 3375 3912">
    <p class='ocr_par' dir='ltr' id='par_1_73' title="bbox 1841 3845 3375 3912">
     <span class='ocr_line' id='line_1_73' title="bbox 1841 3845 3375 3912; baseline 0.001 -13"><span class='ocrx_word' id='word_1_633' title='bbox 1841 3862 1958 3900; x_wconf 87' lang='lat' dir='ltr'><strong>rum</strong></span> <span class='ocrx_word' id='word_1_634' title='bbox 1987 3847 2222 3912; x_wconf 87' lang='lat' dir='ltr'><strong>gentium</strong></span> <span class='ocrx_word' id='word_1_635' title='bbox 2251 3846 2500 3912; x_wconf 86' lang='lat' dir='ltr'><strong>nequiret</strong></span> <span class='ocrx_word' id='word_1_636' title='bbox 2529 3847 2756 3910; x_wconf 87' lang='lat' dir='ltr'><strong>ellicet‘e,</strong></span> <span class='ocrx_word' id='word_1_637' title='bbox 2789 3847 2927 3911; x_wconf 90' lang='lat' dir='ltr'><strong>quod</strong></span> <span class='ocrx_word' id='word_1_638' title='bbox 2967 3845 3108 3899; x_wconf 88' lang='lat' dir='ltr'><strong>ferro</strong></span> <span class='ocrx_word' id='word_1_639' title='bbox 3136 3847 3375 3900; x_wconf 85' lang='lat' dir='ltr'><strong>etarmis.</strong></span> 
     </span>
    </p>
   </div>
   <div class='ocr_carea' id='block_1_74' title="bbox 1839 3931 3370 4001">
    <p class='ocr_par' dir='ltr' id='par_1_74' title="bbox 1839 3931 3370 4001">
     <span class='ocr_line' id='line_1_74' title="bbox 1839 3931 3370 4001; baseline 0 -13"><span class='ocrx_word' id='word_1_640' title='bbox 1839 3951 1944 3989; x_wconf 90' lang='lat' dir='ltr'><strong>non</strong></span> <span class='ocrx_word' id='word_1_641' title='bbox 1981 3944 2156 4001; x_wconf 78' lang='lat' dir='ltr'><strong>posset</strong></span> <span class='ocrx_word' id='word_1_642' title='bbox 2177 3931 2428 3996; x_wconf 88' lang='lat' dir='ltr'><strong>obtineri,</strong></span> <span class='ocrx_word' id='word_1_643' title='bbox 2447 3936 2545 3988; x_wconf 94' lang='lat' dir='ltr'><strong>hoc</strong></span> <span class='ocrx_word' id='word_1_644' title='bbox 2569 3937 2744 3988; x_wconf 84' lang='lat' dir='ltr'><strong>verbis</strong></span> <span class='ocrx_word' id='word_1_645' title='bbox 2774 3934 3024 3999; x_wconf 71' lang='lat' dir='ltr'><strong>efﬁcitur;</strong></span> <span class='ocrx_word' id='word_1_646' title='bbox 3055 3943 3110 3988; x_wconf 91' lang='lat' dir='ltr'><strong>et</strong></span> <span class='ocrx_word' id='word_1_647' title='bbox 3133 3948 3235 3988; x_wconf 87' lang='lat' dir='ltr'><strong>non</strong></span> <span class='ocrx_word' id='word_1_648' title='bbox 3250 3934 3370 3988; x_wconf 83' lang='lat' dir='ltr'><strong>dico</strong></span> 
     </span>
    </p>
   </div>
   <div class='ocr_carea' id='block_1_75' title="bbox 1841 4021 3365 4089">
    <p class='ocr_par' dir='ltr' id='par_1_75' title="bbox 1841 4021 3365 4089">
     <span class='ocr_line' id='line_1_75' title="bbox 1841 4021 3365 4089; baseline -0.003 -12"><span class='ocrx_word' id='word_1_649' title='bbox 1841 4025 2040 4077; x_wconf 79' lang='lat' dir='ltr'><strong>sanctis</strong></span> <span class='ocrx_word' id='word_1_650' title='bbox 2064 4021 2356 4083; x_wconf 90' lang='lat' dir='ltr'><strong>verbis,vel</strong></span> <span class='ocrx_word' id='word_1_651' title='bbox 2373 4023 2463 4075; x_wconf 89' lang='lat' dir='ltr'><strong>Dei</strong></span> <span class='ocrx_word' id='word_1_652' title='bbox 2493 4025 2687 4089; x_wconf 86' lang='lat' dir='ltr'><strong>verbis,</strong></span> <span class='ocrx_word' id='word_1_653' title='bbox 2718 4025 2808 4076; x_wconf 88' lang='lat' dir='ltr'><strong>sed</strong></span> <span class='ocrx_word' id='word_1_654' title='bbox 2838 4022 3010 4076; x_wconf 88' lang='lat' dir='ltr'><strong>verbis</strong></span> <span class='ocrx_word' id='word_1_655' title='bbox 3031 4023 3365 4089; x_wconf 88' lang='lat' dir='ltr'><strong>quibusdam,</strong></span> 
     </span>
    </p>
   </div>
   <div class='ocr_carea' id='block_1_76' title="bbox 1839 4110 3364 4182">
    <p class='ocr_par' dir='ltr' id='par_1_76' title="bbox 1839 4110 3364 4182">
     <span class='ocr_line' id='line_1_76' title="bbox 1839 4110 3364 4182; baseline -0.001 -17"><span class='ocrx_word' id='word_1_656' title='bbox 1839 4129 1956 4182; x_wconf 82' lang='lat' dir='ltr'><strong>qua:</strong></span> <span class='ocrx_word' id='word_1_657' title='bbox 1982 4113 2122 4165; x_wconf 89' lang='lat' dir='ltr'><strong>inter</strong></span> <span class='ocrx_word' id='word_1_658' title='bbox 2143 4110 2384 4164; x_wconf 87' lang='lat' dir='ltr'><strong>homines</strong></span> <span class='ocrx_word' id='word_1_659' title='bbox 2433 4113 2722 4178; x_wconf 90' lang='lat' dir='ltr'><strong>habentur,</strong></span> <span class='ocrx_word' id='word_1_660' title='bbox 2753 4127 2869 4181; x_wconf 63' lang='lat' dir='ltr'><strong>quae</strong></span> <span class='ocrx_word' id='word_1_661' title='bbox 2898 4112 3163 4178; x_wconf 85' lang='lat' dir='ltr'><strong>quomodo</strong></span> <span class='ocrx_word' id='word_1_662' title='bbox 3192 4111 3364 4164; x_wconf 86' lang='lat' dir='ltr'><strong>nomi-</strong></span> 
     </span>
    </p>
   </div>
   <div class='ocr_carea' id='block_1_77' title="bbox 1840 4197 3371 4265">
    <p class='ocr_par' dir='ltr' id='par_1_77' title="bbox 1840 4197 3371 4265">
     <span class='ocr_line' id='line_1_77' title="bbox 1840 4197 3371 4265; baseline -0.005 -11"><span class='ocrx_word' id='word_1_663' title='bbox 1840 4216 1959 4255; x_wconf 86' lang='lat' dir='ltr'><strong>nem</strong></span> <span class='ocrx_word' id='word_1_664' title='bbox 2025 4200 2245 4264; x_wconf 90' lang='lat' dir='ltr'><strong>nescio;</strong></span> <span class='ocrx_word' id='word_1_665' title='bbox 2301 4209 2429 4253; x_wconf 91' lang='lat' dir='ltr'><strong>sunt</strong></span> <span class='ocrx_word' id='word_1_666' title='bbox 2467 4207 2640 4252; x_wconf 90' lang='lat' dir='ltr'><strong>tamen</strong></span> <span class='ocrx_word' id='word_1_667' title='bbox 2683 4201 2735 4252; x_wconf 90' lang='lat' dir='ltr'><strong>in</strong></span> <span class='ocrx_word' id='word_1_668' title='bbox 2765 4199 2879 4252; x_wconf 92' lang='lat' dir='ltr'><strong>utili</strong></span> <span class='ocrx_word' id='word_1_669' title='bbox 2919 4209 3031 4251; x_wconf 90' lang='lat' dir='ltr'><strong>arte</strong></span> <span class='ocrx_word' id='word_1_670' title='bbox 3055 4197 3371 4265; x_wconf 88' lang='lat' dir='ltr'><strong>composita,</strong></span> 
     </span>
    </p>
   </div>
   <div class='ocr_carea' id='block_1_78' title="bbox 164 4287 3368 4360">
    <p class='ocr_par' dir='ltr' id='par_1_78' title="bbox 164 4287 3368 4360">
     <span class='ocr_line' id='line_1_78' title="bbox 164 4287 3368 4360; baseline 0 -22"><span class='ocrx_word' id='word_1_671' title='bbox 164 4291 233 4339; x_wconf 80' lang='lat' dir='ltr'><strong>ita</strong></span> <span class='ocrx_word' id='word_1_672' title='bbox 261 4287 588 4354; x_wconf 59' lang='lat' dir='ltr'><strong>praecipitur</strong></span> <span class='ocrx_word' id='word_1_673' title='bbox 622 4287 825 4340; x_wconf 89' lang='lat' dir='ltr'><strong>bellum</strong></span> <span class='ocrx_word' id='word_1_674' title='bbox 852 4292 1166 4353; x_wconf 80' lang='lat' dir='ltr'><strong>gerendum,</strong></span> <span class='ocrx_word' id='word_1_675' title='bbox 1202 4306 1220 4338; x_wconf 85' lang='grc' dir='ltr'><strong>ι</strong></span> <span class='ocrx_word' id='word_1_676' title='bbox 1251 4298 1309 4342; x_wconf 84' lang='grc' dir='ltr'><strong>ιιι</strong></span> <span class='ocrx_word' id='word_1_677' title='bbox 1340 4303 1440 4342; x_wconf 87' lang='lat' dir='ltr'><strong>non</strong></span> <span class='ocrx_word' id='word_1_678' title='bbox 1473 4293 1738 4360; x_wconf 87' lang='lat' dir='ltr'><strong>relinqua-</strong></span> <span class='ocrx_word' id='word_1_679' title='bbox 1769 4287 1812 4343; x_wconf 89' lang='lat' dir='ltr'><strong>D</strong></span> <span class='ocrx_word' id='word_1_680' title='bbox 1842 4294 1991 4360; x_wconf 89' lang='lat' dir='ltr'><strong>cujus</strong></span> <span class='ocrx_word' id='word_1_681' title='bbox 2012 4291 2145 4344; x_wconf 89' lang='lat' dir='ltr'><strong>artis</strong></span> <span class='ocrx_word' id='word_1_682' title='bbox 2171 4287 2481 4342; x_wconf 87' lang='lat' dir='ltr'><strong>vocabulum</strong></span> <span class='ocrx_word' id='word_1_683' title='bbox 2514 4290 2641 4342; x_wconf 91' lang='lat' dir='ltr'><strong>illud</strong></span> <span class='ocrx_word' id='word_1_684' title='bbox 2676 4290 2768 4352; x_wconf 89' lang='lat' dir='ltr'><strong>sit,</strong></span> <span class='ocrx_word' id='word_1_685' title='bbox 2791 4289 2934 4356; x_wconf 91' lang='lat' dir='ltr'><strong>quod</strong></span> <span class='ocrx_word' id='word_1_686' title='bbox 2961 4288 3245 4355; x_wconf 89' lang='lat' dir='ltr'><strong>unicuique</strong></span> <span class='ocrx_word' id='word_1_687' title='bbox 3274 4301 3368 4354; x_wconf 90' lang='lat' dir='ltr'><strong>ap-</strong></span> 
     </span>
    </p>
   </div>
   <div class='ocr_carea' id='block_1_79' title="bbox 165 4375 1731 4441">
    <p class='ocr_par' dir='ltr' id='par_1_79' title="bbox 165 4375 1731 4441">
     <span class='ocr_line' id='line_1_79' title="bbox 165 4375 1731 4441; baseline 0.006 -16"><span class='ocrx_word' id='word_1_688' title='bbox 165 4377 258 4437; x_wconf 85' lang='lat' dir='ltr'><strong>tis,</strong></span> <span class='ocrx_word' id='word_1_689' title='bbox 305 4377 497 4441; x_wconf 76' lang='lat' dir='ltr'><strong>inquit</strong></span> <span class='ocrx_word' id='word_1_690' title='bbox 536 4376 604 4436; x_wconf 78' lang='lat'><strong>&quot;,</strong></span> <span class='ocrx_word' id='word_1_691' title='bbox 651 4388 718 4426; x_wconf 91' lang='lat' dir='ltr'><strong>ex</strong></span> <span class='ocrx_word' id='word_1_692' title='bbox 774 4389 839 4428; x_wconf 87' lang='lat' dir='ltr'><strong>eo</strong></span> <span class='ocrx_word' id='word_1_693' title='bbox 882 4375 1175 4430; x_wconf 85' lang='lat' dir='ltr'><strong>viventem.</strong></span> <span class='ocrx_word' id='word_1_694' title='bbox 1213 4393 1231 4425; x_wconf 77' lang='grc' dir='ltr'><strong>ι</strong></span> <span class='ocrx_word' id='word_1_695' title='bbox 1268 4375 1482 4430; x_wconf 86' lang='lat' dir='ltr'><strong>Nullum</strong></span> <span class='ocrx_word' id='word_1_696' title='bbox 1534 4381 1676 4434; x_wconf 89' lang='lat' dir='ltr'><strong>enim</strong></span> <span class='ocrx_word' id='word_1_697' title='bbox 1704 4398 1731 4434; x_wconf 91' lang='lat' dir='ltr'><strong>a</strong></span> 
     </span>
    </p>
   </div>
   <div class='ocr_carea' id='block_1_80' title="bbox 159 4465 1736 4536">
    <p class='ocr_par' dir='ltr' id='par_1_80' title="bbox 159 4465 1736 4536">
     <span class='ocr_line' id='line_1_80' title="bbox 159 4465 1736 4536; baseline 0.004 -20"><span class='ocrx_word' id='word_1_698' title='bbox 159 4467 291 4518; x_wconf 77' lang='lat' dir='ltr'><strong>ﬁliis</strong></span> <span class='ocrx_word' id='word_1_699' title='bbox 322 4465 378 4518; x_wconf 87' lang='lat' dir='ltr'><strong>ls</strong></span> <span class='ocrx_word' id='word_1_700' title='bbox 399 4466 504 4518; x_wconf 86' lang='lat' dir='ltr'><strong>rael</strong></span> <span class='ocrx_word' id='word_1_701' title='bbox 545 4475 759 4533; x_wconf 90' lang='lat' dir='ltr'><strong>oportet</strong></span> <span class='ocrx_word' id='word_1_702' title='bbox 792 4465 1022 4532; x_wconf 88' lang='lat' dir='ltr'><strong>relinqui</strong></span> <span class='ocrx_word' id='word_1_703' title='bbox 1070 4467 1123 4518; x_wconf 93' lang='lat' dir='ltr'><strong>in</strong></span> <span class='ocrx_word' id='word_1_704' title='bbox 1185 4480 1355 4532; x_wconf 85' lang='lat' dir='ltr'><strong>regno</strong></span> <span class='ocrx_word' id='word_1_705' title='bbox 1397 4471 1736 4536; x_wconf 86' lang='lat' dir='ltr'><strong>turpitudinis</strong></span> 
     </span>
    </p>
   </div>
   <div class='ocr_carea' id='block_1_81' title="bbox 164 4551 1736 4609">
    <p class='ocr_par' dir='ltr' id='par_1_81' title="bbox 164 4551 1736 4609">
     <span class='ocr_line' id='line_1_81' title="bbox 164 4551 1736 4609; baseline 0.001 -3"><span class='ocrx_word' id='word_1_706' title='bbox 164 4566 218 4607; x_wconf 86' lang='lat' dir='ltr'><strong>et</strong></span> <span class='ocrx_word' id='word_1_707' title='bbox 266 4555 562 4609; x_wconf 85' lang='lat' dir='ltr'><strong>dedecoris</strong></span> <span class='ocrx_word' id='word_1_708' title='bbox 609 4555 902 4607; x_wconf 88' lang='lat' dir='ltr'><strong>viventem.</strong></span> <span class='ocrx_word' id='word_1_709' title='bbox 956 4554 1058 4607; x_wconf 86' lang='lat' dir='ltr'><strong>Sed</strong></span> <span class='ocrx_word' id='word_1_710' title='bbox 1105 4561 1159 4607; x_wconf 90' lang='lat' dir='ltr'><strong>et</strong></span> <span class='ocrx_word' id='word_1_711' title='bbox 1206 4557 1364 4607; x_wconf 88' lang='lat' dir='ltr'><strong>decet</strong></span> <span class='ocrx_word' id='word_1_712' title='bbox 1393 4551 1736 4608; x_wconf 84' lang='lat' dir='ltr'><strong>lsraeliticam</strong></span> 
     </span>
    </p>
   </div>
   <div class='ocr_carea' id='block_1_82' title="bbox 166 4643 1737 4712">
    <p class='ocr_par' dir='ltr' id='par_1_82' title="bbox 166 4643 1737 4712">
     <span class='ocr_line' id='line_1_82' title="bbox 166 4643 1737 4712; baseline 0.003 -20"><span class='ocrx_word' id='word_1_713' title='bbox 166 4643 441 4695; x_wconf 75' lang='lat' dir='ltr'><strong>virtutem</strong></span> <span class='ocrx_word' id='word_1_714' title='bbox 474 4643 722 4696; x_wconf 88' lang='lat' dir='ltr'><strong>excidere</strong></span> <span class='ocrx_word' id='word_1_715' title='bbox 769 4652 824 4695; x_wconf 88' lang='lat' dir='ltr'><strong>et</strong></span> <span class='ocrx_word' id='word_1_716' title='bbox 857 4655 1102 4696; x_wconf 88' lang='lat' dir='ltr'><strong>resecare</strong></span> <span class='ocrx_word' id='word_1_717' title='bbox 1131 4643 1343 4709; x_wconf 89' lang='lat' dir='ltr'><strong>turpia,</strong></span> <span class='ocrx_word' id='word_1_718' title='bbox 1389 4651 1443 4696; x_wconf 90' lang='lat' dir='ltr'><strong>et</strong></span> <span class='ocrx_word' id='word_1_719' title='bbox 1487 4644 1567 4711; x_wconf 88' lang='lat' dir='ltr'><strong>pia</strong></span> <span class='ocrx_word' id='word_1_720' title='bbox 1593 4660 1737 4712; x_wconf 73' lang='lat' dir='ltr'><strong>qua:-</strong></span> 
     </span>
    </p>
   </div>
   <div class='ocr_carea' id='block_1_83' title="bbox 165 4729 1732 4801">
    <p class='ocr_par' dir='ltr' id='par_1_83' title="bbox 165 4729 1732 4801">
     <span class='ocr_line' id='line_1_83' title="bbox 165 4729 1732 4801; baseline 0.004 -22"><span class='ocrx_word' id='word_1_721' title='bbox 165 4744 274 4795; x_wconf 86' lang='lat' dir='ltr'><strong>que</strong></span> <span class='ocrx_word' id='word_1_722' title='bbox 297 4729 355 4782; x_wconf 91' lang='lat' dir='ltr'><strong>in</strong></span> <span class='ocrx_word' id='word_1_723' title='bbox 387 4730 559 4783; x_wconf 84' lang='lat' dir='ltr'><strong>anima</strong></span> <span class='ocrx_word' id='word_1_724' title='bbox 584 4729 935 4796; x_wconf 71' lang='lat' dir='ltr'><strong>retedilicare,</strong></span> <span class='ocrx_word' id='word_1_725' title='bbox 959 4740 1118 4799; x_wconf 89' lang='lat' dir='ltr'><strong>atque</strong></span> <span class='ocrx_word' id='word_1_726' title='bbox 1146 4730 1377 4782; x_wconf 88' lang='lat' dir='ltr'><strong>honesta</strong></span> <span class='ocrx_word' id='word_1_727' title='bbox 1402 4745 1464 4784; x_wconf 88' lang='lat' dir='ltr'><strong>ac</strong></span> <span class='ocrx_word' id='word_1_728' title='bbox 1492 4733 1732 4801; x_wconf 85' lang='lat' dir='ltr'><strong>religiosa</strong></span> 
     </span>
    </p>
   </div>
   <div class='ocr_carea' id='block_1_84' title="bbox 165 4818 1734 4890">
    <p class='ocr_par' dir='ltr' id='par_1_84' title="bbox 165 4818 1734 4890">
     <span class='ocr_line' id='line_1_84' title="bbox 165 4818 1734 4890; baseline 0.004 -22"><span class='ocrx_word' id='word_1_729' title='bbox 165 4818 447 4884; x_wconf 86' lang='lat' dir='ltr'><strong>plantare.</strong></span> <span class='ocrx_word' id='word_1_730' title='bbox 499 4820 569 4872; x_wconf 90' lang='lat' dir='ltr'><strong>De</strong></span> <span class='ocrx_word' id='word_1_731' title='bbox 618 4835 784 4890; x_wconf 84' lang='lat' dir='ltr'><strong>regno</strong></span> <span class='ocrx_word' id='word_1_732' title='bbox 851 4820 990 4874; x_wconf 90' lang='lat' dir='ltr'><strong>Seon</strong></span> <span class='ocrx_word' id='word_1_733' title='bbox 1041 4833 1147 4871; x_wconf 89' lang='lat' dir='ltr'><strong>non</strong></span> <span class='ocrx_word' id='word_1_734' title='bbox 1201 4827 1288 4870; x_wconf 88' lang='lat' dir='ltr'><strong>est</strong></span> <span class='ocrx_word' id='word_1_735' title='bbox 1347 4819 1622 4886; x_wconf 81' lang='lat' dir='ltr'><strong>scriptum,</strong></span> <span class='ocrx_word' id='word_1_736' title='bbox 1676 4831 1734 4874; x_wconf 92' lang='lat' dir='ltr'><strong>ut</strong></span> 
     </span>
    </p>
   </div>
   <div class='ocr_carea' id='block_1_85' title="bbox 165 4904 1734 4975">
    <p class='ocr_par' dir='ltr' id='par_1_85' title="bbox 165 4904 1734 4975">
     <span class='ocr_line' id='line_1_85' title="bbox 165 4904 1734 4975; baseline 0.006 -21"><span class='ocrx_word' id='word_1_737' title='bbox 165 4905 357 4958; x_wconf 87' lang='lat' dir='ltr'><strong>nullus</strong></span> <span class='ocrx_word' id='word_1_738' title='bbox 383 4906 533 4960; x_wconf 89' lang='lat' dir='ltr'><strong>vivus</strong></span> <span class='ocrx_word' id='word_1_739' title='bbox 561 4908 913 4975; x_wconf 88' lang='lat' dir='ltr'><strong>relinquatur,</strong></span> <span class='ocrx_word' id='word_1_740' title='bbox 944 4922 1045 4961; x_wconf 87' lang='lat' dir='ltr'><strong>nec</strong></span> <span class='ocrx_word' id='word_1_741' title='bbox 1073 4907 1145 4960; x_wconf 87' lang='lat' dir='ltr'><strong>de</strong></span> <span class='ocrx_word' id='word_1_742' title='bbox 1169 4919 1342 4972; x_wconf 82' lang='lat' dir='ltr'><strong>regno</strong></span> <span class='ocrx_word' id='word_1_743' title='bbox 1380 4904 1552 4960; x_wconf 77' lang='lat' dir='ltr'><strong>Moab.</strong></span> <span class='ocrx_word' id='word_1_744' title='bbox 1575 4909 1734 4964; x_wconf 86' lang='lat' dir='ltr'><strong>Forte</strong></span> 
     </span>
    </p>
   </div>
   <div class='ocr_carea' id='block_1_86' title="bbox 164 4993 1734 5064">
    <p class='ocr_par' dir='ltr' id='par_1_86' title="bbox 164 4993 1734 5064">
     <span class='ocr_line' id='line_1_86' title="bbox 164 4993 1734 5064; baseline 0.004 -18"><span class='ocrx_word' id='word_1_745' title='bbox 164 4993 320 5046; x_wconf 86' lang='lat' dir='ltr'><strong>enim</strong></span> <span class='ocrx_word' id='word_1_746' title='bbox 353 5007 423 5046; x_wconf 88' lang='lat' dir='ltr'><strong>ex</strong></span> <span class='ocrx_word' id='word_1_747' title='bbox 451 4994 555 5048; x_wconf 90' lang='lat' dir='ltr'><strong>illis</strong></span> <span class='ocrx_word' id='word_1_748' title='bbox 589 5011 722 5064; x_wconf 86' lang='lat' dir='ltr'><strong>opus</strong></span> <span class='ocrx_word' id='word_1_749' title='bbox 757 4998 1019 5051; x_wconf 86' lang='lat' dir='ltr'><strong>habemus</strong></span> <span class='ocrx_word' id='word_1_750' title='bbox 1045 4994 1344 5062; x_wconf 89' lang='lat' dir='ltr'><strong>aliquibus,</strong></span> <span class='ocrx_word' id='word_1_751' title='bbox 1376 5002 1427 5046; x_wconf 88' lang='lat' dir='ltr'><strong>et</strong></span> <span class='ocrx_word' id='word_1_752' title='bbox 1467 4998 1734 5052; x_wconf 86' lang='lat' dir='ltr'><strong>nonnullis</strong></span> 
     </span>
    </p>
   </div>
   <div class='ocr_carea' id='block_1_87' title="bbox 164 5085 1734 5157">
    <p class='ocr_par' dir='ltr' id='par_1_87' title="bbox 164 5085 1734 5157">
     <span class='ocr_line' id='line_1_87' title="bbox 164 5085 1734 5157; baseline 0.006 -25"><span class='ocrx_word' id='word_1_753' title='bbox 164 5096 367 5134; x_wconf 74' lang='lat' dir='ltr'><strong>curua</strong></span> <span class='ocrx_word' id='word_1_754' title='bbox 402 5097 500 5149; x_wconf 92' lang='lat' dir='ltr'><strong>pro</strong></span> <span class='ocrx_word' id='word_1_755' title='bbox 528 5085 644 5140; x_wconf 69' lang='lat' dir='ltr'><strong>vita:</strong></span> <span class='ocrx_word' id='word_1_756' title='bbox 687 5087 850 5157; x_wconf 84' lang='lat' dir='ltr'><strong>hujus</strong></span> <span class='ocrx_word' id='word_1_757' title='bbox 902 5086 1170 5155; x_wconf 87' lang='lat' dir='ltr'><strong>agonibus</strong></span> <span class='ocrx_word' id='word_1_758' title='bbox 1199 5091 1253 5133; x_wconf 86' lang='lat' dir='ltr'><strong>et</strong></span> <span class='ocrx_word' id='word_1_759' title='bbox 1297 5085 1570 5138; x_wconf 85' lang='lat' dir='ltr'><strong>exercitiis</strong></span> <span class='ocrx_word' id='word_1_760' title='bbox 1597 5089 1734 5141; x_wconf 80' lang='lat' dir='ltr'><strong>indi-</strong></span> 
     </span>
    </p>
   </div>
   <div class='ocr_carea' id='block_1_88' title="bbox 235 5190 726 5264">
    <p class='ocr_par' dir='ltr' id='par_1_88' title="bbox 235 5190 726 5264">
     <span class='ocr_line' id='line_1_88' title="bbox 235 5190 726 5264; baseline 0.012 -17"><span class='ocrx_word' id='word_1_761' title='bbox 235 5192 507 5251; x_wconf 74' lang='lat' dir='ltr'><strong>&quot;Jerem.</strong></span> <span class='ocrx_word' id='word_1_762' title='bbox 526 5212 558 5258; x_wconf 85' lang='lat' dir='ltr'><strong>t,</strong></span> <span class='ocrx_word' id='word_1_763' title='bbox 580 5190 726 5264; x_wconf 72' lang='lat'><strong>9,10.</strong></span> 
     </span>
    </p>
   </div>
   <div class='ocr_carea' id='block_1_89' title="bbox 171 5308 1733 5429">
    <p class='ocr_par' dir='ltr' id='par_1_89' title="bbox 171 5308 1733 5429">
     <span class='ocr_line' id='line_1_89' title="bbox 171 5308 1733 5429; baseline 0.004 -70"><span class='ocrx_word' id='word_1_764' title='bbox 171 5376 194 5429; x_wconf 51' lang='grc' dir='ltr'><strong>Ι</strong></span> <span class='ocrx_word' id='word_1_765' title='bbox 243 5309 366 5376; x_wconf 64' lang='grc'><strong>(42)</strong></span> <span class='ocrx_word' id='word_1_766' title='bbox 403 5309 568 5364; x_wconf 78' lang='lat' dir='ltr'><strong>Busan</strong></span> <span class='ocrx_word' id='word_1_767' title='bbox 590 5316 958 5382; x_wconf 77' lang='lat' dir='ltr'><strong>interpretatur</strong></span> <span class='ocrx_word' id='word_1_768' title='bbox 987 5315 1304 5362; x_wconf 73' lang='lat' dir='ltr'><strong>wnm&#39;woo.</strong></span> <span class='ocrx_word' id='word_1_769' title='bbox 1331 5308 1369 5360; x_wconf 84' lang='lat' dir='ltr'><strong>A</strong></span> <span class='ocrx_word' id='word_1_770' title='bbox 1393 5318 1510 5369; x_wconf 74' lang='lat' dir='ltr'><strong>tm:</strong></span> <span class='ocrx_word' id='word_1_771' title='bbox 1550 5329 1570 5362; x_wconf 85' lang='grc' dir='ltr'><strong>ι</strong></span> <span class='ocrx_word' id='word_1_772' title='bbox 1607 5328 1733 5366; x_wconf 84' lang='lat' dir='ltr'><strong>con-</strong></span> 
     </span>
     <span class='ocr_line' id='line_1_90' title="bbox 195 5390 513 5429; baseline 0 0"><span class='ocrx_word' id='word_1_773' title='bbox 195 5394 331 5429; x_wconf 75' lang='lat' dir='ltr'><strong>usus</strong></span> <span class='ocrx_word' id='word_1_774' title='bbox 362 5390 465 5429; x_wconf 65' lang='grc' dir='ltr'><strong>εει.</strong></span> <span class='ocrx_word' id='word_1_775' title='bbox 495 5399 513 5429; x_wconf 74' lang='grc' dir='ltr'><strong>ι</strong></span> 
     </span>
    </p>
   </div>
   <div class='ocr_carea' id='block_1_90' title="bbox 195 5390 1738 5516">
    <p class='ocr_par' dir='ltr' id='par_1_90' title="bbox 195 5390 1738 5516">
     <span class='ocr_line' id='line_1_91' title="bbox 263 5394 465 5430; baseline 0.025 -5"><span class='ocrx_word' id='word_1_776' title='bbox 263 5394 326 5426; x_wconf 82' lang='grc' dir='ltr'>ιι·</span> <span class='ocrx_word' id='word_1_777' title='bbox 362 5396 398 5427; x_wconf 61' lang='grc' dir='ltr'><strong>Β</strong></span> <span class='ocrx_word' id='word_1_778' title='bbox 452 5418 465 5430; x_wconf 87' lang='grc'><strong>.</strong></span> 
     </span>
     <span class='ocr_line' id='line_1_92' title="bbox 195 5390 1738 5516; baseline 0 -21"><span class='ocrx_word' id='word_1_779' title='bbox 195 5394 364 5516; x_wconf 40' lang='lat' dir='ltr'><strong>usui?!)</strong></span> <span class='ocrx_word' id='word_1_780' title='bbox 399 5390 472 5516; x_wconf 53' lang='grc' dir='ltr'><strong>ἓν</strong></span> <span class='ocrx_word' id='word_1_781' title='bbox 495 5399 664 5502; x_wconf 43' lang='lat' dir='ltr'><strong>autem</strong></span> <span class='ocrx_word' id='word_1_782' title='bbox 692 5449 780 5516; x_wconf 78' lang='lat' dir='ltr'><strong>qui</strong></span> <span class='ocrx_word' id='word_1_783' title='bbox 821 5462 911 5499; x_wconf 72' lang='lat' dir='ltr'><strong>rex</strong></span> <span class='ocrx_word' id='word_1_784' title='bbox 953 5442 1148 5516; x_wconf 55' lang='lat' dir='ltr'><strong>dicifgr</strong></span> <span class='ocrx_word' id='word_1_785' title='bbox 1173 5451 1294 5516; x_wconf 46' lang='lat' dir='ltr'><strong>este</strong></span> <span class='ocrx_word' id='word_1_786' title='bbox 1320 5439 1520 5516; x_wconf 58' lang='lat' dir='ltr'><strong>Busan,</strong></span> <span class='ocrx_word' id='word_1_787' title='bbox 1549 5457 1738 5516; x_wconf 60' lang='grc' dir='ltr'>ιζιτειι-</span> 
     </span>
    </p>
   </div>
   <div class='ocr_carea' id='block_1_91' title="bbox 176 5504 1717 5570">
    <p class='ocr_par' dir='ltr' id='par_1_91' title="bbox 176 5504 1717 5570">
     <span class='ocr_line' id='line_1_93' title="bbox 176 5504 1717 5570; baseline 0.001 -6"><span class='ocrx_word' id='word_1_788' title='bbox 176 5504 768 5570; x_wconf 60' lang='grc' dir='ltr'><strong>ειιιδῐὸὶιιῖττυνειαιιὶν.</strong></span> <span class='ocrx_word' id='word_1_789' title='bbox 804 5517 883 5566; x_wconf 85' lang='lat' dir='ltr'><strong>Ab</strong></span> <span class='ocrx_word' id='word_1_790' title='bbox 925 5519 1013 5568; x_wconf 64' lang='grc' dir='ltr'><strong>τιν</strong></span> <span class='ocrx_word' id='word_1_791' title='bbox 1055 5504 1242 5556; x_wconf 69' lang='lat' dir='ltr'><strong>Chald-</strong></span> <span class='ocrx_word' id='word_1_792' title='bbox 1285 5509 1360 5560; x_wconf 73' lang='lat' dir='ltr'><strong>vel</strong></span> <span class='ocrx_word' id='word_1_793' title='bbox 1402 5504 1513 5569; x_wconf 68' lang='lat' dir='ltr'><strong>ari</strong></span> <span class='ocrx_word' id='word_1_794' title='bbox 1545 5512 1717 5566; x_wconf 80' lang='lat' dir='ltr'><strong>Hebr.</strong></span> 
     </span>
    </p>
   </div>
   <div class='ocr_carea' id='block_1_92' title="bbox 1836 4376 3366 4449">
    <p class='ocr_par' dir='ltr' id='par_1_92' title="bbox 1836 4376 3366 4449">
     <span class='ocr_line' id='line_1_94' title="bbox 1836 4376 3366 4449; baseline -0.005 -14"><span class='ocrx_word' id='word_1_795' title='bbox 1836 4382 2021 4449; x_wconf 89' lang='lat' dir='ltr'><strong>pellari</strong></span> <span class='ocrx_word' id='word_1_796' title='bbox 2057 4381 2201 4434; x_wconf 89' lang='lat' dir='ltr'><strong>libet.</strong></span> <span class='ocrx_word' id='word_1_797' title='bbox 2257 4381 2352 4432; x_wconf 88' lang='lat' dir='ltr'><strong>Est</strong></span> <span class='ocrx_word' id='word_1_798' title='bbox 2377 4393 2526 4446; x_wconf 81' lang='lat' dir='ltr'><strong>ergo,</strong></span> <span class='ocrx_word' id='word_1_799' title='bbox 2557 4389 2612 4430; x_wconf 93' lang='lat' dir='ltr'><strong>ut</strong></span> <span class='ocrx_word' id='word_1_800' title='bbox 2643 4377 2774 4440; x_wconf 82' lang='lat' dir='ltr'><strong>dixi,</strong></span> <span class='ocrx_word' id='word_1_801' title='bbox 2805 4379 2942 4444; x_wconf 86' lang='lat' dir='ltr'><strong>apud</strong></span> <span class='ocrx_word' id='word_1_802' title='bbox 2974 4376 3210 4429; x_wconf 89' lang='lat' dir='ltr'><strong>homines</strong></span> <span class='ocrx_word' id='word_1_803' title='bbox 3234 4389 3366 4442; x_wconf 87' lang='lat' dir='ltr'><strong>opus</strong></span> 
     </span>
    </p>
   </div>
   <div class='ocr_carea' id='block_1_93' title="bbox 1841 4461 3365 4532">
    <p class='ocr_par' dir='ltr' id='par_1_93' title="bbox 1841 4461 3365 4532">
     <span class='ocr_line' id='line_1_95' title="bbox 1841 4461 3365 4532; baseline -0.003 -14"><span class='ocrx_word' id='word_1_804' title='bbox 1841 4466 2104 4532; x_wconf 88' lang='lat' dir='ltr'><strong>aliquod,</strong></span> <span class='ocrx_word' id='word_1_805' title='bbox 2178 4465 2319 4531; x_wconf 91' lang='lat' dir='ltr'><strong>quod</strong></span> <span class='ocrx_word' id='word_1_806' title='bbox 2407 4463 2584 4516; x_wconf 82' lang='lat' dir='ltr'><strong>verbis</strong></span> <span class='ocrx_word' id='word_1_807' title='bbox 2659 4462 2904 4515; x_wconf 85' lang='lat' dir='ltr'><strong>eﬂicitur.</strong></span> <span class='ocrx_word' id='word_1_808' title='bbox 2976 4461 3113 4525; x_wconf 84' lang='lat' dir='ltr'><strong>Quid</strong></span> <span class='ocrx_word' id='word_1_809' title='bbox 3187 4469 3365 4514; x_wconf 86' lang='lat' dir='ltr'><strong>tamen</strong></span> 
     </span>
    </p>
   </div>
   <div class='ocr_carea' id='block_1_94' title="bbox 1839 4550 3367 4621">
    <p class='ocr_par' dir='ltr' id='par_1_94' title="bbox 1839 4550 3367 4621">
     <span class='ocr_line' id='line_1_96' title="bbox 1839 4550 3367 4621; baseline -0.003 -15"><span class='ocrx_word' id='word_1_810' title='bbox 1839 4569 1968 4621; x_wconf 88' lang='lat' dir='ltr'><strong>opus</strong></span> <span class='ocrx_word' id='word_1_811' title='bbox 2015 4553 2118 4606; x_wconf 87' lang='lat' dir='ltr'><strong>tale</strong></span> <span class='ocrx_word' id='word_1_812' title='bbox 2173 4559 2286 4614; x_wconf 89' lang='lat' dir='ltr'><strong>est,</strong></span> <span class='ocrx_word' id='word_1_813' title='bbox 2342 4562 2400 4603; x_wconf 90' lang='lat' dir='ltr'><strong>ut</strong></span> <span class='ocrx_word' id='word_1_814' title='bbox 2440 4550 2680 4617; x_wconf 86' lang='lat' dir='ltr'><strong>quamvis</strong></span> <span class='ocrx_word' id='word_1_815' title='bbox 2744 4551 2948 4617; x_wconf 82' lang='lat' dir='ltr'><strong>magnis</strong></span> <span class='ocrx_word' id='word_1_816' title='bbox 2998 4551 3238 4617; x_wconf 87' lang='lat' dir='ltr'><strong>corporis</strong></span> <span class='ocrx_word' id='word_1_817' title='bbox 3287 4552 3367 4601; x_wconf 82' lang='lat' dir='ltr'><strong>vi-</strong></span> 
     </span>
    </p>
   </div>
   <div class='ocr_carea' id='block_1_95' title="bbox 1840 4638 3366 4710">
    <p class='ocr_par' dir='ltr' id='par_1_95' title="bbox 1840 4638 3366 4710">
     <span class='ocr_line' id='line_1_97' title="bbox 1840 4638 3366 4710; baseline -0.002 -15"><span class='ocrx_word' id='word_1_818' title='bbox 1840 4644 1987 4695; x_wconf 91' lang='lat' dir='ltr'><strong>ribus</strong></span> <span class='ocrx_word' id='word_1_819' title='bbox 2023 4656 2127 4695; x_wconf 89' lang='lat' dir='ltr'><strong>non</strong></span> <span class='ocrx_word' id='word_1_820' title='bbox 2185 4641 2350 4710; x_wconf 89' lang='lat' dir='ltr'><strong>possit</strong></span> <span class='ocrx_word' id='word_1_821' title='bbox 2399 4640 2642 4707; x_wconf 82' lang='lat' dir='ltr'><strong>impleri?</strong></span> <span class='ocrx_word' id='word_1_822' title='bbox 2685 4638 2840 4693; x_wconf 81' lang='lat' dir='ltr'><strong>Verbi</strong></span> <span class='ocrx_word' id='word_1_823' title='bbox 2887 4641 3088 4706; x_wconf 85' lang='lat' dir='ltr'><strong>gratia,</strong></span> <span class='ocrx_word' id='word_1_824' title='bbox 3126 4649 3277 4694; x_wconf 86' lang='lat' dir='ltr'><strong>erant</strong></span> <span class='ocrx_word' id='word_1_825' title='bbox 3311 4641 3366 4692; x_wconf 91' lang='lat' dir='ltr'><strong>in</strong></span> 
     </span>
    </p>
   </div>
   <div class='ocr_carea' id='block_1_96' title="bbox 1837 4725 3368 4798">
    <p class='ocr_par' dir='ltr' id='par_1_96' title="bbox 1837 4725 3368 4798">
     <span class='ocr_line' id='line_1_98' title="bbox 1837 4725 3368 4798; baseline -0.003 -14"><span class='ocrx_word' id='word_1_826' title='bbox 1837 4729 2067 4798; x_wconf 65' lang='lat' dir='ltr'><strong>Egypto</strong></span> <span class='ocrx_word' id='word_1_827' title='bbox 2117 4730 2474 4783; x_wconf 86' lang='lat' dir='ltr'><strong>incantatores</strong></span> <span class='ocrx_word' id='word_1_828' title='bbox 2513 4738 2566 4780; x_wconf 91' lang='lat' dir='ltr'><strong>et</strong></span> <span class='ocrx_word' id='word_1_829' title='bbox 2611 4729 2770 4796; x_wconf 79' lang='lat' dir='ltr'><strong>magi.</strong></span> <span class='ocrx_word' id='word_1_830' title='bbox 2813 4725 2944 4792; x_wconf 85' lang='lat' dir='ltr'><strong>Quis</strong></span> <span class='ocrx_word' id='word_1_831' title='bbox 2977 4738 3147 4795; x_wconf 74' lang='lat' dir='ltr'><strong>potest</strong></span> <span class='ocrx_word' id='word_1_832' title='bbox 3191 4728 3368 4780; x_wconf 86' lang='lat' dir='ltr'><strong>homi-</strong></span> 
     </span>
    </p>
   </div>
   <div class='ocr_carea' id='block_1_97' title="bbox 1839 4818 3362 4885">
    <p class='ocr_par' dir='ltr' id='par_1_97' title="bbox 1839 4818 3362 4885">
     <span class='ocr_line' id='line_1_99' title="bbox 1839 4818 3362 4885; baseline -0.003 -13"><span class='ocrx_word' id='word_1_833' title='bbox 1839 4835 1962 4872; x_wconf 87' lang='lat' dir='ltr'><strong>nutn</strong></span> <span class='ocrx_word' id='word_1_834' title='bbox 2002 4819 2312 4873; x_wconf 87' lang='lat' dir='ltr'><strong>fortitudine</strong></span> <span class='ocrx_word' id='word_1_835' title='bbox 2340 4818 2582 4885; x_wconf 85' lang='lat' dir='ltr'><strong>corporis</strong></span> <span class='ocrx_word' id='word_1_836' title='bbox 2628 4819 2830 4884; x_wconf 85' lang='lat' dir='ltr'><strong>virgam</strong></span> <span class='ocrx_word' id='word_1_837' title='bbox 2889 4828 3099 4870; x_wconf 89' lang='lat' dir='ltr'><strong>mutare</strong></span> <span class='ocrx_word' id='word_1_838' title='bbox 3151 4818 3204 4869; x_wconf 93' lang='lat' dir='ltr'><strong>in</strong></span> <span class='ocrx_word' id='word_1_839' title='bbox 3243 4831 3362 4870; x_wconf 88' lang='lat' dir='ltr'><strong>ser-</strong></span> 
     </span>
    </p>
   </div>
   <div class='ocr_carea' id='block_1_98' title="bbox 1835 4907 3369 4978">
    <p class='ocr_par' dir='ltr' id='par_1_98' title="bbox 1835 4907 3369 4978">
     <span class='ocr_line' id='line_1_100' title="bbox 1835 4907 3369 4978; baseline -0.001 -18"><span class='ocrx_word' id='word_1_840' title='bbox 1835 4917 2076 4974; x_wconf 82' lang='lat' dir='ltr'><strong>pentem,</strong></span> <span class='ocrx_word' id='word_1_841' title='bbox 2133 4910 2276 4978; x_wconf 91' lang='lat' dir='ltr'><strong>quod</strong></span> <span class='ocrx_word' id='word_1_842' title='bbox 2309 4908 2376 4961; x_wconf 88' lang='lat' dir='ltr'><strong>ab</strong></span> <span class='ocrx_word' id='word_1_843' title='bbox 2410 4908 2515 4961; x_wconf 89' lang='lat' dir='ltr'><strong>illis</strong></span> <span class='ocrx_word' id='word_1_844' title='bbox 2565 4907 2762 4962; x_wconf 87' lang='lat' dir='ltr'><strong>factum</strong></span> <span class='ocrx_word' id='word_1_845' title='bbox 2785 4908 3050 4962; x_wconf 72' lang='lat' dir='ltr'><strong>refertur?</strong></span> <span class='ocrx_word' id='word_1_846' title='bbox 3096 4908 3200 4960; x_wconf 84' lang='lat' dir='ltr'><strong>Aut</strong></span> <span class='ocrx_word' id='word_1_847' title='bbox 3242 4907 3369 4975; x_wconf 81' lang='lat' dir='ltr'><strong>quis</strong></span> 
     </span>
    </p>
   </div>
   <div class='ocr_carea' id='block_1_99' title="bbox 1837 4997 3363 5068">
    <p class='ocr_par' dir='ltr' id='par_1_99' title="bbox 1837 4997 3363 5068">
     <span class='ocr_line' id='line_1_101' title="bbox 1837 4997 3363 5068; baseline -0.003 -16"><span class='ocrx_word' id='word_1_848' title='bbox 1837 5007 2008 5066; x_wconf 86' lang='lat' dir='ltr'><strong>p0test</strong></span> <span class='ocrx_word' id='word_1_849' title='bbox 2078 5001 2276 5053; x_wconf 89' lang='lat' dir='ltr'><strong>viribus</strong></span> <span class='ocrx_word' id='word_1_850' title='bbox 2345 5001 2584 5068; x_wconf 83' lang='lat' dir='ltr'><strong>corporis</strong></span> <span class='ocrx_word' id='word_1_851' title='bbox 2653 5013 2846 5068; x_wconf 85' lang='lat' dir='ltr'><strong>aquam</strong></span> <span class='ocrx_word' id='word_1_852' title='bbox 2917 4999 2968 5051; x_wconf 92' lang='lat' dir='ltr'><strong>in</strong></span> <span class='ocrx_word' id='word_1_853' title='bbox 3047 4997 3363 5064; x_wconf 84' lang='lat' dir='ltr'><strong>sanguinem</strong></span> 
     </span>
    </p>
   </div>
   <div class='ocr_carea' id='block_1_100' title="bbox 1836 5084 3362 5155">
    <p class='ocr_par' dir='ltr' id='par_1_100' title="bbox 1836 5084 3362 5155">
     <span class='ocr_line' id='line_1_102' title="bbox 1836 5084 3362 5155; baseline -0.006 -13"><span class='ocrx_word' id='word_1_854' title='bbox 1836 5087 1997 5155; x_wconf 78' lang='lat'><strong>319</strong></span> <span class='ocrx_word' id='word_1_855' title='bbox 2033 5089 2278 5142; x_wconf 82' lang='lat' dir='ltr'><strong>vertere?</strong></span> <span class='ocrx_word' id='word_1_856' title='bbox 2322 5089 2579 5144; x_wconf 82' lang='lat' dir='ltr'><strong>Fecerunt</strong></span> <span class='ocrx_word' id='word_1_857' title='bbox 2627 5097 2804 5142; x_wconf 87' lang='lat' dir='ltr'><strong>tamen</strong></span> <span class='ocrx_word' id='word_1_858' title='bbox 2854 5087 2954 5140; x_wconf 86' lang='lat' dir='ltr'><strong>hoc</strong></span> <span class='ocrx_word' id='word_1_859' title='bbox 2991 5084 3362 5154; x_wconf 66' lang='lat' dir='ltr'><strong>Egyptiorum</strong></span> 
     </span>
    </p>
   </div>
   <div class='ocr_carea' id='block_1_101' title="bbox 808 5191 2307 5264">
    <p class='ocr_par' dir='ltr' id='par_1_101' title="bbox 808 5191 2307 5264">
     <span class='ocr_line' id='line_1_103' title="bbox 808 5191 2307 5264; baseline 0.003 -15"><span class='ocrx_word' id='word_1_860' title='bbox 808 5199 854 5230; x_wconf 75' lang='lat'>&quot;</span> <span class='ocrx_word' id='word_1_861' title='bbox 885 5196 1046 5249; x_wconf 78' lang='lat' dir='ltr'><strong>Num.</strong></span> <span class='ocrx_word' id='word_1_862' title='bbox 1081 5207 1197 5254; x_wconf 79' lang='lat' dir='ltr'><strong>xxi,</strong></span> <span class='ocrx_word' id='word_1_863' title='bbox 1238 5191 1326 5242; x_wconf 77' lang='lat'><strong>35.</strong></span> <span class='ocrx_word' id='word_1_864' title='bbox 1393 5194 1439 5226; x_wconf 73' lang='grc'><strong>⁸⁸</strong></span> <span class='ocrx_word' id='word_1_865' title='bbox 1464 5197 1630 5250; x_wconf 79' lang='lat' dir='ltr'><strong>Num.</strong></span> <span class='ocrx_word' id='word_1_866' title='bbox 1668 5201 1876 5264; x_wconf 83' lang='lat' dir='ltr'><strong>xxtt,.l,</strong></span> <span class='ocrx_word' id='word_1_867' title='bbox 1902 5200 1957 5255; x_wconf 73' lang='grc'><strong>2.</strong></span> <span class='ocrx_word' id='word_1_868' title='bbox 2032 5203 2074 5233; x_wconf 69' lang='grc'><strong>⁸⁷</strong></span> <span class='ocrx_word' id='word_1_869' title='bbox 2107 5200 2232 5255; x_wconf 87' lang='lat' dir='ltr'><strong>ibid.</strong></span> <span class='ocrx_word' id='word_1_870' title='bbox 2256 5201 2307 5255; x_wconf 86' lang='lat'><strong>6.</strong></span> 
     </span>
    </p>
   </div>
   <div class='ocr_carea' id='block_1_102' title="bbox 1842 5307 3362 5379">
    <p class='ocr_par' dir='ltr' id='par_1_102' title="bbox 1842 5307 3362 5379">
     <span class='ocr_line' id='line_1_104' title="bbox 1842 5307 3362 5379; baseline -0.002 -14"><span class='ocrx_word' id='word_1_871' title='bbox 1842 5333 1859 5365; x_wconf 84' lang='grc' dir='ltr'><strong>ι</strong></span> <span class='ocrx_word' id='word_1_872' title='bbox 1904 5316 2098 5370; x_wconf 91' lang='lat' dir='ltr'><strong>circulo</strong></span> <span class='ocrx_word' id='word_1_873' title='bbox 2127 5315 2448 5379; x_wconf 78' lang='lat' dir='ltr'><strong>describere,</strong></span> <span class='ocrx_word' id='word_1_874' title='bbox 2496 5332 2516 5364; x_wconf 77' lang='grc' dir='ltr'><strong>ι</strong></span> <span class='ocrx_word' id='word_1_875' title='bbox 2547 5322 2599 5368; x_wconf 90' lang='lat' dir='ltr'><strong>et</strong></span> <span class='ocrx_word' id='word_1_876' title='bbox 2638 5314 2773 5368; x_wconf 83' lang='lat' dir='ltr'><strong>forte</strong></span> <span class='ocrx_word' id='word_1_877' title='bbox 2813 5326 2833 5360; x_wconf 82' lang='grc' dir='ltr'><strong>ι</strong></span> <span class='ocrx_word' id='word_1_878' title='bbox 2875 5309 3161 5375; x_wconf 85' lang='lat' dir='ltr'><strong>includere,</strong></span> <span class='ocrx_word' id='word_1_879' title='bbox 3191 5307 3362 5362; x_wconf 77' lang='lat' dir='ltr'><strong>inter—</strong></span> 
     </span>
    </p>
   </div>
   <div class='ocr_carea' id='block_1_103' title="bbox 1835 5385 2116 5437">
    <p class='ocr_par' dir='ltr' id='par_1_103' title="bbox 1835 5385 2116 5437">
     <span class='ocr_line' id='line_1_105' title="bbox 1835 5385 2116 5437; baseline -0.007 -1"><span class='ocrx_word' id='word_1_880' title='bbox 1835 5385 2063 5437; x_wconf 87' lang='lat' dir='ltr'><strong>cludere.</strong></span> <span class='ocrx_word' id='word_1_881' title='bbox 2098 5402 2116 5434; x_wconf 76' lang='grc' dir='ltr'><strong>ι</strong></span> 
     </span>
    </p>
   </div>
   <div class='ocr_carea' id='block_1_104' title="bbox 1904 5450 2983 5519">
    <p class='ocr_par' dir='ltr' id='par_1_104' title="bbox 1904 5450 2983 5519">
     <span class='ocr_line' id='line_1_106' title="bbox 1904 5450 2983 5519; baseline -0.01 -16"><span class='ocrx_word' id='word_1_882' title='bbox 1904 5452 2012 5519; x_wconf 73' lang='grc'><strong>(44)</strong></span> <span class='ocrx_word' id='word_1_883' title='bbox 2035 5451 2209 5505; x_wconf 86' lang='lat' dir='ltr'><strong>Codex</strong></span> <span class='ocrx_word' id='word_1_884' title='bbox 2251 5450 2614 5519; x_wconf 80' lang='lat' dir='ltr'><strong>Carnotensis.</strong></span> <span class='ocrx_word' id='word_1_885' title='bbox 2659 5466 2676 5498; x_wconf 88' lang='grc' dir='ltr'><strong>ι</strong></span> <span class='ocrx_word' id='word_1_886' title='bbox 2720 5454 2929 5508; x_wconf 81' lang='lat' dir='ltr'><strong>cogere.</strong></span> <span class='ocrx_word' id='word_1_887' title='bbox 2964 5457 2983 5492; x_wconf 72' lang='grc' dir='ltr'><strong>ι</strong></span> 
     </span>
    </p>
   </div>
   <div class='ocr_carea' id='block_1_105' title="bbox 1905 5516 2608 5578">
    <p class='ocr_par' dir='ltr' id='par_1_105' title="bbox 1905 5516 2608 5578">
     <span class='ocr_line' id='line_1_107' title="bbox 1905 5516 2608 5578; baseline -0.007 -6"><span class='ocrx_word' id='word_1_888' title='bbox 1905 5516 2014 5578; x_wconf 52' lang='lat' dir='ltr'><strong>tibi</strong></span> <span class='ocrx_word' id='word_1_889' title='bbox 2041 5519 2203 5577; x_wconf 85' lang='lat' dir='ltr'><strong>Idem,</strong></span> <span class='ocrx_word' id='word_1_890' title='bbox 2245 5537 2264 5569; x_wconf 79' lang='grc' dir='ltr'><strong>ι</strong></span> <span class='ocrx_word' id='word_1_891' title='bbox 2295 5516 2544 5571; x_wconf 78' lang='lat' dir='ltr'><strong>ostendit.</strong></span> <span class='ocrx_word' id='word_1_892' title='bbox 2587 5533 2608 5567; x_wconf 70' lang='grc' dir='ltr'><strong>ι</strong></span> 
     </span>
    </p>
   </div>
  </div>
