3838 6212
138 311 300 414 57¢

152 479 198 521 et

165 569 307 622 νγνν
336 569 343 570 7
373 569 387 583 ⁸
455 601 466 614 θ
655 597 665 610 ⁸
915 569 939 582 ⁷
1012 569 1068 575 ’⁷
1127 569 1454 595 ““ΑΙΙΙΙΙΙΙΙδο
1517 569 1536 593 Ρ
1571 569 1813 597 ῠίιηαιυιν

178 621 382 694 “vim
402 614 566 698 δθξθυδ
583 613 706 698 Ψξη
737 613 929 698 “enim
972 621 1081 698 95‘
1120 624 1378 687 qIIidem
1407 630 1546 696 quod
1569 629 1815 698 princeps

265 422 396 489 [alsa
433 416 675 476 dicentes.
714 407 950 476 aiebant
987 424 1048 462 sa

229 514 429 594 “die
463 505 835 564 ¹¹²⁸¹¹¹⁰¹¹ί⁰τ¹¹¹¹¹
879 511 1069 582 “iis-it
1126 505 1466 595 dmum—tia:
1517 505 1549 593 ἶ
1571 505 1814 597 siina;

200 689 421 790 {eadem
447 689 1226 790 “tenuiorumbxzetzebun
1253 715 1354 780 sit,
1383 689 1441 771 in
1457 718 1558 773 hoc
1569 689 1673 772 1...
1705 689 1812 772 ni...

219 780 395 869 ζτευῐι
424 780 703 872 mendacii,
749 781 846 872 sed
884 794 1222 853 respondit
1271 801 1354 855 eis
1377 802 1423 833 "
1462 817 1476 854 :
1507 820 1525 853 ‹
1557 801 1612 856 Si
1637 816 1733 872 ego
1760 802 1812 856 in

232 875 512 944 micanti
548 869 701 940 eiicio
742 871 1048 940 «lanionia.
1101 884 1218 939 tuti
1264 891 1430 944 vestri
1473 891 1524 946 in
1567 869 1803 956 quoﬁeji-

255 969 423 1030 ciunt!
453 987 472 1020 ι
502 963 647 1025 Unde
667 972 877 1018 constat
915 979 1051 1023 esse
1085 976 1365 1039 quosdam
1403 979 1667 1032 dmmones
1704 994 1812 1031 ma-

249 1062 354 1126 los,
388 1059 472 1127 qui
507 1053 730 1111 invocati
769 1068 799 1106 a
842 1056 1052 1124 magis,
1112 1064 1321 1118 adsunt
1365 1066 1444 1118 eis
1480 1067 1544 1118 ad
1593 1067 1808 1131 tualum,

250 1165 358 1207 non
382 1150 449 1208 ad
469 1148 678 1204 bonum.
705 1143 888 1206 Parati
915 1146 1075 1202 enim
1104 1162 1238 1205 sunt
1258 1154 1324 1206 ad
1347 1154 1808 1218 malefaciendum,

245 1243 383 1296 bene
403 1248 586 1314 autem
615 1238 794 1291 facere
827 1236 1107 1292 nesciunt.
1139 1241 1232 1294 lsti
1258 1257 1384 1311 ergo
1407 1244 1671 1298 daemones
1697 1252 1811 1298 arte

242 1329 475 1398 quadam
500 1337 557 1382 et
590 1327 978 1394 compositione
1013 1327 1311 1382 verborum
1341 1330 1391 1382 in
1437 1332 1722 1395 amicitias,
1749 1339 1810 1384 ut

237 1420 322 1472 ita
371 1419 577 1482 dicam,
629 1427 906 1473 cesserant
957 1415 1228 1472 Balaam:
1273 1432 1498 1485 quorum
1555 1421 1807 1480 amicitiis

236 1506 435 1572 fretus,
484 1522 718 1578 magnus
768 1508 908 1576 apud
956 1509 1210 1564 homines
1242 1509 1539 1562 videbatur.
1585 1509 1664 1565 0b
1706 1510 1808 1564 hoc

230 1615 373 1668 ergo
403 1599 575 1652 mittit
600 1598 671 1652 ad
701 1613 824 1652 eum
854 1613 971 1662 rex,
1017 1598 1184 1653 et~ait
1224 1597 1268 1627 "
1301 1613 1314 1648 :
1343 1615 1362 1647 ‹
1391 1597 1522 1654 Veni
1563 1614 1724 1663 nunc,
1754 1607 1807 1654 et

230 1688 468 1743 maledic
499 1687 638 1742 mihi
675 1687 927 1756 populum
985 1689 1152 1752 hunc.
1205 1691 1326 1758 quia
1358 1691 1548 1744 fortior
1577 1698 1658 1743 est
1719 1689 1804 1742 hic

1413 331 1482 393 iN
1515 332 1834 394 NUMEROS
1873 330 2155 394 HOMILIA
2191 329 2323 393 Xlll.

1099 452 1121 490 ι
1175 460 1200 494 ι
1261 446 1375 507 Hic
1416 455 1468 508 in
1519 453 1813 508 Beelzebub
1839 461 1886 516 Α
1914 453 2145 514 Balaam,
2184 466 2287 505 non
2340 451 2478 519 quod
2523 447 2716 518 dignus
2752 463 2894 509 esset
2937 455 3003 508 ad
3051 467 3208 526 quem
3235 465 3442 510 veniret

3341 336 3446 397 97‘

1915 540 2074 604 Deus;
2107 542 2196 593 sed
2226 550 2282 597 ut
2314 540 2624 610 fugarentur
2669 539 2742 595 illi
2785 543 2876 610 qui
2916 544 2980 596 ad
3024 543 3437 599 maledicendum

1911 638 1964 684 et
1991 631 2428 684 malefaciendum
2460 632 2646 686 adesse
2683 643 3093 690 consueverant.
3149 635 3265 690 Jam
3296 638 3438 691 enim

1912 717 2035 776 hinc
2089 720 2392 788 providebat
2434 720 2574 774 Deus
2625 722 2816 790 papula
2859 737 2974 780 suo.
3023 725 3185 778 Adest
3214 733 3441 794 ergo,et

1911 807 2043 861 dicit
2079 810 2217 862 Deus
2243 809 2309 862 ad
2327 824 2446 864 eum
2463 809 2507 840 ³⁸
2535 825 2550 862 :
2583 828 2601 859 ο
2637 808 2772 874 Quid
2803 811 3042 873 homines
3068 812 3153 866 isti
3187 820 3441 867 venerunt

1915 895 1980 948 ad
2011 895 2101 948 te?
2126 895 2189 948 Et
2209 896 2342 949 dixit
2378 895 2588 948 Balaam
2627 897 2693 948 ad
2722 896 2880 948 Deum
2911 913 2925 950 :
2956 897 3145 951 Balach
3175 899 3313 954 filius
3342 901 3441 955 Se-

1911 984 2042 1049 pbor
2067 999 2158 1036 rex
2187 982 2336 1037 Moab
2361 983 2504 1038 misit
2527 999 2620 1038 eos
2645 984 2710 1037 ad
2736 999 2839 1046 me,
2871 985 3094 1038 dicens:
3124 986 3257 1040 Ecce
3279 1000 3442 1058 popu-

1907 1069 1990 1122 lus
2017 1070 2148 1123 exiit
2175 1072 2239 1124 de
2263 1069 2516 1138 Egypto,
2548 1081 2604 1124 et
2625 1072 2906 1138 cooperuit
2943 1072 3130 1126 faciem
3170 1083 3348 1140 terrae,
3383 1083 3438 1129 et

1910 1159 1997 1212 hic
2025 1159 2174 1212 sedet
2191 1160 2346 1228 juxta
2374 1175 2475 1212 me.
2509 1160 2638 1214 Veni
2666 1174 2793 1228 ergo
2818 1174 2982 1222 nunc,
3007 1169 3060 1213 et
3083 1159 3306 1214 maledic
3336 1161 3438 1214 mi-

1909 1246 1962 1302 lti
1993 1261 2132 1310 eum,
2171 1249 2215 1299 si
2253 1246 2390 1300 forte
2419 1247 2707 1316 poterimus
2752 1259 3030 1314 percutere
3077 1261 3219 1311 eum,
3260 1257 3314 1301 et
3335 1247 3435 1314 eji-

1909 1349 2052 1388 cere.
2085 1335 2151 1388 Et
2189 1335 2328 1388 dixit
2359 1336 2502 1393 Deus
2540 1336 2604 1388 ad
2632 1335 2844 1389 Balaam
2878 1351 2892 1387 :
2926 1335 3036 1388 Non
3065 1350 3155 1389 eas
3183 1349 3305 1390 cum
3334 1336 3432 1401 eis,

1909 1436 2079 1489 neque
2111 1421 2392 1476 maledicas
2415 1423 2667 1490 pupulum
2705 1441 2721 1477 :
2753 1431 2835 1477 est
2861 1421 3004 1476 enim
3041 1423 3368 1478 benedictus.
3409 1440 3429 1476 ι

1975 1508 2026 1564 7.
2061 1511 2234 1565 Altior
2263 1510 2350 1564 hic
2377 1513 2610 1568 exoritur
2651 1511 2892 1579 quaestio.
2936 1519 2988 1565 et
3045 1513 3224 1566 nescio
3257 1521 3430 1566 utrum

1907 1600 2183 1656 conveniat
2217 1615 2324 1654 rem
2353 1610 2458 1652 tant
2491 1599 2732 1667 profundi
2777 1600 3016 1670 mysterii
3059 1601 3346 1664 denudare,
3379 1611 3433 1656 et

1907 1688 2146 1756 proferre
2179 1689 2242 1742 ad
2283 1689 2482 1754 turbas,
2534 1699 2587 1742 et
2629 1703 2719 1744 eas
2764 1689 2947 1744 turbas
2985 1703 3102 1756 quae
3130 1689 3196 1743 ad
3224 1689 3432 1744 audito-

224 1792 400 1848 quam
433 1791 566 1843 nos,
598 1777 646 1831 si
692 1777 833 1831 forte
879 1777 1151 1845 possimus
1206 1790 1477 1846 percutere
1511 1779 1716 1845 aliquos
1738 1792 1800 1830 ex
1837 1759 1878 1816 Β
1907 1776 2038 1831 rium
2063 1775 2210 1828 verbi
2253 1775 2343 1829 Dei
2381 1791 2480 1829 non
2508 1777 2612 1830 nisi
2648 1777 2830 1845 paucis
2875 1775 3062 1829 diebus
3121 1776 3430 1841 adveniunt,

222 1870 338 1931 eis,
366 1877 422 1922 et
458 1867 676 1936 ejicere
703 1881 798 1920 eos
824 1867 890 1920 de
913 1877 1079 1921 terra.
1127 1885 1144 1918 ι
1180 1869 1399 1922 Videtur
1424 1867 1550 1926 mihi
1586 1882 1674 1922 rex
1712 1866 1800 1920 hic

224 1973 342 2012 non
370 1971 441 2010 ex
485 1957 714 2024 integro
749 1956 1028 2012 confidere
1055 1957 1109 2010 in
1141 1956 1350 2012 Balaam
1379 1957 1577 2020 divino,
1609 1956 1802 2024 ingenti

218 2047 395 2100 credo
429 2046 502 2100 de
525 2045 851 2109 virtutibus,
885 2060 1005 2113 qua:
1030 2046 1080 2099 in
1112 2047 1302 2113 populo
1332 2045 1422 2100 Dei
1469 2045 1623 2100 facta:
1655 2054 1797 2106 sunt,

216 2135 514 2188 auditione
563 2133 895 2202 perterritus
927 2147 945 2186 :
984 2142 1038 2186 et
1071 2133 1190 2187 ideo
1229 2134 1394 2198 dicit,
1447 2134 1492 2188 si
1545 2133 1684 2188 forte
1718 2131 1803 2186 vel

216 2237 479 2290 eousque
521 2222 863 2290 pravaleant
895 2221 1294 2275 maledictiones
1333 2221 1569 2282 Balaam.
1603 2231 1663 2274 ut
1700 2221 1803 2274 ali-

131 2319 141 2326 '
215 2324 366 2376 quos
396 2325 470 2363 ex
503 2309 646 2375 ipsis
688 2309 859 2375 possit
889 2316 1189 2374 percutere,
1219 2317 1438 2361 caeteros
1471 2323 1596 2362 vero
1623 2308 1804 2376 fugare

127 5595 563 5699 Νξένέἶνέιόἐ

217 2395 590 2463 perterritos,
623 2406 680 2448 et
708 2396 926 2463 propria
964 2404 1106 2450 terra
1145 2395 1424 2462 depellere.

299 2485 354 2538 6.
391 2485 566 2537 Addit
599 2493 866 2550 prmterea
902 2500 916 2534 :
953 2502 972 2535 ι
1011 2484 1144 2549 Quia
1195 2485 1326 2547 scio.
1369 2482 1540 2550 inquit
1574 2483 1643 2549 ”,_
1664 2481 1802 2548 quod

214 2585 367 2639 quos
397 2569 786 2633 benedixeris,
828 2569 1099 2628 benedicti
1144 2579 1323 2634 erunt,
1350 2579 1404 2624 et
1426 2583 1558 2636 quos
1583 2569 1803 2622 maledi-

216 2659 396 2720 xeris,
432 2656 719 2709 maledicti
747 2665 930 2709 erunt.
965 2675 983 2708 ι
1020 2657 1127 2724 Ego
1150 2671 1250 2709 non
1281 2656 1443 2709 credo
1482 2655 1602 2722 quia
1639 2655 1803 2708 sciret

217 2760 342 2809 rex,
375 2747 529 2812 quod
575 2745 1000 2812 quibuscunque
1027 2745 1386 2800 benedixisset
1429 2744 1665 2806 Balaam.
1705 2743 1801 2798 be-

216 2834 429 2890 nedicti
474 2843 672 2888 essent
719 2851 734 2888 :
781 2834 879 2887 sed
921 2834 1134 2886 videtur
1181 2833 1311 2887 mihi
1353 2832 1602 2888 adulandi
1631 2833 1801 2900 gratia

219 2923 341 2979 haec
380 2924 597 2985 dicere,
655 2932 715 2974 ut
769 2931 940 2976 artem
989 2922 1104 2988 ejus
1145 2922 1465 2984 eflerensl’l
1513 2921 1800 2988 extollens,

219 3013 631 3080 promptiorem
657 3027 781 3065 eum
813 3012 916 3070 sibi
944 3011 1129 3067 reddat
1157 3013 1223 3064 ad
1266 3011 1492 3065 facinus.
1524 3013 1628 3064 Ars
1659 3011 1799 3069 enim

221 3118 252 3158 ι.
274 3101 433 3169 agiea
463 3101 655 3161 nescit
678 3100 1026 3165 benedicere,
1052 3102 1173 3168 quia
1217 3116 1313 3156 nec
1334 3101 1599 3154 daemones
1627 3100 1803 3153 sciunt

218 3189 577 3245 benefacere.
639 3189 829 3242 Nescit
870 3189 1190 3243 benedicere
1224 3188 1372 3241 Isaac
1412 3199 1466 3241 et
1509 3187 1706 3251 Jacob,
1749 3197 1802 3241 et

217 3292 414 3330 omnes
455 3279 643 3332 sancti
680 3296 693 3330 :
745 3277 1032 3344 impiorum
1090 3277 1261 3335 nullus
1307 3277 1410 3330 scit
1460 3276 1795 3330 benedicere.

219 3363 326 3416 Sed
361 3366 592 3418 tandem
647 3366 868 3420 veniunt
897 3365 966 3420 ad
1011 3363 1222 3420 Balaam
1258 3363 1432 3431 legati.
1468 3379 1486 3413 ‹
1533 3364 1801 3417 Venerunt

214 3469 372 3524 ergo,
406 3456 594 3525 inquit
620 3456 691 3520 ³⁸,
727 3455 971 3511 seniores
1003 3453 1177 3519 Moab,
1217 3464 1271 3508 et
1294 3455 1530 3516 seniores
1567 3453 1797 3517 Madian,

217 3559 275 3600 et
303 3545 633 3616 div-inacula
678 3546 736 3598 in
767 3543 1019 3596 manibus
1056 3557 1260 3595 eorum.
1299 3560 1318 3593 ι
1347 3540 1404 3598 ln
1459 3541 1562 3600 illis
1588 3541 1796 3594 divina-

215 3638 386 3692 tionis
417 3635 666 3697 artibus,
697 3648 838 3700 quas
889 3631 1176 3694 curiositas
1214 3631 1443 3684 humana
1483 3629 1796 3697 composuit,

212 3734 348 3778 sunt
381 3725 649 3791 quaedam
681 3735 806 3789 quae
837 3719 1114 3788 Scriptura
1145 3719 1356 3788 quidem
1379 3717 1668 3772 divinacula
1699 3731 1797 3769 no-

215 3814 454 3868 minavit
481 3830 498 3863 :
541 3811 773 3882 gentilis
810 3819 991 3864 autem
1032 3807 1388 3870 consuetudo,
1421 3806 1501 3861 vel
1541 3807 1795 3873 tripodas,

214 3902 302 3955 vel
343 3903 624 3963 cortinas,
665 3897 756 3953 vel
799 3897 920 3951 aliis
971 3895 1268 3963 hnjusmodi
1310 3892 1580 3948 vocabulis
1619 3893 1798 3959 appel-

215 3991 327 4057 lat;
375 4006 504 4059 qua:
534 3991 702 4058 quasi
743 3986 815 4040 ad
842 3986 945 4038 hoc
985 3985 1153 4052 ipsum
1206 3991 1539 4046 consecrata,
1595 3982 1794 4035 moveri

215 4083 285 4135 ab
316 4081 408 4134 eis
437 4088 495 4133 et
534 4073 875 4131 contrectari
909 4073 1102 4128 solent.
1136 4071 1410 4138 Scriptura
1459 4085 1586 4122 sane
1618 4071 1794 4135 divina

213 4168 402 4238 epbod
416 4165 697 4236 quoddam
723 4161 1012 4217 vernaculo
1035 4175 1279 4214 sermone
1310 4159 1548 4212 nominat
1575 4159 1624 4211 in
1677 4173 1796 4228 pro-

214 4260 422 4324 phetis,
460 4255 618 4326 quod
651 4254 1026 4307 indumentum
1079 4249 1302 4302 tradunt
1329 4261 1448 4304 esse
1477 4247 1793 4315 prophetau-

1826 3058 1868 3114 C

1904 1871 1956 1916 et
1984 1863 2232 1919 continuo
2255 1865 2552 1928 discedunt,
2581 1880 2676 1920 nec
2704 1865 2756 1919 in
2793 1866 3138 1920 meditatione
3167 1866 3311 1924 verbi
3335 1863 3427 1920 Dei

1904 1949 2102 2003 diutius
2142 1950 2494 2005 immorantur
2527 1968 2543 2006 :
2579 1960 2756 2006 tamen
2807 1969 2903 2023 pro
2963 1955 3036 2006 iis.
3065 1955 3154 2022 qui
3204 1953 3424 2010 studiosi

1903 2048 2046 2104 sunt,
2080 2047 2133 2094 et
2157 2041 2329 2094 sciunt
2351 2041 2553 2104 audire,
2578 2051 2903 2110 possuntque
2922 2057 3108 2110 capere
3137 2042 3424 2112 spiritalem

1902 2142 2134 2191 sensum,
2178 2143 2340 2194 pauca
2397 2129 2573 2197 aliqua
2619 2131 2854 2184 dicemus
2898 2145 2962 2183 ex
3011 2131 3207 2186 multis.
3255 2131 3430 2186 Potest

1901 2232 2028 2284 ergo
2055 2215 2213 2283 objici
2249 2215 2350 2269 tale
2375 2217 2574 2284 aliquid
2596 2217 2837 2272 :lnvocet
2877 2218 3001 2271 licet
3027 2221 3293 2273 dannones
3323 2219 3424 2272 Ba-

1908 2305 2067 2368 laam,
2096 2304 2378 2359 ntaledicat
2409 2305 2618 2372 populo,
2661 2307 2888 2360 invocati
2935 2309 3196 2360 daemones
3236 2307 3428 2360 faciant

1900 2393 2038 2460 quod
2074 2403 2292 2458 possunt
2323 2407 2336 2444 :
2370 2395 2601 2461 nunquid
2633 2410 2735 2448 non
2764 2403 2936 2462 potest
2967 2397 3105 2449 Deus
3142 2397 3423 2449 defendere

1901 2493 1930 2532 a
1966 2481 2286 2536 daemonibus
2333 2482 2601 2549 populum,
2639 2484 2848 2550 vimque
2884 2500 3066 2539 eorum
3113 2486 3164 2540 in
3211 2486 3428 2539 malefa-

1900 2568 2086 2631 ciendo
2111 2569 2418 2625 destruere?
2460 2571 2595 2636 Quid
2631 2586 2758 2640 ergo
2794 2587 2926 2639 opus
2949 2584 3084 2637 erat,
3116 2584 3173 2629 ut
3194 2575 3305 2644 ipse
3333 2590 3426 2630 ve-

1900 2656 2038 2710 niret
2066 2656 2130 2710 ad
2159 2656 2372 2711 Balaam
2426 2671 2480 2712 et
2515 2669 2800 2714 consuetos
2830 2661 3092 2716 daemones
3122 2664 3426 2730 prohiberet

1899 2745 2169 2811 accedere,
2215 2761 2282 2800 ne
2324 2747 2406 2800 vel
2449 2757 2720 2801 tentarent
2758 2757 2850 2802 aut
2879 2761 3203 2806 conarentur
3239 2753 3427 2808 laedere

1898 2832 2144 2900 populum
2168 2834 2358 2887 suum?
2391 2834 2468 2888 Ad
2501 2835 2612 2888 haec
2643 2849 2769 2904 ergo
2813 2837 2936 2891 licet
2971 2854 3074 2892 non
3101 2843 3277 2894 omnia
3309 2856 3427 2909 qua:

1899 2931 2122 2992 possunt
2153 2936 2453 2986 occurrere,
2483 2923 2796 2991 prolerentla
2821 2936 2961 2992 sunt,
2983 2937 3154 2981 tamen
3188 2928 3426 2985 dicemus

1899 3019 1963 3058 ex
1991 3017 2159 3078 parte,
2193 3009 2314 3075 quia
2348 3023 2450 3060 non
2483 3009 2591 3060 vult
2616 3009 2754 3062 Deus
2783 3009 3078 3062 daemonum
3108 3026 3276 3078 genus
3305 3023 3426 3064 ante

1903 3105 2106 3164 tempus
2128 3099 2378 3150 damnare
2406 3097 2538 3165 (48).
2563 3080 2756 3150 ’δρὶιιιιι
2783 3098 2922 3150 enim
2952 3108 3006 3151 et
3027 3099 3124 3166 ipsi
3157 3099 3427 3154 dmmones

1899 3185 2020 3251 quia
2058 3193 2262 3252 tempus
2289 3200 2470 3238 eorum
2498 3200 2731 3253 prmsens
2755 3186 2854 3238 hoc
2885 3186 3136 3239 saeculum
3161 3187 3421 3240 continet.

1897 3273 2182 3341 Propterea
2229 3272 2455 3340 denique
2499 3281 2553 3325 et
2601 3272 2877 3327 Dominum
2930 3273 3207 3342 rogabant,
3236 3284 3291 3328 ut
3318 3291 3423 3331 nor.

1900 3370 2167 3430 torqueret
2194 3374 2284 3413 eos
2312 3369 2437 3412 ante
2477 3367 2706 3427 tempus,
2740 3374 2910 3427 neque
2934 3361 2984 3412 in
3017 3362 3264 3430 abyssum
3297 3364 3425 3416 tuit-

1900 3456 2035 3501 teret
2067 3447 2130 3500 ”.
2173 3447 2235 3498 Et
2262 3447 2331 3500 ob
2356 3447 2454 3500 hoc
2487 3461 2659 3514 neque
2689 3447 2950 3500 diabolum
2977 3451 3202 3503 removit
3223 3466 3250 3502 a
3278 3453 3423 3517 prinv

1897 3537 2073 3603 cipatu
2112 3533 2288 3588 szeculi
2347 3531 2527 3600 hujus,
2581 3533 2701 3604 quia
2749 3535 2921 3588 adhuc
2969 3550 3101 3602 opus
3145 3545 3226 3589 est
3265 3553 3425 3605 opera

1895 3623 2014 3690 ejus
2071 3621 2134 3674 ad
2175 3619 2552 3690 perfectionem
2603 3633 2785 3673 eorum
2833 3621 2920 3688 qui
2960 3623 3245 3676 coronandi
3281 3633 3422 3692 sunt,

1895 3725 2027 3779 opus
2053 3718 2134 3763 est
2153 3710 2326 3762 adhuc
2355 3722 2514 3776 Opera
2535 3707 2646 3776 ejus
2672 3710 2735 3761 ad
2763 3710 3016 3764 exercitia
3068 3712 3424 3767 certaminum

1895 3809 1949 3854 et
1980 3798 2230 3864 victorias
2261 3798 2560 3852 beatorum.
2592 3796 2684 3850 Sic
2720 3813 2846 3866 ergo
2875 3807 2927 3850 et
2951 3799 3186 3866 reliquos
3217 3803 3421 3855 damo-

1896 3903 1990 3941 nes
2021 3902 2122 3940 non
2147 3885 2256 3938 vult
2291 3897 2412 3939 ante
2447 3895 2650 3953 tempus
2675 3900 2702 3940 a
2733 3887 2988 3954 propositi
3024 3887 3104 3941 sui
3131 3887 3424 3942 intentione

1897 3977 2151 4030 violenter
2176 3973 2510 4036 abstrahere,
2574 3985 2627 4027 et
2669 3974 2783 4028 ideo
2813 3991 2877 4028 ex
2922 3977 3072 4030 initio
3103 3992 3204 4030 non
3232 3977 3311 4030 eis
3343 3979 3424 4030 in-

1893 4066 2056 4119 dulsit
2115 4065 2347 4117 invocari
2407 4080 2501 4132 per
2569 4063 2824 4132 Balaam,
2892 4080 2958 4118 ne
3006 4067 3144 4120 forte
3195 4067 3420 4122 invocati

1893 4158 2292 4222 destruerentur
2325 4163 2448 4216 ante
2491 4165 2719 4222 tempus,
2790 4164 2841 4209 et
2897 4155 3283 4222 perimerentur
3329 4157 3423 4210 de-

1892 4243 2138 4297 fendente
2184 4241 2430 4310 populum
2476 4256 2628 4295 suum
2681 4243 2803 4294 Deo.
2849 4242 3002 4296 Aliud
3043 4243 3185 4296 enim
3226 4252 3326 4306 est,
3376 4243 3421 4298 si

217 4350 379 4400 tium.
422 4345 588 4398 Aliud
627 4352 811 4395 tamen
834 4339 972 4407 apud
1013 4337 1316 4406 scripturas
1360 4335 1536 4388 divina
1575 4333 1796 4402 prOphe—
1825 4346 1869 4399 ι)
1897 4337 2168 4398 exspectat
2212 4329 2417 4381 daemon
2474 4341 2503 4379 a
2551 4327 2656 4380 Deo
2707 4327 2933 4394 aliquem
2985 4329 3049 4380 ad
3114 4331 3418 4383 tentandum

219 4434 312 4496 lia,
345 4433 502 4486 aliud
529 4426 801 4483 divinatio
823 4427 1069 4484 habetur.
1094 4425 1185 4478 Ait
1209 4423 1351 4478 enim
1378 4422 1421 4452 "
1448 4437 1463 4472 :
1498 4438 1517 4471 ‹
1547 4419 1658 4473 Non
1693 4420 1797 4473 erit

215 4522 510 4588 auguratio
554 4520 612 4572 in
657 4516 848 4578 Jacob,
892 4501 1066 4582 neque
1111 4513 1371 4567 divinatio
1409 4511 1460 4564 in
1508 4510 1690 4564 lsrael.
1736 4511 1792 4563 In

217 4620 472 4678 tempore
511 4609 737 4660 dicetur
778 4605 843 4656 ad
892 4601 1057 4661 Iacob
1095 4610 1149 4662 et
1178 4600 1360 4666 lsrael,
1405 4599 1530 4667 quid
1562 4598 1796 4652 facturus

215 4701 286 4753 sit
309 4702 484 4754 Deus.
527 4717 549 4749 ι
589 4693 900 4747 Abdicatnr
939 4706 1069 4757 ergo
1103 4689 1316 4756 penitus
1338 4687 1591 4748 divinatio
1627 4699 1792 4753 :ope-

216 4804 274 4842 re
318 4791 471 4842 enim
529 4795 591 4840 et
646 4778 951 4838 ministerio
994 4779 1328 4839 dmmonum,
1369 4786 1424 4828 ut
1477 4789 1634 4843 supra
1681 4775 1792 4845 jam

219 4881 486 4940 diximus,
514 4869 868 4939 adimpletur.
902 4865 1073 4938 igitur
1101 4863 1340 4926 Balaam,
1367 4864 1678 4928 divinaculis
1705 4878 1794 4917 ac.

219 4968 408 5034 captis,
444 4977 579 5017 cum
602 4958 846 5024 solerent
873 4955 1161 5010 daemones
1183 4951 1247 5003 ad
1284 4952 1449 5018 ipsum
1478 4952 1678 5019 venire,
1707 4951 1789 5006 [ιι-

219 5065 363 5122 gates
388 5051 620 5122 quidem
649 5049 928 5102 daemones
960 5038 1135 5099 videt,
1169 5037 1262 5090 sed
1286 5039 1470 5102 adesse
1504 5038 1686 5091 Deum.
1728 5039 1791 5092 Et

221 5144 330 5198 ideo
352 5143 492 5198 dicit
515 5141 863 5203 interrogare
897 5143 962 5185 se
1001 5127 1204 5188 Deum.
1228 5127 1345 5192 quia
1384 5137 1668 5185 consuetos
1689 5127 1790 5182 sibi

212 5245 390 5298 parere
417 5243 693 5304 nusquam
730 5224 1026 5278 daemones
1056 5212 1221 5270 videt.
1253 5214 1410 5273 Venit
1439 5228 1560 5282 ergo
1595 5215 1710 5282 ipse
1729 5215 1794 5270 ad

850 5351 898 5392 ξι
924 5345 1217 5412 υιὶἀγιθ,
1317 5348 1369 5378 ³⁸
1389 5346 1532 5405 Num.
1563 5362 1706 5408 xx",
1736 5347 1792 5400 6.

194 5362 763 5510 υίέιῖὣῗξλιῖἰευῗῗδ,
781 5422 805 5473 ι
825 5362 876 5477 ιῖ
898 5362 997 5466 ίέῗ

184 5533 322 5600 ίίοτ
364 5568 490 5600 νη..
519 5550 642 5600 null
674 5540 837 5600 Deus
867 5526 1182 5600 ἀφηζοξημηι
1211 5541 1386 5600 genus
1423 5534 1527 5600 ante
1571 5535 1789 5600 (emptu

353 5568 490 5625 Non
519 5568 640 5610 vim
666 5568 834 5622 ,υσιισ
867 5568 1022 5600 ’⁷’ἷ”’.
1209 5568 1384 5642 ἶνιν-τ
1423 5568 1519 5577 η--η
1571 5568 1786 5624 εν-ῑ-ηπ.

353 5655 388 5669 ι-
443 5639 563 5669 om-
609 5609 761 5669 Vide
787 5597 1180 5651 ε¹³η⁵³¹¹¹¹υω
1229 5595 1463 5649 iuettum
1492 5593 1786 5661 Ortgtma.

1885 5346 1928 5377 ³⁸
1959 5345 2083 5399 ibid.

1109 5411 1152 5440 ”
1171 5411 1369 5470 Matth.
1397 5429 1506 5477 vtn,
1537 5414 1642 5478 29;
1679 5415 1809 5470 Luc.
1839 5410 1965 5478 Vill,
1993 5411 2080 5469 3i.

1897 4421 2034 4474 sicut
2076 4417 2193 4482 Job,
2244 4425 2297 4468 et
2345 4430 2468 4470 cum
2517 4423 2662 4468 certa
2714 4415 3054 4469 distinctione
3103 4426 3418 4484 potestatem

1897 4511 2012 4578 ejus
2035 4507 2276 4574 accipiat.
2313 4503 2468 4559 Verbi
2519 4504 2710 4570 gratia,
2758 4513 2812 4557 nt
2851 4506 3056 4557 dicatur
3095 4509 3166 4570 ei,
3206 4505 3282 4560 Do
3326 4508 3419 4562 tibi

1895 4591 2072 4646 omnia
2098 4589 2214 4657 ejus
2241 4590 2290 4642 in
2317 4596 2596 4656 potestate,
2644 4590 2735 4641 sed
2782 4589 2948 4657 ipsum
2975 4605 3074 4642 non
3121 4593 3417 4663 contingas.

1895 4680 2049 4751 321
2084 4679 2189 4738 Aut
2233 4668 2445 4743 iterum,
2474 4674 2544 4730 Do
2577 4677 2669 4730 tibi
2703 4677 2752 4729 in
2797 4691 2915 4729 eum
2952 4688 3287 4748 potestatem,
3316 4682 3410 4734 sed

1895 4770 2125 4840 attimam
2175 4767 2288 4836 ejus
2333 4767 2560 4822 custodi.
2611 4765 2678 4820 Et
2716 4765 2854 4818 aliud
2903 4776 2982 4821 est
3015 4767 3058 4819 si
3098 4781 3248 4835 mago
3300 4768 3417 4821 exi-

1894 4865 2080 4926 gente,
2137 4864 2189 4909 et
2241 4851 2622 4922 adjuramentis
2671 4852 2988 4920 quibusdam
3046 4863 3416 4924 extorquente,

1894 4947 2158 5000 daemones
2183 4945 2296 4998 sine
2332 4943 2434 4995 ulla
2465 4942 2836 4996 observatione
2861 4942 3150 4996 desaeviant
3183 4944 3318 5012 (49).
3359 4943 3413 4996 ltt

1893 5050 1997 5103 quo
2027 5035 2208 5102 utique
2247 5033 2292 5098 si
2335 5034 2412 5087 eis
2441 5032 2659 5086 libertas
2690 5040 2931 5085 servetur
2978 5033 3204 5095 arbitrii.
3249 5045 3414 5100 popu-

1895 5122 2002 5180 lum
2035 5123 2124 5180 Dei
2176 5122 2436 5190 perditum
2470 5121 2690 5175 dabunt.
2727 5119 2784 5173 Si
2829 5134 2954 5173 vero
3001 5119 3218 5173 libertas
3265 5117 3405 5170 aufe-

1897 5221 2046 5268 ratur
2089 5211 2329 5276 arhitrii,
2385 5209 2490 5278 hoc
2544 5218 2660 5264 erat
2715 5209 2994 5272 damnasse
3045 5204 3408 5267 rationabilem

2185 5343 2229 5375 “
2257 5342 2412 5397 Num.
2441 5355 2576 5405 xxn,
2612 5338 2660 5390 7.
2857 5330 2900 5360 "’
2929 5329 3090 5382 Num.
3126 5338 3278 5386 xxm,
3314 5320 3400 5376 25.

1895 5540 2076 5579 uorum
2101 5523 2191 5575 lib.
2227 5537 2286 5583 tt,
2314 5529 2500 5588 quaest.
2528 5517 2578 5579 5,
2605 5514 2843 5588 numeris
2877 5512 2947 5588 εξ
2966 5522 3018 5566 et
3040 5512 3128 5569 23.

1961 5592 2070 5662 (49)
2107 5581 2280 5646 Codex
2311 5581 2668 5647 Carnotensis,
2690 5601 2708 5633 ε
2731 5581 3056 5638 deserviant.
3083 5597 3102 5631 ι
