3838 6202
404 307 508 363 675

406 511 685 579 impedisse
740 508 986 564 omnibus
1043 505 1132 574 qui
1191 506 1470 558 adversum
1517 520 1609 560 eos
1661 506 1711 558 in
1764 519 1931 573 agone

404 604 672 650 certantes
701 601 942 660 poterant
975 590 1238 644 coronari.
1272 589 1328 642 Si
1357 591 1499 644 enim
1530 592 1806 645 daemoniis
1838 607 1932 642 au-

409 681 612 735 feratur
650 680 867 733 libertas
910 679 1146 741 arbitrii,
1189 678 1360 732 nullus
1404 679 1542 730 ultra
1602 678 1933 747 impugnabit

408 771 632 824 athletas
677 768 876 822 Christi
920 785 934 821 :
973 768 1116 821 nullo
1171 777 1346 821 autem
1401 767 1779 835 impugnante,
1831 780 1933 819 nec

407 865 677 910 certamen
711 855 925 924 aliquod
959 855 1100 908 erit:
1137 863 1189 909 et
1228 855 1438 908 sublato
1481 855 1786 916 certamine,
1820 852 1934 904 nul-

409 947 513 1000 lurn
555 948 658 1001 erit
703 947 1011 1015 praemium,
1067 947 1206 999 nulla
1242 947 1487 1000 victoria.
1538 944 1738 999 Idcirco
1775 945 1935 1014 igitur

409 1037 499 1090 tali
530 1037 610 1090 via
647 1036 812 1089 utitur
843 1038 1000 1098 Deus,
1031 1044 1088 1089 ut
1116 1047 1171 1088 et
1199 1035 1423 1102 populus
1471 1037 1643 1087 adhuc
1685 1035 1855 1095 rudis,
1881 1040 1936 1085 et

409 1127 498 1192 qui
555 1139 720 1191 nuper
767 1126 1003 1178 abstrahi
1057 1133 1297 1191 cmperat
1337 1139 1365 1175 a
1403 1123 1544 1175 cultu
1600 1125 1933 1186 dannonum,

408 1218 736 1271 daemonibus
769 1231 871 1269 non
920 1215 1186 1277 tradatur,
1245 1226 1298 1268 et
1347 1216 1622 1269 invocante
1670 1229 1820 1282 mago
1855 1227 1938 1266 re-

410 1321 604 1371 sponsa
623 1305 951 1370 deferantur,
977 1314 1028 1356 et
1060 1319 1228 1373 genus
1247 1305 1540 1357 daemonum
1571 1319 1675 1356 non
1715 1305 1939 1356 nudetur

409 1393 615 1445 arbitrii
664 1399 945 1460 potestate.
989 1389 1056 1444 Et
1102 1391 1218 1443 ideo
1253 1390 1508 1457 praevenit
1559 1389 1700 1442 Dens
1766 1397 1820 1442 et
1862 1389 1940 1440 ire

409 1483 648 1548 Balaam,
676 1491 833 1551 atque
863 1483 1106 1536 invocare
1137 1481 1400 1533 daemones
1430 1479 1493 1532 ad
1520 1477 1939 1532 maledicendum

411 1573 677 1642 prohibet,
703 1572 746 1626 si
785 1582 958 1624 tamen
990 1586 1017 1622 τι
1047 1570 1338 1637 cupiditate
1369 1577 1651 1623 cessasset.
1681 1565 1784 1621 Sed
1816 1564 1940 1633 quia

411 1662 646 1731 persistit
677 1663 728 1716 in
765 1660 1025 1715 desiderio
1063 1659 1316 1727 pecuniae,
1347 1658 1626 1724 indulgens
1670 1657 1807 1710 Deus
1851 1670 1941 1708 ar-

1835 296 2150 355 URIGENIS
3649 291 3728 349 (ΠΒ

405 387 722 482 creaturam,
760 427 816 472 et
856 426 979 472 ante
1018 424 1228 484 tempus
1269 415 1513 470 intulisse
1544 416 1839 484 judicium,
1872 424 1928 468 et
1955 419 2002 476 Α
2027 408 2226 472 Israel,
2269 406 2337 460 de
2384 415 2494 470 quo
2537 401 2838 469 scriptum
2898 403 3039 460 εει,
3070 393 3356 484 dicente

3462 394 3586 449 Domi

2031 408 2226 472 Israel,
2269 406 2337 460 de
2384 415 2494 470 quo
2537 401 2838 469 scriptum
2898 403 3039 460 est,
3079 398 3356 447 dicente
3462 398 3652 458 Domino
3683 411 3734 463 ad

2031 501 2247 568 Moysen
2271 494 2360 547 δίε
2402 508 2420 542 ι
2453 490 2708 558 Angelus
2765 500 2946 542 mens
2989 483 3112 538 ibit
3176 491 3470 538 tecur‘n.
3502 505 3518 538 ι
3566 489 3732 552 Peleu“

2031 604 2158 656 ergo
2187 588 2289 649 ire,
2333 581 2664 637 conceditur
2710 597 2725 632 :
2771 579 2832 631 in
2872 575 2975 629 via
3029 570 3454 627 conteritt-r
3481 578 3543 631 ab
3577 583 3738 642 asins:

2032 679 2124 733 sed
2160 689 2353 742 magus
2402 673 2685 726 daemones
2741 668 2954 730 videt,
3018 659 3335 730 angelum
3450 680 3547 720 non
3588 673 3738 742 videt,

2032 770 2187 824 asina
2239 775 2426 819 tamen
2477 763 2650 816 videt.
2704 757 2835 812 Non
2881 755 3050 822 quod
3110 753 3315 820 digna
3427 769 3562 812 esse,
3592 763 3745 823 ﬁdem

2033 858 2308 927 angelum,
2338 856 2485 909 sicut
2519 865 2623 906 nec
2659 846 2823 914 loqui
2858 846 3050 911 digna
3091 850 3273 905 erat,
3321 849 3473 899 sed
3502 857 3556 901 ut
3591 856 3746 909 conlo.

2037 958 2248 1002 taretur
2294 945 2520 1000 Balaam
2562 959 2578 996 :
2618 948 2674 994 et
2717 947 2785 990 ut
2830 936 2919 988 ait
2969 933 3261 1001 quodam
3327 931 3345 983 i
3403 952 3436 988 υ
3476 938 3588 994 loco
3623 944 3744 1001 Scri-

2035 1050 2194 1108 ptura
2219 1039 2266 1077 ι¹
2305 1055 2318 1092 :
2376 1055 2394 1086 ι
2429 1034 2635 1087 Mutum
2684 1027 2912 1082 animal
2972 1026 3265 1078 humana
3321 1036 3508 1082 Voce
3554 1047 3746 1102 respon-

2037 1129 2191 1189 dens,
2241 1124 2427 1192 arguit
2471 1118 2761 1189 propheta:
2815 1111 3244 1166 dementiam.
3272 1127 3296 1160 ι
3385 1114 3586 1171 Verum
3631 1138 3742 1188 quo.

2039 1214 2184 1266 niam
2231 1212 2299 1266 de
2355 1208 2588 1264 historia
2653 1204 2840 1257 multa
2894 1203 3030 1269 jam
3092 1199 3271 1252 dicta
3361 1215 3545 1270 sunt,
3593 1209 3744 1278 aliqua

2037 1290 2201 1354 etiam
2231 1299 2302 1352 de
2331 1296 2594 1364 allegoria
2630 1291 3128 1362 perstringamus
3167 1287 3230 1338 in
3289 1285 3328 1337 ﬁ
3359 1305 3461 1344 ne.
3498 1295 3557 1346 Si
3583 1297 3738 1352 videas

2039 1387 2373 1443 contrariam
2411 1393 2746 1450 potestatem
2785 1381 3270 1448 impugnantem
3312 1381 3610 1448 pupulum
3637 1386 3741 1446 Dei,

2041 1477 2304 1546 intelligis
2349 1475 2474 1544 quis
2508 1473 2582 1527 sit
2623 1471 2718 1538 qui
2767 1469 2981 1522 sedeat
3036 1480 3240 1533 super
3295 1471 3568 1526 asinam,
3596 1475 3661 1529 ει
3696 1480 3735 1531 εί

2040 1570 2356 1624 consideres
2389 1567 2640 1619 homines
2671 1562 2974 1632 quomodo
3027 1575 3062 1612 a
3101 1559 3511 1620 daemonibus
3553 1570 3736 1635 pra-ci-

2043 1660 2308 1727 pilantur,
2357 1655 2621 1724 intelligis
2674 1667 2805 1722 qua:
2842 1651 2926 1704 sit
2971 1650 3181 1703 asina.
3245 1648 3352 1706 Sic
3395 1655 3548 1706 enim
3591 1665 3642 1706 et
3669 1657 3717 1707 iu

412 1753 555 1806 bitrii
599 1751 866 1814 libertati,
899 1765 1082 1802 rursus
1130 1750 1208 1802 ire
1246 1748 1524 1816 permittit.
1578 1746 1812 1799 Verbum
1862 1755 1941 1796 ta-
1971 1736 2012 1789 Β
2044 1744 2335 1812 Evangelia
2391 1742 2669 1810 intelliges
2725 1737 2930 1792 Jesum
3002 1738 3350 1792 mittentem
3421 1741 3718 1807 discipulos

413 1854 533 1893 men
562 1855 712 1894 suum
745 1838 911 1904 injicit
939 1839 990 1891 in
1025 1852 1085 1891 os
1119 1836 1254 1902 ejus,
1290 1836 1579 1904 prohibens
1619 1833 1942 1886 maledictio-

413 1943 534 1982 nem
568 1927 683 1982 ﬁeri
715 1941 810 1994 per
856 1928 1140 1988 dacmones,
1181 1934 1238 1977 ut
1266 1923 1726 1978 benedictionibus
1767 1921 1942 1975 locum

417 2018 602 2076 daret.
630 2026 682 2071 et
723 2031 820 2083 pro
851 2017 1148 2070 maledictis
1189 2015 1426 2083 proferat
1468 2013 1679 2068 Balaam
1727 2012 1945 2066 benedi-

414 2105 618 2158 ctiones
650 2119 713 2156 ac
749 2105 1076 2172 prophetiae,
1135 2118 1252 2170 quae
1283 2112 1502 2171 possunt
1539 2101 1806 2155 :edihcare
1839 2115 1944 2154 non

414 2189 584 2242 solum
620 2188 802 2250 Israel,
829 2190 920 2242 sed
948 2200 1001 2242 et
1032 2191 1266 2258 reliquas
1291 2198 1494 2257 gentes.

483 2277 618 2333 Φασὶ
647 2279 755 2349 (51)
791 2280 880 2331 τὸν
921 2279 1146 2349 Βαλαὰμ
1281 2281 1321 2348 ἰ-
1343 2278 1553 2332 Sienim
1589 2294 1618 2331 a
1642 2277 1818 2348 Moyse
1835 2277 1944 2344 (50)

415 2369 555 2438 ἔχειν
587 2367 839 2438 φοιτητὰς
871 2370 935 2436 τῇ
983 2369 1147 2438 τέχνῃ

419 2461 850 2531 μαθητεύσαντας
898 2461 1042 2530 αὐτῷ
1081 2465 1144 2532 τῇ

420 2553 656 2620 μαγικῇ,
688 2550 781 2602 καὶ
824 2549 976 2613 δόξαν
1022 2550 1148 2618 περὶ

418 2640 583 2690 αὑτοῦ
633 2638 850 2707 ἔχοντας
907 2637 1144 2706 ἀναγρά-

417 2727 616 2794 ψασθαι
666 2729 763 2788 τὰς
820 2726 1146 2795 προφητείας

419 2815 580 2869 αὑτοῦ
601 2855 616 2879 ,
663 2817 754 2867 καὶ
817 2815 1145 2878 καταλιπεῖν,

419 2906 478 2958 δν
511 2899 596 2966 αἷς
641 2905 733 2956 καὶ
765 2905 846 2955 τό·
883 2923 899 2953 ι
943 2905 1151 2955 Ἀνατε-

419 2995 502 3047 λετ
555 2995 779 3062 ἀπρον·
818 3012 835 3044 ι
885 2992 912 3042 ὃ
953 2993 1041 3045 καὶ
1088 2994 1151 3043 ἐκ

423 3082 688 3152 πατρικῆς
812 3080 1152 3149 παραδόσεως

421 3172 514 3224 καὶ
551 3168 762 3238 διδαχῆς
820 3186 892 3219 πα
901 3167 1151 3237 ραλαϐόν-

422 3280 511 3324 τες
538 3265 585 3314 si
623 3263 779 3330 μάγοι
805 3261 893 3312 ἐπὶ
926 3260 1021 3330 τὴν
1050 3262 1154 3330 Br;-

425 3353 586 3422 θλεὲμ
612 3353 978 3422 παρεγένοντο.

1216 2369 1508 2436 pr0phetize
1579 2368 1694 2435 ejus
1771 2368 1942 2421 sacris

1218 2463 1430 2516 insertae
1489 2470 1612 2514 sunt
1663 2461 1947 2514 volumini-

1218 2550 1345 2612 bus,
1385 2558 1582 2617 quanto
1630 2550 1798 2616 magis
1854 2549 1948 2601 de—

1216 2637 1429 2705 scriptae
1469 2646 1591 2689 sunt
1631 2637 1698 2688 ab
1743 2637 1809 2688 iis
1856 2637 1948 2704 qui

1221 2726 1526 2781 habitabant
1554 2737 1677 2778 tunc
1711 2725 1952 2794 Mesopo-

1219 2817 1454 2881 tamiam,
1495 2816 1629 2883 apud
1659 2831 1793 2884 quos
1839 2832 1951 2870 ma-

1221 2907 1443 2974 gnificus
1491 2907 1785 2961 habebatur
1845 2909 1949 2963 Ba-

1222 2995 1380 3062 laam,
1408 3009 1644 3063 quosque
1669 2997 1802 3051 artis
1836 2997 1952 3065 ejus

1221 3093 1427 3138 constat
1448 3086 1611 3139 fuisse
1629 3086 1953 3158 discipulos?

1221 3174 1299 3227 Ex
1349 3173 1438 3227 illo
1493 3175 1720 3244 denique
1783 3177 1955 3232 fertur

1223 3276 1492 3332 magorum
1517 3277 1701 3329 genus,
1733 3275 1783 3318 et
1811 3265 1956 3318 insti-

1225 3353 1355 3404 tutio
1383 3354 1432 3404 in
1462 3353 1698 3419 partibus
1721 3352 1956 3407 Orientis

424 3443 640 3510 vigere:
674 3442 760 3508 qui
788 3442 1051 3507 descripta
1080 3440 1336 3494 habentes
1368 3441 1505 3507 apud
1544 3455 1602 3494 se
1633 3442 1813 3494 omnia
1832 3456 1957 3510 quae

423 3531 823 3600 prophetaverat
858 3531 1104 3591 Balaam,
1145 3530 1302 3583 etiam
1362 3531 1462 3583 hoc
1495 3531 1793 3584 habuerunt
1824 3532 1953 3584 scri—

424 3629 567 3688 ptum
589 3620 655 3684 δο,
683 3619 823 3686 quod
855 3637 873 3669 ι
902 3619 1106 3671 orietur
1129 3619 1280 3671 stella
1311 3633 1376 3670 ex
1404 3616 1589 3681 Jacob,
1616 3627 1666 3672 et
1702 3629 1956 3690 exsurget

423 3709 583 3764 homo
614 3724 677 3762 ex
707 3707 888 3761 Israel.
915 3726 932 3758 ι
967 3708 1087 3760 llrec
1114 3707 1312 3773 scripta
1346 3705 1613 3760 habebant
1647 3708 1785 3778 magi
1817 3711 1953 3776 apud

426 3796 762 3864 semetipsos,
785 3805 839 3847 et
868 3795 985 3849 ideo
1021 3794 1232 3860 quando
1270 3801 1429 3846 natus
1462 3801 1543 3847 est
1582 3792 1755 3861 Jesus,
1791 3811 1956 3862 agno-

424 3893 615 3937 verunt
649 3882 880 3945 stellam,
908 3892 960 3935 et
996 3881 1374 3934 intellexerunt
1414 3880 1687 3947 adimpleri
1730 3883 1956 3950 prophe-

427 3971 575 4035 tiam,
606 3971 772 4038 rnagis
803 3969 900 4037 ipsi
935 3983 1092 4036 quam
1137 3967 1360 4036 populus
1391 3966 1574 4032 Israel,
1601 3968 1690 4036 qui
1741 3978 1955 4023 sancto-

426 4055 928 4123 rutnpmphetaru-n
947 4056 1136 4110 audire
1166 4057 1325 4110 verba
1353 4055 1696 4121 contempsit.
1727 4055 1802 4109 Illi
1829 4071 1955 4127 ergo

426 4158 489 4196 cx
523 4145 585 4195 iis
623 4151 825 4194 tantum
849 4157 964 4207 quae
997 4143 1206 4196 Balaam
1245 4143 1442 4210 scripta
1484 4142 1770 4211 reliquerat
1796 4159 1958 4214 agno-

427 4237 640 4281 scentes
686 4227 875 4279 adesse
922 4235 1150 4296 tetnpus,
1196 4236 1489 4289 venerunt,
1526 4237 1578 4282 et
1623 4229 1955 4297 requirentes

2042 1847 2174 1887 suos
2203 1833 2270 1886 ad
2326 1833 2574 1894 asinam,
2625 1847 2752 1898 quae
2804 1831 3060 1896 alligata
3097 1839 3270 1893 erat,
3315 1838 3379 1882 et
3413 1830 3488 1882 ad
3518 1830 3716 1896 pullum

2044 1918 2157 1982 ejus
2197 1935 2211 1971 ε
2246 1928 2306 1970 ut
2343 1917 2601 1985 discipuli
2663 1933 2790 1969 eam
2848 1919 3104 1972 solvant
3130 1957 3149 1979 ,
3199 1927 3257 1971 et
3308 1917 3641 1977 adducant,
3669 1928 3727 1967 ut

2046 2006 2164 2071 ipse
2197 2006 2383 2058 redeat
2419 2019 2588 2072 super
2623 2017 2772 2056 eam.
2811 2005 2885 2058 Et
2921 2006 3090 2060 forte
3131 2005 3259 2059 haec
3288 2006 3491 2069 asina,
3549 2006 3602 2057 id
3645 2016 3726 2057 est

2044 2095 2309 2158 Ecclesia,
2341 2094 2492 2162 prius
2521 2095 2786 2162 portabat
2815 2095 3105 2159 Balaam,
3144 2111 3304 2148 nunc
3339 2107 3549 2148 autem
3575 2094 3732 2149 Chri-

2044 2193 2214 2248 stum,
2242 2198 2310 2236 ex
2337 2197 2448 2250 quo
2475 2181 2658 2237 soluta
2682 2191 2773 2236 est
2800 2199 2832 2236 a
2863 2185 3200 2252 discipulis
3231 2195 3288 2239 et
3318 2201 3354 2238 a
3409 2186 3626 2253 quibus
3658 2187 3738 2238 in-

2044 2287 2186 2328 nexa
2225 2282 2343 2326 erat
2375 2273 2620 2327 vinculis
2666 2273 2966 2335 relaxata,
3007 2283 3079 2325 ut
3126 2273 3310 2329 Filius
3352 2275 3466 2328 Dei
3520 2276 3741 2328 sederet

2046 2377 2209 2428 super
2237 2377 2380 2426 eam,
2411 2373 2466 2414 et
2506 2377 2634 2415 eum
2677 2363 2804 2427 ipsa
2859 2363 3292 2432 ingrederetur
3339 2375 3625 2418 sanctam
3670 2365 3744 2417 ci-

2047 2451 2268 2506 vitatem
2305 2451 2607 2506 Jerusalem
2646 2454 2986 2513 caelestem,
3017 2463 3086 2506 et
3129 2455 3556 2522 compleretur
3593 2453 3746 2508 Scri-

2047 2549 2228 2608 ptura,
2255 2553 2374 2608 qua:
2403 2541 2534 2594 dicit
2558 2539 2648 2593 “:
2685 2558 2706 2590 ε
2736 2539 3001 2604 Laetare,
3048 2543 3169 2596 lilia
3217 2543 3368 2596 Sion
3394 2582 3414 2606 ,
3463 2544 3748 2612 praedita,

2051 2628 2156 2680 lilia
2197 2627 2534 2692 Jerusalem,
2581 2645 2716 2684 ecce
2768 2647 2873 2685 rex
2915 2644 3056 2685 tuus
3106 2635 3273 2686 venit
3311 2633 3432 2686 tibi
3496 2634 3658 2686 mitis
3699 2642 3754 2685 et

2049 2717 2243 2770 sedens
2291 2732 2456 2784 super
2500 2717 2816 2788 subjugale.
2868 2739 2889 2771 ι
2939 2720 3297 2791 Subjugale,
3369 2723 3436 2776 id
3491 2734 3592 2777 est
3647 2724 3757 2775 asi-

2053 2819 2211 2870 nam,
2256 2805 2541 2860 credentes
2589 2807 2715 2860 sine
2773 2808 2960 2863 dubio
3013 2825 3087 2864 ex
3140 2811 3382 2867 Iudaeis
3439 2813 3596 2866 dicit
3639 2830 3654 2864 :
3700 2821 3756 2863 et

2049 2894 2250 2963 pullum
2295 2895 2598 2959 novellum,
2639 2911 2739 2949 eos
2790 2900 3067 2965 profecto
3110 2903 3213 2969 qui
3270 2910 3434 2956 sunt
3485 2917 3564 2955 ex
3620 2915 3759 2968 gen-

2055 2982 2194 3034 tibus
2245 2983 2531 3036 credentes
2581 2983 2636 3036 in
2689 2984 2932 3040 Christo
2983 2986 3125 3043 Jesu
3181 2991 3470 3045 Domino
3532 3000 3759 3051 nostro,

2054 3071 2137 3122 cui
2166 3079 2251 3123 est
2280 3069 2452 3138 gloria
2487 3079 2542 3124 et
2591 3073 2906 3141 imperium
2957 3076 3018 3130 in
3068 3079 3307 3133 saecula
3363 3079 3758 3134 saeculorum.

2053 3160 2092 3208 Α
2104 3172 2244 3210 men.

2608 3247 2913 3306 IIOMILIA
2959 3250 3110 3309 XIV.

2509 3338 2622 3407 (5|)
2649 3339 2795 3394 Item
2844 3345 2916 3396 de
2949 3345 3224 3402 Balaam.

2124 3429 2174 3483 l.
2202 3426 2362 3480 Plura
2387 3437 2534 3491 sunt,
2560 3443 2685 3496 quae
2710 3432 2883 3486 nobis
2919 3435 3278 3492 resederunt
3303 3436 3757 3507 exponentibus

2055 3517 2336 3572 lectionem
2388 3519 2453 3571 de
2495 3516 2724 3571 Balaam
2774 3531 2958 3591 atque
3011 3527 3178 3579 asina
3237 3527 3388 3594 ejus
3438 3545 3455 3580 :
3513 3537 3578 3582 et
3615 3541 3756 3593 ouo-

2054 3609 2197 3660 niam
2233 3615 2315 3661 est
2350 3608 2671 3676 temporalis
2704 3619 3018 3678 tractatus,
3047 3616 3142 3683 qui
3180 3617 3242 3669 in
3283 3617 3582 3672 Ecclesia
3623 3615 3755 3669 2di-

2054 3698 2247 3752 ﬁcandi
2283 3698 2454 3766 gratia
2486 3697 2748 3764 habetur,
2789 3718 2906 3756 non
2957 3707 3279 3761 habuimus
3325 3717 3580 3762 tantum
3625 3720 3755 3773 spa—

2057 3787 2137 3850 tii,
2171 3794 2231 3838 ut
2263 3801 2546 3852 possemus
2585 3789 2814 3856 singula
2861 3807 3111 3862 quaeque
3163 3793 3529 3864 Scriptura
3579 3796 3748 3846 verba

2053 3887 2370 3944 preponere,
2398 3883 2453 3927 et
2482 3875 2556 3926 ita
2588 3887 2648 3929 ut
2677 3879 2824 3931 nihil
2854 3882 3098 3934 omnino
3121 3883 3550 3938 indiscussurn
3577 3880 3746 3950 322

2053 3972 2381 4024 remaneret,
2425 3963 2890 4030 explanationem
2929 3971 3178 4039 singulis
3230 3974 3567 4034 adhibere,
3612 3986 3749 4038 quo-

2055 4051 2197 4106 niam
2248 4050 2465 4119 quidem
2517 4052 2840 4120 hujnsmodi
2895 4063 3086 4126 stylus
3157 4061 3739 4115 commentariorum

2055 4142 2226 4211 magis
2252 4148 2355 4194 est.
2380 4139 2592 4195 Idcirco
2631 4155 2762 4208 qua:
2800 4143 3185 4212 inquisitione
3217 4151 3405 4220 digna
3447 4150 3736 4207 videntur.

2059 4231 2388 4297 repetimus,
2438 4244 2677 4296 eamque
2747 4233 3184 4306 discutientes,
3241 4257 3374 4310 qua
3430 4247 3744 4308 possumus

427 4329 549 4368 eum
597 4315 774 4367 statim
825 4315 1206 4381 adoraverunt,
1251 4327 1304 4371 et
1338 4325 1396 4368 ut
1433 4313 1586 4368 ﬁdem
1635 4331 1783 4370 suam
1837 4331 1951 4370 ma-
1985 4329 2028 4383 ι)
2057 4319 2433 4388 explanatione
2466 4318 2744 4375 disserere
2801 4334 2864 4378 et
2911 4327 2972 4380 in
3011 4331 3270 4385 medium
3306 4326 3615 4399 proferre
3640 4331 3761 4372 ten-

429 4419 586 4473 gnam
607 4417 724 4457 esse
751 4403 1334 4475 declararent,parvum
1362 4419 1581 4475 puerum
1599 4405 1749 4474 quasi
1779 4419 1953 4474 regem

430 4489 663 4542 venerati
691 4498 835 4541 sunt.

498 4576 552 4628 8.
590 4575 694 4629 Sed
739 4576 1014 4630 redeamus
1057 4581 1122 4632 ad
1172 4584 1521 4652 propositum.
1575 4580 1828 4636 Molestus
1874 4587 1956 4634 est

429 4663 642 4717 Balaam
700 4665 829 4729 Deo,
870 4678 922 4720 et
963 4679 1238 4739 extorquet
1289 4673 1666 4742 propemodum
1721 4669 1954 4737 permitti

431 4755 530 4806 sibi
565 4762 620 4805 ut
652 4763 739 4807 eat
787 4755 1101 4812 maledicere
1138 4761 1260 4814 (iliis
1307 4760 1505 4826 Israel,
1552 4769 1605 4814 et
1655 4769 1713 4812 ut
1745 4759 1956 4813 invocet

430 4844 718 4907 daemones,
758 4845 824 4898 ad
877 4862 1031 4915 quem
1076 4848 1185 4917 jam
1224 4861 1446 4906 venerat
1491 4849 1651 4904 Deus.
1702 4848 1956 4902 Ascendit

434 4933 668 5000 asinam,
715 4938 950 4991 occurrit
987 4939 1035 4992 ei
1089 4940 1344 5010 angelus,
1384 4939 1472 5008 qui
1511 4936 1812 4993 excubabat
1858 4950 1954 5004 pro

1018 5053 1058 5121 ἰ-
1093 5067 1241 5108 vsas.
1275 5067 1392 5107 nov.

500 5115 704 5169 Dicitur
731 5115 948 5172 Balaam
993 5113 1232 5173 habuisse
1277 5115 1665 5185 discipulosqui
1695 5113 1951 5181 magicam

431 5187 542 5256 ejus
561 5196 742 5256 ⁸αιίιειιι
772 5186 1066 5252 didicerint,
1094 5204 1282 5256 quique
1314 5184 1502 5253 magna
1535 5184 1598 5235 de
1624 5196 1682 5232 eo
1707 5192 1952 5256 concepta

432 5247 670 5317 opinione
707 5254 889 5307 litteris
923 5247 1330 5323 hman'daveiint,
1375 5247 1524 5320 alque
1560 5249 1777 5317 posteris
1829 5247 1952 5300 reli-

2061 4409 2308 4460 tabimus.
2339 4405 2439 4459 Est
2479 4416 2669 4461 autem
2704 4411 2902 4469 adhuc
2937 4414 3172 4472 difﬁcile
3219 4421 3282 4474 in
3350 4409 3766 4481 ειιὶιεηδιίοιιθ

2061 4495 2300 4548 historiae
2328 4494 2523 4561 ipsius,
2551 4500 2847 4562 quomodo
2874 4517 3016 4557 cum
3057 4507 3295 4564 dicatur
3339 4502 3604 4556 Venisse
3632 4497 3775 4550 De“

2063 4593 2222 4636 noctu
2257 4583 2323 4636 ad
2360 4583 2583 4638 Balaam
2624 4590 2844 4656 primo,
2875 4601 2939 4646 et
2973 4593 3429 4667 interrogasse
3459 4590 3563 4662 qui
3591 4593 3770 4648 essent

2061 4668 2304 4722 homines
2349 4670 2442 4737 qui
2491 4673 2792 4729 venissent
2843 4681 2921 4733 ad
2971 4697 3106 4736 eum
3137 4702 3153 4738 :
3187 4701 3265 4741 ac
3295 4683 3735 4754 respondissel;

2060 4760 2183 4827 quia
2220 4760 2367 4814 missi
2403 4770 2590 4815 essent
2622 4778 2654 4816 a
2690 4765 2916 4826 Balaeh
2953 4773 3076 4829 tilio
3111 4776 3332 4845 Sephor
3365 4753 3604 4834 dicente
3628 4773 3713 4828 ’δε

2065 4865 2084 4899 ι
2118 4847 2281 4912 Veni,
2319 4855 2374 4901 et
2407 4850 2645 4908 maledic
2693 4857 2842 4912 mihi
2878 4863 3193 4932 populum;
3219 4885 3238 4919 ι
3267 4866 3636 4933 responderit
3661 4863 3708 4915 ei

2060 4934 2244 4990 Deus:
2280 4955 2300 4988 ι
2326 4936 2445 4991 Non
2479 4939 2585 4995 ibis
2617 4956 2752 4997 cum
2793 4947 2913 5016 eis,
2962 4966 3157 5023 neque
3193 4953 3497 5010 maledices
3538 4963 3710 5021 ρορυ-

2056 5049 2796 5145 ztssie-amasene.
2860 5065 2926 5120 ίη
2987 5073 3194 5140 quibus
3554 5068 3708 5145 ιιίαπι

2214 5132 2292 5206 at
2319 5117 2545 5206 (arietat:
2570 5126 2735 5179 stella
2755 5115 2824 5193 ί)
3235 5115 3512 5206 Ruga}!
3552 5115 3717 5206 illi,"

2058 5184 2302 5309 ῧᾶῗὲῃῖσ.
2331 5188 2625 5258 disciplina
2676 5184 3042 5272 αοᾶερὶἶῖέιῆ
3074 5184 3573 5285 ἆδᾷξνίυεέιειέιηι
3622 5197 3715 5251 Bt.

501 5366 546 5396 ⁸⁸
582 5367 736 5420 Num.
778 5383 924 5436 xxiv,
956 5370 1042 5423 l7.
1115 5368 1156 5398 δ’
1196 5367 1362 5420 Exod.
1407 5379 1584 5429 xxxu,
1624 5361 1711 5417 34.
1783 5361 1828 5394 “
1866 5360 1909 5416 ll
1945 5362 2017 5418 Pe

2120 5383 2182 5433 lt,
2212 5370 2305 5426 16.
2379 5373 2424 5406 ⁸³
2466 5377 2646 5438 Zach.
2671 5399 2756 5454 lx,
2781 5387 2848 5446 θ,
2887 5423 2897 5429 .
2934 5392 2991 5427 ιι
3027 5394 3218 5458 Num.
3250 5390 3395 5457 ⁸ιιι,
3423 5376 3522 5440 Η,
3545 5376 3636 5432 ις..

503 5473 612 5550 ς50)
650 5476 706 5530 Si
738 5480 871 5532 enim
904 5497 935 5550 α
965 5479 1162 5549 Moyse,
1193 5487 1297 5530 etc.
1322 5474 1453 5550 ﬁde
1479 5483 1633 5529 notas
1661 5471 1726 5527 ad
1758 5470 1950 5528 librum

437 5541 660 5598 Primum
688 5556 864 5602 contra
893 5541 1118 5612 Celsum,
1161 5560 1307 5599 num.
1333 5541 1420 5596 60.

2132 5479 2835 5584 SESL'Jestrasmenmm
2895 5477 3285 5584 αεευπιριυηι
3470 5499 3505 5538 ε
3544 5483 3759 5538 cm

2062 5561 2488 5628 manuscriptis.
