3838 6240
228 336 302 392 681
1404 332 1469 385 ΙΝ
1500 330 1817 387 NUMEROS
1852 332 2129 387 HOMILIA
2168 333 2302 386 XIV.
3317 347 3427 402 333

242 432 589 502 riscurationum
623 408 937 517 “lfgfem
968 436 1091 517 ‘ac
1134 445 1335 500 vet-hi
1386 450 1474 502 Dei
1513 451 1801 503 contuleris
1828 454 1868 507 Α
1904 462 2147 514 magnum
2201 446 2461 514 proferret
2497 450 2560 502 ad
2593 458 2794 517 gentes,
2848 466 2953 505 non
3014 464 3115 507 tam
3160 460 3325 511 corde
3375 470 3431 511 et

242 535 520 591 “malum,
630 500 1194 611 ﬁliiﬁlii-itinera
1274 552 1379 604 per
1428 538 1794 607 paenitentiam
1900 551 2083 599 sensu,
2127 551 2284 604 quam
2340 550 2435 589 ore
2480 546 2533 590 et
2584 553 2828 593 sermone
2880 552 3165 610 portatum.
3204 548 3307 600 Sed
3359 564 3428 602 ue

250 599 1247 702 sanes,etmedifimmf‘wfeﬁionis
1276 599 1555 681 ostendas.
1592 627 1649 681 Si
1680 628 1800 695 quis
1900 640 1994 692 per
2029 626 2235 693 singula
2283 626 2647 690 immorentur,
2700 642 2802 683 non
2845 599 2987 683 enim
3034 636 3285 702 temporis
3340 647 3428 691 est

250 725 364 763 vero
386 696 640 792 ltuitlsmil‘i:|
665 699 815 757 09"“
863 695 924 742 πὶ
970 695 1122 792 ’διοο
1193 718 1419 770 mundo
1440 719 1567 784 agit.
1603 718 1716 785 ipse
1743 733 1801 772 se
1897 724 2087 768 cuncta
2115 716 2356 777 dissolvi.
2387 731 2611 769 ascensa
2646 717 2793 769 asina
2819 732 2913 770 sua
2947 695 3155 773 Balaam
3184 725 3293 777 ibat
3333 740 3427 792 per

257 801 444 865 pra-bet.
463 806 513 846 ut
535 793 583 844 in
618 787 781 841 laturo
814 786 1037 843 saeuit)
1071 811 1200 855 vas
1238 807 1528 861 electionis
1550 848 1563 869 ,
1594 818 1646 860 et
1671 809 1799 862 utile
1898 804 2071 869 viam;
2102 806 2340 857 occurrit
2366 806 2415 858 ei
2447 804 2681 873 angelus,
2701 805 2785 859 ille
2806 806 2922 859 sine
2946 802 3219 876 dubio'qui
3242 786 3424 867 aderat

259 888 459 940 Domino
479 886 537 936 ad
561 892 706 933 omne
733 888 866 944 opus
887 877 1122 940 bonum
1177 906 1440 958 paratum
1461 912 1489 949 ε)
1512 898 1800 953 conditore
1899 894 2020 947 ﬁliis
2040 893 2220 951 Israel.
2255 896 2436 961 Aperit
2472 910 2533 947 os
2561 896 2723 949 asina:
2748 935 2763 957 ,
2805 906 2862 948 ttt
2904 909 3157 964 arguatur
3189 914 3283 967 per
3307 916 3425 954 eam

262 976 490 1029 formetur
514 974 576 1025 ⁵⁸.
602 970 655 1024 Si
684 981 805 1021 Vero
840 979 1147 1031 contraria
1187 997 1375 1050 gerat.
1407 1000 1500 1039 vas
1526 987 1590 1039 ad
1613 998 1801 1040 contu-
1902 982 2130 1045 Balaam,
2170 993 2224 1035 et
2259 985 2385 1035 muti
2421 984 2640 1050 pecudis
2677 984 2895 1036 vocibus
2921 984 3224 1039 confutetur
3251 989 3296 1042 is
3336 991 3427 1057 qui

258 1065 455 1117 meliam
485 1063 661 1115 divina:
688 1056 1039 1127 semetipsum
1066 1072 1356 1133 prmbebit
1397 1074 1774 1140 dispensationi

1222 1074 1356 1125 tellit
1397 1074 1797 1140 dispensationi,
1899 1065 2107 1117 divinus
2127 1066 2403 1120 videbatur
2429 1077 2483 1119 et
2509 1069 2738 1135 sapiens.

257 1153 320 1205 Et
348 1161 607 1219 ρι-υριει-θει
659 1158 778 1218 pulo
810 1148 864 1200 in
902 1149 1122 1209 divinis
1187 1160 1549 1214 νοιηιηῑηίιηιε
1604 1162 1799 1231 scripta
1964 1153 2017 1205 4.
2058 1153 2248 1206 Verum
2280 1164 2399 1221 post
2428 1156 2539 1208 hare
2586 1158 2911 1213 conveniens
2933 1159 3039 1227 jam
3071 1161 3295 1225 videtur,
3331 1164 3430 1218 ali-

251 1257 367 1297 εεεο
394 1252 445 1295 ει
474 1242 727 1296 honorum
749 1247 921 1309 gesta,
952 1251 1010 1296 et
1032 1246 1336 1313 mulorum,
1374 1261 1426 1304 ei
1452 1267 1514 1306 ex
1544 1252 1796 1315 sinistris,
1897 1260 2002 1312 qua
2020 1245 2179 1298 etiam
2206 1245 2271 1298 de
2300 1246 2548 1314 allegoria
2578 1249 2913 1316 contingere.
2944 1250 3155 1305 Balaam
3185 1255 3291 1317 hic,
3334 1257 3427 1323 qui

251 1344 302 1386 et
325 1334 527 1387 dextris
557 1334 759 1387 actibus
787 1330 1114 1402 Scripturas
1150 1340 1364 1392 divinas
1406 1355 1523 1395 esse
1575 1351 1767 1396 contex

1920 1344 2276 1402 ttterpretatur
2303 1339 2523 1403 populus
2554 1355 2717 1391 vanus
2753 1338 2885 1410 (56),
2911 1342 3119 1396 videtur
3145 1345 3273 1397 mihi
3312 1361 3428 1414 per.

251 1433 346 1489 tas,
381 1432 438 1475 ut
471 1423 829 1491 intelligamus
862 1425 992 1492 quia
1058 1429 1200 1496 apud
1252 1430 1414 1482 Deum
1467 1430 1633 1484 otiosa
1693 1445 1798 1484 non
1898 1440 2083 1478 sonam
2128 1427 2326 1480 habere
2351 1428 2647 1481 scribarum
2686 1438 2739 1482 et
2790 1430 3180 1486 Pharistrorum
3225 1433 3426 1489 Iudaici

245 1522 381 1576 sunt,
416 1527 524 1566 nec
563 1514 821 1566 malorum
874 1526 1069 1580 opera,
1126 1533 1224 1569 nec
1277 1519 1552 1572 bonorum.
1603 1517 1761 1574 Verut

1910 1514 2093 1579 copuli.
2140 1514 2333 1568 Balach
2386 1528 2543 1578 vero,
2602 1516 2691 1581 qui
2743 1517 2973 1572 exclusio
3023 1521 3103 1573 vel
3162 1522 3426 1576 devoratio

244 1618 383 1656 nunc
406 1613 539 1670 post
586 1618 861 1658 excessum
893 1605 1186 1672 plurimum
1224 1609 1458 1674 quidem,
1493 1610 1586 1663 sed
1624 1623 1798 1664 causa
1899 1606 2278 1670 interpretatur
2304 1601 2436 1672 (57),
2467 1613 2518 1656 et
2545 1603 2657 1671 ipse
2691 1620 2970 1673 personam
3006 1608 3203 1662 habere
3233 1610 3427 1665 intelli-

240 1694 637 1756 necessarium,
672 1694 956 1748 redeamus
983 1695 1049 1747 ad
1081 1697 1436 1762 propositum.
1832 1747 1869 1769 δ
1897 1695 2098 1763 gendus
2124 1701 2204 1746 est
2238 1694 2393 1746 unius
2448 1692 2673 1759 alicujus
2719 1696 2999 1763 spirituum
3048 1699 3224 1752 tnundi
3272 1700 3428 1769 hujus

304 1781 356 1836 5.
388 1780 619 1834 Balaam
656 1781 762 1844 hic,
793 1792 853 1835 ut
874 1783 1124 1849 superius
1146 1784 1396 1846 diximus,
1426 1784 1637 1840 divinus
1661 1796 1793 1849 erat,
1828 1780 1870 1801 ν
1896 1780 2180 1834 contrariae
2218 1780 2520 1847 potestatis,
2577 1794 2695 1847 qum
2745 1780 3029 1836 excludere
3076 1793 3130 1835 et
3171 1784 3428 1839 devorare

239 1870 545 1922 dtetttonum
577 1870 790 1923 scilicet
826 1870 1162 1933 ministerio,
1196 1881 1249 1923 et
1277 1882 1388 1926 arte
1420 1875 1623 1942 magica
1661 1891 1795 1928 non-
1895 1870 2074 1938 cupiat
2098 1868 2281 1927 Israel.
2325 1883 2429 1921 non
2461 1883 2583 1922 eum
2615 1869 2706 1935 qui
2743 1871 3032 1924 secundum
3076 1886 3289 1925 carnem
3322 1881 3424 1936 est.

239 1971 511 2025 nunquam
572 1956 752 2011 futura
813 1973 1172 2024 praenoscens.
1221 1961 1456 2030 Rogatur
1516 1977 1545 2014 a
1599 1962 1794 2017 Balach
1895 1959 1985 2014 sed
2042 1974 2163 2012 eum
2213 1958 2303 2025 qui
2363 1958 2652 2012 secundum
2713 1960 2977 2026 spiritum.
3046 1959 3241 2015 Volcns
3297 1977 3427 2030 ergo

238 2062 356 2115 rege
376 2049 444 2101 ad
468 2047 914 2101 maledicendum
931 2048 1128 2114 popqu
1153 2048 1334 2109 Israel.
1368 2049 1525 2116 legati
1558 2052 1794 2114 veniunt,
1897 2056 2133 2112 potestas
2186 2048 2285 2100 ista
2326 2047 2591 2100 contraria
2638 2048 2800 2101 deleri
2828 2057 2881 2101 et
2918 2051 3126 2116 penitus
3156 2052 3426 2119 exstingui

241 2134 560 2186 diriuacula
602 2134 658 2186 in
694 2133 944 2186 manibus
983 2133 1180 2194 ferunt,
1217 2145 1358 2189 stant
1390 2138 1628 2192 attonitae
1662 2154 1792 2206 gen-
1896 2134 2186 2201 spiritalem
2237 2134 2414 2193 Israel.
2445 2148 2547 2186 non
2588 2135 2721 2188 aliis
2768 2137 2937 2206 utitur
2972 2139 3265 2201 ministris.
3322 2140 3425 2193 niSi

241 2234 334 2283 tes,
358 2232 413 2276 et
444 2223 658 2284 anxiae,
681 2230 1059 2288 exspectantes
1074 2222 1199 2291 quid
1221 2227 1533 2293 respondeat
1559 2226 1794 2293 Balaam,
1898 2222 2233 2292 pontiﬁcibus
2267 2233 2314 2275 et
2347 2223 2540 2277 scribis
2573 2239 2635 2277 ac
2687 2200 2967 2279 Phariswis
2997 2245 3010 2281 :
3041 2229 3183 2294 ipsos
3214 2229 3423 2289 invitat,

235 2314 295 2366 de
330 2327 437 2379 quo
484 2326 824 2380 persuasum
876 2311 1146 2365 habebant
1189 2315 1328 2379 quod
1371 2315 1561 2383 dignus
1605 2318 1797 2371 divinis
1898 2316 2023 2382 ipsis
2047 2314 2341 2368 mercedem
2369 2315 2628 2380 promittit
2652 2325 2698 2369 et
2731 2317 2968 2382 praemia.
3002 2315 3080 2368 llli
3111 2331 3260 2381 vero,
3285 2317 3427 2370 sicut

235 2402 515 2468 colloquiis
546 2402 866 2455 haberetur.
903 2401 1035 2453 Vide
1074 2416 1215 2454 nunc
1245 2406 1506 2471 quomodo
1535 2406 1795 2473 sapientia
1897 2405 1996 2457 iste
2037 2403 2246 2456 Balaam
2300 2403 2445 2464 facit.
2481 2405 2734 2458 simulant
2788 2419 2845 2457 se
2895 2417 3085 2458 cuncta
3141 2408 3205 2458 ad
3262 2407 3423 2460 Deum

239 2487 325 2541 Dci
347 2502 440 2542 vas
472 2487 634 2541 istud
653 2490 718 2539 ad
743 2488 1127 2540 contumeliam
1162 2501 1512 2558 praeparatum
1538 2494 1798 2560 proﬁcere
1897 2492 2094 2547 referre
2121 2501 2176 2546 et
2218 2492 2334 2545 zelo
2372 2493 2464 2547 Dei
2500 2508 2680 2562 agere.
2723 2494 2911 2548 Dicunt
2954 2494 3096 2548 enim
3131 2495 3176 2525 ⁶⁰
3215 2511 3230 2548 :
3266 2496 3428 2549 Scru-

238 2580 358 2633 lecit
384 2579 451 2633 ad
478 2579 785 2633 utilitatem
814 2593 921 2630 non
950 2578 1122 2632 solum
1150 2580 1324 2644 gentis
1352 2582 1528 2646 unius,
1546 2583 1636 2636 sed
1662 2598 1796 2650 pene
1898 2591 2012 2635 tare
2044 2581 2368 2650 Seripturas,
2417 2591 2472 2635 et
2528 2582 2648 2635 vide
2685 2584 2808 2649 quia
2852 2584 3106 2650 propheta
3144 2598 3175 2636 a
3207 2581 3424 2637 Galilaza

243 2669 397 2722 totius
423 2668 625 2721 mundi
651 2684 666 2719 :
689 2678 745 2719 et
776 2667 907 2720 huic
930 2666 1014 2720 cui
1045 2668 1291 2721 solebant
1316 2667 1479 2723 videri
1509 2672 1793 2733 dwmones,
1900 2685 2000 2723 non
2033 2673 2221 2739 surgit.
2251 2673 2312 2724 Et
2354 2673 2540 2724 iterum
2571 2672 2816 2725 dicunt"
2852 2689 2864 2725 :
2902 2692 2919 2724 ι
2944 2671 3049 2727 Nos
3074 2672 3241 2741 legem
3269 2674 3429 2728 babe-

244 2760 442 2813 vidctur
481 2760 657 2822 Deus,
689 2758 993 2826 prohibens
1023 2758 1148 2810 mali
1193 2759 1371 2833 operis
1424 2759 1545 2813 iter.
1599 2762 1795 2831 Stupe-
1900 2773 2035 2822 mus,
2073 2769 2127 2811 et
2157 2761 2442 2812 secundum
2476 2760 2642 2826 legem
2692 2759 2849 2814 debet
2883 2762 3035 2826 mori,
3084 2763 3208 2830 quia
3235 2763 3425 2817 Filium

246 2855 337 2905 scit
370 2853 619 2915 Balaam,
652 2860 708 2905 et
746 2851 980 2903 miratur
1022 2849 1355 2917 prohibentis
1394 2856 1792 2912 auatoritatetn.
1901 2851 1988 2903 Dei
2019 2865 2077 2904 se
2114 2849 2257 2903 feeit.
2294 2868 2312 2901 ι
2358 2850 2458 2904 Per
2496 2865 2614 2918 qua:
2661 2852 2864 2920 singula
2924 2853 3167 2906 videntur
3212 2857 3423 2921 quidem

248 2944 349 2996 Non
398 2943 545 2997 enim
604 2943 824 2997 solebat
879 2940 1076 2993 malum
1124 2943 1447 2997 daemonibus
1493 2946 1764 3014 displicere

1909 2940 2087 2993 scribae
2119 2946 2173 2991 et
2203 2937 2453 2992 Pharisaei
2493 2939 2663 2992 zelum
2686 2939 2778 2994 Dei
2811 2942 3025 3008 habere,
3081 2944 3170 2996 sed
3211 2943 3425 2998 simula-

247 3035 340 3086 Sed
371 3035 565 3086 iterum
614 3032 853 3084 remittit
892 3030 1126 3096 legatos,
1160 3031 1380 3096 dicens,
1418 3047 1521 3085 non
1556 3049 1614 3087 se
1643 3049 1796 3101 posse
1823 3046 1866 3102 ο
1901 3037 2029 3081 ιιιῐῐιο
2074 3027 2234 3082 Αεὶιιθ
2264 3042 2408 3089 vero.
2461 3029 2546 3082 cui
2601 3031 2825 3084 sedebat
2877 3032 3115 3095 Balaam.
3169 3036 3421 3102 quoniam

248 3122 434 3187 lacere,
467 3124 571 3177 nisi
603 3123 841 3174 verbum
870 3124 1011 3187 quod
1042 3121 1181 3174 Deus
1226 3121 1434 3174 dederit
1472 3121 1524 3174 in
1560 3137 1619 3176 os
1661 3123 1796 3189 ejus.
1900 3118 2174 3188 Scriptura
2218 3119 2347 3173 dicit
2391 3119 2471 3172 ⁶²ε
2507 3137 2525 3169 t
2551 3118 2800 3173 llomines
2854 3128 2907 3172 et
2953 3119 3191 3186 jumenta
3249 3122 3427 3176 salvos

246 3212 476 3266 Redeunt
503 3225 709 3265 rursus
735 3210 896 3279 legati
917 3250 933 3274 ,
965 3210 1156 3261 iterum
1185 3209 1428 3276 requirit.
1461 3210 1652 3262 iterum
1683 3228 1793 3264 tuo.
1901 3208 2080 3274 facies,
2122 3210 2389 3272 Domine,»
2427 3223 2487 3261 ea
2529 3221 2651 3275 pars
2689 3208 3017 3261 credentium
3052 3218 3241 3277 potest“
3268 3210 3427 3264 intel-

247 3304 400 3356 lestus
424 3313 533 3365 est,
568 3312 632 3355 et
670 3302 868 3353 iterum
909 3302 1057 3367 cupit
1085 3300 1287 3354 audire.
1321 3301 1432 3354 Non
1464 3304 1609 3356 enim
1644 3304 1763 3357 facil

1910 3297 2011 3365 ligi,
2065 3312 2182 3364 quat
2230 3297 2342 3350 sive
2403 3310 2497 3363 pro
2529 3295 2772 3358 stultitia,
2826 3296 2937 3349 sive
2973 3311 3067 3364 pro
3103 3297 3426 3362 innocentia,

244 3395 451 3459 cupidus
475 3390 836 3446 mercedibus
864 3401 1032 3443 caret.
1062 3389 1196 3454 Quid
1221 3404 1348 3458 ergo
1381 3392 1529 3445 audit
1566 3395 1801 3446 secundo
1902 3392 2215 3446 animalibus
2282 3398 2637 3457 comparatur.
2711 3390 2802 3444 Sic
2848 3392 2990 3445 enim
3048 3403 3101 3446 et
3146 3394 3428 3461 Apostolus

245 3498 270 3532 a
317 3482 451 3535 Deo?
499 3501 519 3533 ι
572 3481 642 3533 Si
695 3493 925 3542 vorare,
968 3478 1141 3545 inquit
1168 3477 1232 3538 ⁸⁷,
1273 3490 1531 3531 venerunt
1561 3480 1802 3534 homines
1903 3480 2032 3531 dicit
2068 3478 2111 3509 ⁸³
2149 3492 2164 3530 :
2200 3497 2216 3528 ι
2241 3478 2425 3531 Videte
2450 3484 2629 3529 autem
2663 3478 2992 3531 vocationem
3022 3490 3275 3543 vestram.
3316 3480 3427 3536 l‘ra~

241 3572 340 3629 isti.
388 3587 571 3641 surge,
631 3579 697 3622 et
749 3567 882 3619 vade
923 3579 1047 3619 eum
1098 3565 1198 3618 eis.
1238 3583 1258 3616 ι
1312 3565 1368 3618 In
1402 3580 1509 3632 quo
1542 3566 1799 3620 voluntati
1907 3574 2033 3627 tres.
2063 3566 2188 3632 quia
2222 3579 2324 3615 non
2356 3563 2501 3615 multi
2530 3563 2674 3615 inter
2704 3577 2796 3617 vos
2821 3566 3108 3632 sapientes,
3143 3581 3245 3618 non
3279 3570 3429 3622 multi

239 3661 439 3726 quidem
459 3656 801 3727 cupiditatis
827 3655 943 3723 ejus
966 3654 1109 3707 cedit
1159 3654 1320 3716 Deus,
1368 3662 1425 3705 ut
1465 3656 1798 3720 compleatur
1906 3663 2168 3722 potentes,
2200 3667 2301 3705 non
2332 3653 2480 3704 multi
2523 3651 2749 3715 nobiles.
2805 3656 2894 3706 sed
2948 3669 3067 3720 quae
3109 3655 3269 3707 stulta
3307 3669 3433 3710 sunt

236 3749 354 3802 illud
380 3750 527 3819 quod
564 3746 848 3814 scriptum
877 3752 957 3796 est
991 3743 1037 3774 ⁵⁸
1073 3762 1086 3796 :
1122 3761 1140 3793 ‹
1161 3743 1367 3796 Dimisit
1393 3756 1486 3796 eos
1513 3743 1562 3795 in
1590 3744 1797 3797 deside-
1906 3742 2081 3794 mundi
2110 3741 2268 3809 elegit
2297 3742 2449 3805 Deus,
2470 3742 3127 3810 utconl‘undatsapientes.
3152 3744 3272 3797 tlsti
3298 3759 3427 3812 ergo

240 3841 312 3892 tia
336 3842 514 3895 cordis
536 3852 774 3900 eorum,
805 3836 958 3888 ibunt
990 3835 1041 3885 in
1067 3833 1431 3886 voluntatibus
1456 3833 1568 3885 suis
1600 3832 1743 3901 (5'5);
1780 3851 1796 3882 ι
1909 3833 2058 3894 tales,
2093 3831 2229 3884 sicut
2255 3831 2555 3900 evangelica
2583 3847 2699 3899 qua:
2732 3832 2781 3883 in
2813 3832 3076 3898 parabolis
3106 3835 3426 3901 agebantur.

236 3929 323 3980 sed
344 3938 522 3981 tamen
550 3924 858 3981 consilium
883 3922 1078 3974 divina:
1102 3920 1516 3989 dispensationis
1533 3922 1799 3987 expletur.
1906 3930 2048 3985 gesta
2073 3920 2367 3986 designant,
2388 3920 2453 3973 ab
2484 3919 2597 3973 istis
2616 3919 2860 3987 pessimis
2887 3920 3114 3974 dominis
3156 3922 3349 3975 scribis
3367 3937 3429 3976 ac

237 4016 434 4071 Dicitur
486 4019 643 4071 enim
702 4013 775 4066 ad
823 4028 944 4064 eum
966 4014 1011 4043 "
1042 4030 1055 4064 :
1089 4029 1106 4062 ι
1150 4012 1379 4065 Verbum
1453 4012 1806 4078 quodcunque
1908 4007 3431 4075 Phariszeissubjectiquodammodotenebanturetviucti,

236 4106 424 4160 dedero
456 4109 510 4161 itt
546 4120 653 4161 ore
691 4115 819 4160 tuo.
851 4101 950 4153 hoc
983 4100 1236 4167 loqueris.
1281 4118 1300 4150 ι
1361 4098 1416 4152 Si
1455 4100 1644 4168 dignus
1678 4100 1805 4153 luis-
1907 4098 1996 4151 sed
2024 4111 2052 4148 a
2092 4098 2310 4149 Domino
2339 4096 2632 4158 solvuntur,
2652 4110 2754 4148 non
2786 4096 2996 4164 quidem
3025 4111 3117 4164 per
3140 4099 3309 4164 ipsum
3334 4098 3435 4152 Do-

236 4209 311 4251 set
341 4198 588 4259 Balaam,
644 4194 886 4246 verbum
929 4205 1081 4241 suum
1127 4191 1266 4243 Deus
1294 4204 1396 4242 non
1444 4190 1495 4241 in
1545 4204 1638 4242 ore
1667 4190 1804 4258 ejus,
1910 4184 2132 4253 miuum,
2169 4187 2258 4240 sed
2289 4201 2382 4253 per
2412 4185 2697 4252 discipulos
2729 4185 2862 4250 ejus.
2893 4184 3029 4238 Dicit
3049 4188 3190 4239 enim
3228 4188 3340 4256 ipse
3368 4191 3435 4242 ad

234 4287 322 4340 Sed
362 4288 415 4341 in
447 4286 625 4341 corde
671 4279 974 4350 posuisset.
1010 4278 1159 4330 Nunc
1207 4289 1382 4331 autem
1442 4280 1693 4345 quoniam
1750 4280 1803 4332 in
1842 4347 1869 4350 _
1911 4277 2199 4345 discipulos
2246 4277 2323 4326 οδε
2357 4295 2373 4326 ‹
2402 4275 2475 4329 lte
2521 4276 2573 4327 in
2604 4275 2798 4337 vicum,
2829 4277 2921 4342 qui
2949 4284 3028 4329 est
3067 4285 3252 4330 contra
3298 4292 3436 4333 vos:

236 4378 388 4431 corde
438 4376 562 4443 ejus
594 4347 947 4428 desiderium
985 4368 1245 4421 mercedis
1271 4377 1410 4429 erat,
1448 4375 1502 4420 et
1550 4368 1808 4436 cupiditas
1841 4347 1884 4401 Ῑ)
1913 4364 2071 4435 325
2106 4373 2159 4417 et
2205 4363 2488 4416 invenietis
2519 4363 2720 4415 asinam
2765 4363 3032 4431 alligatam
3062 4401 3078 4426 ,
3130 4373 3186 4416 et
3238 4364 3436 4429 pullum

236 4467 492 4535 ρεευηῑερ,
526 4462 778 4519 verbum
809 4458 904 4511 Dei
929 4473 1031 4509 non
1062 4457 1113 4509 in
1140 4457 1332 4518 corde,
1377 4456 1468 4509 sed
1497 4457 1545 4508 in
1575 4471 1669 4508 ore
1696 4456 1810 4523 ejus
1915 4454 2049 4518 ejus,
2081 4452 2349 4505 solventes
2377 4451 2642 4502 adducite.
2681 4468 2700 4501 ι
2740 4451 2881 4505 Sicut
2919 4465 3044 4520 ergo
3073 4452 3124 4504 itt
3154 4451 3436 4521 Evangelio

236 4556 465 4621 ponitur.
497 4552 802 4623 Agebatur
846 4547 987 4598 enim
1022 4546 1154 4597 mira
1202 4553 1256 4597 et
1300 4559 1489 4612 magna
1538 4545 1812 4613 dispensa-
1916 4557 2017 4595 non
2048 4541 2160 4609 ipse
2203 4539 2486 4603 Dominus,
2537 4540 2626 4592 sed
2672 4541 2912 4608 discipuli
2947 4541 3156 4595 solvunt
3186 4543 3431 4596 asinam:

239 4647 397 4713 tione,
437 4656 497 4701 ut
529 4643 815 4715 quoniam
856 4639 1237 4715 prophetarum
1268 4636 1462 4700 verba,
1509 4651 1625 4704 qua;
1669 4636 1808 4689 intra
1916 4631 1987 4683 ita
2015 4638 2067 4682 et
2092 4629 2180 4682 hic
2210 4643 2312 4680 non
2346 4628 2414 4680 ab
2448 4642 2510 4679 eo
2543 4628 2691 4694 ipso,
2734 4630 2825 4683 sed
2867 4633 2933 4682 ah
2973 4631 3159 4698 angelo
3205 4632 3440 4699 aperitur

238 4710 403 4787 aulam
433 4710 883 4789 continebantur
906 4710 1252 4780 Israeliticam
1274 4763 1289 4786 ,
1321 4725 1386 4776 ad
1417 4734 1598 4792 gentes
1625 4740 1814 4793 perve-
1915 4732 1977 4771 os
2009 4717 2173 4771 asinae
2205 4735 2218 4770 :
2258 4726 2311 4768 et
2358 4716 2496 4768 sicut
2539 4716 2589 4767 in
2646 4718 2943 4785 Evangeliis
2978 4720 3071 4785 qui
3123 4733 3227 4772 non
3259 4718 3444 4772 vident

240 4826 351 4879 nire
378 4840 484 4880 non
516 4829 819 4894 poterant,
852 4832 946 4885 per
973 4815 1188 4869 Balaam
1235 4816 1318 4868 cui
1352 4812 1479 4868 ﬁdes
1505 4814 1573 4866 ab
1603 4814 1814 4866 univer—
1917 4815 2143 4877 arguunt
2190 4807 2430 4859 videntes
2469 4821 2483 4858 :
2527 4806 2598 4856 ita
2635 4816 2690 4858 et
2718 4806 2821 4870 hic,
2864 4807 2951 4874 qui
2986 4806 3117 4859 tnuti
3148 4814 3319 4869 erant,
3358 4822 3443 4859 ar-

242 4915 312 4967 sis
340 4915 601 4983 gentibus
636 4909 973 4968 habebatur,
1018 4906 1419 4958 innotescerent
1453 4904 1611 4955 etiam
1645 4902 1816 4954 natio-
1917 4907 2082 4966 guunt
2135 4897 2431 4963 loquentes.
2484 4895 2548 4946 Et
2590 4894 2689 4948 hoc
2715 4904 2826 4959 est,
2854 4896 2995 4962 quod
3023 4895 3275 4950 Dominus
3301 4895 3445 4948 dice-

244 5008 396 5062 nibus
448 5012 680 5062 secreta
738 5001 807 5051 de
836 4998 1051 5051 Christo
1085 4994 1358 5062 mysteria,
1409 5001 1460 5045 et
1508 4992 1814 5044 thesaurum
1920 4988 2009 5041 bat
2043 4987 2086 5026 ⁸³
2118 5004 2131 5040 :
2168 5003 2187 5035 σ
2217 4984 2393 5049 Pater,
2420 4984 2619 5052 gratias
2650 4998 2749 5054 ago
2780 4984 2908 5048 tibi,
2939 4984 3184 5051 quoniam
3212 4983 3444 5037 abscon-

313 5122 357 5151 ⁸⁵
394 5122 437 5174 ιι
476 5122 629 5175 Tim.
677 5132 745 5176 tt,
791 5114 878 5166 2|.
954 5114 997 5144 ⁵⁷
1040 5110 1200 5165 Num.
1242 5121 1370 5176 xxtt,
1405 5106 1495 5176 20.
1546 5173 1566 5176 Α
1605 5106 1649 5137 ⁵⁸
1686 5106 1825 5176 Psal.

1924 5120 2045 5167 LXXI,
2085 5101 2178 5176 η..
2265 5101 2319 5176 ’⁵⁸
2353 5096 2858 5176 Num._xxr_I_,__?.0._
2948 5097 2991 5127 ⁸ο
3029 5096 3177 5176 ipim.
3221 5106 3312 5152 vn.
3352 5093 3440 5144 41.

247 5188 287 5220 ⁶¹
324 5164 650 5251 Ιοξιῖιίῖὗί,
677 5164 752 5236 71'.
796 5164 877 5213 ἡδί
905 5164 1053 5235 l’sal.
1082 5192 1247 5237 xxxv,
1274 5175 1327 5230 7.
1358 5164 1368 5169 ⁷
1398 5174 1440 5204 ⁸⁸
1479 5175 1497 5225 ι
1533 5173 1658 5226 Cor.
1691 5189 1728 5239 ι,
1765 5175 1855 5239 26,
1892 5175 1980 5228 27.
2033 5164 2096 5203 7“
2133 5169 2315 5223 Matth.
2357 5182 2469 5232 XXI,
2506 5168 2563 5220 2.
2635 5167 2679 5198 ⁸⁸
2715 5166 2899 5218 Matth.
2934 5179 3009 5225 XI,
3043 5164 3130 5217 25.

316 5302 427 5371 (εδ)
482 5302 579 5353 δίε
628 5306 796 5351 recte
826 5292 1184 5371 ιιειιιειεερηει
1240 5285 1429 5371 Sancti
1483 5285 1823 5371 Τιιετοαοτῖρίο
1926 5288 2057 5371 Iussi
2087 5268 2516 5371 “winter
2556 5276 3443 5371 “D‘tjtmfftlt'izdiffindi}:

254 5342 1083 5423 AtiXE.’tin'ttégiitéria‘ébhits
1117 5368 1345 5415 eorum,
1386 5353 1534 5406 ibunt
1568 5354 1620 5405 in
1668 5355 1822 5406 volu-
1930 5342 2080 5418 pulits
2104 5342 2297 5423 nullus.
2335 5372 2352 5402 ι
2390 5350 2628 5423 Μᾴταιον
2678 5342 2802 5423 λαόῦ
2845 5342 3012 5395 etiam
3064 5342 3445 5423 inte‘erurelalur

260 5403 871 5507 ;;;';;1;,,;';'.,;',‘j°;"""
1333 5403 1345 5415 ’
1419 5403 1427 5404 ί
1680 5403 1787 5406 ’”“
1930 5403 2079 5477 ﬁnit}
2106 5403 2300 5475 ἰὶὺἷῦέ
2331 5419 2629 5507 confusione
2655 5417 2964 5507 linguarum;
3001 5424 3119 5474 νεικ-
3151 5403 3273 5507 ἓξὲξ

324 5489 729 5598 (δώ-*Βαιηαηι
783 5521 872 5587 qui
930 5519 1313 5579 interpretatur
1387 5524 1607 5565 popuws
1642 5525 1819 5564 unus,

1998 5511 2106 5582 (57)
2136 5508 2328 5562 Βαίαεὴ
2357 5506 2857 5598 vetorquisxcwsm
2878 5496 2953 5547 vel
2974 5489 3452 5598 usvpna'rtuinter-

269 5577 668 5674 l-‘u‘r'te'ai'v'nr
720 5577 991 5664 coitl'ndit,
1043 5577 1284 5661 misutit,
1342 5614 1359 5645 ι
1400 5606 1451 5652 et
1478 5604 1557 5657 ny
1602 5612 1619 5644 ι
1655 5610 1785 5664 pop"

1749 5611 1824 5649 *u-
1929 5577 2175 5669 pretatur.
2198 5595 2355 5650 Forte
2388 5609 2418 5645 τι
2444 5577 2553 5654 DL):
2586 5607 2603 5639 ι
2628 5585 2937 5643 cxinauivit,
2966 5580 3212 5633 exclusit.
3249 5595 3265 5625 ι

494 5670 781 5765 Bessos.
821 5695 935 5754 (in.
975 5689 1091 5749 Xll

2920 5670 2998 5727 22
