3838 6226
199 283 288 353 ess

1400 300 1467 355 IN
1505 296 1827 353 NUMEROS
1855 294 2136 351 HOMILIA
2172 288 2286 344 XV.

3327 308 3432 364 686

211 430 229 464 ‹
251 413 309 466 Ex
327 402 787 482 II’CSOPOlamia,
818 411 1013 481 inquit
1040 418 1108 481 ⁷⁸,
1141 418 1347 471 vocavit
1380 431 1461 469 me
1484 416 1676 468 Balach
1702 428 1794 467 rex
1822 417 1865 471 Α
1895 413 2071 469 dinem
2116 407 2388 480 ﬁngimus,
2417 423 2474 469 ut
2503 430 2722 471 sensum
2761 431 2825 472 ex
2860 420 3066 491 integro
3097 423 3429 494 colligamus.

208 505 361 561 "0,1,,
391 503 464 544 ex
491 497 812 554 montibus
848 506 1111 560 orientis.
1154 525 1173 557 ι
1209 506 1639 574 Mesopotamiam
1667 506 1794 558 dicit

196 597 391 654 ιπηρὶ
449 596 580 649 (tum
642 587 806 643 inter
863 592 1097 649 ﬁumina
1147 596 1453 664 Babylonia:
1498 594 1674 660 jacet,
1729 594 1793 644 de

214 687 348 750 “tam
373 688 398 725 s
426 675 706 741 scriptum
742 689 833 733 est
858 681 908 713 ⁸ο
942 701 958 736 :
996 703 1015 735 ι
1057 684 1228 752 Super
1274 683 1486 737 ﬁumina
1514 681 1793 748 Babylonis

239 771 331 820 \\\\e
352 766 621 831 sedimus,
640 776 697 820 et
721 767 1011 836 ﬁevimus,
1031 773 1154 826 dum
1175 775 1584 827 recordaremur
1609 771 1754 825 Sion.
1768 789 1786 820 ι

245 856 293 908 Si
318 856 428 922 quis
456 870 590 923 ergo
622 856 776 911 inter
810 859 918 912 ista
955 860 1173 913 ﬁumina
1213 861 1373 914 fuerit
1398 859 1700 928 Babylonis,
1749 859 1792 912 si

243 947 344 1013 quis
376 947 762 1000 rheumatibus
819 948 1067 1003 libidinis
1126 951 1434 1013 inundatur,
1485 960 1538 1006 et
1576 951 1794 1004 luxuria:

240 1033 444 1086 testibus
473 1034 867 1087 circumluitur
899 1075 913 1099 ,
963 1037 1063 1090 iste
1118 1054 1221 1090 non
1272 1039 1468 1093 dicitur
1503 1051 1668 1103 stare,
1702 1041 1792 1094 sed

243 1123 443 1186 sedere;
480 1132 541 1176 et
578 1124 699 1176 ideo
732 1125 827 1191 qui
858 1125 933 1179 ibi
963 1128 1332 1193 comprehensi
1363 1139 1484 1181 sunt
1510 1129 1790 1182 dicebant:

243 1231 258 1262 ι
290 1212 460 1279 Super
484 1212 1030 1283 ﬁumina“Babylonis
1047 1216 1155 1268 illic
1176 1217 1434 1279 sedimus,
1458 1229 1508 1270 et
1530 1218 1788 1280 ﬁevimus,

239 1299 347 1352 dum
396 1301 835 1355 recordaremur
879 1303 1033 1356 Sion.
1062 1323 1082 1355 ι
1123 1306 1228 1358 Sed
1282 1321 1379 1358 nec
1419 1306 1546 1360 ﬁere
1581 1308 1789 1373 quidem

237 1399 350 1440 ante
384 1400 656 1456 possunt,
679 1391 789 1443 nisi
818 1406 941 1444 cum
987 1392 1254 1446 recordati
1293 1393 1487 1448 fuerint
1516 1395 1662 1449 Sion.
1693 1396 1794 1449 Bo-

238 1492 415 1531 norum
458 1494 707 1546 namque
736 1480 1043 1534 recordatio
1092 1482 1348 1535 malorum
1377 1498 1562 1538 causas
1592 1486 1792 1539 lamen-

236 1564 413 1619 tabiles
446 1566 605 1619 facit.
638 1567 754 1621 Nisi
799 1570 943 1633 enim
975 1571 1094 1636 quis
1130 1572 1438 1625 recordetur
1473 1573 1599 1626 Sion
1628 1612 1643 1638 ,
1694 1575 1792 1628 nisi

236 1654 396 1723 legem
426 1655 524 1708 Dei
558 1667 617 1711 et
651 1658 1066 1726 Scripturarum
1120 1670 1328 1715 montes
1375 1664 1623 1731 aspiciat,
1657 1665 1790 1717 mala

1894 503 2074 558 Potest
2109 516 2237 571 ergo
2284 503 2389 556 dici
2428 520 2444 556 :
2484 524 2502 557 ι
2532 507 2688 567 Veni,
2734 508 2957 564 maledic
3000 513 3129 566 mihi
3157 513 3341 579 Jacob,
3371 530 3428 573 et

1894 592 2048 656 veni',
2098 591 2487 657 supermaledic
2519 594 2648 646 mihi
2694 593 2877 648 Israel.
2911 615 2930 646 ι
2964 595 3066 649 Per
3084 603 3221 665 quod
3244 611 3429 657 osten-

1897 678 2041 731 ditur
2065 677 2263 731 idcirco
2289 691 2466 734 sermo
2496 680 2773 748 repetitus,
2807 685 3132 751 utampliore
3152 689 3200 738 vi
3226 698 3277 741 et
3305 705 3422 743 ma-

1888 766 2007 835 jore
2060 769 2354 823 intentione
2399 771 2825 827 maledictionem
2862 774 2914 826 in
2963 774 3123 827 Israel
3169 791 3324 843 quam
3364 779 3420 832 in

1892 858 2057 912 Iacob
2113 860 2312 913 Balach
2366 861 2637 915 videretur
2689 877 2998 931 exposcere.
3058 863 3235 920 Donec
3279 869 3420 921 enim

1896 949 2019 1017 quis
2066 958 2269 1002 tantum
2312 949 2474 1005 Iacob
2512 960 2614 1014 est,
2658 953 2758 1006 hoc
2795 962 2876 1007 est
2919 954 2969 1006 in
3013 956 3222 1010 actibus
3252 958 3421 1011 solum

1893 1047 1948 1091 et
1999 1041 2247 1107 operibus
2305 1041 2545 1106 positus,
2586 1042 2930 1097 inferioribus
2964 1044 3423 1102 maledictionibus

1895 1128 2249 1195 impugnatur.
2310 1128 2405 1182 Ubi
2456 1139 2632 1184 autem
2682 1131 2987 1198 profecerit,
3025 1142 3077 1187 et
3113 1134 3420 1191 interiorem

1893 1215 2163 1268 hominem
2194 1216 2260 1267 ad
2285 1216 2565 1270 videndum
2593 1220 2759 1272 Deum
2791 1221 3023 1276 revelato
3052 1224 3246 1278 mentis
3268 1226 3424 1280 oculo

1894 1316 2154 1357 exacuere
2187 1305 2296 1374 (59)
2328 1316 2381 1359 et
2412 1323 2703 1376 provocare
2744 1309 2854 1375 jam
2883 1312 3124 1378 coeperit,
3168 1322 3288 1368 tunc
3319 1330 3420 1369 non

1895 1392 2063 1445 solum
2097 1394 2389 1448 maledictis
2412 1397 2478 1449 ab
2503 1397 2739 1461 inimico,
2767 1400 2856 1452 sed
2873 1408 2926 1454 et
2944 1403 3421 1468 supermaledictis,

1895 1484 1995 1537 hoc
2033 1492 2113 1536 est
2160 1484 2646 1540 vehementioribus
2680 1487 3078 1543 maledictorum
3105 1490 3297 1558 jaculis
3326 1495 3424 1547 im-

1895 1569 2228 1638 pugnabitur.
2255 1571 2358 1624 Sed
2386 1581 2509 1626 tunc
2532 1572 2744 1639 quidem
2772 1588 2832 1628 os
2856 1575 3065 1629 Balaam
3096 1578 3423 1634 maledictio-

1895 1674 1960 1712 ne
1983 1671 2035 1713 et
2061 1660 2414 1713 amaritudine
2453 1661 2670 1729 plenutn
2703 1674 2840 1728 erat,
2873 1674 2926 1717 et
2972 1666 3071 1720 sub
3101 1667 3275 1736 lingua
3309 1668 3424 1735 ejus

235 1759 324 1795 sua
350 1742 483 1796 ﬂere
515 1760 629 1798 non
659 1745 873 1812 incipit,
906 1747 983 1799 Ex
1005 1748 1124 1802 istis
1152 1761 1280 1817 ergo
1307 1726 1612 1802 ﬂuminibus
1636 1765 1793 1803 voca-
1826 1726 1864 1777 Β
1893 1744 2040 1797 labor
2063 1753 2116 1796 et
2146 1743 2317 1809 dolor,
2348 1756 2400 1799 et
2432 1748 2657 1800 sedebat
2687 1747 2737 1801 in
2768 1749 2972 1805 insidiis
3001 1769 3119 1806 cum
3148 1756 3423 1812 divitibus.

237 1842 317 1883 tur
345 1830 599 1896 Balaam,
634 1842 691 1886 et
716 1833 784 1886 ab
814 1834 934 1886 istis
969 1833 1195 1888 orientis
1226 1836 1494 1890 montibus
1521 1836 1790 1889 invitatur.

237 1919 435 1975 Montes
472 1921 563 1974 isti
595 1935 707 1975 non
734 1933 861 1975 sunt
893 1924 1067 1977 sancti
1104 1936 1310 1977 montes
1357 1925 1452 1987 illi,
1497 1925 1561 1979 de
1602 1926 1792 1992 quibus

231 2014 622 2078 scriptumtest
650 2013 743 2064 '1:
793 2029 812 2062 ι
861 2013 1230 2068 Fundamenta
1280 2013 1395 2080 ejus
1432 2015 1483 2069 in
1529 2018 1794 2070 montibus

235 2103 457 2155 Sanctis.
490 2122 510 2153 ι
547 2102 614 2155 Et
650 2103 848 2156 iterum
874 2101 921 2133 ⁸³
951 2120 964 2155 :
994 2122 1013 2153 ι
1042 2102 1333 2157 Jerusalem
1354 2119 1471 2172 qua:
1499 2105 1793 2157 aediﬁcatur

227 2205 287 2246 ut
310 2193 524 2258 civitas,
564 2195 730 2262 cujus
759 2194 1105 2263 partieipatio
1136 2193 1252 2261 ejus
1279 2195 1331 2245 in
1369 2194 1619 2262 idipsum.
1648 2194 1792 2247 Mon-

229 2291 312 2334 tes
349 2283 404 2335 in
440 2285 676 2338 circuitu
708 2282 850 2351 ejus,
879 2294 935 2338 et
959 2283 1214 2336 Dominus
1252 2284 1301 2335 in
1337 2284 1566 2336 circuitu
1613 2284 1811 2350 populi.

220 2370 305 2422 sui
333 2371 406 2422 ⁸³.
444 2390 462 2422 ι
497 2370 623 2425 Non
653 2381 783 2425 sunt
805 2385 935 2436 ergo
970 2370 1103 2423 tales
1132 2370 1520 2435 MCSOPOIaﬂIiCB
1551 2381 1754 2423 montes
1776 2410 1790 2434 ,

210 2461 311 2512 sed
339 2461 437 2525 illi,
477 2462 549 2516 de
582 2462 790 2529 quibus
822 2461 1022 2514 dicitur
1044 2460 1090 2491 3*
1118 2478 1130 2513 :
1170 2478 1186 2510 ι
1218 2458 1424 2513 Montes
1461 2460 1746 2523 tenebrosi»,
1768 2479 1786 2509 ι

201 2563 260 2606 et
293 2555 513 2607 iterum
559 2555 631 2607 de
678 2568 787 2622 quo
828 2551 1027 2606 dicitur
1061 2551 1105 2582 ⁸⁸
1142 2568 1154 2604 :
1215 2569 1232 2599 ι
1271 2551 1406 2604 Ecce
1457 2564 1554 2617 ego
1602 2550 1666 2602 ad
1718 2558 1791 2614 te,

208 2659 377 2697 mons
402 2651 698 2710 corrupte.
739 2661 758 2693 ι
797 2641 893 2694 Isti
948 2649 1074 2692 sunt
1120 2648 1326 2693 montes
1365 2638 1417 2690 in
1468 2638 1660 2705 quibus
1713 2646 1795 2691 est

206 2735 404 2786 omnis
456 2732 697 2785 altitudo
745 2730 1013 2784 extollens
1058 2743 1117 2782 se
1168 2728 1449 2780 adversum
1513 2728 1791 2780 scientiam

215 2822 317 2874 Dei
345 2823 422 2874 ⁸⁸.
471 2822 555 2875 Ab
587 2821 711 2875 istis
756 2835 888 2888 ergo
919 2820 1194 2873 montibus
1233 2817 1527 2870 accersitur
1580 2814 1788 2866 Balaam

220 2908 340 2962 hic.
374 2910 577 2976 Quales
601 2920 788 2963 autem
819 2909 907 2962 isti
935 2894 1061 2962 situt
1086 2916 1314 2967 montes,
1342 2904 1496 2957 talem
1524 2902 1719 2957 habent
1741 2914 1793 2957 et

222 3000 523 3055 Orientem.
559 3000 737 3053 Habet
774 2997 919 3051 enim
962 3006 1017 3050 et
1061 3004 1239 3049 ortum
1280 2993 1492 3047 luminis
1544 2993 1622 3046 sui
1670 2992 1788 3055 ille,
1818 3016 1859 3070 ο

227 3089 332 3156 qui
367 3090 632 3142 convertit
665 3103 727 3141 se
754 3088 897 3141 sient
922 3084 1166 3152 angelum
1195 3084 1327 3138 lucis
1351 3083 1416 3134 ⁸⁷.
1444 3081 1613 3134 Habet
1649 3081 1788 3133 illam

226 3176 460 3237 lucem,
508 3177 573 3229 de
614 3190 723 3244 qua
765 3175 1027 3241 scriptum
1064 3182 1147 3226 est
1170 3172 1255 3223 ⁸⁸ε
1288 3188 1307 3220 ι
1342 3170 1452 3222 Lux
1501 3169 1783 3236 impiorum

227 3265 632 3333 exstinguetur.
672 3282 690 3314 ι
725 3260 795 3314 Et
833 3266 974 3314 sicut
1016 3261 1115 3313 ista
1160 3259 1245 3311 lux
1282 3258 1595 3324 impiorum,
1623 3265 1677 3309 et
1706 3257 1791 3309 illa

228 3367 367 3418 quae
390 3355 644 3406 convertit
691 3367 751 3406 se
785 3352 927 3405 sicut
965 3348 1210 3417 angelum
1238 3348 1393 3410 lucis,
1418 3346 1684 3399 contraria
1713 3355 1794 3400 est

231 3438 319 3491 illi
361 3441 496 3504 luci,
529 3456 646 3510 qua:
672 3441 892 3493 dicebat
914 3437 958 3468 ⁸⁸
986 3455 998 3489 :
1024 3455 1043 3487 ι
1073 3437 1182 3505 Ego
1220 3451 1339 3488 sum
1371 3435 1456 3487 lux
1502 3435 1678 3488 mundi
1709 3450 1724 3496 ;
1768 3452 1786 3485 ι

233 3529 317 3581 ita
360 3540 426 3583 et
452 3533 545 3586 iste
573 3532 757 3585 oriens
787 3527 1101 3583 contrarius
1130 3538 1216 3580 est
1243 3525 1316 3578 illi
1354 3523 1568 3587 orienti,
1598 3526 1662 3577 de
1687 3538 1791 3590 quo

234 3617 512 3684 scriptum
559 3630 640 3673 est
678 3622 732 3672 in
787 3617 1052 3671 Zacharia
1090 3615 1175 3668 '°:
1212 3632 1230 3666 ι
1267 3613 1400 3667 Ecce
1445 3613 1553 3675 vir,
1600 3611 1792 3668 Oriens

234 3720 452 3759 nomen
473 3710 583 3777 ejus
606 3718 742 3763 est.)
775 3707 851 3760 Ex
881 3706 1024 3758 illius
1050 3717 1198 3772 ergo,
1242 3717 1346 3755 non
1386 3700 1542 3767 hujus
1571 3701 1794 3754 orientis

234 3793 453 3849 ﬁnibus
479 3798 719 3852 veniebat
748 3795 997 3857 Balaam,
1032 3792 1360 3846 illuntinatus
1400 3792 1517 3844 sine
1544 3789 1703 3843 dubio
1727 3788 1793 3841 ab

236 3880 339 3935 illo
366 3882 630 3952 Lucifero,
661 3889 728 3941 de
759 3900 868 3953 quo
901 3883 1097 3936 dicitur
1118 3882 1160 3912 ⁹¹
1188 3899 1202 3934 :
1234 3898 1252 3930 ι
1284 3878 1563 3944 Quomodo
1601 3877 1795 3930 cecidit

238 3973 314 4026 de
340 3972 478 4031 cado
507 3978 733 4043 Lucifer,
764 3976 858 4045 qui
888 3988 1046 4028 mane
1071 3970 1391 4027 oriebatur?
1417 3989 1436 4020 ι

314 4062 380 4116 2.
418 4063 510 4120 Sed
533 4068 813 4120 videamus
837 4062 966 4130 quid
993 4061 1125 4114 dicit
1150 4059 1221 4112 illi
1252 4057 1444 4111 Balach
1487 4071 1576 4110 rex
1620 4053 1792 4115 Moab,

244 4149 347 4215 qui
386 4154 650 4208 accersivit
685 4167 809 4207 eum
849 4165 882 4204 e
912 4148 1086 4201 medio
1124 4146 1398 4199 ﬂuminum
1435 4146 1499 4196 de
1529 4142 1797 4195 montibus

249 4240 503 4296 orientis.
536 4261 554 4293 ι
584 4243 735 4305 Veni,
771 4239 948 4309 inquit
988 4238 1056 4300 θ’,
1091 4246 1145 4290 et
1188 4234 1415 4288 maledic
1458 4232 1586 4286 mihi
1609 4230 1792 4297 Iacob,

1891 1833 2249 1901 Exspectabat
2270 1835 2412 1888 enim
2443 1838 2713 1891 mercedes
2741 1853 2769 1891 a
2796 1839 2957 1893 divite
2980 1858 3121 1910 rege,
3160 1855 3215 1898 ut
3249 1847 3300 1899 iu
3330 1862 3423 1901 oc-

1891 1922 2048 1974 cultis
2102 1921 2427 1975 interﬁceret
2483 1922 2817 1977 innocentes.
2855 1925 2957 1980 Sed
2992 1929 3128 1982 Deus
3166 1931 3252 1997 qui
3296 1931 3425 1985 facit

1892 2024 2103 2076 semper
2130 2011 2396 2065 mirabilia
2439 2014 2603 2078 solus,
2635 2030 2700 2068 ex
2737 2015 2971 2070 inimicis
2995 2028 3246 2085 operatur
3276 2020 3420 2074 salu-

1894 2109 2019 2153 tem.
2054 2100 2242 2167 lnjeeit
2271 2103 2413 2157 enim
2444 2104 2663 2157 verbum
2693 2107 2743 2160 in
2775 2122 2835 2161 os
2859 2107 2992 2173 ejus,
3021 2111 3261 2175 quamvis
3292 2127 3424 2164 non-

1892 2189 2015 2240 dum
2051 2204 2145 2242 cor
2181 2191 2294 2257 ejus
2329 2206 2521 2255 capere
2574 2205 2751 2259 posset
2795 2197 3015 2250 verbum
3076 2197 3184 2251 Dei.
3234 2199 3424 2252 Adhuc

1892 2278 2032 2329 enim
2060 2289 2179 2331 erat
2203 2281 2254 2331 in
2280 2282 2442 2334 corde
2464 2281 2580 2348 ejus
2608 2285 3178 2351 mercedis-cupiditas,
3207 2299 3424 2356 propter

1890 2369 2029 2435 quod
2063 2370 2223 2422 etiam
2256 2379 2376 2436 post
2429 2371 2648 2425 verbum
2691 2372 2808 2436 Dei,
2854 2376 2993 2440 quod
3023 2376 3210 2428 habuit
3247 2379 3296 2430 in
3330 2394 3424 2433 ore

1891 2471 2007 2519 suo,
2031 2458 2242 2511 dicebat
2273 2459 2336 2511 ad
2370 2459 2564 2514 Balach
2581 2461 2695 2513 πει
2731 2461 2884 2526 Veni,
2910 2472 2964 2516 et
3005 2463 3144 2517 dabo
3178 2465 3271 2519 tibi
3304 2481 3423 2520 con-

1892 2544 2088 2608 silium,
2127 2564 2147 2596 ι
2195 2555 2249 2600 et
2285 2548 2509 2603 docebat
2546 2564 2665 2603 eum
2701 2550 2968 2618 quomodo
2996 2552 3233 2607 mitteret
3265 2568 3424 2608 scan-

1891 2635 2065 2688 dalum
2113 2636 2164 2688 in
2214 2650 2500 2705 conspectu
2542 2639 2772 2694 ﬁliorqu
2820 2640 3003 2705 Israel,
3044 2651 3102 2695 ut
3135 2645 3425 2699 manduca-

1892 2733 2013 2777 rent
2058 2725 2211 2778 idolis
2247 2726 2515 2780 immolata
2545 2737 2598 2780 et
2636 2736 2691 2781 ut
2734 2728 3147 2785 fornicarentur.
3196 2734 3425 2803 PrOpter

1890 2813 2030 2878 quod
2055 2822 2104 2865 et
2128 2813 2315 2866 cecidit
2339 2814 2581 2881 populus,
2605 2824 2655 2869 et
2686 2816 2836 2883 plaga
2869 2832 3059 2885 magna
3088 2818 3227 2875 facta
3254 2831 3336 2876 est
3367 2825 3421 2877 in

1892 2912 1976 2961 eo,
2012 2899 2180 2953 donec
2213 2899 2440 2953 Phinees
2472 2911 2745 2971 perempto
2773 2903 3035 2970 Israelita,
3067 2908 3156 2976 qui
3186 2907 3422 2965 fornica-

1893 2988 2046 3041 hatur
2089 3004 2206 3042 cum
2244 2988 2623 3054 Madianitide,
2660 2994 2864 3046 sedavit
2912 2995 3147 3052 furorem
3195 3000 3421 3057 Domini.

1891 3076 1956 3129 Et
1988 3086 2103 3144 post
2148 3079 2280 3143 haec,
2332 3079 2527 3146 inquit,
2567 3081 2817 3148 produxit
2850 3084 3076 3140 Pltinees
3126 3089 3418 3144 exercitum

1891 3175 2078 3218 contra
2118 3166 2452 3233 Madianitas,
2495 3178 2548 3221 et
2589 3170 2968 3226 interfecerunt
2998 3176 3273 3230 duodecim
3304 3180 3424 3232 mil-

1893 3255 1961 3305 lia
1992 3254 2246 3317 virorum,
2292 3265 2347 3308 et
2389 3255 2601 3310 Balaam
2651 3258 2818 3311 ﬁlium
2858 3260 2995 3315 Beor
3036 3264 3087 3317 in
3136 3265 3312 3332 gladio
3355 3267 3421 3322 “.

1894 3342 1997 3394 Sed
2029 3350 2084 3394 et
2128 3343 2239 3396 htec
2272 3353 2398 3397 ante
2427 3354 2634 3412 tempus
2685 3360 2778 3413 per
2826 3361 3102 3402 excessum
3140 3355 3421 3419 quemdam

1894 3430 2311 3492 introduximus,
2355 3442 2413 3483 ιιι
2455 3431 2857 3486 ostenderemus
2904 3438 3023 3501 quia
3061 3437 3270 3491 Balaam
3320 3457 3422 3494 non

1894 3520 1946 3571 in
1979 3521 2159 3579 corde,
2217 3520 2308 3571 sed
2367 3521 2417 3573 in
2448 3537 2563 3574 ore
2596 3526 2959 3576 tantummodo
2993 3526 3176 3598 habuit
3205 3529 3422 3583 verbum

1898 3609 2008 3662 Dei.
2053 3608 2267 3662 Interim
2305 3625 2421 3676 qum
2455 3610 2689 3675 profert,
2724 3626 2842 3678 qua:
2885 3614 3137 3678 loquitur,
3173 3630 3236 3667 ex
3268 3617 3427 3671 verbo

1898 3699 1986 3752 Dei
2015 3699 2248 3764 loquitur
2268 3738 2282 3762 ,
2312 3708 2366 3751 et
2402 3697 2520 3751 ideo
2546 3712 2664 3765 qua:
2696 3699 2849 3763 dicit,
2882 3703 3100 3753 verbum
3135 3700 3227 3755 Dci
3255 3711 3355 3757 est.

1964 3786 2016 3838 3.
2065 3787 2157 3839 Ait
2209 3800 2338 3854 ergo
2371 3804 2383 3838 :
2417 3788 2462 3817 ⁸⁵
2500 3805 2517 3837 ι
2556 3786 2691 3853 Quid
2745 3789 3050 3842 maledicam
3084 3829 3099 3853 ,
3135 3805 3288 3858 quem
3320 3807 3424 3846 non

1898 3875 2515 3933 malediciLDominus?
2578 3876 2684 3929 Aut
2729 3878 2854 3945 quid
2908 3880 3422 3946 superataledicam,

1896 3978 2051 4030 quem
2084 3976 2186 4016 non
2228 3962 2659 4031 supermaledicit
2706 3963 2996 4019 Dominus?
3030 3983 3048 4014 ι
3095 3965 3429 4033 Supermale—

1896 4053 2020 4106 dicit
2052 4090 2065 4115 ,
2121 4067 2217 4106 nos
2272 4053 2642 4119 praesumimus
2706 4054 2995 4107 secundum
3047 4054 3204 4124 327
3255 4054 3426 4110 ϐιωθί

1896 4142 2155 4195 sermonis
2188 4142 2464 4204 rationem,
2494 4141 2765 4208 vimyerbi
2801 4142 3085 4196 ostendere
3113 4158 3177 4195 ex
3210 4157 3418 4211 praepo-

1897 4229 2107 4282 sitionis
2138 4237 2419 4296 augmento
2459 4229 2755 4297 cupientes.
2807 4230 2942 4295 Quid
2986 4245 3113 4300 ergo
3147 4233 3427 4287 dicemus?

252 4336 313 4379 et
346 4334 487 4396 Veni,
527 4334 749 4387 maledic
779 4330 909 4384 mihi
942 4326 1126 4382 Israel.
1149 4343 1167 4375 ι
1210 4324 1264 4377 In
1298 4323 1503 4376 Latinis
1530 4322 1792 4375 sermo‘ni-
1826 4310 1871 4368 Β
1896 4316 2058 4371 Iacob
2083 4319 2294 4385 quidem
2343 4333 2444 4372 non
2492 4319 2763 4372 maledicit
2811 4320 3065 4374 Dominus
3107 4336 3203 4375 nec
3244 4322 3428 4388 Israel,

254 4414 364 4469 bus
387 4434 516 4484 pene
556 4423 815 4490 superﬂua
851 4420 1061 4473 videtur
1091 4429 1212 4469 esse
1242 4414 1508 4481 repetitio,
1539 4427 1655 4480 qua:
1678 4413 1751 4464 ait
1777 4429 1791 4465 :

261 4521 282 4553 ι
322 4503 543 4565 Haledic
589 4513 713 4566 mihi
755 4510 927 4564 Jacob
950 4547 966 4571 ,
1001 4504 1231 4558 maledic
1273 4502 1400 4555 mihi
1434 4502 1614 4555 Israel.
1640 4519 1657 4552 ι
1692 4500 1794 4553 Sed

255 4602 342 4642 est
381 4593 436 4646 in
467 4599 655 4655 Graecis
683 4599 884 4653 litteris
910 4597 1011 4649 sub
1046 4592 1263 4647 nomine
1299 4588 1459 4642 Israel
1490 4590 1542 4641 in
1578 4587 1798 4642 maledi-

254 4680 421 4731 cendi
442 4689 592 4742 verbo
613 4688 722 4759 (58)
752 4679 1159 4755 ρτεεροείιίοιιίε
1182 4676 1426 4744 adjectio,
1451 4692 1608 4745 quam
1631 4677 1798 4731 nostri

251 4765 338 4817 νει
374 4773 545 4831 minus
565 4778 814 4832 decenter
845 4772 953 4826 dici
985 4769 1297 4828 credentes,
1329 4765 1412 4818 vel
1452 4764 1647 4819 nullam
1687 4765 1793 4818 vim

250 4851 511 4919 dictionis
548 4868 660 4920 addi
713 4881 778 4919 ex
820 4864 923 4917 hoc
962 4871 1124 4928 posse
1171 4854 1568 4918 existimantes,
1598 4853 1794 4907 omise-

244 4953 269 4988 τ
274 4949 393 4992 1"“-
438 4951 534 5010 Nos
559 4966 730 5008 autem
765 4962 1082 5008 sermonem
1107 4943 1233 4996 licet
1293 4952 1473 4996 contra
1509 4951 1817 5017 consuetu-_

1896 4409 1987 4461 sed
2016 4408 2104 4461 alii
2144 4417 2299 4475 putas
2327 4408 2483 4462 alicui
2519 4409 2826 4463 maledicit?
2868 4409 3116 4479 Legimus
3148 4415 3426 4481 scriptum,

1896 4498 2018 4563 quia
2052 4497 2179 4550 dicit
2209 4497 2464 4550 Dominus
2512 4498 2576 4550 ad
2625 4499 3027 4566 serpentem)“:
3064 4516 3084 4550 ι
3121 4498 3429 4554 Maledictus

1897 4595 1952 4638 tu
1985 4586 2035 4637 in
2066 4584 2310 4638 omnibus
2337 4586 2518 4638 bestiis
2540 4594 2715 4639 terrae.
2745 4603 2763 4635 ι
2790 4586 3061 4639 Etiterum
3089 4587 3151 4639 ad
3170 4586 3426 4641 Adam":

1904 4692 1922 4724 ι
1962 4674 2236 4727 Maledicta
2285 4683 2424 4726 terra
2469 4674 2520 4727 in
2571 4675 2819 4741 operibus
2865 4675 2967 4728 tuis
2992 4672 3124 4746 (60).
3180 4693 3198 4724 ι
3232 4675 3336 4729 Sed
3378 4683 3432 4729 et

1897 4762 2027 4817 Cain
2053 4763 2098 4794 ³⁸
2124 4781 2137 4815 :
2172 4780 2191 4813 ι
2237 4762 2302 4815 Ει
2324 4777 2463 4816 nunc
2492 4762 2803 4817 maledictus
2829 4777 2882 4816 tu
2930 4779 2958 4815 a
2993 4774 3129 4817 terra
3159 4778 3274 4830 qua:
3300 4778 3428 4831 ape-

1901 4853 2007 4904 ruit
2032 4866 2091 4904 os
2120 4866 2272 4905 suum
2295 4888 2311 4913 ,
2340 4859 2396 4903 ut
2420 4851 2679 4919 reciperet
2710 4852 3019 4922 sanguinem
3050 4850 3231 4904 fratris
3259 4853 3333 4904 tui
3365 4851 3433 4903 de

1902 4940 2144 4994 manibus
2171 4941 2304 5003 tuis;
2343 4958 2362 4991 ι
2393 4950 2447 4994 et
2468 4941 2512 4972 "
2541 4958 2556 4993 :
2592 4960 2608 4990 ι
2645 4940 2956 4994 Maledictus
2988 4942 3160 4994 omnis
3184 4943 3273 5008 qui
3306 4940 3433 4993 facit

302 5049 536 5124 "Nam.
553 5084 705 5130 χχιιι,
723 5068 777 5118 7.
852 5062 903 5094 ⁸ο
930 5058 1078 5113 Psal.
1097 5070 1311 5130 cx_x_\!t,
1339 5055 1386 5106 l.
1458 5055 1500 5130 ff
1525 5054 1907 5130 Psal.}.x‘xxvn
1928 5094 1942 5117 ,
1976 5054 2028 5107 I.
2048 5054 2146 5130 “'3
2166 5052 2305 5130 Bsal.
2332 5068 2494 5130 cxxtt,
2514 5054 2586 5130 5L
2626 5053 2676 5130 f’
2689 5053 2827 5106 Psal.
2845 5067 3025 5130 cxxiv,
3044 5053 3148 5130 2.“
3168 5049 3425 5130 rJerem.

212 5123 329 5195 ἔέη·
380 5127 486 5190 is.
522 5122 599 5171 ‘u-
635 5122 745 5191 te}.
804 5146 878 5195 ω,
908 5129 1040 5195 25._
1084 5127 1130 5156 ευ
1159 5123 1198 5174 ιι
1231 5123 1353 5175 Cor.
1377 5138 1432 5195 ξ,
1458 5122 1509 5174 5.

391 5198 451 5236 "
469 5207 565 5261 isa.
596 5221 706 5264 xlv,
738 5203 829 5254 12.

913 5198 961 5227 ⁹¹
998 5193 1161 5245 Num.
1203 5205 1353 5252 χχιιι,
1387 5188 1433 5238 7.
1507 5191 1552 5221 ⁸³
1578 5190 1792 5243 Num.”

1917 5193 1998 5245 I4.
2072 5193 2116 5225 ’δ
2144 5190 2301 5244 Νιιιιι.
2337 5205 2488 5253 xxxi,
2513 5188 2565 5242 8.
2640 5189 2685 5223 ⁹⁸
2722 5188 2876 5240 Νιιιιι.
2907 5202 3061 5251 xxm,
3092 5185 3143 5238 8.

1599 5123 1641 5153 ⁸⁷
1676 5122 1715 5175 ll
1749 5124 1792 5176 Cl

1898 5139 1973 5177 xt.
2008 5148 2015 5153 υ
2047 5123 2090 5155 ⁸⁸
2117 5121 2214 5174 Job
2247 5136 2394 5182 xvnt,
2419 5122 2471 5173 5.
2545 5121 2588 5152 ⁸⁸
2616 5119 2767 5173 Joan.
2799 5135 2912 5181 vut,
2946 5119 3029 5172 12.
3104 5119 3150 5151 ⁰⁰
3167 5118 3325 5170 Zach.
3355 5131 3425 5178 Vt,

3225 5185 3270 5214 “
3290 5182 3421 5237 Gen.

186 5239 429 5332 ιιτκζί,
469 5239 829 5329 aria-3m“:
887 5266 937 5295 οε
962 5239 1888 5322 ¢.;;“.'.,"u;'»seminatis:
1920 5239 1974 5308 ’ἰ

158 5324 517 5443 ιίίῦξ)’1π
566 5324 934 5420 maledicendi
990 5350 1170 5404 verba.
1215 5347 1391 5404 (10.th
1437 5349 1788 5414 Corbeiensis,

195 5430 722 5537 esserem;

118 5500 207 5564 rit.‘
422 5511 563 5564 Idem
600 5500 807 5573 codex,
850 5511 868 5541 ⁸
903 5505 977 5561 3".

396 5577 559 5599 n,--n.-
600 5568 752 5599 ...ε’-ιιι
791 5563 976 5599 niam-

390 5577 562 5636 Paulo
599 5568 753 5622 Infra
791 5563 977 5618 idem,

850 5511 868 5541 ι
903 5498 1202 5542 exacuere.
1230 5501 1247 5531 ι
1284 5481 1425 5535 Alias
1452 5523 1465 5545 ,
1500 5502 1516 5533 ι
1543 5498 1805 5546 εκθιοιιθ-,

1020 5571 1038 5601 ι
1079 5550 1393 5603 interﬁceret
1421 5552 1743 5607 innocentes.
1769 5570 1789 5604 ι

1898 5353 2063 5413 Alias,
2093 5373 2111 5404 ι
2142 5352 2427 5406 interﬁciat
2457 5352 2827 5419 innocentes.)
2978 5409 2992 5419 Δ
3014 5407 3043 5419 η

1973 5407 2110 5491 (60)
2157 5422 2293 5476 Idem
2318 5459 2334 5487 ,
2387 5437 2406 5471 ι
2449 5417 2696 5485 operibus
2738 5414 2858 5465 tuis.
2900 5426 2919 5458 ι
2963 5407 3109 5461 Alias
3136 5444 3152 5471 ,
3215 5424 3233 5456 ι
3273 5418 3435 5476 opere

1905 5499 2010 5545 tuo.
2048 5510 2066 5542 ι
