3838 6250
329 341 427 396 687

1728 313 2041 374 ORIGENIS
3513 305 3594 361 685

331 449 588 519 sculptile,
624 454 715 500 aut
742 443 921 499 fusile.
959 459 978 492 ι
1018 441 1212 494 Verum
1242 452 1306 492 ne
1338 449 1493 505 putes
1524 436 1636 490 hmc
1669 433 1866 487 veteri-
1891 435 1938 491 Α
1965 428 2290 485 conferatur.
2318 426 2432 480 Aut
2457 425 2505 481 si
2530 424 2602 479 ad
2636 422 2913 476 futurum
2952 410 3243 469 saeculum
3286 413 3389 471 ista
3412 432 3600 478 conver-

331 545 429 596 bus
459 535 821 593 tantummodo
863 532 1058 588 litteris
1085 527 1383 592 contineri,
1419 526 1581 579 etiam
1609 524 1662 577 in
1697 523 1867 576 Evan-

333 629 485 699 geliis
532 625 726 681 similia
771 620 1032 675 invenies.
1082 615 1350 682 Scriptum
1405 623 1487 668 est
1536 612 1678 666 enim
1726 609 1866 677 quod

333 697 574 772 dicturus
633 714 703 767 sit
751 711 1002 765 Dominus
1053 707 1119 760 iis
1159 706 1248 773 qui
1294 719 1323 757 a
1368 701 1600 756 sinistris
1643 706 1763 753 sunt
1804 697 1864 747 ιε

339 825 359 859 π
397 804 663 860 Discedite
689 816 717 852 a
755 815 853 859 me,
898 796 1205 858 maledicti,
1248 793 1303 846 in
1330 792 1502 859 ignem
1528 797 1806 843 aeternum.
1844 804 1863 834 ι

337 896 441 951 Sed
468 904 520 949 et
551 908 671 947 cum
701 891 867 944 dicit'
895 905 908 941 :
950 904 969 938 π
1002 885 1091 940 Va:
1113 886 1287 949 vobis,
1318 883 1505 937 scriba:
1532 891 1584 935 et
1615 877 1867 933 Pharisaei

336 984 662 1056 hypocrita);
700 1000 717 1033 ι
754 992 807 1035 et
830 981 889 1033 ἐ
926 997 944 1030 π
978 978 1068 1032 νεα
1113 975 1264 1029 vobis
1296 973 1567 1035 divitibus,
1621 989 1639 1022 ι
1676 976 1730 1022 αι
1769 969 1873 1022 sin-

335 1074 457 1141 gula
481 1070 802 1142 hujusmodi,
828 1068 955 1136 quid
987 1065 1129 1119 aliud
1158 1063 1258 1116 nisi
1289 1060 1586 1115 maledictis
1614 1072 1705 1111 eos
1728 1057 1871 1110 vide-

340 1177 424 1221 tur
453 1162 683 1232 urgere?
712 1160 814 1214 Sed
847 1158 973 1227 quid
1002 1156 1244 1209 dicemus
1278 1153 1415 1220 quod
1448 1150 1752 1204 mandatum
1781 1161 1874 1213 per

337 1252 645 1323 Apostolum
670 1251 849 1311 datur,
879 1246 968 1299 ubi
992 1244 1120 1299 dicit
1139 1242 1199 1293 ’δε
1232 1257 1250 1289 π
1275 1237 1601 1301 Benedicite,
1631 1247 1684 1291 et
1714 1236 1875 1289 nolite

337 1343 657 1398 maledicere
693 1339 716 1391 ?
748 1356 767 1389 ι
802 1334 952 1402 Quod
984 1347 1113 1401 ergo
1158 1331 1223 1383 ab
1265 1328 1572 1383 hominibus
1612 1342 1714 1380 non
1765 1324 1878 1378 vult

340 1432 476 1504 ﬁeri,
513 1431 616 1484 hoc
643 1429 752 1495 ipse
780 1425 940 1485 facit,
966 1422 1054 1489 qui
1089 1419 1389 1486 exemplum
1421 1417 1542 1469 vitae
1572 1414 1877 1468 hominibus

340 1520 669 1590 ponitiNon
717 1518 792 1571 ita
843 1524 944 1569 est.
994 1512 1136 1564 Deus
1170 1510 1309 1565 enim
1342 1508 1537 1575 quibus
1587 1504 1873 1564 tualedicit,

341 1613 586 1665 meritum
617 1609 863 1676 designat
889 1604 1004 1673 ejus
1033 1602 1116 1656 cui
1149 1600 1486 1653 maledicitur
1510 1636 1525 1661 ,
1567 1604 1622 1650 et
1663 1600 1879 1649 senten-

1966 518 2129 570 timus
2150 554 2165 582 ,
2198 516 2251 570 id
2278 523 2366 570 est
2385 554 2402 582 ,
2439 514 2509 568 ad
2541 504 3018 566 resurrectionis
3054 512 3295 569 tempus
3325 504 3506 563 :Jacob
3525 514 3595 564 vi.

1966 610 2135 673 debo,
2164 616 2343 676 potest
2372 607 2445 661 de
2473 604 2826 674 corporibus
2856 600 3093 656 dictum
3143 594 3433 667 intelligi:
3464 600 3601 658 ιδπερὶ

1967 709 2148 753 autem
2176 696 2501 765 intelligam,
2537 695 2813 764 spiritum
2862 697 2927 744 et
2967 685 3240 741 animam
3283 685 3398 755 (61)
3424 690 3600 759 signiﬁ-

1967 805 2093 845 care
2113 785 2547 853 resurgentium.
2596 801 2619 833 π
2646 782 2822 846 Εααθ,
2866 775 3071 845 inquit
3105 774 3156 838 ⁸,
3205 776 3449 843 populus
3484 781 3610 836 solus

1969 875 2272 938 habitabit,
2304 883 2359 927 et
2410 874 2465 926 in
2513 870 2855 926 nationibus
2888 880 3013 919 non
3050 863 3441 931 reputabitur.
3474 886 3492 921 π
3527 869 3612 926 Po-

1973 976 2078 1021 test
2103 964 2324 1033 quidem
2348 972 2403 1018 et
2431 960 2745 1016 secundum
2780 957 3057 1011 litteram
3089 962 3284 1007 stare.
3322 954 3473 1012 Solus
3491 961 3614 1017 enim

1971 1055 2203 1127 pepulus
2222 1052 2396 1106 Jacob
2425 1066 2536 1105 non
2564 1058 2651 1104 est
2674 1046 3007 1117 permistus
3031 1041 3282 1097 caeteris
3311 1045 3612 1118 hominibus,

1973 1159 2073 1199 πιθα
2098 1144 2242 1198 inter
2262 1149 2495 1196 carteras
2512 1148 2716 1208 gentes
2752 1141 3075 1204 reputatus
3110 1140 3229 1185 eat.
3262 1131 3464 1190 llabuit
3489 1140 3613 1196 enim

1972 1244 2122 1291 certa
2164 1244 2395 1301 quaeque
2440 1228 2736 1300 privilegia
2772 1226 2831 1280 in
2885 1222 3448 1295 observationibus,
3476 1240 3526 1283 et
3568 1232 3613 1286 in

1974 1323 2229 1394 legitimis
2277 1323 2436 1385 suis,
2495 1335 2569 1374 ex
2613 1318 2830 1388 quibus
2877 1314 3310 1384 sequestrattis
3351 1334 3381 1372 a
3429 1322 3613 1378 ceteri;

1974 1415 2226 1481 gentibus
2252 1412 2577 1466 haberetur.
2614 1409 2779 1463 Sicut
2810 1406 2982 1459 enim
3025 1405 3224 1459 tribus
3250 1405 3386 1461 Levi
3419 1426 3519 1465 non
3543 1425 3616 1467 est

1978 1503 2235 1572 permista
2289 1502 2439 1555 inter
2490 1510 2730 1553 caeteras
2765 1498 2966 1550 tribus
2996 1534 3015 1560 ,
3075 1509 3193 1549 nec
3247 1497 3611 1555 adnumeratur

1978 1592 2120 1645 inter
2143 1604 2237 1643 eas
2267 1606 2281 1641 :
2314 1590 2418 1643 hoc
2450 1596 2615 1658 pacto
2650 1596 2709 1640 et
2744 1587 2947 1639 omnis
2981 1584 3168 1639 Israel
3195 1621 3217 1650 ,
3244 1600 3345 1641 nec
3375 1588 3614 1645 miscetur

342 1705 469 1757 tiam
498 1699 710 1768 promit,
744 1704 923 1764 utpote
957 1708 1114 1761 quem
1144 1706 1247 1745 non
1287 1689 1455 1751 fallat,
1483 1700 1651 1753 neque
1671 1684 1873 1752 peccati
1907 1683 2188 1768 D-caateris
2216 1681 2492 1751 gentibus,
2528 1694 2632 1731 nec
2668 1686 2991 1746 reputatur
3027 1676 3187 1729 inter
3220 1690 3334 1731 eas.
3367 1677 3487 1732 Haec
3507 1680 3610 1748 qui-

747 1743 921 1764 ---r---
1146 1743 1154 1745 -
1191 1743 1199 1745 ἡ
1444 1743 1453 1751 ,
1568 1743 1582 1753 _
1672 1743 1687 1752 _
2217 1743 2245 1751 _
2738 1743 2750 1746 ν

342 1743 589 1861 qualitas,
616 1800 790 1856 neque
811 1783 1076 1854 peccantis
1099 1779 1340 1833 affectus.
1366 1775 1533 1829 Ποιηο
1556 1782 1729 1826 autem
1752 1771 1873 1839 quia
1907 1743 1950 1795 Β
1979 1772 2099 1827 dem
2131 1772 2184 1824 in
2224 1770 2315 1823 illo
2343 1769 2542 1839 populo
2585 1768 2806 1822 fuerint
2841 1768 3181 1820 secundum
3222 1765 3452 1821 formam
3482 1743 3608 1823 futu-

345 1884 457 1935 haec
481 1894 589 1932 non
612 1885 784 1945 potest
803 1875 944 1929 scire
969 1890 982 1925 :
1011 1885 1180 1937 neque
1207 1866 1348 1922 enim
1375 1863 1700 1932 propositum
1725 1873 1876 1913 men-

347 1981 559 2036 temque
585 1963 804 2020 alterius
835 1960 1012 2014 videre
1041 1957 1176 2010 alius
1205 1961 1296 2007 aut
1326 1963 1647 2016 cognoscere
1673 1955 1875 2014 potest:

348 2035 545 2111 idcirco
570 2054 778 2109 etiamsi
801 2049 1113 2118 judicantis,
1139 2043 1220 2097 vel
1250 2038 1565 2095 sententiam
1585 2035 1882 2105 promeritis

348 2147 539 2200 intuitu
573 2141 811 2212 proferat
851 2133 1224 2196 maledictum',
1258 2145 1361 2184 non
1397 2134 1572 2196 potest
1598 2138 1716 2178 esse
1738 2123 1882 2189 justa

348 2211 691 2292 maledicendi
718 2242 902 2291 causa,
925 2225 1011 2279 ubi
1038 2226 1312 2293 ignoratur
1330 2214 1599 2287 peccantis
1625 2211 1879 2275 affectus;

348 2326 578 2380 maxime
598 2334 718 2377 cum
751 2319 1037 2377 humanum
1071 2312 1253 2365 vitium
1291 2316 1416 2360 tunc
1445 2305 1577 2358 sciat
1604 2300 1882 2354 maledicta

348 2414 608 2486 proferre,
631 2423 755 2464 cum
779 2406 913 2460 forte
929 2400 1186 2457 conviciis
1203 2407 1294 2452 aut
1315 2394 1529 2465 injuriis
1544 2399 1881 2461 provocatur.

350 2480 502 2574 Quod
531 2503 714 2556 vitiutn
742 2509 985 2551 resecare
1013 2488 1299 2559 Apostolus
1335 2485 1536 2548 volens,
1569 2498 1635 2536 ne
1666 2480 1889 2534 maledi-

350 2573 450 2649 citis
503 2590 787 2645 maledicta
832 2595 886 2639 et
928 2578 1186 2636 conviciis
1235 2573 1472 2629 convicia
1518 2582 1887 2640 provocemus,

353 2683 654 2738 mandatum
687 2671 1042 2729 necessarium
1073 2667 1217 2736 ponit
1241 2703 1255 2727 ,
1284 2672 1342 2717 ut
1371 2660 1748 2715 benedicamus
1774 2699 1790 2723 ,
1837 2665 1890 2710 et

353 2789 457 2826 non
506 2766 879 2823 maledicamus
927 2772 1081 2824 :quo
1121 2751 1453 2808 conviciandi
1507 2748 1696 2802 vitium
1752 2759 1892 2799 rese-

353 2872 527 2924 cctur,
576 2863 629 2909 et
673 2868 776 2907 non
825 2864 932 2918 quo
977 2842 1248 2913 iudicandi
1281 2839 1479 2895 veritas
1505 2851 1623 2904 quze
1649 2836 1893 2890 homines

355 2950 564 3010 latet,et
594 2939 971 3013 pronuntiandi
1016 2935 1305 2989 auctoritas
1345 2930 1661 2998 perimatur.
1713 2926 1777 2979 Et
1816 2935 1895 2978 ta-

356 3049 475 3086 men
504 3030 628 3100 quid
656 3040 830 3081 causa:
856 3024 925 3076 sit
951 3062 965 3084 ,
994 3021 1133 3088 quod
1168 3034 1272 3072 non
1314 3016 1596 3070 maledicat
1637 3014 1892 3072 Dominus

356 3121 539 3183 Jacob,
583 3131 758 3184 neque
804 3110 997 3174 Israel,
1028 3111 1095 3162 ab
1140 3109 1254 3176 ipso
1279 3103 1619 3158 nihilominus
1652 3100 1892 3166 Balaam,

358 3214 463 3264 imo
489 3223 521 3262 a
552 3205 714 3261 verbo
740 3202 876 3272 quod
905 3200 1078 3270 posuit
1106 3198 1244 3251 Deus
1289 3196 1340 3248 in
1371 3207 1465 3247 ore
1487 3192 1632 3260 ejus,
1666 3191 1895 3257 diligen-

359 3305 464 3354 tius
498 3297 775 3349 audiamus
803 3309 817 3345 :
863 3309 881 3341 π
915 3289 1173 3356 Quoniam
1221 3287 1285 3339 de
1310 3283 1625 3345 verticibus,
1656 3281 1831 3348 inquit
1850 3281 1893 3343 ⁸,

360 3388 617 3444 montium
664 3383 907 3436 intuebor
946 3391 1106 3440 eum,
1152 3383 1205 3429 et
1249 3388 1278 3426 a
1328 3372 1553 3425 collibus
1603 3369 1894 3443 intelligam

359 3492 501 3532 eum.
539 3495 558 3526 ι
603 3472 768 3539 Quia,
805 3469 1009 3537 inquit,
1038 3466 1091 3520 in
1122 3463 1347 3519 excelsis
1377 3460 1646 3515 montibus
1676 3466 1731 3512 et
1775 3457 1898 3510 altis

361 3565 582 3620 collibus
610 3562 816 3629 positus
844 3564 926 3611 est
950 3554 1141 3619 Israel,
1174 3552 1275 3604 hoc
1307 3560 1420 3612 est,
1450 3551 1504 3601 in
1537 3548 1679 3601 edita
1711 3546 1819 3599 vita
1842 3554 1898 3598 et

361 3656 526 3708 ardua
548 3693 562 3716 ,
597 3652 663 3705 ad
701 3662 859 3716 quam
893 3641 1248 3699 contuendam
1274 3654 1327 3692 et
1360 3636 1760 3706 intelligendam
1791 3648 1895 3687 non

365 3746 518 3799 facile
539 3743 656 3811 quis
683 3740 902 3793 idoneus
920 3734 1031 3796 liat,
1062 3731 1162 3784 nisi
1196 3729 1449 3784 ascendat
1477 3727 1543 3780 ad
1571 3727 1895 3781 eminentem

363 3847 416 3892 et
439 3834 702 3890 excelsam
736 3826 1055 3887 scientiam;
1090 3822 1314 3883 idcirco,
1349 3819 1538 3887 inquit,
1576 3833 1680 3871 non
1710 3816 1760 3869 ei
1787 3829 1900 3867 ina-

362 3925 540 3980 ledicit
580 3922 737 3975 Deus.
787 3916 881 3970 Est
911 3914 1052 3967 enim
1087 3912 1195 3964 vita
1226 3911 1340 3977 ejus
1378 3909 1484 3961 alta
1526 3917 1580 3961 et
1622 3905 1897 3974 praecelsa,

366 4031 468 4071 non
497 4010 713 4067 humilis
739 4015 791 4060 et
819 4006 1044 4073 dejecta.
1078 4002 1230 4067 Quod
1262 4010 1436 4053 tamen
1464 4012 1568 4051 non
1600 3996 1727 4049 mihi
1757 3996 1902 4047 vide-

369 4117 453 4158 tur
486 4103 609 4168 quia
644 4099 710 4151 de
736 4096 826 4150 illo
854 4094 1036 4154 ISrael,
1060 4093 1150 4160 qui
1179 4091 1471 4145 secundum
1502 4100 1716 4141 carnem
1738 4083 1900 4139 lsrael

328 4221 335 4229 -
367 4206 470 4256 est,
499 4189 694 4243 dixerit
726 4204 738 4237 :
771 4186 862 4238 sed
889 4186 955 4238 de
986 4186 1096 4248 illo,
1121 4186 1272 4253 cujus
1300 4195 1462 4248 super
1488 4191 1684 4233 terram
1717 4179 1903 4231 ambu-

369 4281 525 4336 lantis
555 4275 893 4331 conversatio
919 4275 973 4327 in
995 4276 1131 4328 ctelo
1153 4282 1256 4328 est.
1289 4273 1391 4326 Aut
1416 4271 1459 4324 si
1480 4270 1638 4323 etiam
1667 4268 1735 4322 ad
1756 4268 1903 4321 illum

1976 1870 2161 1908 rorum
2189 1853 2454 1906 bonorum
2481 1892 2497 1915 ,
2544 1867 2711 1906 verus
2774 1860 2982 1904 autem
3040 1850 3227 1905 Jacob
3269 1861 3325 1904 et
3371 1855 3607 1921 spiritalis

1981 1941 2144 1996 Israel
2186 1956 2315 1997 vere
2368 1942 2515 1995 solus
2567 1941 2860 1994 habitabit
2921 1940 2980 1993 in
3040 1939 3325 2008 gentibus.
3389 1939 3446 1995 Si
3479 1945 3607 1997 enim

1983 2032 2311 2086 accessimus
2353 2033 2420 2084 ad
2462 2031 2597 2085 Sion
2633 2041 2946 2094 montem,
2980 2041 3043 2084 et
3109 2030 3385 2084 civitatem
3421 2032 3509 2086 Dei
3542 2035 3609 2086 vi-

1984 2123 2158 2175 ventis
2185 2121 2487 2175 Jerusalem
2524 2118 2823 2174 ccelestem
2849 2118 2905 2182 ",
2945 2127 3005 2172 et
3050 2119 3306 2172 venimus
3357 2119 3426 2171 ad
3461 2120 3606 2188 spiri-

1987 2211 2145 2265 talem
2175 2210 2443 2275 Judaeam,
2480 2225 2605 2278 qua:
2638 2219 2725 2263 est
2763 2209 2969 2278 portio
3001 2209 3107 2262 Dei
3131 2248 3148 2272 ,
3189 2208 3318 2262 etin
3349 2211 3505 2263 terris
3529 2225 3610 2277 po-

1985 2301 2074 2353 siti
2118 2299 2192 2353 ibi
2226 2301 2496 2353 habemus
2528 2299 3076 2364 conversationem,
3110 2313 3244 2352 vere
3265 2314 3377 2353 non
3408 2310 3612 2369 reputa-

1989 2404 2108 2442 mur
2131 2391 2272 2442 inter
2295 2397 2525 2442 caeteras
2554 2397 2779 2456 gentes,
2810 2402 2927 2442 nec
2962 2388 3310 2455 reliquarum
3344 2391 3610 2442 nationum

1989 2477 2122 2531 lines
2155 2492 2276 2530 cum
2309 2477 2512 2530 nostris
2549 2475 2756 2529 ﬁnibus
2792 2477 3239 2541 admiscentur,
3278 2477 3497 2531 etiamsi
3529 2494 3606 2532 re-

1989 2567 2243 2634 stituatur
2268 2565 2509 2618 Sodoma
2541 2566 2596 2618 in
2628 2565 2941 2634 antiquum
2965 2605 2981 2629 ,
3019 2575 3081 2619 et
3108 2550 3377 2635 Egyptus
3411 2569 3466 2621 in
3509 2581 3612 2621 sta-

1992 2665 2102 2709 tum
2137 2671 2293 2710 suum
2331 2657 2541 2719 redeat,
2574 2665 2630 2709 et
2660 2658 2706 2710 si
2739 2656 2885 2724 quid
2935 2657 3097 2710 aliud
3135 2658 3239 2711 tale
3263 2658 3319 2710 in
3346 2658 3614 2726 prophetis

1991 2747 2250 2811 scriptum
2303 2756 2408 2800 est.
2456 2745 2867 2800 Verumtamen
2934 2747 3020 2801 illi
3070 2745 3240 2800 Jacob
3281 2757 3344 2801 et
3396 2748 3614 2815 spiritali

1994 2835 2177 2898 Israel,
2202 2851 2323 2889 cum
2353 2836 2419 2888 ad
2447 2836 2759 2890 Ecclesiam
2793 2838 3225 2906 primitivorum
3245 2839 3614 2902 ascenderint,

1993 2926 2170 2980 nullus
2221 2928 2632 2994 exmquabitur,
2683 2928 2883 2983 nullus
2920 2929 3332 2985 admiscebitur
3356 2969 3374 2994 ,
3410 2929 3621 2985 etiamsi

1919 3044 1961 3101 α
1998 3017 2112 3072 ista:
2152 3027 2339 3086 gentes
2369 3019 2676 3072 secundum
2723 3020 2878 3073 dicta
2919 3023 3249 3090 prophetica
3288 3023 3501 3077 fuerint
3543 3036 3622 3076 re-

2000 3109 2223 3162 stitutae.
2248 3107 2374 3171 Ναί
2404 3108 2549 3161 enim
2587 3108 2843 3164 insertus
2876 3112 3057 3166 fuerit
3091 3129 3268 3166 ramus
3295 3113 3557 3176 oleastri,
3577 3121 3629 3166 et

2000 3198 2179 3252 socius
2214 3197 2388 3250 factus
2418 3196 2587 3251 fuerit
2616 3199 2803 3254 radici
2838 3202 3206 3272 pinguediuis
3228 3203 3401 3255 oliva:
3423 3204 3470 3263 ⁸,
3499 3218 3629 3270 quo-

2002 3290 2157 3343 modo
2182 3298 2360 3358 potest
2388 3289 2591 3343 sociari
2618 3299 2678 3344 et
2703 3292 2981 3361 conjungi
3014 3300 3085 3346 ad
3106 3293 3299 3355 Jacob,
3328 3293 3425 3346 vel
3443 3290 3635 3351 Israel,

2001 3394 2123 3433 cum
2159 3380 2275 3434 sine
2322 3379 2423 3431 ista
2470 3379 2662 3432 radice
2717 3395 2829 3435 nec
2882 3380 3063 3437 Jacob
3111 3386 3412 3453 quisquam
3470 3383 3639 3451 possit

2001 3467 2278 3536 appellari,
2303 3481 2401 3520 nec
2427 3467 2598 3522 Israel
2623 3468 2649 3520 ?
2675 3467 2881 3539 Neque
2907 3487 3049 3543 ergo
3072 3488 3141 3527 ex
3161 3473 3335 3528 Jacob
3353 3473 3452 3527 vel
3476 3470 3644 3526 Israel

2002 3558 2047 3611 si
2072 3560 2195 3626 quis
2219 3567 2447 3623 peccat,
2477 3555 2652 3612 Jacob
2682 3559 2799 3614 dici
2836 3562 2930 3616 vel
2969 3562 3142 3618 lsrael
3188 3572 3379 3633 potest
3409 3605 3427 3628 ,
3472 3577 3646 3630 neque

2001 3661 2067 3699 ex
2094 3646 2344 3716 gentibus
2368 3645 2414 3699 si
2444 3646 2574 3713 quis
2611 3648 2915 3717 ingressus
2960 3652 3138 3707 fuerit
3179 3655 3506 3709 Ecclesiam
3547 3653 3655 3706 Do-

2005 3736 2134 3790 mini
2161 3774 2177 3797 ,
2207 3736 2348 3790 inter
2397 3746 2590 3805 gentes
2622 3739 2772 3793 ultra
2808 3746 3174 3812 reputabitur
3197 3748 3256 3798 9:
3300 3763 3325 3795 ε
3375 3744 3523 3811 Quis
3575 3745 3657 3798 in-

2004 3826 2291 3894 vestigabit
2317 3841 2501 3880 semen
2518 3827 2697 3884 Jacob
2719 3831 2746 3883 7
2778 3843 2835 3887 et
2857 3835 2991 3903 quis
3020 3836 3410 3891 dinumerabit
3437 3837 3661 3907 plebem

2004 3913 2166 3969 Israel
2206 3914 2229 3967 π
2270 3931 2291 3965 ι
2328 3914 2519 3969 Simile
2551 3928 2637 3970 est
2672 3919 2785 3974 hoc
2816 3922 2895 3976 illi
2946 3929 3099 3994 quod
3149 3927 3433 3995 scriptum
3471 3938 3565 3980 est
3594 3927 3663 3991 “,

2006 4005 2133 4073 quia
2162 4020 2181 4053 π
2218 4003 2408 4056 eduxit
2454 4005 2603 4059 Deus
2632 4008 2931 4066 Abraham
2977 4012 3155 4081 foras,
3188 4025 3238 4069 et
3280 4016 3378 4068 ait
3403 4016 3463 4070 ei
3499 4031 3517 4068 :
3551 4014 3664 4067 Re—

2007 4092 2153 4160 spice
2180 4092 2246 4144 ad
2274 4092 2496 4155 cretum,
2526 4102 2584 4147 et
2616 4095 2921 4154 dinumera
2953 4103 3174 4169 stellas,
3203 4104 3243 4158 si
3271 4116 3463 4172 potes
3503 4104 3668 4156 dinu—

2010 4197 2223 4237 merare
2244 4197 2360 4248 eas,
2395 4191 2453 4236 et
2484 4184 2604 4236 ait:
2638 4185 2717 4239 Ita
2748 4191 2862 4245 erit
2904 4208 3101 4248 semen
3150 4203 3329 4248 tuum.
3368 4194 3451 4249 Et
3483 4193 3668 4249 credi-

2010 4273 2088 4325 dit
2114 4271 2389 4325 Abraham
2416 4272 2590 4344 328
2624 4277 2742 4332 Deo
2770 4322 2786 4346 ,
2822 4291 2882 4334 et
2932 4294 3247 4353 reputatum
3302 4296 3407 4341 est
3463 4286 3545 4340 illi
3596 4285 3667 4338 ad

370 4368 617 4440 populum
646 4365 785 4417 dicta
820 4365 928 4417 haec
958 4365 1236 4418 referenda
1274 4370 1416 4423 sunt,
1462 4369 1606 4414 recte
1642 4374 1763 4412 cum
1794 4357 1905 4411 dis-
1935 4361 2283 4429 [)justiliam.
2329 4380 2347 4414 ι
2382 4363 2452 4417 Et
2483 4366 2776 4422 Abraham
2810 4372 3082 4444 quidem,
3115 4383 3171 4429 et
3217 4375 3378 4430 alius
3413 4375 3665 4444 quilibet

376 4458 625 4513 tinctione
668 4454 828 4517 dicit,
870 4470 888 4502 π
922 4454 1168 4506 intuebor
1191 4465 1245 4506 et
1275 4451 1602 4518 intelligam;
1637 4467 1655 4500 ι
1684 4459 1742 4501 ιιι
1765 4447 1910 4499 futu-

376 4560 492 4600 rum
516 4552 722 4610 tempus
745 4540 1025 4609 signiticet,
1058 4541 1186 4594 illud
1217 4541 1333 4594 sine
1357 4540 1516 4593 dubio
1546 4536 1760 4605 quando
1791 4551 1909 4590 om-

375 4637 459 4692 nis
489 4632 648 4688 lsrael
680 4631 746 4683 ad
799 4630 953 4682 tidem
982 4629 1179 4683 Christi
1206 4629 1420 4681 veniens
1457 4626 1751 4680 salvabitur
1798 4636 1852 4677 et
1881 4638 1909 4677 a

376 4723 644 4780 montibus
673 4730 725 4774 et
749 4736 778 4772 a
800 4720 1020 4773 collibus
1049 4719 1375 4773 intuebitur:
1406 4717 1558 4768 abiis
1584 4717 1699 4768 sine
1723 4714 1908 4778 dubio,

377 4816 467 4885 qui
494 4815 753 4868 excelsam
782 4819 835 4863 et
867 4810 1135 4864 cmlestem
1169 4812 1333 4863 vitam
1369 4817 1752 4874 consurgentes
1782 4821 1905 4859 cum

378 4905 591 4960 Christo
620 4900 957 4954 exercuerim
979 4914 1139 4968 super
1171 4908 1365 4952 terras.
1392 4895 1497 4949 Sed
1521 4904 1576 4946 et
1607 4893 1749 4962 quod
1779 4895 1913 4947 dixit

380 4994 444 5048 de
489 4990 653 5046 Jacob
697 4989 910 5057 quidem
936 5025 951 5052 ,
992 5006 1010 5039 π
1049 4988 1236 5042 videbo
1273 5003 1289 5052 ;
1336 5004 1354 5038 ι
1405 4985 1470 5037 de
1506 4983 1671 5037 Israel
1711 4990 1911 5049 autem,

385 5102 405 5136 π
440 5078 726 5148 intelligam
756 5115 771 5139 ,
820 5095 838 5128 π
886 5076 1046 5129 etiam
1102 5077 1201 5128 hoc
1253 5072 1524 5141 aptissima
1571 5068 1913 5122 distinctione

380 5170 769 5240 suscipiendum
795 5176 915 5222 est:
947 5174 1005 5220 ut
1033 5164 1174 5218 aliud
1208 5164 1274 5215 ad
1309 5171 1459 5214 actus
1485 5155 1738 5223 visibiles,
1769 5159 1911 5213 aliud

382 5262 446 5314 ad
473 5258 790 5313 invisibilem
820 5257 973 5310 [idem
1006 5263 1164 5319 atque
1209 5245 1589 5313 intelligibilein
1632 5244 1911 5300 scientiam

442 5353 460 5383 ί
491 5351 676 5403 Matth.
706 5364 809 5402 xxv
830 5388 846 5412 ,
877 5348 965 5401 Μ.

384 5418 405 5448 ’
429 5417 584 5469 Hebr.
615 5433 711 5482 ιιι,
742 5407 843 5470 ἳὲζ
928 5418 950 5448 ⁸
986 5415 1138 5468 Boni.
1174 5423 1224 5461 ιιι
1245 5448 1259 5473 ,
1290 5407 1377 5459 l7.

389 5498 506 5545 xcv,
535 5488 619 5537 12.

461 5596 566 5663 (61)
593 5597 751 5660 idem,
783 5616 803 5650 π
836 5602 1050 5668 spiritus
1075 5606 1127 5652 et
1155 5597 1377 5648 animas.
1411 5611 1432 5646 ι

1037 5347 1058 5376 ¹
1089 5341 1274 5396 Matth.
1303 5351 1461 5402 unt,
1493 5335 1584 5392 29.
1651 5335 1672 5365 ³
1703 5335 1827 5389 Luc.
1858 5354 1910 5392 vr
1936 5381 1953 5406 ,
1998 5343 2090 5402 24,

1037 5428 1138 5468 οιιι.
1174 5423 1259 5471 χι,
1290 5407 1377 5459 l7.
1466 5406 1487 5435 ⁹
1512 5402 1666 5458 Num.
1695 5418 1858 5471 xxut,
1896 5412 1984 5467 10.

2010 4450 2311 4516 ιιοιιιίιιιιιιι»
2339 4453 2627 4509 autetiam
2657 4460 2990 4528 angelorum
3017 4481 3033 4519 :
3065 4476 3123 4519 et
3155 4465 3431 4519 fortassis
3468 4478 3656 4518 autem

2009 4547 2064 4592 et
2111 4541 2457 4607 superiorum
2513 4546 2791 4603 virtutum
2844 4569 2957 4608 non
3020 4563 3268 4624 poterant
3342 4565 3657 4608 numerare

2010 4627 2222 4693 stellas,
2256 4647 2359 4687 nec
2389 4649 2584 4692 semen
2617 4641 2927 4710 Abraham,
2968 4648 3035 4702 de
3064 4662 3171 4717 quo
3200 4647 3493 4717 scriptum
3524 4655 3642 4699 eat:

2016 4736 2034 4769 π
2081 4717 2172 4772 Sic
2202 4724 2312 4777 erit
2346 4741 2537 4784 semen
2571 4743 2751 4789 tuum.
2786 4756 2804 4788 ι
2844 4738 2991 4793 Deus
3025 4752 3222 4803 autem,
3254 4739 3330 4792 de
3362 4754 3483 4806 quo
3513 4735 3648 4789 scri-

2013 4816 2162 4874 ptum
2185 4821 2276 4864 est
2299 4812 2343 4844 “
2374 4832 2389 4868 :
2427 4835 2447 4869 π
2479 4820 2585 4888 Qui
2606 4835 2863 4879 numerat
2891 4826 3282 4881 multitudinem
3311 4826 3626 4887 stellarum,

2011 4903 2067 4949 et
2106 4902 2376 4961 omnibus
2426 4910 2513 4968 eis
2565 4918 2790 4972 nomina
2833 4926 3035 4982 vocat,
3076 4936 3096 4969 π
3142 4927 3194 4970 et
3240 4916 3339 4984 qui
3380 4916 3521 4969 dixit
3546 4914 3628 4965 “:

2019 5001 2039 5035 π
2071 4984 2184 5053 Ego
2214 4994 2404 5053 stellis
2430 5008 2704 5066 omnibus
2725 5007 2998 5075 mandavi,
3030 5027 3051 5060 ι
3083 5015 3252 5077 potest
3281 5005 3608 5073 investigare

2015 5087 2201 5175 ςθιξὶθη
2252 5080 2485 5175 Jacob.
2535 5109 2596 5157 et
2640 5103 2983 5158 dinumerare
3031 5098 3248 5169 plebem
3286 5093 3485 5148 ιεηεὶο
3511 5092 3620 5159 ὶνεε

2013 5174 2317 5264 ςωηι-εςιὶι
2345 5183 2512 5245 solus
2537 5195 2665 5264 quis
2691 5208 2816 5250 vere
2840 5193 2910 5248 sit
2935 5189 3126 5255 Jacob,
3162 5205 3224 5250 et
3255 5185 3376 5261 quis
3412 5196 3527 5235 τετε
3546 5181 3611 5232 εά

2014 5253 2207 5353 lsrael.
2245 5263 2384 5327 Non
2438 5286 2595 5343 enim
2634 5293 2702 5346 ad
2743 5301 2860 5343 eum
2899 5282 2989 5353 qui
3017 5284 3071 5336 in
3109 5253 3423 5350 matulam
3442 5267 3636 5353 “his.

2105 5420 2152 5452 ιο
2172 5352 2471 5465 ὶὲἓηξη
2491 5396 2576 5465 κει
2603 5427 2623 5453 ν
2640 5386 2758 5465 -H-
2780 5350 3267 5465 ..ἏΝἶιιιι-,ηκιιιι
3298 5417 3322 5447 ο
3374 5354 3440 5465 ἓξ
3499 5350 3662 5463 3’55;

2240 5445 2348 5492 en.
2394 5458 2512 5521 ιν,
2543 5445 2691 5524 5"6.
2779 5453 2816 5486 ιι
2848 5446 2987 5503 Psal.
3037 5461 3249 5514 chvtt
3277 5445 3311 5529 ,‘
3384 5445 3440 5465 ”

3506 6082 3784 6151 ,ιη-Α
