3838 6240
73 441 114 492 ill

73 557 112 599 est

86 715 152 762 dtu

1460 347 1534 403 IN
1567 345 1891 402 NUMEROS
1928 337 2206 398 HOMILIA
2242 337 2378 393 XVI.

1041 473 1059 499 τ
1090 452 1258 509 Ψὶπ
1290 465 1613 521 manifeste
1634 466 1686 518 in
1707 467 2143 522 carneAtamen
2211 464 2264 510 et
2318 457 2510 526 populo
2565 457 2638 512 illi
2697 459 2985 512 secundum
3043 471 3104 512 ea
3157 469 3276 526 quae
3336 471 3494 524 supra

340 410 528 480 mille“
553 431 570 480 ς
595 431 782 488 neque
805 425 878 480 ad
902 442 1032 485 eam

3393 341 3495 396 690

716 519 818 616 9:6“
847 521 1010 618 'id‘?‘
1034 526 1263 608 mum.
1295 554 1417 618 qui
1454 555 1508 608 in
1538 555 1748 610 occulto
1773 553 1865 608 Ju.
1965 547 2210 602 diximus.
2264 543 2376 598 Non
2422 545 2561 598 enim
2612 554 2716 598 tam
2760 545 2898 610 ipsi,
2951 560 3107 612 quam
3166 561 3341 600 semen
3383 561 3494 600 eo-

115 584 528 611 ⁸ΙΑ...
645 600 658 611 .

83 517 677 676 &‘/ucumcisio;
716 519 818 571 sed
847 521 1010 579 videt
1034 526 1263 608 illum,
1295 554 1417 618 qui
1773 517 1862 608 Ius

83 641 124 684 ω
217 608 352 714 ί
374 603 451 648 est
479 606 538 650 et
566 600 666 667 qui
684 605 1096 714 .circumcisus
1135 639 1246 684 eet
1292 643 1515 706 corde,
1549 657 1650 697 non
1684 657 1862 697 carne-

353 699 467 755 αι’εο
499 699 587 792 est
614 694 800 760 solus,
834 703 936 770 qui
972 707 1388 783 dinumerare
1428 694 1866 797 iet-inve;

355 792 441 886 ξξξι
464 788 521 833 εί
545 788 682 886 Ψδεε⁸
721 793 1056 850 Βθευηᾱιιιιι
1087 788 1466 871 ineffabilem
1493 829 1545 872 et
1574 820 1867 886 incompre-

358 869 536 925 ibilem
563 875 910 943 sapientiam
943 900 1120 945 suam
1155 899 1231 952 ad
1268 869 1728 961 ιιιωὲῖοῷιὲέιέιιι
1755 869 1867 959 Ior-

128 952 338 1078 “is?”
392 999 408 1025 ι
440 976 605 1030 (illam
638 966 765 1035 ipse
817 973 984 1032 solus
1031 983 1196 1040 scire
1251 1001 1482 1058 potest,
1511 996 1684 1063 posuit
1709 996 1864 1047 etiam

516 1145 527 1156 .
572 1145 584 1157 .
672 1111 685 1122 '
733 1111 872 1128 1""
926 1111 1220 1132 ··“-υνιιιυῠ
1257 1111 1314 1133 ΙΙΙ
1355 1111 1598 1136 ΙΙΙῦΙΙΙυιΙδ
1626 1111 1638 1135 ἱ
1669 1111 1720 1136 ιιι
1746 1111 1866 1150 ιίυι·

204 1189 292 1236 χω,
325 1155 642 1240 ρτέειριιο
670 1159 734 1201 ιιι
763 1156 1090 1213 secunduui
1122 1170 1496 1233 cognationes
1526 1185 1670 1232 suas,
1714 1179 1767 1223 et
1789 1185 1869 1222 se-

395 1069 685 1150 ntimeros,
725 1074 874 1128 quos
919 1067 1220 1132 habemus
1255 1080 1314 1133 in
1354 1084 1598 1136 manibus
1626 1101 1638 1135 :
1669 1084 1720 1136 in
1746 1083 1866 1150 qni-

233 1239 493 1317 m“e‘um
525 1239 719 1294 domos
748 1241 1106 1303 familiarum
1133 1269 1394 1322 suarum,
1418 1274 1480 1312 ex
1517 1243 1734 1312 nomine
1763 1275 1869 1310 om-

274 1365 364 1400 w,
387 1331 620 1394 masculi
652 1347 752 1400 per
787 1339 975 1405 capita
1018 1355 1396 1400 numerentur
1423 1362 1451 1400 a
1493 1349 1675 1416 viginti
1714 1348 1868 1402 annis

289 1440 344 1483 et
369 1436 553 1492 supra,
580 1425 763 1476 omnis
807 1427 903 1493 qui
939 1429 1256 1498 ingreditur
1286 1435 1340 1486 in
1367 1435 1561 1487 virtute
1588 1435 1743 1489 Israel
1771 1453 1785 1500 ;
1816 1443 1871 1488 et

299 1515 558 1586 colligitur
579 1527 768 1568 eorum
805 1517 1038 1585 quidam
1072 1533 1323 1577 sacratus
1355 1539 1604 1579 numerus
1650 1526 1714 1578 de
1765 1539 1868 1591 quo

286 1607 413 1673 [am
446 1605 702 1673 superius,
734 1615 901 1676 prout
930 1606 1162 1662 donavit
1192 1611 1465 1674 Dominus,
1489 1614 1736 1666 diximus.
1767 1612 1868 1666 Sed

289 1695 404 1747 iste
435 1709 690 1750 numerus
719 1706 846 1751 tunc
874 1698 1097 1752 demum
1134 1710 1380 1754 sacratus
1409 1710 1491 1754 est
1543 1710 1596 1755 et
1642 1702 1868 1769 placitus

1964 650 2080 688 rutn
2119 632 2376 688 eﬂicietur
2424 632 2562 686 sicut
2599 644 2776 686 semen
2822 633 3112 697 justorum.
3162 649 3342 687 eorum
3391 637 3495 688 sci-

1965 724 2119 788 licet,
2174 723 2263 790 qui
2307 721 2582 776 credentes
2633 735 2694 774 ex
2744 723 2984 790 gentibus
3027 723 3135 790 (6‘2)
3185 725 3235 775 in
3276 723 3491 777 Christo

1960 809 2237 876 justilicati
2280 818 2427 863 sunt.
2460 808 2610 864 Unde
2657 808 2993 863 manifestum
3043 819 3162 873 est,
3191 812 3312 876 quia
3358 813 3493 865 sicut

1963 898 2245 967 Apostolus
2276 898 2401 951 dicit
2427 897 2498 961 ⁸⁸,
2538 913 2556 946 t
2597 911 2766 964 neque
2789 898 3123 950 circumcisio
3153 899 3351 965 aliquid
3389 909 3491 963 est,

1966 1002 2136 1054 neque
2161 987 2477 1054 praeputium
2506 1025 2520 1049 ,
2550 988 2639 1038 sed
2688 987 2815 1039 lides
2840 1024 2855 1048 .
2897 1001 3012 1054 quae
3059 1001 3151 1054 per
3181 987 3492 1040 charitatem

1965 1085 2234 1144 operatur.
2275 1093 2293 1125 ι
2327 1075 2392 1127 Et
2422 1075 2536 1128 ideo
2577 1089 2729 1128 nemo
2764 1083 2856 1128 aut
2887 1076 3308 1128 circumcisionis
3351 1077 3492 1128 anti-

1965 1166 2168 1234 quitate
2203 1180 2261 1218 se
2287 1164 2471 1230 jactet,
2502 1173 2592 1217 aut
2618 1167 2668 1217 in
2696 1165 2936 1233 praeputii
2958 1165 3190 1219 novitate
3217 1165 3489 1233 glorietur.

1967 1251 2070 1306 Sed
2101 1253 2462 1319 utApostolus
2484 1253 2611 1306 dicit
2637 1253 2699 1317 ",
2733 1272 2750 1304 ι
2782 1255 3343 1322 probetunusquisque
3361 1269 3492 1322 opus

1968 1356 2118 1394 suum
2146 1379 2160 1403 ,
2192 1349 2246 1392 et
2276 1348 2400 1392 tunc
2435 1340 2486 1392 in
2532 1342 2812 1408 semetipso
2848 1349 3052 1392 tantum
3080 1340 3295 1408 gloriam
3333 1342 3493 1395 habe-

1967 1429 2060 1480 bit.
2102 1447 2120 1480 ι
2153 1428 2242 1481 Sic
2267 1430 2492 1497 denique
2525 1429 2778 1497 propheta
2805 1428 2932 1482 dicit
2955 1429 2998 1458 ὀ
3027 1446 3039 1482 :
3069 1428 3206 1482 Ecce
3236 1431 3411 1495 homo,
3440 1439 3492 1483 et

1967 1531 2095 1584 opus
2131 1516 2278 1584 ejus,
2311 1529 2365 1569 et
2401 1533 2603 1572 merces
2633 1519 2684 1570 in
2713 1526 2994 1587 conspectu
3025 1518 3228 1572 Domini
3261 1533 3376 1572 esse
3413 1519 3492 1574 di.-

1967 1605 2123 1669 citur,
2154 1616 2210 1658 ut
2240 1608 2422 1660 reddat
2456 1609 2740 1677 unicuique
2776 1608 3063 1663 secundum
3093 1624 3251 1675 opera
3287 1625 3404 1674 sua,
3435 1610 3490 1662 in

1966 1691 2178 1746 Christo
2207 1693 2332 1747 Jesu
2367 1696 2584 1750 Domino
2616 1706 2796 1751 nostro
2821 1734 2836 1760 ,
2873 1698 2958 1750 cui
2989 1707 3070 1751 est
3099 1697 3264 1765 gloria
3294 1707 3345 1751 et
3388 1697 3490 1750 im-

275 1781 434 1846 Deo,
477 1800 600 1837 cum
643 1785 760 1853 ipso
807 1788 1159 1853 praecipiente
1209 1797 1536 1841 numeratur.
1588 1789 1644 1841 Si
1688 1799 1862 1842 autem
1896 1761 1937 1813 Β
1967 1784 2168 1850 perium
2198 1785 2248 1836 in
2274 1785 2464 1838 swcula
2490 1786 2827 1840 saeculorum.
2855 1787 3041 1839 Amen.

271 1883 489 1925 contra
514 1883 847 1941 praeceptum
871 1875 1084 1927 Domini
1100 1875 1324 1928 voluerit
1347 1877 1537 1942 aliquis
1561 1891 1863 1940 numerare,

263 1961 420 2015 licet
459 1963 550 2016 ille
588 1964 757 2016 David
805 1966 879 2017 sit
905 2004 921 2026 ,
961 1964 1086 2017 licet
1115 1979 1337 2032 magnus
1369 1965 1644 2032 propheta,
1677 1973 1861 2017 contra

255 2051 468 2119 legem
498 2054 613 2121 agit
639 2093 654 2120 ,
689 2063 744 2106 et
791 2055 1037 2122 arguitur
1079 2070 1172 2122 per
1213 2055 1519 2122 pr0phetam
1545 2097 1557 2121 ,
1583 2064 1635 2107 et
1666 2057 1865 2123 patitur

258 2143 370 2194 illa
413 2161 541 2212 qua:
591 2146 647 2198 in
699 2147 942 2198 secundo
992 2145 1128 2198 libro
1158 2125 1454 2212 Regnorum
1486 2145 1709 2209 legimus
1734 2146 1864 2198 scri-

249 2244 364 2300 pta
407 2235 481 2286 ¹³.
513 2234 682 2288 Solus
729 2227 863 2302 ergo
893 2236 1004 2302 ipse
1046 2234 1136 2300 qui
1184 2243 1426 2286 numerat
1473 2233 1860 2286 multitudinem

247 2323 609 2385 stellarum,
639 2333 698 2375 et
723 2325 816 2388 qui
849 2325 1030 2376 omnia
1058 2339 1298 2378 mensura
1326 2332 1380 2376 et
1410 2337 1630 2376 numero
1656 2331 1708 2375 et
1736 2337 1866 2390 pon-

241 2413 417 2484 dere
461 2416 756 2481 produxit,
803 2415 1086 2482 investigat
1139 2429 1319 2468 semen
1347 2413 1510 2468 Iacob
1538 2424 1590 2467 et
1625 2414 1864 2468 dinume-

242 2518 318 2553 ra
331 2511 354 2553 ι
398 2502 630 2569 plebem
670 2502 859 2555 Israel.

328 2593 403 2644 4.
455 2591 596 2645 Post
657 2593 776 2645 hac
823 2592 976 2659 quasi
1025 2593 1089 2645 de
1128 2593 1418 2660 semetipso
1462 2593 1701 2660 quaedam
1738 2609 1862 2660 pro-

241 2677 523 2744 phetare
591 2680 831 2739 videtur,
899 2694 1022 2732 cum
1065 2679 1193 2731 dicit
1230 2680 1320 2731 “z
1367 2698 1386 2730 ι
1451 2679 1705 2733 Moriatur
1752 2681 1865 2734 ani-

243 2782 356 2820 ma
391 2783 530 2822 mea
565 2769 718 2820 inter
743 2769 955 2820 animas
978 2768 1331 2834 justorum,et
1361 2769 1451 2822 fiat
1479 2783 1655 2823 semen
1687 2784 1861 2823 meum

238 2859 430 2910 sicut
501 2873 699 2911 semen
755 2860 1047 2924 justorum.
1093 2875 1113 2907 ι
1177 2855 1282 2910 Sed
1334 2858 1435 2912 hoc
1487 2867 1739 2926 quantum
1798 2859 1864 2911 ad

241 2962 588 3012 personam
627 2957 846 3016 spectat
904 2949 1050 3000 illius
1090 2949 1301 3003 Balaam
1332 2988 1346 3012 ,
1383 2957 1438 3002 et
1491 2949 1630 3002 illius
1675 2949 1858 3013 Israel,

2515 1892 2784 1949 I‘IOMILIA
2821 1894 2956 1948 XVI.

2344 1992 2417 2044 De
2441 1993 2706 2059 praphelia
2733 1992 2836 2044 alia
2866 1991 3104 2044 Balaam.

2031 2082 2084 2134 1.
2111 2080 2290 2133 Priore
2317 2089 2572 2144 tractatu,
2601 2081 2912 2147 inquantum
2946 2081 3199 2148 possibile
3233 2081 3350 2146 fuit,
3382 2083 3492 2150 pri-

1964 2183 2076 2223 mas
2104 2178 2282 2236 partes
2305 2169 2594 2237 prophetiae
2624 2169 2836 2222 Balaam
2863 2171 3126 2237 explicare
3147 2173 3490 2226 tentavimus.

1963 2255 2259 2311 Secundum
2287 2271 2432 2310 nunc
2461 2258 2750 2325 prophetiae
2783 2258 2988 2309 initium
3015 2258 3335 2325 sumpsimus
3356 2259 3488 2326 (65),

1962 2351 2018 2394 ut
2053 2343 2094 2395 si
2125 2343 2374 2396 Dominus
2402 2345 2643 2412 aspirare
2681 2343 2922 2412 dignetur
2945 2383 2957 2406 ,
2985 2344 3140 2395 etiam
3174 2345 3239 2397 de
3271 2345 3368 2398 hac
3396 2360 3490 2414 pro

1962 2431 2182 2495 viribus,
2217 2447 2332 2498 quae
2360 2447 2645 2486 occurrere
2676 2434 2965 2499 potuerint,
3011 2433 3063 2486 in
3099 2433 3327 2486 medium
3364 2449 3490 2502 pro-

1963 2517 2210 2573 feramus.
2240 2519 2622 2574 lnconveniens
2649 2521 2787 2573 enim
2820 2520 2947 2572 mihi
2976 2521 3142 2572 visum
3170 2532 3269 2582 est,
3301 2536 3490 2588 quam--

1963 2607 2040 2660 vis
2070 2607 2182 2660 lizee
2213 2607 2440 2661 dilIicilia
2461 2608 2760 2671 videantur,
2793 2607 3184 2673 interrumpere
3209 2617 3488 2662 tractatum

1961 2712 2160 2757 eorum,
2210 2698 2490 2764 quominus
2539 2697 2603 2750 de
2635 2697 2854 2764 singulis
2898 2712 3014 2763 qua:
3042 2699 3490 2766 comprehendere

1962 2799 2258 2851 possumus,
2293 2785 2638 2852 explicemus.
2672 2785 2834 2854 Igitur
2863 2785 3053 2839 Balach
3085 2800 3195 2851 rex,
3222 2788 3381 2839 veluti
3409 2798 3486 2841 at-

1965 2871 2158 2924 tonitus
2183 2910 2197 2935 ,
2243 2880 2298 2924 et
2336 2886 2617 2938 percussus
2641 2886 2700 2924 ex
2736 2873 2800 2925 iis
2837 2887 2952 2939 quae
2982 2881 3164 2925 contra
3213 2887 3355 2941 spem
3386 2875 3488 2930 dici

1961 2958 2175 3011 videbat
2208 2974 2236 3011 a
2264 2957 2500 3021 Balaam,
2529 2958 2922 3014 benedictiones
2943 2959 3052 3031 (64)
3083 2962 3220 3014 enim
3251 2977 3347 3029 pro
3372 2977 3488 3015 ma.

239 3050 369 3090 nec
423 3037 650 3091 factum
691 3048 808 3098 est,
849 3052 951 3090 nec
993 3038 1104 3091 fieri
1146 3041 1359 3107 potuit:
1402 3054 1502 3092 non
1543 3041 1683 3094 enim
1723 3041 1862 3094 inter
1887 3062 1931 3118 α
1965 3044 2325 3098 ledictionibus
2356 3045 2624 3108 audiebat,
2651 3045 2788 3097 ultra
2824 3061 2927 3099 non
2959 3047 3168 3108 ferens,
3206 3046 3490 3116 interrupit

239 3123 434 3191 ipsos
465 3165 483 3190 ,
526 3126 624 3178 sed
661 3125 733 3177 ab
769 3126 899 3191 ipsis
939 3139 1181 3180 mortuus
1218 3135 1317 3179 est.
1367 3126 1529 3194 Magis
1583 3128 1722 3180 enim
1749 3166 1764 3190 ,
1805 3138 1861 3180 ut

241 3214 558 3276 diximus,
600 3214 850 3280 ipsorum
891 3229 1133 3280 personae
1169 3215 1482 3268 conveniet:
1515 3198 1767 3283 qui'licet
1808 3218 1859 3271 in

241 3305 551 3370 pmsenti
588 3302 798 3356 saeculo
826 3317 1000 3355 vanus
1037 3302 1259 3370 populus
1286 3303 1563 3364 habeatur,
1594 3305 1713 3371 quia
1749 3305 1862 3360 sine

238 3394 472 3456 gratia
531 3400 622 3445 est
665 3389 910 3458 Spiritus
972 3393 1176 3454 sancti,
1218 3392 1271 3445 in
1317 3391 1418 3444 line
1468 3401 1639 3445 tamen
1685 3393 1863 3446 saeculi

236 3494 396 3533 eum
461 3481 753 3548 plenitudo
793 3482 1032 3549 gentium
1093 3481 1388 3544 introierit,
1429 3491 1482 3533 et
1542 3483 1713 3536 omnis
1766 3481 1862 3536 is'ta

241 3572 578 3638 prophetia
625 3586 756 3638 qum
811 3571 878 3623 de
928 3571 1092 3624 Israel
1144 3572 1370 3632 dicitur,
1414 3572 1464 3624 in
1517 3573 1741 3638 spiritali
1790 3573 1866 3628 ls-

241 3661 430 3714 raele
477 3660 646 3712 interit
683 3659 931 3726 impleta,
975 3669 1098 3711 tunc
1125 3662 1300 3712 anima
1327 3660 1441 3727 ejus
1468 3660 1721 3713 morietur
1744 3677 1862 3714 cum

243 3750 586 3802 animabus
625 3749 934 3816 juStorum.
996 3750 1259 3815 Snscipict
1303 3749 1443 3801 enim
1500 3750 1549 3801 in
1596 3764 1653 3802 se
1712 3750 1866 3803 {idem

239 3837 528 3898 Christi,
588 3837 666 3894 ita
700 3844 760 3886 ut
794 3844 848 3886 et
899 3835 996 3901 ipsi
1028 3836 1315 3888 dicam”:
1365 3855 1383 3886 ι
1423 3835 1520 3900 Qui
1567 3836 1618 3888 in
1656 3836 1868 3890 Christo

241 3924 551 3991 baptizati
593 3936 794 3975 sumus
822 3960 837 3982 ,
892 3922 942 3974 in
976 3931 1148 3976 morte
1192 3923 1358 3990 ipsius
1389 3923 1640 3989 baptizati
1667 3937 1865 3976 smnus.

238 4011 606 4076 Consepulti
625 4011 779 4062 enim
803 4025 990 4064 smnus
1015 4011 1087 4063 illi
1114 4025 1208 4078 per
1229 4011 1545 4077 baptismum
1570 4012 1620 4064 in
1647 4023 1864 4067 morte.»

244 4100 324 4153 Et
358 4102 587 4154 iterum
621 4099 670 4128 "
697 4114 712 4150 :
750 4116 771 4145 ι
807 4097 862 4149 Si
894 4099 1036 4150 enim
1064 4100 1468 4163 commorimur,
1496 4109 1547 4151 et
1576 4115 1867 4169 conregna-

243 4189 484 4242 bimus.
523 4206 546 4238 ι
575 4186 648 4238 ΕΙ.
665 4186 754 4238 sic
781 4200 908 4238 vere
925 4187 1613 4258 complebiturintelligibili
1633 4190 1868 4255 Balaam,

241 4288 314 4330 ut
372 4277 680 4331 moriatur
727 4276 911 4326 anima
973 4275 1088 4340 ejus
1139 4277 1285 4329 inter
1330 4279 1538 4333 animas
1580 4279 1866 4345 justorum.

1961 3136 2120 3184 verba
2151 3131 2282 3198 ejus,
2317 3141 2372 3185 et
2404 3134 2478 3186 ait
2505 3135 2545 3163 ²¹
2574 3152 2587 3186 :
2624 3151 2642 3184 ι
2671 3134 2807 3198 Quid
2839 3135 3008 3188 fecisti
3044 3137 3172 3189 mihi
3209 3137 3232 3188 ?
3263 3137 3340 3191 Ad
3373 3153 3487 3191 ma-

1961 3219 2262 3274 ledicendos
2306 3222 2547 3275 inimicos
2578 3237 2722 3276 meos
2759 3225 2940 3276 vocavi
2972 3233 3054 3289 te,
3091 3233 3144 3278 et
3170 3239 3294 3278 ecce
3329 3225 3490 3278 bene-

1963 3305 2141 3357 dixisti
2170 3305 2556 3358 benedictione.
2595 3323 2613 3354 ι
2648 3303 2761 3357 Non
2796 3306 2914 3357 tulit
2954 3322 3044 3359 rex
3081 3321 3291 3360 amarus
3332 3309 3491 3362 bene-

1963 3394 2250 3447 dictionum
2323 3393 2688 3456 dulcedinem,
2749 3394 2839 3447 sed
2919 3395 3199 3448 maledicta
3266 3399 3488 3463 quaerit,

1962 3479 2240 3533 maledicta
2293 3479 2558 3545 deposcit.
2600 3479 2690 3530 Est
2749 3479 2890 3531 enim
2947 3493 3012 3531 ex
3063 3479 3378 3546 cognatione
3429 3482 3492 3534 il-

1964 3566 2106 3630 lius,
2158 3567 2220 3617 ad
2278 3580 2433 3632 quem
2492 3565 2627 3617 dixit
2677 3565 2926 3618 Dominus
2960 3566 3003 3594 "
3049 3581 3063 3617 :
3125 3581 3143 3613 ι
3189 3564 3493 3620 Maledictus

1966 3664 2018 3707 tu
2063 3655 2128 3706 ab
2176 3654 2422 3706 oumibus
2473 3653 2660 3705 bestiis
2706 3661 2876 3705 teme.
2914 3669 2931 3701 ι
2977 3651 3078 3704 Sed
3109 3652 3233 3718 quid
3263 3652 3326 3702 ad
3379 3654 3490 3704 IIIBC

1963 3741 2123 3812 329
2154 3740 2419 3809 respondit
2451 3741 2497 3793 ei
2525 3739 2630 3803 ille,
2667 3739 2749 3792 eui
2784 3739 2997 3791 verbum
3028 3737 3163 3789 Deus
3194 3738 3242 3789 in
3276 3751 3366 3790 ore
3397 3752 3489 3803 po-

1965 3834 2176 3888 suerat?
2204 3853 2221 3884 ι
2254 3833 2434 3886 Nonne
2465 3845 2816 3899 quaecunque,
2854 3829 3046 3896 inquit,
3082 3829 3321 3894 injecerit
3353 3829 3491 3882 Deus

1969 3923 2017 3974 in
2047 3937 2105 3974 os
2132 3935 2326 3984 meum,
2357 3921 2469 3973 haec
2489 3919 2785 3973 observabo
2811 3916 2950 3984 loqui
2982 3917 3064 3968 ’3?
3090 3934 3108 3967 ι
3139 3917 3216 3968 Ad
3247 3917 3357 3969 [nec
3389 3916 3491 3968 Ba-

1967 4011 2081 4062 lacli
2114 4018 2300 4076 putans
2343 4008 2463 4075 quia
2513 4008 2824 4076 perterritus
2866 4015 3007 4058 esset
3058 4005 3270 4057 Balaam
3315 4004 3491 4072 populi

1968 4096 2238 4149 lsraelitici
2266 4095 2625 4158 multitudine,
2655 4104 2709 4148 et
2747 4093 2940 4147 idcirco
2984 4108 3085 4147 non
3118 4093 3304 4146 fuisset
3331 4108 3494 4146 ausus

1969 4186 2204 4252 proferre
2257 4185 2555 4249 maledicta,
2605 4184 2948 4236 mutationem
2999 4184 3097 4236 sibi
3139 4183 3237 4236 loci
3269 4182 3495 4236 credidit

1969 4273 2321 4342 profuturam,
2372 4284 2424 4326 et
2467 4273 2542 4325 ait
2581 4271 2646 4324 ad
2682 4286 2800 4324 eum
2831 4287 2845 4325 :
2878 4288 2896 4320 ι
2929 4269 3060 4324 Veni
3093 4272 3263 4325 adhuc
3289 4285 3493 4324 mecum

242 4365 431 4430 Quod
480 4374 680 4416 autem
718 4363 851 4416 dicit
892 4365 933 4395 "
960 4404 976 4429 ,
1012 4382 1030 4414 ι
1073 4373 1136 4416 ιιι
1172 4363 1265 4415 liat
1296 4379 1474 4417 semen
1510 4381 1683 4418 meum
1730 4369 1866 4420 sicut
1899 4376 1940 4428 ι)
1970 4362 2022 4413 in
2063 4361 2232 4413 locum
2269 4361 2428 4413 alium
2455 4363 2519 4414 de
2551 4374 2653 4427 quo
2692 4368 2856 4412 totum
2885 4375 2988 4413 non
3024 4360 3202 4413 videas
3229 4374 3372 4422 eum,
3405 4359 3496 4411 sed

241 4467 466 4506 semen
492 4454 808 4521 justorum,
850 4470 870 4501 ι
909 4461 1096 4518 posset
1119 4451 1336 4518 quidem
1365 4463 1418 4504 et
1445 4453 1508 4506 de
1538 4454 1624 4506 illo
1653 4454 1865 4507 Balaam

242 4541 509 4609 intelligi
542 4579 559 4601 ,
591 4539 900 4592 secundum
934 4541 1038 4592 hoc
1069 4540 1214 4605 quod
1246 4541 1378 4606 magi
1410 4539 1521 4602 illi,
1548 4543 1638 4610 qui
1662 4543 1728 4596 de
1754 4543 1868 4595 ori—

239 4643 394 4684 ente
432 4632 734 4682 venientes
781 4629 940 4695 primi
996 4629 1234 4681 adorare
1269 4641 1522 4684 venerunt
1560 4632 1768 4695 Iesum,
1804 4633 1868 4686 de

241 4720 490 4774 semine
519 4718 649 4784 ejus
683 4730 802 4768 esse
834 4716 1134 4768 videantur
1156 4753 1172 4776 ,
1207 4716 1317 4769 sive
1356 4732 1448 4784 per
1476 4722 1862 4773 successionem

241 4807 521 4878 generis.
553 4806 678 4858 sive
703 4819 802 4870 per
832 4803 1148 4868 disciplinae
1192 4803 1548 4859 traditionem.
1585 4807 1871 4859 Evidenter

241 4897 421 4949 enim
461 4902 690 4948 constat
719 4892 842 4944 illos
869 4891 1177 4956 agnovisse
1204 4890 1442 4957 stellam,
1480 4912 1636 4963 quam
1682 4898 1873 4962 pra'di-

240 4992 430 5034 xerat
462 4979 692 5032 Balaam
725 4977 1002 5029 orituram
1038 4975 1094 5024 in
1138 4973 1320 5036 Israel,
1351 4986 1400 5029 et
1429 4983 1512 5034 sic
1545 4983 1750 5035 venisse
1778 5021 1792 5041 ,
1821 4992 1873 5036 ει

244 5072 540 5125 adorasse
575 5080 764 5133 regem
812 5063 912 5130 qui
947 5070 1122 5114 natus
1156 5071 1240 5114 est
1270 5063 1317 5116 in
1357 5065 1550 5122 Israel.
1585 5069 1876 5124 Conveniet

323 5202 381 5236 ιο
407 5201 451 5254 ιι
473 5200 610 5268 Reg,
643 5213 796 5268 xxiv.
851 5197 925 5268 _“'
959 5195 1104 5268 hinni
1151 5209 1294 5260 xxiii,
1316 5198 1394 5268 IO.

1477 5203 1521 5233 ¹⁸
1549 5203 1701 5258 Rom.
1734 5221 1801 5266 vv,
1837 5207 1890 5268 5,
1923 5207 1974 5258 4.

1974 4458 2179 4515 partem
2210 4449 2440 4516 aliquam
2481 4448 2595 4516 ejus
2619 4449 2821 4512 videas,
2857 4463 3047 4501 omnes
3065 4459 3246 4501 autem
3273 4464 3376 4500 non
3420 4448 3500 4500 vi-

1973 4539 2117 4600 deas,
2150 4547 2203 4592 et
2255 4539 2476 4592 maledic
2515 4539 2640 4591 mihi
2679 4553 2798 4591 eum
2840 4540 2959 4594 inde
2987 4540 3052 4595 ".
3099 4560 3117 4591 ι
3152 4541 3376 4594 Demens
3407 4540 3495 4606 qui

1973 4627 2312 4680 lsraeliticam
2343 4629 2565 4697 gratiam
2597 4629 2696 4680 loci
2731 4628 3025 4696 objectione
3065 4632 3304 4682 crederet
3341 4642 3496 4695 posse

1977 4716 2157 4778 celari,
2193 4725 2245 4767 ct
2275 4718 2362 4783 qui
2389 4718 2620 4770 nesciret
2647 4721 2766 4784 quia
2806 4736 2907 4770 non
2940 4727 3109 4785 potest
3140 4719 3387 4772 abscondi
3425 4719 3499 4770 ci-

1975 4807 2109 4858 vitas
2129 4821 2283 4872 supcr
2308 4816 2532 4860 montem
2555 4810 2722 4874 positu
2755 4809 2871 4867 ³⁸η(
2896 4809 2957 4860 Et
2978 4810 3278 4874 assumpsit,
3309 4806 3498 4874 inquit,

1976 4907 2093 4946 eum
2144 4894 2193 4944 iu
2238 4895 2500 4959 speculam
2529 4897 2641 4961 agri
2686 4896 2734 4948 in
2762 4898 3012 4950 verticem
3045 4896 3236 4948 montis
3264 4896 3415 4956 caesi,
3449 4903 3501 4945 et

1979 4982 2270 5050 construxit
2315 4982 2385 5034 ibi
2420 4991 2621 5050 septem
2661 4999 2801 5046 aras,
2832 4993 2884 5037 et
2928 4985 3173 5051 imposuit
3198 4983 3412 5033 vitulum
3449 4990 3503 5032 et

1979 5072 2196 5124 arietem
2230 5086 2388 5140 super
2431 5088 2595 5150 aram,
2636 5083 2690 5127 et
2737 5073 2868 5125 dixit
2914 5071 3122 5123 Balaam
3164 5072 3225 5122 ad
3257 5069 3447 5120 Bulach
3481 5082 3494 5117 :

2051 5208 2092 5238 ¹⁸
2115 5207 2150 5257 ll
2182 5208 2318 5263 Tim.
2351 5224 2386 5260 ll
2408 5248 2422 5270 ,
2454 5208 2655 5270 11,12.
2736 5209 2775 5240 "
2794 5208 2946 5260 Num.
2971 5222 3124 5265 χχιιι,
3151 5204 3235 5256 l0.
3309 5202 3350 5270 ξε
3379 5199 3498 5270 Cal.

238 5291 318 5349 τε·
335 5272 404 5323 6.
433 5261 690 5349 ’.η-βω..
728 5281 806 5326 vr,
981 5262 1028 5290 ²⁰
1061 5261 1165 5313 lsa.
1199 5276 1313 5318 un.
1343 5267 1424 5320 ll.
1497 5272 1538 5300 ἰ
1574 5271 1725 5322 Νιιιιι.
1757 5261 1864 5327 χ’χιι

1975 5276 2024 5328 ι.
2094 5261 2421 5341 ¹²οειιξιιιξ
2459 5261 2553 5329 Μί
2617 5277 2662 5310 ³³
2710 5275 2864 5328 Nunt.
2919 5288 3070 5333 xxiii,
3281 5269 3324 5298 ”
3363 5267 3487 5319 ibid.

241 5331 344 5396 I3.
433 5336 480 5366 ”
516 5334 724 5386 Matth.
756 5347 813 5392 ν,
853 5331 948 5381 14.

316 5449 440 5518 (ει-ξ)
470 5449 527 5498 ln
568 5440 940 5518 antea-editis
971 5438 1127 5518 deest
1160 5453 1179 5514 ς
1214 5452 1272 5491 ex
1311 5449 1586 5510 gentibus
1611 5490 1624 5514 ,
1664 5470 1680 5501 ι
1728 5455 1872 5518 quod

230 5504 538 5580 suppletur
563 5527 598 5564 e
624 5511 832 5580 codice
855 5504 1194 5554 Corheiensi.

312 5573 432 5650 '(63)
466 5581 571 5633 M5,
612 5573 952 5629 Coi-beiens.
1010 5585 1028 5615 ι
1053 5581 1332 5640 sumemus,
1367 5598 1386 5630 ι
1437 5591 1515 5634 ct
1543 5586 1690 5649 paulo
1721 5597 1867 5652 post,

1981 5475 1998 5506 ‹
2036 5473 2150 5522 quae
2185 5459 2540 5518 occurrerinl,
2573 5473 2623 5508 ιιι
2656 5455 2877 5506 medium
2909 5449 3256 5522 proferamus.
3278 5465 3313 5522 _i
3429 5512 3457 5522 η

2045 5515 2151 5593 (6t)
2185 5525 2322 5576 Idem
2354 5563 2369 5586 ,
2417 5542 2435 5574 ι
2470 5515 2878 5576 benedictioues.
2910 5515 2928 5566 ι
2980 5516 3124 5568 Alias
3149 5554 3161 5577 ,
3213 5532 3230 5563 ‹
3277 5515 3496 5566 benedi-

1975 5596 2220 5648 ctionem.
2258 5611 2274 5641 ι
