3838 6240
158 331 255 388 691

161 531 359 586 contari
396 529 577 582 Deum.
620 527 687 579 Et
727 527 958 580 occurrit
980 527 1116 579 Deus
1139 525 1233 593 ipsi
1266 523 1500 583 Balaam,
1530 526 1585 572 et
1615 516 1696 570 in-

156 618 286 688 iecit
307 617 525 670 verbum
561 616 612 666 in
637 630 698 668 os
726 614 858 681 ejus,
893 623 945 666 et
969 614 1122 675 dixit,
1151 631 1167 663 ι
1198 613 1313 665 sine
1344 609 1501 664 dubio
1524 608 1693 660 Deus:

167 723 188 758 ι
233 705 554 759 Convertere
597 705 659 755 ad
701 703 914 762 Balacb.
957 712 1011 754 et
1061 702 1171 753 haec
1212 699 1461 766 loqueris.
1509 696 1576 747 At
1609 693 1699 747 ille

168 796 289 866 (hoc
328 803 408 847 est
432 792 648 861 Balach)
677 795 849 846 stabat
877 792 1031 859 juxta
1077 790 1527 843 holocaustomata
1579 798 1693 847 sua,

166 897 221 940 et
268 900 455 939 omnes
499 885 765 953 principes
797 883 951 936 Moab
984 897 1102 934 cum
1127 881 1235 934 illo.
1268 880 1335 933 Et
1357 879 1487 931 dixit
1518 877 1565 929 ei
1594 876 1699 927 Ba-

167 975 322 1027 lach:
355 973 489 1039 Quid
522 973 729 1026 locutus
772 982 856 1025 est
887 971 1139 1023 Dominus
1171 969 1253 1021 "?
1285 986 1305 1020 ι
1343 967 1450 1019 Res
1487 964 1701 1033 quidem

170 1064 405 1135 profanis
449 1062 726 1116 sacriﬁciis
770 1062 1072 1130 gerebatur,
1105 1067 1159 1113 et
1198 1057 1453 1111 divinatio
1496 1054 1701 1123 magica

171 1162 287 1207 arte
328 1152 697 1223 requirebatur
748 1150 908 1220 (65):
964 1150 1148 1204 volens
1202 1156 1375 1201 tamen
1435 1145 1576 1198 Deus
1630 1142 1704 1195 ibi

172 1243 440 1296 abundare
468 1241 712 1309 gratiam,
741 1240 828 1293 ubi
864 1236 1311 1307 superabundavit
1332 1243 1608 1301 peccatum
1635 1230 1701 1292 ’⁷,

173 1333 358 1386 adesse
389 1331 651 1397 dignatur,
695 1343 793 1382 nec
845 1326 1041 1396 refugit
1084 1326 1152 1379 ab
1200 1325 1285 1387 iis,
1317 1338 1435 1391 quae
1487 1336 1589 1373 non
1622 1333 1705 1373 se-

176 1421 402 1475 cundum
449 1419 789 1473 lsraeliticam
844 1415 1206 1484 disciplinam,
1270 1413 1364 1467 sed
1416 1409 1705 1465 secundum

175 1509 447 1577 gentilium
499 1506 820 1576 gerebantur
866 1518 1124 1558 errorem.
1168 1502 1331 1556 Adest
1377 1509 1553 1552 autem
1602 1510 1707 1549 nor.

176 1598 470 1662 sacriﬁciis,
499 1597 590 1651 sed
618 1597 669 1649 in
703 1610 982 1649 occursum
1020 1592 1268 1654 venienti,
1293 1599 1346 1643 et
1368 1589 1438 1641 ibi
1467 1588 1555 1640 dat
1589 1600 1707 1638 ver-

178 1686 300 1738 bum
336 1699 509 1745 suum,
559 1694 717 1751 atque
756 1682 826 1736 ibi
860 1681 1111 1750 mysteria
1153 1679 1326 1732 futura
1367 1677 1689 1745 prmnuutiat

177 1776 264 1830 ubi
292 1776 517 1828 maxime
545 1774 674 1828 ﬁdes
702 1782 754 1826 et
782 1772 1065 1825 admiratio
1095 1769 1371 1837 gentilium
1402 1767 1616 1836 pendet,
1651 1775 1710 1818 ut

177 1866 268 1934 qui
296 1866 490 1921 nostris
525 1864 709 1917 nolunt
740 1862 957 1916 credere
985 1859 1282 1930 prophetis,
1315 1858 1536 1911 credant
1579 1855 1714 1909 divi-

132 1978 137 1981 ·
180 1953 262 2008 nis
285 1963 339 2006 et
358 1954 562 2006 vatibus
590 1952 719 2023 suis.

249 2043 304 2093 2.
344 2059 363 2092 ι
395 2041 458 2095 Ει
488 2055 792 2105 assumens,
830 2040 1018 2109 inquit,
1058 2037 1363 2107 parabolam
1393 2051 1568 2109 .suam
1637 2035 1720 2088 di-

185 2133 278 2184 xit.
312 2151 331 2183 ι
374 2131 474 2185 Per
519 2130 823 2199 parabolam
862 2143 989 2197 ergo
1030 2127 1161 2182 dicit
1199 2128 1452 2180 Balaam:
1491 2144 1507 2177 t
1544 2124 1716 2192 Surge

186 2221 398 2286 Balach,
443 2229 495 2275 et
521 2222 663 2283 audi,
697 2220 912 2274 auribus
944 2220 1154 2288 percipe
1203 2218 1353 2271 testis
1384 2217 1454 2271 ﬁli
1489 2216 1711 2285 Sephor.

189 2310 299 2365 Non
341 2314 479 2366 sicut
515 2314 671 2365 homo
698 2311 834 2367 Deus
873 2311 1180 2371 frustratur,
1217 2322 1387 2375 neque
1415 2307 1553 2360 sicut
1580 2305 1718 2359 ﬁlius

187 2401 415 2455 hominis
445 2410 693 2455 terretur.
730 2398 845 2468 ipse
873 2415 994 2454 cum
1021 2400 1232 2464 dixerit,
1259 2414 1361 2452 non
1398 2396 1587 2450 faciet?
1641 2393 1710 2449 lo-

187 2501 373 2557 quetur
407 2500 460 2542 et
508 2504 609 2543 non
641 2489 1002 2557 permanebit?
1032 2488 1168 2541 Ecce
1202 2486 1266 2540 ad
1299 2486 1716 2541 benedicendum

188 2588 486 2647 assumptus
531 2593 670 2644 sum,
705 2578 1037 2641 benedicam,
1074 2586 1129 2631 et
1178 2590 1279 2630 non
1308 2582 1547 2627 avertam
1576 2587 1716 2629 eam.

189 2669 300 2724 Non
329 2671 433 2724 erit
477 2670 632 2725 labor
656 2670 709 2723 in
759 2670 937 2731 Jacoh,
972 2682 1141 2736 neque
1171 2667 1437 2719 videbitur
1481 2664 1631 2720 dolor
1665 2665 1719 2717 in

192 2760 370 2815 Israel.
426 2760 680 2815 Dominus
728 2762 864 2813 Deus
913 2773 1043 2812 suus
1091 2771 1212 2809 cum
1279 2756 1414 2823 ipso,
1466 2754 1721 2823 praeclara

194 2850 488 2918 principum
515 2865 634 2904 cum
658 2851 773 2916 ipso
810 2855 950 2902 sunt.
986 2849 1125 2900 Deus
1150 2843 1240 2911 qui
1269 2843 1454 2896 eduxit
1485 2857 1608 2897 eum
1656 2857 1720 2895 ex

196 2934 439 3012 Egypto,
488 2945 623 2996 sicut
648 2943 812 3009 gloria
846 2939 1113 2994 unicornis
1151 2936 1285 3001 ejus.
1313 2935 1428 2988 Non
1454 2936 1595 2988 enim
1622 2935 1725 2988 erit

1572 305 1885 369 ORIGENIS

160 442 364 498 Assiste
388 439 455 493 ad
475 436 796 492 sacriﬁcium
832 446 1000 500 tuum,
1040 451 1141 503 ego
1174 447 1300 487 vero
1324 445 1542 501 pergam
1573 442 1697 496 pere
1726 426 1771 483 Δ
1801 424 2001 480 habeas
2028 420 2195 474 talem
2222 415 2562 487 opinionem
2600 406 2676 459 de
2710 402 2863 464 Deo.

1693 1716 1707 1740 ’
1742 1722 1785 1776 Β

3540 259 3685 315 692

2903 406 2982 453 ut
3026 401 3263 461 putes
3289 396 3473 441 eum
3518 388 3687 432 esse

1796 518 1938 569 sicut
1989 467 2301 572 hominem:
2349 506 2450 574 qui
2496 505 2554 557 itt
2595 501 2673 555 iis
2702 510 2843 566 qua:
2902 485 3275 556 loquitur,
3341 467 3687 574 τηιειξξξῖ

1796 604 1988 673 possit.
2031 600 2301 655 Homines
2342 596 2497 651 enim
2540 588 2752 645 multis
2784 574 3317 640 occasionibus
3370 572 3452 621 et
3488 561 3690 673 viiiis

1797 653 2198 762 impediuntur,
2259 704 2334 743 ne
2394 698 2595 739 verum
2665 679 2750 732 sit
2810 670 2988 743 quod
3043 666 3519 762 loquuntur.
3551 653 3691 762 Au:

1800 741 1921 840 iraIii
1974 784 2125 837 enim
2151 782 2488 849 loquuntur,
2527 782 2587 828 et
2616 773 2709 825 ira
2746 771 3068 821 cessante
3111 757 3427 849 frustra
3472 741 3689 845 locuti

1801 883 1969 928 sunt:
2019 881 2115 926 aut
2173 835 2384 930 metus,
2443 835 2544 917 aut
2594 852 3008 924 cupiditatis,
3094 852 3237 898 aut
3313 835 3695 930 iactantia:

1803 962 2007 1031 gratia,
2032 960 2269 1028 aliisque
2305 957 2510 1010 borum
2564 946 2907 1005 similibus,
2945 948 3028 993 et
3068 935 3362 1031 utique
3432 926 3696 1031 frustra.

1803 1012 1932 1115 Erit,
1965 1012 2019 1103 e't
2042 1012 2241 1100 vanuin
2259 1055 2429 1097 omne
2453 1035 2745 1108 quidquid
2774 1031 2934 1084 vitio
2962 1023 3447 1080 dOminaute
3485 1012 3699 1068 locuti

1806 1106 1952 1196 sunt.
1970 1140 2108 1193 Deus
2127 1144 2335 1198 autem,
2353 1134 2407 1187 in
2426 1106 2545 1200 quo
2562 1126 2725 1182 nulla
2751 1133 2844 1178 est
2867 1118 3165 1192 passio,
3197 1112 3413 1168 nulla
3434 1106 3703 1175 fragili-

1810 1242 1914 1298 tas,
1931 1244 2093 1285 omne
2109 1227 2255 1297 quod
2272 1222 2504 1282 dixerit,
2527 1233 2637 1288 pro
2651 1227 3012 1271 causarum
3049 1205 3374 1293 meritis
3400 1201 3576 1254 dicit
3592 1217 3611 1251 :
3633 1208 3699 1253 et

1809 1288 1931 1375 ideo
1951 1288 2225 1386 nunquam
2242 1309 2509 1367 frustrari
2538 1315 2764 1376 potest,
2788 1302 2948 1371 quia
2980 1295 3202 1366 quod
3238 1288 3538 1348 ratione
3558 1303 3706 1357 pro-

1811 1382 2203 1472 fertur,carere
2218 1417 2325 1456 non
2347 1407 2536 1469 potest
2568 1396 2848 1450 ratione:
2879 1387 3089 1442 «Non
3134 1398 3341 1451 ergo
3367 1382 3564 1434 Deus
3584 1382 3707 1433 sio-

1809 1498 2068 1560 uthomo,
2084 1494 2175 1563 qui
2195 1493 2405 1545 frustra
2420 1488 2728 1557 loquatur,
2754 1494 2983 1549 neque
3007 1477 3229 1532 sicut
3251 1475 3462 1527 filius
3484 1472 3711 1526 homi-

1812 1590 1895 1641 nis
1929 1594 2185 1644 terretur,
2213 1600 2231 1632 ι
2258 1580 2347 1633 vel
2382 1577 2472 1646 (ut
2504 1579 2561 1631 iu
2590 1574 2726 1628 aliis
2753 1566 3336 1639 exemplaribus
3376 1564 3709 1632 legimus)

1819 1692 1838 1726 ι
1859 1688 2035 1743 neque
2058 1674 2199 1727 sicut
2232 1670 2374 1722 ﬁlius
2399 1666 2656 1721 hominis
2683 1671 2914 1718 terret.
2947 1680 2972 1712 ι
3003 1658 3031 1710 1
3053 1673 3101 1709 n
3139 1656 3585 1710 hominibus
3618 1655 3710 1705 in-

1813 1765 2026 1819 terdum
2044 1761 2370 1816 sententiam
2388 1764 2575 1810 mutat
2593 1764 2819 1818 terror,
2840 1752 3042 1806 Deus
3065 1758 3338 1802 autem
3358 1747 3489 1817 qui
3505 1760 3704 1812 supra

1814 1854 1990 1907 omnia
2021 1861 2125 1916 est,
2155 1866 2183 1903 a
2217 1864 2327 1918 quo
2358 1846 2566 1901 terreri
2604 1853 2839 1912 potest,
2887 1852 2966 1896 ut
3038 1841 3520 1895 sententiam
3563 1851 3711 1889 mu-

1817 1941 1920 1996 tet?
1981 1939 2039 1993 Si
2086 1952 2216 1993 vero
2262 1936 2576 1991 secundum
2614 1935 2734 1988 hoc
2784 1931 3306 2000 accipiamus,
3354 1926 3565 1998 ζῳιοά
3639 1926 3705 1978 in

1816 2035 1935 2089 aliis
1980 2029 2397 2098 exemplaribus
2446 2027 2707 2079 diximus
2748 2022 3055 2086 lectum,
3112 2021 3274 2074 hoc
3312 2027 3463 2080 est,
3514 2035 3541 2068 ο
3589 2030 3706 2069 ne-

1817 2135 1921 2190 que
1967 2121 2107 2174 sicut
2161 2118 2304 2170 ﬁlius
2345 2113 2603 2168 hominis
2653 2117 2913 2173 terret;
2963 2128 2991 2159 ι
3082 2106 3285 2161 illud
3358 2104 3710 2160 videbitur

1819 2211 1942 2274 dici,
1968 2208 2108 2277 quod
2139 2205 2392 2259 homines
2423 2201 2661 2270 quidem
2713 2196 3100 2252 interdum
3170 2210 3322 2265 pro
3363 2193 3709 2262 iactantia

1820 2312 2055 2355 terrores
2085 2297 2291 2350 faciunt
2326 2304 2385 2347 et
2436 2293 2653 2354 minas,
2692 2289 2903 2343 etiam
2956 2288 3064 2343 iis
3138 2300 3704 2355 nonnunquam,

1820 2391 2014 2461 quibus
2048 2399 2243 2441 nocere
2273 2398 2383 2437 non
2419 2387 2700 2450 possunt;
2756 2379 2941 2432 Deus
2976 2385 3263 2430 autem
3310 2391 3461 2430 non
3495 2382 3709 2428 terret

1821 2478 2183 2537 ilahomines.
2216 2472 2377 2542 quasi
2420 2471 2516 2538 qui
2548 2468 2771 2537 punire
2808 2483 2956 2522 non
3008 2468 3311 2535 possit,
3368 2476 3447 2520 et
3488 2466 3545 2519 si
3577 2474 3707 2520 ter-

1822 2577 1922 2632 ret,
1952 2568 2164 2621 ratione
2196 2572 2386 2618 terret.
2424 2561 2635 2613 Terret
2675 2557 2851 2611 enim
2898 2566 2983 2610 ut.
3057 2560 3451 2629 corripiat
3486 2558 3702 2611 hami-

1822 2675 1942 2714 nem
1972 2659 2023 2711 in
2058 2653 2356 2709 auditionis
2400 2650 2818 2711 tribulatione,
2882 2659 2967 2702 ιιι
3014 2651 3271 2704 verbo
3321 2648 3707 2704 commina-

1822 2748 1984 2804 tionis
2006 2743 2300 2799 deterritus
2330 2740 2600 2794 emendet
2626 2753 2691 2792 se
2726 2738 2839 2805 qui
2900 2738 3118 2793 male
3158 2741 3359 2809 agit,
3398 2753 3531 2796 nec
3558 2755 3703 2807 per—

1822 2839 2001 2892 veniat
2033 2836 2099 2887 ad
2127 2847 2249 2885 eum
2282 2830 2401 2898 ipsa
2430 2828 2688 2880 vindicta
2713 2826 2892 2880 male
2923 2837 3348 2894 gestorum
3387 2843 3695 2883 suorum.

1824 2928 1941 2983 Non
1963 2939 2090 2994 ergo
2109 2925 2182 2976 ita
2202 2921 2352 2975 Deus
2370 2928 2551 2972 terret
2568 2925 2633 2969 ιιι
2656 2916 2886 2981 homo;
2910 2919 3163 2974 homo
3190 2922 3709 2990 enim'(utdixi.

198 3036 476 3103 auguratio
534 3037 583 3087 in
625 3033 788 3087 Jacoh
833 3047 1001 3099 neque
1045 3031 1299 3084 divinatio
1340 3029 1390 3079 in
1441 3025 1618 3079 Israel.
1669 3024 1723 3077 In
1752 3017 1798 3078 Ω
1829 3017 1967 3085 mus)
1984 3008 2549 3083 projactautia,Deus
2570 3021 2853 3075 veropro
2881 3011 3449 3066 emendatione
3471 3019 3705 3065 terret.

201 3136 433 3193 tempore
453 3127 657 3179 dicetur
675 3124 839 3177 Jacoh
861 3132 914 3177 et
933 3121 1111 3184 Israel,
1146 3121 1271 3189 quid
1304 3117 1542 3185 perﬁciet
1567 3116 1725 3169 Deus.

199 3217 333 3270 Ecce
366 3216 585 3285 populus
613 3215 750 3268 sicut
782 3212 987 3267 catulus
1016 3210 1183 3264 leonis
1210 3215 1481 3276 exsurget,
1514 3216 1565 3260 et
1595 3207 1732 3258 sicut

201 3306 281 3358 lco
302 3304 602 3365 exsultabit,
633 3317 733 3355 non
760 3302 987 3354 dormiet
1013 3300 1178 3352 donec
1206 3298 1450 3352 comedat
1479 3296 1728 3362 praedam,

202 3401 261 3448 et
306 3396 618 3464 sanguinem
683 3393 1081 3446 vulneratorum
1136 3389 1284 3443 bibat
1311 3388 1377 3438 ’⁸.
1418 3405 1435 3436 ι
1483 3385 1605 3438 Haec
1652 3394 1734 3438 est

205 3484 522 3537 conitinentia
573 3483 819 3537 secundae
866 3481 1157 3551 praphetiae
1201 3480 1253 3531 in
1286 3477 1462 3529 verbis
1492 3474 1731 3526 Balaam.

210 3573 488 3627 Videamus
515 3587 640 3642 ergo
692 3573 863 3639 primo
911 3570 1012 3623 hoc
1043 3569 1212 3636 ipsum
1254 3560 1392 3633 quod
1421 3565 1495 3616 ait
1527 3581 1540 3616 :
1578 3580 1597 3613 ι
1633 3562 1739 3614 Ex-

207 3678 360 3732 surge
385 3662 600 3725 Balach,
631 3669 685 3715 et
713 3660 832 3714 audi
864 3660 929 3712 ²⁹.
969 3677 986 3709 ι
1021 3657 1077 3711 Si
1110 3656 1252 3709 enim
1279 3654 1331 3708 in
1373 3651 1738 3722 superioribus

210 3769 310 3806 non
357 3753 575 3806 dixisset
607 3751 727 3819 quia
761 3756 924 3803 staret
957 3746 1106 3814 juxta
1156 3744 1522 3799 holocaustum
1558 3755 1736 3805 suum,

209 3857 311 3895 nou
345 3842 619 3894 videretur
647 3852 967 3905 magnopere
1001 3834 1369 3903 requirendum
1397 3847 1492 3886 cur
1513 3829 1737 3885 dixerit:

214 3950 233 3982 ι
265 3932 498 3999 Exsurge
518 3928 733 3982 Balacb.
771 3945 790 3978 ι
825 3926 973 3980 Nunc
1000 3936 1178 3979 autem
1209 3939 1329 3977 cum
1372 3923 1610 3976 hortetur
1647 3934 1742 3973 ex—

212 4036 431 4090 surgere
456 4035 600 4080 eum,
627 4031 783 4085 quem
822 4030 986 4083 nuper
1013 4016 1222 4068 dixerat
1259 4023 1420 4076 stare,
1443 4025 1547 4064 non
1573 4010 1745 4064 otiose

215 4107 611 4177 przetereundus
638 4118 812 4157 sermo
842 4104 1203 4172 propheticus.
1233 4100 1383 4168 Quod
1416 4113 1543 4168 ergo
1572 4099 1647 4152 ait
1692 4100 1743 4152 in

216 4196 593 4266 superioribus,
647 4195 769 4261 quia
823 4201 992 4247 staret
1051 4193 1116 4246 ad
1161 4192 1524 4245 holocaustum
1569 4205 1743 4251 suum,

1897 3106 1950 3158 4.
1987 3103 2255 3175 Postume
2296 3098 2413 3151 ait:
2455 3112 2478 3146 ι
2525 3096 2656 3163 ipse
2690 3108 2845 3147 cum
2880 3096 3221 3164 dixerit,
3270 3115 3418 3154 non
3462 3099 3705 3154 faciet?

1831 3198 2099 3266 loquetur,
2133 3200 2315 3246 etnon
2351 3185 2725 3256 permanebit
2772 3186 2877 3239 "?
2934 3206 2962 3240 ι
3032 3190 3181 3244 Sic
3219 3191 3570 3261 legendus
3602 3199 3701 3246 est

1831 3288 2000 3349 locus,
2034 3281 2186 3351 quasi
2223 3276 2636 3346 interrogantis
2676 3274 2931 3330 aﬂ'ectu
2981 3278 3211 3334 dicat
3262 3300 3282 3335 :
3330 3281 3521 3351 Ipse,
3580 3283 3703 3337 hoc

1833 3389 1934 3457 est,
1964 3375 2126 3436 Deus,
2152 3370 2294 3439 quod
2324 3368 2481 3431 dicit,
2523 3379 2725 3419 nonne
2750 3376 2820 3419 et
2882 3367 3130 3425 faciet
3154 3372 3193 3424 ‘I
3226 3381 3308 3425 et
3346 3387 3505 3442 quze
3532 3374 3707 3427 locu-

1836 3456 1921 3522 tus
1968 3464 2154 3526 fuerit,
2206 3473 2386 3515 nonne
2417 3456 2807 3526 permanebit
2846 3457 2924 3511 in
2988 3460 3177 3516 eis?
3236 3463 3429 3519 Cum
3486 3465 3705 3534 utique

1836 3557 2082 3613 homines
2122 3566 2228 3605 non
2272 3549 2484 3602 faciant
2525 3560 2659 3614 quae
2690 3546 2973 3614 dicunt,
3019 3563 3105 3607 et
3152 3558 3351 3612 vitio
3402 3559 3707 3611 humana:

1838 3644 2148 3715 fragilitatis
2188 3643 2241 3694 in
2274 3640 2342 3693 iis
2373 3654 2483 3692 non
2523 3653 2965 3706 permaneant
3017 3660 3204 3714 quae
3263 3649 3649 3719 loquuntur
3686 3669 3703 3703 :

1838 3733 2113 3791 mutabilis
2144 3730 2308 3801 33o
2329 3727 2475 3782 enim
2513 3738 2606 3781 est
2638 3726 2873 3793 homo.
2919 3731 3139 3789 Deus
3184 3752 3372 3794 vero
3402 3741 3709 3795 immuta-

1838 3829 1982 3883 bilis.
2013 3826 2119 3880 Sed
2168 3829 2348 3892 potest
2370 3818 2578 3887 aliquis
2606 3834 3011 3893 occurrere,
3058 3839 3146 3883 et
3181 3833 3448 3888 dicere
3488 3850 3511 3888 :
3544 3832 3711 3901 Quo-

1840 3919 2000 3975 modo
2021 3931 2153 3985 ergo
2180 3930 2286 3969 non
2322 3915 2641 3982 permansit
2690 3914 2868 3969 Deus
2916 3917 2994 3971 in
3051 3920 3194 3991 iis,
3240 3940 3413 3994 qua:
3458 3927 3713 3982 ιοαιιιιε

1841 4015 1924 4061 est
1964 4006 2031 4059 de
2084 4003 2278 4057 Ninive
2327 4011 2387 4055 ut
2439 4012 2572 4069 post
2629 4003 2927 4062 triduum
3001 4013 3715 4075 subverteretur"?

1843 4095 2025 4162 Neque
2064 4093 2120 4145 in
2162 4092 2230 4145 iis
2268 4105 2393 4159 qua:
2421 4091 2649 4146 locutus
2682 4102 2784 4146 est
2822 4096 2914 4151 de
2982 4101 3271 4172 David,
3323 4113 3448 4165 ubi
3514 4112 3714 4167 tribus

1846 4186 2031 4275 diebus
2061 4182 2330 4250 promissa
2347 4181 2547 4275 fuerat
2579 4199 2771 4250 mors,
2817 4200 2897 4241 ιιι
2961 4207 3328 4256 vastaret
3368 4203 3709 4275 populum,

216 4287 457 4352 designat
480 4298 597 4335 eum
623 4298 724 4337 non
756 4290 903 4337 recte
926 4292 1087 4337 stare.
1118 4280 1307 4335 Stabat
1326 4280 1464 4334 enim
1497 4279 1549 4331 in
1582 4279 1746 4333 idolo-
1774 4316 1819 4371 Β
1846 4283 1900 4330 et
1927 4274 2067 4327 intra
2106 4287 2275 4325 unum
2330 4271 2501 4335 diem,
2554 4281 2613 4326 et
2665 4289 2877 4343 usque
2956 4284 3050 4337 ad
3112 4271 3396 4346 hora";
3459 4271 3713 4362 haud“

218 4376 372 4428 latria
408 4372 627 4440 positus,
662 4382 716 4425 et
754 4374 926 4427 stabat
976 4371 1127 4440 quasi
1163 4369 1410 4424 inimicus
1454 4369 1571 4433 Dei,
1604 4369 1744 4437 quod

219 4465 385 4531 magis
419 4470 560 4515 esset
589 4477 691 4515 non
727 4469 889 4526 stare,
921 4461 1014 4514 sed
1043 4460 1253 4513 cadere.
1291 4459 1450 4523 Quasi
1489 4474 1617 4530 ergo
1655 4459 1745 4526 qui

219 4554 284 4606 de
307 4552 396 4605 illo
425 4559 567 4603 statu
593 4550 782 4603 cadere
813 4550 1076 4613 debuerit,
1103 4549 1209 4601 into
1261 4557 1313 4600 et
1339 4551 1427 4614 qui
1467 4550 1743 4615 ceciderit,

222 4644 292 4695 ita
316 4655 456 4694 nunc
482 4638 747 4692 intellectu
775 4642 1082 4708 prophetico
1108 4645 1395 4712 exsurgere
1418 4655 1537 4693 eum
1557 4638 1706 4705 jubet
1729 4652 1743 4688 :

220 4731 414 4799 quippe
441 4727 529 4796 qui
565 4743 656 4797 per
685 4729 805 4795 hoc,
839 4732 975 4797 quod
1002 4742 1143 4785 stare
1182 4731 1231 4783 in
1281 4729 1577 4782 idololatria
1602 4728 1746 4781 visus

222 4819 413 4880 fuerat,
443 4819 741 4872 cecidisset.
784 4817 1046 4887 Exsurgat
1086 4832 1213 4884 ergo
1249 4816 1338 4883 qui
1367 4814 1490 4866 talis
1517 4825 1618 4878 est,
1650 4830 1747 4867 ex-

222 4917 406 4978 surgat
427 4907 549 4972 ﬁde,
577 4917 629 4962 et
651 4907 906 4962 efﬁciatur
932 4909 1118 4962 testis:
1151 4907 1193 4959 si
1223 4904 1432 4973 quidem
1464 4916 1748 4957 converte-

222 5014 331 5068 tur,
365 5002 511 5055 testis
557 5000 704 5067 ﬁdei;
746 5001 790 5054 si
823 5014 948 5055 vero
987 5006 1260 5068 permanet
1303 4993 1548 5055 inﬁdelis,
1577 5001 1634 5044 ut
1679 4993 1751 5045 sit

226 5092 377 5148 testis
408 5090 859 5146 condemnationis
883 5103 1010 5142 suae.

290 5181 346 5236 '5.
404 5178 510 5233 Sed
540 5179 663 5245 quid
704 5186 785 5231 est
819 5177 958 5244 quod
994 5175 1041 5228 ei
1086 5170 1387 5230 annuntiat,
1426 5166 1700 5222 videamus
1736 5191 1746 5223 :

230 5284 252 5317 ι
293 5268 409 5320 Non
441 5266 783 5336 sicuthomo,
821 5262 1009 5331 inquit,
1045 5260 1185 5314 Deus
1213 5258 1531 5319 frustratur,
1578 5270 1753 5325 neque

228 5356 365 5412 sicut
394 5358 531 5411 ﬁlius
556 5357 788 5411 hominis
815 5364 1048 5409 terretur
1088 5353 1201 5419 ipse
1246 5349 1309 5401 ³⁰.
1336 5365 1358 5399 ι
1393 5345 1526 5411 Non,
1557 5346 1752 5415 inquit,

296 5445 343 5477 “
372 5445 527 5499 Num.
559 5462 712 5507 xxtn,
745 5445 915 5499 14-17.
1020 5443 1062 5474 "
1090 5440 1246 5494 Rom.
1287 5451 1339 5489 v.
1371 5434 1463 5488 ΞΟ.

233 5508 279 5541 ⁸⁸
312 5509 429 5563 Jou.
453 5527 535 5564 ιιι.
607 5515 651 5545 ⁸³
674 5515 713 5566 ll
752 5514 881 5581 Reg.
913 5525 1058 5565 χιιι.

1564 5435 1622 5504 ³⁸,
1648 5435 1806 5492 Num.
1855 5457 2024 5512 xxut,
2072 5450 2296 5519 18-24.

1849 4363 2084 4455 cessavit
2132 4361 2211 4414 ιιι
2245 4360 2316 4455 Et
2340 4361 2628 4455 videbitur
2687 4363 3045 4437 fortaSSis,
3120 4382 3312 4446 quia
3374 4360 3531 4440 hic
3575 4400 3715 4455 qua

1849 4469 1945 4523 per
1978 4452 2462 4545 interrogationem
2496 4451 2804 4519 dicuntur,
2850 4472 2997 4514 non
3034 4472 3363 4532 ρειιίιηε
3400 4492 3530 4545 βω
3565 4451 3719 4529 de“-

1850 4546 1964 4635 nito
1987 4543 2307 4610 accipienda
2336 4543 2613 4635 sintised
2670 4546 2811 4600 talis
2842 4557 3209 4617 quaedam
3268 4543 3508 4635 figura
3539 4567 3713 4623 verbi

1852 4633 1942 4696 sit,
1988 4647 2116 4725 quae
2161 4635 2400 4725 medium
2432 4630 2648 4725 aliquid
2695 4636 3022 4698 videatur
3076 4630 3535 4725 ostendere,
3591 4676 3714 4714 non

1855 4732 2038 4776 tamen
2088 4723 2330 4779 deﬁnita:
2371 4732 2424 4777 et
2456 4724 2876 4785 irrevocabilis
2919 4747 3053 4789 seu
3070 4746 3358 4802 tentia
3420 4723 3719 4805 declaret

1852 4813 2150 4868 affectum:
2186 4833 2297 4887 quo
2319 4817 2725 4885 temperantius
2755 4819 3021 4892 aliquid
3066 4833 3378 4894 dictum
3411 4845 3724 4900 videatur

1859 4906 1916 4957 in
1951 4919 2016 4958 eo
2039 4909 2195 4974 quod
2229 4909 2493 4979 scriptum
2524 4916 2635 4972 est,
2668 4926 2688 4959 ι
2718 4909 2855 4978 ipse
2900 4931 3083 4977 cum
3132 4930 3462 4993 dixerit,
3500 4952 3723 4993 nonne

1856 4993 2058 5094 faciet?
2101 4976 2405 5094 a-quam'si
2437 4995 2701 5066 scriptum
2732 4976 2934 5070 esset,
2980 4976 3718 5094 ιρειζξιῖ

1857 5085 2393 5189 pmnimodeiaciet.
2414 5090 2521 5189 Sed
2544 5102 2972 5189 recenseamus
3004 5113 3087 5157 et
3126 5109 3304 5179 ipsa
3338 5085 3718 5189 Scriptus-ae

1860 5174 2005 5279 loca,
2054 5192 2195 5248 quae
2230 5187 2323 5242 vel
2349 5186 2402 5240 in
2435 5181 2572 5279 Iona
2599 5179 2686 5235 vel
2715 5180 2771 5234 in
2807 5174 3247 5279 Regnorum
3282 5174 3719 5279 libris-posi-

1860 5272 1918 5367 ta
1947 5272 2109 5336 ‘sunt,
2134 5287 2217 5329 ne
2252 5279 2395 5336 forte
2422 5283 2474 5330 et
2504 5270 2602 5338 ibi.
2635 5280 2697 5324 ιιι
2723 5274 2909 5329 mOI‘iS
2953 5292 3109 5351 est,
3178 5270 3591 5365 Scriptum:
3621 5300 3717 5353 di-

1862 5364 2009 5459 vina:
2040 5371 2268 5459 secreti
2312 5365 2510 5441 aliquid
2528 5364 2799 5459 habeant.
2834 5364 3224 5459 Scriptura)
3289 5364 3411 5444 est
3446 5406 3622 5459 ergo
3651 5391 3719 5445 in

2400 5462 2445 5495 ,ο
2472 5455 2598 5516 ibid.
2641 5452 2727 5509 ιε.
2833 5454 2884 5486 ³ο
2935 5457 3127 5522 ibid.
3168 5472 3302 5529 s9.
3439 5481 3499 5514 ει
3532 5452 3719 5538 ibid.

307 5598 414 5664 res)
454 5601 616 5666 Idem,
670 5623 687 5654 ι
726 5605 950 5672 geritur,
993 5613 1047 5657 et
1091 5600 1344 5655 divinatio
1396 5597 1594 5666 magica
1645 5605 1760 5653 arte
1784 5610 2174 5676 perquiritur.
2223 5644 2247 5679 ι
