3838 6202
275 315 389 366 δυδ

1462 327 1526 380 lN
1562 327 1882 396 NUMEROS
1923 328 2200 384 HOMILIA
2245 307 2388 372 XVI.
3402 330 3500 382 cui

281 428 430 483 Jona
458 428 496 460 “
521 443 534 480 :
557 440 572 475 t
887 421 1307 514 GSl‘Verbum
1356 442 1560 497 Domini
1588 444 1651 497 ad
1680 444 1866 498 Jonam
1897 455 1939 506 Α
1968 446 2174 514 Moyses
2211 433 2436 507 propria
2464 447 2774 499 auctoritate
2803 447 3066 500 mandavit
3094 463 3108 499 :
3138 444 3282 514 'quod
3319 443 3493 496 Domi-

287 517 468 570 ﬁlium
492 505 668 570 Amatbi
695 496 868 553 (“cem
899 519 920 556 ι
991 510 1238 592 Surge,
1283 539 1338 584 et
1368 496 1499 585 vade
1543 535 1592 586 in

290 605 563 660 civitatem
591 602 824 691 multm":
854 601 918 648 εὶ
948 612 1233 668 ιὶιδωιὶίοθ
1271 619 1323 671 in
1362 634 1444 685 ea,
1474 622 1594 687 quia
1624 624 1865 677 ascendit

289 693 512 746 clamor
540 691 725 746 malitia!
754 689 864 749 eius
899 689 981 744 ad
1024 711 1153 756 me.
1219 723 1239 756 ι
1274 707 1340 760 Ει
1370 720 1707 777 posteaquam
1733 728 1864 779 prte-

291 792 521 848 ceptum
544 793 618 836 est
639 785 834 841 ceto,e\
867 777 1047 844 eiecit
1078 789 1288 847 Jonam
1320 798 1371 850 in
1410 808 1626 862 terram,
1675 777 1862 856 iterum

286 871 568 937 scriptum
591 879 665 923 est
690 869 729 900 ³⁸
758 885 772 920 :
799 885 818 918 t
853 868 923 922 Et
947 871 1175 932 factum
1209 894 1292 936 est
1323 889 1538 940 verbum
1568 890 1768 943 Domini
1800 893 1862 944 ad

283 955 500 1011 Jonam
550 961 787 1024 secundo,
815 959 1007 1016 dicens
1034 982 1048 1016 :
1088 967 1293 1038 Surge,
1331 985 1383 1027 et
1409 976 1540 1028 vade
1569 977 1619 1028 in
1644 977 1862 1031 Niniven

277 1046 590 1102 civitatem
624 1064 886 1118 magnam,
910 1059 965 1103 et
995 1059 1238 1120 praedica
1273 1062 1321 1113 in
1345 1077 1403 1115 ea
1429 1066 1713 1116 secundum
1741 1081 1866 1132 pra:-

274 1133 638 1190 dicationem
667 1153 818 1206 quam
849 1153 947 1207 ego
971 1142 1191 1200 locutus
1218 1162 1332 1200 sum
1362 1152 1425 1202 ad
1462 1160 1531 1202 te.
1564 1169 1582 1201 ι
1614 1152 1676 1204 Et
1706 1152 1865 1206 Jonas

273 1225 526 1289 quidem
565 1244 582 1276 ι
632 1229 952 1296 praedicavit,
997 1243 1053 1288 et
1103 1235 1240 1288 dixit
1285 1238 1510 1293 :Adhuc
1540 1249 1644 1294 tres
1673 1243 1803 1304 dies,
1842 1261 1859 1294 ι

273 1312 363 1363 vel
402 1314 500 1380 (ut
554 1315 756 1370 Hebr-ei
789 1318 990 1374 habere
1019 1338 1081 1377 se
1119 1327 1372 1395 scriptum
1410 1330 1614 1396 dicunt)
1647 1348 1664 1379 ι
1696 1332 1865 1384 adhuc
1898 1363 1909 1374 -

266 1403 668 1469 quadraginta
706 1407 837 1464 dies.
873 1417 927 1461 et
969 1409 1162 1466 Ninive
1195 1416 1519 1473 destruetur.
1548 1418 1659 1471 Viri
1689 1429 1862 1471 autem

265 1487 562 1544 Ninivita
598 1495 948 1550 crediderunt
990 1499 1044 1552 in
1081 1501 1217 1569 Deo,
1258 1513 1311 1558 et
1339 1507 1758 1573 prtedicaverunt
1783 1508 1864 1575 je-

254 1575 530 1642 junium,
569 1593 622 1634 et
659 1583 949 1640 induerunt
981 1604 1037 1642 se
1071 1590 1280 1654 ciliciis,
1313 1608 1343 1646 a
1374 1595 1578 1647 minore
1607 1608 1772 1661 usque
1799 1595 1862 1644 ad

262 1669 567 1736 majorem
594 1673 857 1740 ipsorum.
891 1695 909 1727 ι
940 1679 1001 1731 Et
1028 1689 1328 1748 postpauca
1361 1699 1375 1734 :
1411 1701 1428 1734 ι
1459 1683 1522 1736 Et
1538 1684 1668 1738 vidit
1703 1683 1862 1744 Deus,

1971 549 2070 587 nus
2099 534 2149 585 in
2185 525 2498 590 Evangeliis
2528 531 2915 587 evidentissima
2949 535 3284 588 distinctione
3314 546 3492 584 secer-

1971 623 2066 685 nit,
2085 635 2206 676 cum
2240 613 2370 669 dicit
2390 615 2452 670 de
2470 621 2683 687 repudio
2705 622 2938 676 mulieris
2967 625 3338 690 interrogatus,
3369 619 3496 688 quia

1976 727 1994 760 ι
2034 711 2096 762 ad
2149 703 2402 762 duritiam
2456 701 2630 761 cordis
2677 709 2837 762 vestri
2869 727 2886 758 ι
2918 711 3130 776 scripsit
3172 711 3324 764 vobis
3383 709 3494 761 haec

1970 799 2194 865 Moyses,
2227 813 2247 845 ι
2285 794 2350 848 ab
2380 793 2530 850 initio
2558 806 2730 850 autem
2764 813 2864 851 non
2895 799 2990 850 luit
3025 800 3099 851 sic
3125 799 3186 850 ”.
3215 800 3311 864 Qui
3347 799 3489 853 enim

1972 888 2094 938 fecit
2125 885 2412 948 hominem,
2462 886 2748 940 masculum
2790 894 2843 938 et
2879 886 3123 939 feminam
3167 886 3292 940 fecit
3317 902 3428 949 eos,
3465 905 3482 937 ι

1970 985 2020 1029 et
2055 975 2324 1029 benedixit
2355 989 2465 1041 eos,
2499 993 2516 1026 ‹
2553 986 2604 1029 et
2631 977 2800 1028 dixit:
2850 975 3068 1043 Propter
3100 983 3198 1030 hoc
3227 977 3489 1042 relinquet

1971 1067 2126 1118 homo
2153 1075 2355 1133 patrem
2391 1080 2561 1128 suum,
2592 1075 2644 1118 et
2671 1073 2890 1118 matrem
2917 1081 3088 1132 suam,
3120 1078 3171 1120 et
3201 1069 3490 1121 adhmrehit

1971 1156 2119 1208 uxori
2159 1171 2284 1218 sua:,
2313 1164 2366 1208 et
2398 1156 2550 1209 ambo
2571 1163 2724 1210 erunt
2746 1155 2795 1206 in
2832 1170 2991 1210 carne
3013 1172 3114 1211 una
3145 1158 3209 1210 ‘°.
3250 1175 3268 1208 ι
3309 1157 3372 1209 Ει
3399 1158 3492 1209 ad-

1970 1245 2074 1296 dit:
2110 1261 2126 1292 t
2171 1245 2316 1308 Quod
2352 1259 2476 1310 ergo
2523 1245 2658 1298 Deus
2688 1250 2975 1318 conjunxit,
3015 1248 3171 1301 homo
3205 1261 3304 1300 non
3339 1259 3492 1311 sepa-

1972 1339 2050 1382 ret
2082 1331 2144 1381 δι.
2200 1348 2217 1380 ι
2256 1327 2411 1382 Vides
2433 1345 2557 1398 ergo
2587 1341 2636 1384 et
2668 1334 2751 1386 hic
2783 1335 2940 1387 Deum
2972 1335 3182 1400 quidem
3217 1347 3316 1385 non
3355 1345 3488 1398 pra:-

1971 1417 2191 1483 cepisse,
2224 1430 2319 1468 nec
2357 1415 2468 1468 fieri
2511 1419 2738 1472 voluisse
2763 1420 3075 1482 divortium;
3123 1419 3333 1486 Moysen
3365 1431 3489 1469 vero

1970 1519 2180 1574 propter
2226 1507 2467 1560 duritiam
2502 1511 2676 1563 cordis
2707 1509 3004 1563 Iudaeorum
3049 1511 3322 1576 scripsisse
3363 1510 3489 1561 dan-

1969 1595 2089 1646 dum
2119 1609 2238 1648 esse
2275 1597 2572 1662 repudium.
2613 1597 2853 1651 Ostendit
2883 1600 2993 1652 haec
3015 1609 3066 1654 et
3091 1599 3281 1652 Paulus
3315 1599 3366 1651 in
3403 1597 3489 1649 lit-

1970 1685 2099 1736 teris
2122 1684 2230 1736 suis
2257 1699 2376 1736 cum
2405 1685 2532 1737 dicit
2559 1687 2622 1738 de
2643 1687 2954 1752 quibusdam
2985 1705 2997 1739 :
3031 1705 3048 1737 ι
3083 1687 3492 1748 Dominusdicit,

257 1757 456 1826 inquit
519 1761 603 1824 ³⁸,
649 1779 816 1830 opera
851 1780 1060 1833 eorum,
1105 1771 1227 1838 quia
1271 1776 1509 1828 conversi
1541 1783 1665 1828 sunt
1693 1789 1720 1827 a
1761 1775 1862 1826 viis
1896 1759 1937 1815 Β
1965 1781 2139 1824 etnon
2169 1787 2266 1840 ego
2289 1773 2352 1824 δ’.
2392 1791 2409 1822 ι
2448 1773 2511 1826 Ει
2543 1774 2606 1827 de
2631 1775 2750 1828 aliis
2777 1792 2790 1828 :
2822 1794 2840 1825 ι
2872 1775 2993 1829 Haec
3015 1786 3188 1829 autem
3228 1790 3323 1844 ego
3349 1776 3485 1836 dico,

256 1849 383 1902 suis
419 1850 634 1914 malis,
682 1862 740 1905 et
788 1856 1064 1920 pmnituit,
1103 1877 1122 1908 ι
1164 1861 1246 1913 vel
1302 1863 1380 1931 (ut
1435 1865 1485 1916 in
1531 1865 1650 1917 aliis
1683 1878 1863 1916 exem-

257 1939 539 2006 Pl‘fibus
584 1942 848 2014 legimus)
892 1963 912 1996 ε
949 1949 1269 2016 deprecatus
1293 1961 1375 2006 est
1396 1953 1534 2005 Deus
1559 1966 1718 2020 super
1750 1967 1860 2004 ma.

260 2029 449 2082 titiam
490 2047 677 2098 quam
713 2034 924 2090 loculus
951 2047 1032 2092 est
1065 2040 1238 2096 facere
1273 2043 1373 2102 eis.
1403 2054 1457 2096 et
1506 2058 1610 2097 non
1663 2045 1806 2098 fecit.
1840 2063 1856 2090 ι

256 2115 528 2172 Observa
565 2121 748 2189 igitur
777 2128 828 2176 in
860 2127 928 2179 iis
958 2142 1078 2194 qua:
1111 2113 1491 2198 assumpsimus
1521 2133 1584 2186 de
1609 2134 1861 2200 propheta

256 2207 414 2272 quod
452 2223 577 2261 non
645 2211 921 2265 invenitur
949 2216 1001 2267 in
1040 2218 1376 2271 sermonibus
1425 2220 1514 2272 Dei
1556 2221 1747 2287 quibus
1797 2221 1863 2273 ad

260 2295 624 2360 prophetam
659 2296 875 2350 locutus
908 2309 1010 2365 est,
1062 2302 1282 2366 dictum,
1330 2303 1452 2370 quia
1495 2321 1514 2354 ι
1551 2304 1725 2358 adhuc
1757 2312 1863 2357 tres

259 2380 408 2442 dies,
449 2389 512 2434 et
548 2381 758 2437 Ninive
786 2386 1124 2453 destruetur;
1165 2408 1184 2441 ι
1223 2391 1314 2444 sed
1348 2391 1512 2445 Jonas
1537 2407 1656 2445 cum
1690 2393 1863 2461 ingre-

260 2469 530 2534 deretur,
589 2473 777 2539 inquit
807 2475 876 2537 ",
913 2492 932 2525 ι
988 2477 1256 2532 civitatem
1297 2481 1450 2547 quasi
1509 2481 1611 2534 iter
1659 2482 1860 2534 dierum

263 2558 463 2625 trium,
495 2559 637 2628 ipse
679 2562 842 2629 dixit,
868 2565 993 2632 quia
1029 2567 1207 2622 adhuc
1255 2576 1363 2622 tres
1393 2571 1524 2634 dies,
1574 2581 1627 2623 et
1677 2570 1862 2625 Ninive

261 2647 676 2714 subvertetur;
712 2670 733 2702 ι
779 2661 838 2703 ιιι
882 2668 1060 2707 sermo
1098 2656 1216 2719 iste,
1249 2659 1339 2726 qui
1379 2659 1609 2726 scriptus
1644 2667 1745 2720 est,
1808 2670 1862 2714 et

267 2751 378 2788 non
399 2748 491 2791 est
528 2739 753 2802 factus,
785 2755 814 2792 a
841 2740 976 2794 Jona
1013 2745 1206 2810 potius,
1237 2762 1396 2814 quam
1429 2763 1456 2800 a
1484 2747 1592 2800 Deo
1627 2749 1862 2815 prolatus

263 2840 391 2878 esse
435 2828 734 2881 videatur.
791 2829 898 2882 Sed
945 2834 1091 2885 etde
1120 2836 1352 2888 secundo
1381 2837 1515 2890 libro
1554 2837 1855 2904 Regnorum

264 2914 644 2980 proferamus
685 2931 811 2984 quae
845 2921 1046 2986 scripta
1087 2930 1230 2984 sunt,
1265 2925 1352 2976 ubi
1390 2939 1510 2978 cum
1563 2926 1726 2980 David
1769 2943 1861 2994 po-

262 3005 458 3068 pulum
493 3017 890 3071 numerasset,
924 3027 941 3059 ι
990 3009 1186 3063 factum
1226 3021 1327 3074 est,
1358 3012 1528 3082 inquit
1555 3015 1614 3077 ³⁸,
1643 3017 1858 3070 verhum

265 3089 490 3147 Domini
528 3098 608 3149 ad
653 3097 774 3151 Gad
804 3101 1120 3168 prepbetam
1148 3104 1412 3157 videntem
1441 3106 1622 3160 dicens
1657 3106 1860 3170 :Vade,

262 3190 320 3231 ct
348 3182 597 3249 loquere
651 3186 726 3238 ad
761 3186 951 3240 David.
986 3190 1104 3243 Hmc
1134 3192 1264 3245 dicit
1292 3193 1574 3248 Dominusi
1609 3194 1730 3248 Tria
1767 3211 1862 3263 ego

261 3264 464 3320 levabo
499 3285 686 3337 super
719 3281 791 3332 te,
819 3272 956 3341 elige
981 3275 1070 3328 tibi
1101 3291 1166 3328 ex
1194 3277 1259 3329 iis
1290 3292 1474 3341 unum,
1499 3281 1637 3346 quod
1673 3280 1860 3332 faciam

264 3355 391 3408 tibi.
430 3357 504 3409 Et
567 3359 829 3412 introivit
857 3361 970 3413 Gad
1002 3364 1066 3415 ad
1095 3363 1287 3428 David,
1333 3375 1384 3418 et
1431 3367 1764 3420 denuntiavit
1814 3369 1860 3420 ei

262 3443 497 3496 dicens:
538 3447 663 3498 Aut
707 3449 891 3501 veniet
933 3450 1028 3502 tibi
1077 3453 1245 3505 tribus
1293 3455 1446 3508 annis
1495 3455 1660 3508 fames
1708 3471 1864 3524 super

263 3540 477 3584 terram
535 3544 744 3600 tuam;
789 3546 883 3588 aut
932 3539 1100 3592 tribus
1133 3542 1403 3597 mensibus
1437 3553 1494 3596 ut
1527 3546 1694 3612 fugias
1743 3555 1864 3597 ante

258 3621 528 3677 inimicos
560 3633 725 3689 tuos,
759 3627 850 3694 qui
878 3637 929 3680 te
954 3641 1370 3697 persequentur;
1402 3645 1492 3685 aut
1523 3634 1699 3686 triduo
1725 3648 1864 3688 mors

259 3709 355 3762 ttat
388 3713 445 3763 in
486 3721 651 3766 terra
689 3723 804 3767 tua.
829 3715 984 3768 Nunc
1005 3732 1134 3785 ergo
1157 3721 1312 3783 scito,
1350 3723 1469 3776 vide
1493 3725 1618 3789 quid
1644 3737 1861 3790 respon-

259 3801 423 3853 deam
455 3803 540 3866 ei,
574 3804 682 3871 qui
719 3819 807 3857 me
845 3806 1012 3860 misit.
1045 3808 1106 3860 Et
1129 3809 1265 3862 dixit
1289 3811 1452 3864 David
1487 3813 1550 3864 ad
1574 3812 1685 3866 Gad
1723 3831 1734 3864 :
1765 3813 1864 3865 An-

255 3891 458 3955 gustia:
508 3893 661 3943 mihi
723 3902 852 3946 sunt
887 3895 1127 3964 undique
1157 3899 1330 3952 valde.
1377 3901 1480 3953 Sed
1530 3901 1756 3954 incidam
1810 3903 1862 3956 in

256 3992 461 4032 manus
508 3981 747 4032 Domini
785 3985 980 4050 magis,
1005 3987 1127 4052 quia
1156 3987 1336 4041 multa:
1365 3989 1732 4044 miserationes
1749 3990 1862 4056 ejus

257 4075 411 4128 sunt,
443 4075 504 4120 et
543 4068 606 4119 in
641 4082 843 4122 manus
874 4072 1149 4125 hominum
1199 4091 1304 4128 non
1354 4077 1608 4132 incidam.
1632 4079 1694 4130 Et
1719 4079 1863 4132 dedit

255 4151 533 4207 Dominus
568 4157 629 4208 in
679 4155 850 4210 Israel
880 4169 1107 4214 mortem
1137 4177 1165 4214 a
1195 4178 1353 4216 mane
1384 4180 1550 4233 usque
1580 4168 1644 4220 ad
1678 4169 1858 4222 horam

250 4243 497 4306 prandii,
533 4254 596 4296 et
635 4247 845 4298 mortui
873 4257 1004 4301 sunt
1037 4249 1102 4303 de
1140 4253 1335 4318 populo
1367 4269 1392 4305 a
1414 4255 1519 4307 Dan
1548 4271 1708 4324 usque
1731 4258 1860 4309 Ber-

1969 1873 2068 1911 non
2110 1859 2358 1913 Dominus
2381 1860 2446 1912 ⁸³.
2489 1878 2506 1910 ι
2540 1861 2602 1914 Ει
2627 1862 2813 1914 iterum
2841 1863 2890 1916 in
2923 1863 3039 1916 aliis
3069 1880 3082 1916 :
3113 1881 3132 1910 ι
3166 1863 3486 1930 Praeceptum

1969 1947 2172 2000 Domini
2209 1963 2312 2002 non
2341 1950 2527 2012 habeo,
2555 1953 2831 2005 consilium
2857 1962 3028 2006 autem
3065 1952 3216 2005 do“.
3256 1971 3273 2002 ι
3308 1951 3369 2004 Ει
3400 1953 3491 2003 itc-

1969 2049 2113 2087 rum:
2146 2052 2163 2084 ι
2191 2033 2318 2099 Quae
2344 2036 2546 2103 loquor,
2565 2053 2664 2091 non
2684 2039 2869 2106 loquor
2897 2041 3184 2093 secundum
3204 2040 3367 2093 Deum
3389 2039 3483 2093 ".i

1972 2122 2116 2175 Unde
2148 2124 2391 2178 similiter
2443 2126 2603 2178 etiam
2648 2128 2697 2178 in
2745 2127 2952 2180 caeteris
2998 2127 3267 2194 prophetis
3312 2127 3487 2192 aliqua

1967 2210 2175 2276 quidem
2235 2210 2490 2266 Dominus
2548 2212 2751 2266 locutus
2798 2222 2899 2276 est,
2956 2223 3008 2264 et
3051 2228 3152 2266 non
3200 2214 3488 2280 prophetae,

1967 2296 2069 2346 alia
2097 2309 2225 2348 vero
2254 2298 2542 2364 prophetae,
2581 2307 2764 2351 etnon
2799 2299 3070 2360 Dominus,
3119 2309 3172 2352 et
3219 2300 3294 2352 sic
3339 2299 3488 2353 vide-

1967 2381 2108 2434 bitur
2140 2383 2366 2448 obiectio
2404 2385 2656 2437 intentata
2687 2386 2918 2449 dissolvi,
2948 2400 3066 2438 cum
3109 2401 3208 2438 non
3235 2395 3338 2438 tam
3371 2401 3486 2448 sua.

1968 2485 2122 2537 quam
2153 2473 2420 2540 prophetae
2456 2476 2614 2526 verba
2666 2474 2916 2527 Dominus
2957 2484 3192 2539 revocat,
3219 2489 3280 2528 ac
3321 2483 3490 2528 mutat

1968 2560 2019 2610 in
2045 2561 2248 2614 melius.
2277 2561 2376 2614 Sed
2403 2564 2570 2630 magis
2595 2565 2822 2617 arbitror
2840 2564 3222 2619 absolutionem
3253 2565 3486 2631 priorem

1967 2649 2126 2702 totius
2156 2651 2444 2717 Scriptura:
2478 2653 2722 2706 sensibus
2751 2653 3053 2718 convenire,
3086 2665 3136 2707 et
3163 2654 3264 2707 illis
3299 2655 3486 2721 praeci-

1967 2752 2066 2804 pue
2095 2738 2270 2801 dictis,
2313 2739 2504 2806 quibus
2533 2741 2736 2807 patiens
2779 2750 2832 2794 et
2875 2741 3049 2794 multa:
3088 2742 3486 2802 misericordiae.

1967 2835 2021 2878 et
2063 2829 2323 2893 paenitens
2349 2842 2506 2896 super
2554 2829 2780 2882 malitias
2829 2830 3025 2883 dicitur
3077 2831 3215 2884 Deus
3249 2847 3260 2882 :
3294 2831 3376 2886 vel
3423 2832 3489 2884 iis

1967 2916 2213 2981 maxime,
2242 2931 2356 2984 quae
2375 2918 2692 2985 generaliter
2717 2919 2783 2971 ab
2811 2919 3035 2974 Jeremia
3055 2922 3487 2988 pronuntiantur,

1967 3005 2018 3056 in
2047 3005 2236 3070 quibus
2267 3006 2543 3059 evidenter
2571 3009 2867 3061 ostenditur
2901 3025 2997 3077 pro
3045 3009 3226 3064 multis
3265 3009 3484 3064 misera-

1967 3093 2217 3157 tionibus,
2242 3102 2292 3146 ct
2311 3095 2829 3163 incomprehensibili
2857 3098 3092 3152 bonitate
3117 3112 3211 3151 sua
3244 3097 3381 3151 Deus
3405 3098 3488 3150 dl-

1963 3196 2106 3242 cere.
2143 3192 2196 3235 et
2238 3197 2341 3236 non
2378 3183 2573 3246 facere,
2604 3183 2769 3250 loqui,
2811 3195 2863 3237 et
2903 3200 3007 3237 non
3038 3199 3368 3252 permanere.
3400 3186 3487 3236 Ait

1961 3284 2086 3336 ergo
2110 3285 2202 3337 per
2219 3269 2501 3324 .leremiam
2528 3273 2664 3324 Deus
2683 3273 2726 3303 ⁸⁸
2759 3292 2770 3325 :
2816 3292 2832 3322 ι
2858 3274 2910 3326 ln
2933 3274 3086 3326 linem
3107 3275 3310 3340 loquar,
3341 3293 3358 3325 ι
3388 3275 3486 3326 hoc

1962 3366 2062 3417 est,
2087 3372 2147 3410 ex
2185 3359 2396 3410 deﬁnito
2422 3360 2610 3428 loquar
2637 3377 2657 3409 ο
2694 3375 2850 3427 super
2870 3369 3100 3428 gentem,
3128 3373 3181 3415 et
3217 3377 3374 3428 super
3401 3377 3486 3414 re-

1963 3461 2142 3513 gnum,
2174 3455 2227 3498 ut
2257 3447 2492 3499 auferam
2521 3463 2634 3511 eos,
2673 3457 2726 3502 et
2761 3449 3081 3511 disperdam.
3121 3451 3181 3502 Et
3206 3451 3247 3502 si
3270 3465 3489 3502 convcr-

1966 3543 2105 3586 tatur
2132 3548 2258 3603 gens
2291 3535 2376 3587 illa
2432 3550 2458 3586 a
2511 3536 2727 3589 malitiis
2772 3539 2902 3600 suis,
2936 3537 3202 3602 ptenitebo
3227 3532 3382 3604 331
3417 3538 3485 3591 de

1962 3625 2206 3678 omnibus
2240 3625 2390 3677 malis
2422 3640 2537 3692 qua:
2567 3626 2791 3693 cogitavi
2825 3627 2999 3680 facere
3029 3627 3127 3690 eis,
3160 3634 3213 3678 et
3239 3628 3288 3679 in
3323 3627 3483 3680 linem

1964 3711 2148 3778 loquar
2173 3726 2332 3780 super
2361 3724 2568 3781 gentem
2587 3724 2639 3766 et
2673 3730 2912 3781 regnum,
2942 3725 3000 3767 ut
3031 3715 3342 3768 reatdiﬁcem
3373 3731 3485 3781 eos,

1962 3811 2013 3853 et
2045 3803 2332 3867 replantem
2361 3821 2373 3856 :
2404 3811 2456 3856 et
2484 3803 2527 3856 si
2559 3803 2933 3857 fecerintmala
2964 3805 3014 3857 in
3036 3813 3314 3871 conspectu
3348 3820 3484 3870 meo,

1963 3897 2018 3940 ut
2050 3903 2151 3941 non
2175 3889 2390 3942 audiant
2417 3904 2596 3944 vocem
2632 3888 2829 3953 meam,
2861 3893 3138 3958 ptenttebit
3166 3906 3250 3944 me
3286 3896 3350 3944 de
3371 3909 3487 3946 om-

1963 3978 2118 4028 nibus
2150 3977 2303 4030 bonis
2344 3991 2460 4045 quae
2491 3977 2698 4031 locutus
2727 3978 2932 4031 fueram
2967 3988 3024 4032 ut
3067 3977 3295 4034 facerem
3326 3983 3424 4036 eis.
3462 3998 3482 4031 ι
3561 4012 3564 4014 ~

1961 4064 2234 4128 Quomodo
2265 4080 2390 4134 ergo
2424 4081 2702 4133 possumus
2736 4067 2818 4132 iis,
2852 4082 2967 4134 qua:
2997 4069 3234 4121 absolute
3258 4084 3349 4135 per
3400 4069 3486 4125 Je-

1964 4157 2181 4207 remiam
2206 4157 2343 4208 dicta
2375 4167 2518 4220 sunt,
2551 4156 2801 4225 praeferre
2837 4158 2922 4209 illa
2955 4173 3070 4224 quae
3110 4172 3361 4227 suspense
3395 4176 3486 4229 per

1960 4243 2173 4295 Balaam
2226 4244 2472 4298 dicuntur
2507 4263 2520 4298 :
2557 4245 2658 4298 nisi
2707 4246 2825 4312 quia
2861 4247 3242 4315 negligentibus
3281 4258 3334 4300 et
3366 4265 3487 4304 con-

248 4331 418 4381 saliee
466 4334 845 4400 septuaginta
884 4334 1052 4388 millia
1090 4338 1351 4392 virorum.
1391 4340 1456 4395 Et
1494 4345 1730 4399 extendit
1767 4360 1860 4397 an-

1966 4333 2307 4399 temptoribus
2333 4334 2417 4387 illa
2442 4333 2822 4398 confirmanda,
2853 4337 2964 4390 haec
2993 4353 3118 4391 vero
3162 4352 3191 4390 a
3215 4338 3486 4407 perfectio-

249 4417 404 4484 gelus
429 4418 533 4473 Dei
567 4435 806 4473 manum
840 4436 996 4475 suam
1033 4424 1086 4476 in
1120 4424 1444 4494 Jerusalem,
1475 4441 1531 4484 ut
1557 4446 1863 4500 corrumpe-

248 4515 330 4557 ret
361 4521 518 4567 eam.
547 4519 611 4562 et
634 4509 975 4575 deprecatus
996 4520 1079 4564 est
1111 4514 1368 4568 Dominus
1399 4532 1558 4584 super
1584 4522 1854 4583 malitiam,

245 4600 297 4641 et
320 4593 398 4644 ait
424 4596 498 4646 ad
543 4594 823 4662 angelum
860 4596 957 4662 qui
998 4599 1695 4673 exterminabatpOpulum:
1722 4606 1860 4660 Satis

243 4692 346 4741 est,
386 4683 629 4735 remitte
659 4698 889 4736 manum
927 4694 1103 4738 tuam.
1135 4705 1154 4737 ι
1197 4689 1429 4744 Observa
1453 4709 1578 4761 ergo
1597 4699 1856 4765 quomodo

241 4781 343 4821 nec
397 4771 453 4822 in
508 4771 582 4823 iis
624 4772 808 4824 tribus
861 4774 1382 4833 comminationibus
1413 4781 1552 4837 Deus
1593 4785 1857 4839 invenitur

242 4857 308 4908 de
339 4871 525 4912 morte
558 4860 782 4914 dixisse
818 4862 1003 4913 trium
1051 4863 1280 4922 dierum.
1305 4867 1354 4920 ln
1377 4871 1554 4925 verbis
1579 4875 1720 4926 enim
1741 4875 1853 4929 Gad

239 4948 475 5010 positum
509 4957 623 5008 est,
664 4963 771 5002 non
811 4950 871 5002 in
913 4953 1195 5006 mandatis
1229 4957 1420 5009 Domini
1451 4973 1466 5008 ε
1499 4968 1552 5012 et
1589 4977 1691 5015 non
1717 4978 1855 5017 sem-

245 5048 336 5098 per
362 5052 423 5088 ea
457 5053 590 5105 qua;
622 5051 727 5106 per
773 5040 1135 5106 prophetam
1167 5044 1416 5109 dicuntur,
1465 5051 1618 5115 quasi
1665 5067 1693 5103 a
1749 5053 1853 5107 Deo

240 5122 378 5176 dicta
429 5127 844 5193 suscipiuntur
913 5127 1076 5195 (66).
1121 5129 1340 5198 Denique
1383 5142 1436 5186 et
1492 5151 1588 5203 per
1637 5139 1850 5208 Moysen

247 5213 460 5275 quidem
497 5216 677 5270 multa
710 5215 965 5269 locutus
997 5225 1092 5268 est
1125 5219 1274 5281 Deus,
1300 5220 1562 5288 aliquanta
1595 5235 1774 5281 tamen
1801 5240 1856 5283 et

307 5321 515 5393 ujjun.
555 5341 637 5386 ιι,
669 5325 731 5393 2,7
821 5323 1058 5393 "{ng.
1088 5341 1170 5393 ιιι,
1200 5327 1246 5386 1.
1271 5327 1317 5388 2,
1341 5328 1460 5386 4,5.
1539 5335 1584 5365 ³⁸
1617 5337 1749 5388 ibid.
1785 5341 1866 5393 10.

250 5387 297 5439 8.
365 5391 410 5422 ιο
439 5394 570 5445 ibid.
606 5395 664 5456 4,
696 5392 756 5444 5.

247 5469 386 5519 nm,
421 5460 577 5511 7-l0.
663 5461 709 5488 "
756 5459 944 5510 Num.
984 5471 1160 5520 xxm,
1191 5459 1268 5510 20.
1341 5462 1380 5491 ⁸⁸
1411 5463 1537 5520 ibid.
1573 5470 1665 5524 21.

855 5390 1747 5477 :“{':‘_’.j_§'on“1‘99.l'.-_Vlt._10.
1786 5390 1870 5450 Ἓξ
1909 5390 2284 5465 ιιιίαζ”“ιξ.“ἰι
2327 5390 2456 5460 ibid.
2497 5390 2705 5477 T1-
2734 5390 2939 5458 llCor.
2993 5412 3066 5453 ιι,
3105 5395 3167 5444 t7
3266 5395 3304 5423 ιν

1964 4426 2109 4479 ribus
2133 4427 2391 4478 secretius
2417 4427 2734 4479 advertenda
2751 4427 2912 4478 sunt?

2027 4518 2079 4570 5.
2125 4518 2228 4568 Sed
2271 4526 2392 4583 post
2427 4518 2537 4570 haec
2583 4518 2793 4570 Balaam
2830 4535 2843 4570 :
2884 4535 2902 4567 ς
2949 4519 3082 4573 Ecce
3127 4521 3382 4588 inquit",
3417 4523 3485 4573 ad

1959 4603 2374 4656 benedicendum
2407 4612 2708 4672 assumptus
2734 4619 2876 4665 sum,
2909 4603 3236 4671 benedicam,
3282 4615 3332 4660 et
3379 4621 3484 4660 non

1961 4701 2196 4745 avertam
2229 4708 2368 4746 eam.
2402 4713 2418 4744 ι
2451 4693 2527 4744 Ad
2580 4693 2993 4746 benedicendum
3028 4693 3238 4747 Balaam
3286 4709 3485 4747 assum-

1961 4792 2080 4850 ptus
2105 4791 2206 4844 est.
2243 4798 2344 4835 non
2369 4797 2396 4835 a
2432 4781 2646 4844 Balach,
2675 4783 2766 4835 sed
2800 4798 2828 4834 a
2873 4784 2996 4858 Deo,
3027 4783 3114 4850 qui
3154 4783 3337 4852 injecit
3368 4798 3484 4836 ver-

1958 4875 2078 4925 bum
2108 4874 2156 4926 in
2198 4888 2258 4927 os
2280 4873 2412 4940 ejus,
2443 4886 2546 4939 quo
2578 4871 2823 4938 populum
2857 4871 3214 4936 henediceret,
3265 4881 3316 4926 et
3347 4873 3484 4924 hanc

1962 4960 2380 5013 benedictionem
2402 4975 2504 5013 non
2527 4961 2737 5012 avertit.
2772 4957 2878 5011 Nec
2899 4959 3037 5012 enim
3062 4967 3250 5026 potest,
3277 4958 3482 5011 etiamsi

1956 5048 2105 5115 velit,
2136 5051 2353 5112 verbum
2382 5049 2472 5101 Dei
2503 5049 2730 5101 humana
2768 5049 2950 5115 lingua
2994 5055 3322 5100 convertere.
3354 5045 3480 5096 Post

1962 5138 2070 5191 haec
2114 5153 2126 5187 :
2160 5150 2184 5189 ἰ
2221 5137 2330 5189 Νοιι
2359 5138 2478 5200 erit,
2514 5137 2682 5204 inquit
2723 5136 2787 5198 ⁸⁸,
2831 5135 2980 5187 labor
3009 5136 3061 5186 in
3093 5133 3274 5196 Jacob,
3309 5145 3482 5196 neque

1961 5230 2223 5282 videbitur
2253 5229 2403 5281 dolor
2430 5230 2480 5280 in
2514 5226 2694 5280 Israel.
2731 5245 2750 5276 ι
2778 5227 2971 5292 Aperte
2995 5223 3043 5274 in
3071 5222 3188 5272 istis
3219 5220 3482 5270 sermouiv

1942 5342 1983 5372 ³⁷
2017 5341 2144 5397 ibid.
2174 5340 2226 5392 4.
2303 5339 2345 5369 ⁸⁸
2373 5339 2412 5391 ll
2439 5337 2566 5403 Reg.
2605 5355 2746 5402 xxrv,
2790 5334 2965 5391 ll-lG.
3040 5329 3082 5358 ³³
3135 5327 3297 5377 Matth
3371 5343 3482 5392 xix,

1947 5411 2014 5448 ιιιι
2084 5411 2144 5448 t9.
2241 5409 2284 5439 ιι
2327 5407 2455 5448 ihid-
2497 5407 2579 5448 ~25,
2662 5409 2705 5437 ιι
2737 5407 2771 5448 ll
2819 5407 2939 5448 Cor.
2993 5412 3066 5448 xl.
3105 5395 3167 5444 l7
3266 5395 3304 5423 δ’
3369 5395 3483 5448 .ler.

313 5564 417 5627 (66)
446 5567 611 5628 Alias,
663 5583 682 5614 ι
729 5563 859 5616 dici
902 5562 1312 5628 suscipiantur.
1351 5586 1369 5619 ι
1409 5570 1511 5626 Sed
1555 5593 1656 5634 ms.
1687 5590 1746 5636 ut
1783 5585 1838 5639 in
1871 5597 2052 5644 nostro
2084 5595 2248 5642 textu.
