3838 6198
459 271 560 325 895

1851 252 2163 315 ORIGENIS

3516 227 3597 281 696

464 391 562 440 bus
595 382 786 437 futurae
816 378 940 433 vitae
965 376 1242 433 denuntiat
1281 384 1499 430 statum.
1535 374 1665 439 Quis
1698 374 1837 429 enim
1883 380 1987 432 est,
2018 372 2066 428 Α
2090 376 2176 421 est
2201 365 2372 434 gloria
2415 359 2727 416 unieornis.
2764 356 2861 410 Sic
2897 353 3042 407 enim
3067 360 3120 407 et
3154 351 3262 418 ipse
3290 352 3339 406 in
3362 352 3595 424 Evangelia

464 476 558 542 qui
591 475 729 526 hanc
759 470 920 522 vitam
951 468 1067 522 sine
1108 466 1292 519 labore
1335 473 1388 518 et
1416 463 1597 518 dolore
1623 460 1992 516 transcurrat?

466 563 574 618 Nec
606 563 650 616 si
677 560 869 613 Petrus
897 556 1105 623 aliquis,
1137 562 1228 607 aut
1276 554 1320 607 si
1370 552 1562 605 Paulus
1591 552 1681 607 sit.
1717 551 1992 616 Quomodo

468 667 572 705 non
609 651 660 704 in
692 648 871 701 labore
903 653 956 697 et
982 644 1165 697 dolore
1188 650 1269 696 est
1301 657 1420 695 cum
1443 651 1528 695 ter
1556 641 1720 709 virgis
1737 639 1990 702 caeditur,

467 739 631 795 semel
653 737 933 805 lapidatur,
960 743 1039 787 ter
1063 732 1399 799 naufragium
1447 729 1597 795 facit,
1650 730 1700 781 in
1732 727 1994 797 profundo

470 829 635 880 maris
665 827 749 879 die
775 839 837 879 ac
851 832 1004 877 nocte
1022 829 1124 883 est,
1147 821 1353 888 aliaque
1376 820 1651 872 innumera
1681 818 1994 885 perpetitur,

469 932 586 986 quae
612 915 674 969 de
707 914 974 967 laboribus
1014 913 1125 966 suis
1161 925 1223 963 ac
1255 909 1527 963 doloribus
1570 909 1757 961 scribit
1782 908 1863 959 ‘9?
1893 908 1995 961 Sed

471 1006 540 1057 ibi
586 1003 725 1056 istud
753 1001 1120 1069 complebitur,
1153 998 1242 1052 ubi
1290 998 1488 1052 dictum
1527 1006 1608 1050 cst
1643 1014 1657 1048 :
1695 1016 1713 1047 ι
1752 997 1999 1064 Aufugiet

470 1093 638 1158 dolor,
672 1102 725 1145 et
755 1091 993 1153 tristitia,
1022 1100 1074 1143 et
1099 1088 1327 1156 gemitus
1352 1087 1418 1139 '°.
1460 1106 1479 1138 ι
1522 1086 1669 1151 Quod
1695 1095 1868 1139 tamen
1892 1099 1995 1138 non

470 1190 534 1233 ad
560 1193 766 1242 omnes,
790 1179 885 1232 sed
913 1178 979 1231 ad
1013 1191 1106 1231 eos
1139 1183 1367 1238 tantum,
1392 1176 1479 1241 qui
1525 1176 1727 1228 meritis
1750 1173 1914 1227 Jacob
1946 1182 2001 1225 et

473 1268 635 1321 Israel
662 1267 878 1332 fuerint,
902 1266 1129 1320 refertur
1152 1282 1167 1316 :
1199 1274 1257 1316 ut
1286 1264 1383 1317 fuit
1405 1264 1492 1316 ille
1525 1278 1721 1330 pauper
1744 1263 1996 1322 Lazarus,

475 1357 565 1425 qui
599 1365 912 1424 praesentem
946 1354 1160 1422 quidem
1194 1354 1356 1406 vitam
1394 1353 1444 1405 in
1479 1351 1661 1405 labore
1707 1366 1770 1405 ac
1818 1352 2001 1405 dolore

473 1445 751 1513 transegit,
788 1444 858 1498 ibi
889 1452 1061 1496 autem
1083 1442 1278 1495 dicitur
1309 1442 1371 1495 ad
1396 1442 1642 1494 divitem:
1670 1459 1687 1491 ι
1709 1440 1998 1505 Memento,

472 1532 566 1597 ﬁli,
597 1532 719 1600 quia
754 1540 804 1583 tu
839 1530 1089 1597 recepisti
1129 1531 1267 1582 bona
1297 1529 1351 1581 in
1392 1529 1502 1581 vita
1537 1539 1648 1591 tua,
1687 1537 1739 1581 et
1769 1528 2001 1580 Lazarus

473 1621 720 1675 similiter
742 1619 896 1671 mala.
930 1618 1078 1671 Nune
1107 1627 1283 1672 autem
1332 1617 1417 1670 hic
1446 1617 1753 1684 requiescit,
1785 1626 1836 1669 tu
1874 1632 2001 1670 vero

473 1707 728 1761 cruciaris
762 1706 828 1759 ".
867 1725 884 1757 ι
920 1704 1014 1758 Ille
1058 1720 1189 1774 ergo
1242 1713 1324 1759 est
1374 1704 1555 1769 Israel,
1612 1713 1666 1757 et
1698 1704 1883 1768 Jacob,
1948 1706 1999 1758 in

473 1810 628 1865 quem
672 1811 780 1850 non
825 1796 967 1850 venit
999 1795 1165 1856 labor,
1213 1804 1267 1848 et
1297 1794 1465 1847 dolor.
1506 1794 1663 1848 Dives
1707 1803 1881 1848 autem
1916 1794 2002 1847 ille

476 1895 591 1940 erat
616 1886 828 1953 quidem
860 1897 912 1939 et
940 1887 1051 1951 ipse
1089 1884 1380 1937 secundum
1406 1898 1616 1937 carnem
1645 1884 1825 1948 Israel,
1867 1884 2001 1938 dicio

477 1984 567 2027 tur
595 1974 735 2027 enim
765 1973 835 2037 ei,
875 1973 996 2041 quia
1043 1971 1241 2026 fratres
1277 1971 1362 2025 sui
1403 1973 1600 2025 habent
1627 1971 1768 2039 leges
1799 1979 1854 2024 et
1881 1985 2004 2040 pro-

476 2064 685 2132 phetas,
707 2063 928 2116 audiant
947 2061 1152 2125 illos”;
1184 2061 1273 2115 sed
1301 2061 1422 2128 quia
1456 2076 1559 2114 non
1577 2068 1691 2114 erat
1710 2061 2001 2114 secundum

476 2153 721 2221 spiritum
738 2152 924 2214 Israel,
949 2152 1068 2204 ideo
1090 2152 1237 2204 venit
1252 2165 1411 2217 super
1428 2151 1575 2204 illum
1593 2150 1742 2203 labor
1763 2160 1815 2203 et
1831 2150 2002 2204 dolor.

542 2241 597 2295 6.
616 2260 635 2292 ι
661 2242 913 2297 Dominus
945 2240 1086 2295 Deus
1116 2256 1244 2295 suus
1277 2255 1396 2294 eum
1422 2240 1556 2309 ipso,
1582 2240 1834 2308 praeclara
1860 2239 2006 2308 prin-

476 2331 654 2398 cipum
716 2344 834 2383 eum
870 2331 986 2398 ipso
1032 2340 1160 2384 sunt
1184 2331 1251 2382 ⁵³.
1285 2347 1304 2379 ι
1354 2328 1634 2397 Nunquam
1662 2328 1805 2382 enim
1845 2327 2005 2382 Israel

477 2435 630 2474 suum
660 2420 861 2474 deserit
889 2419 1048 2474 Deus.
1079 2419 1312 2484 Quorum
1349 2430 1522 2472 autem
1548 2418 1843 2487 principum
1867 2432 2005 2486 prte-

480 2508 624 2561 clara
664 2523 785 2562 eum
841 2508 955 2577 ipso
1003 2505 1166 2560 Israel
1219 2507 1357 2570 sint,
1405 2507 1696 2559 videamus.
1747 2504 2006 2557 Praeclara

478 2597 798 2663 principum,
837 2604 1073 2663 potestas
1126 2604 1229 2659 est,
1284 2595 1610 2663 principatus
1657 2605 1711 2648 et
1764 2608 2004 2664 regnum.

480 2683 674 2739 Verum
704 2685 952 2752 quoniam
984 2695 1105 2738 sunt
1143 2696 1199 2738 et
1244 2685 1406 2753 aliqui
1459 2683 1756 2752 principes,
1803 2682 1893 2750 qui
1943 2684 2010 2735 de

477 2775 779 2843 principatu
825 2789 942 2836 suo,
973 2774 1053 2826 vel
1084 2775 1347 2841 pellendi,
1379 2777 1460 2828 vel
1481 2775 1590 2841 jam
1621 2774 1764 2829 forte
1801 2773 2009 2843 depulsi

481 2872 625 2927 sunt,
670 2872 723 2916 et
764 2862 817 2915 in
858 2861 1030 2915 locum
1066 2878 1129 2915 ne
1168 2863 1520 2932 principatum
1550 2878 1734 2917 eorum
1765 2862 2006 2917 introdu-

2096 456 2356 510 Dominus
2392 452 2526 508 dicit
2559 467 2577 503 :
2613 469 2634 501 ι
2672 448 2864 510 Pater,
2898 448 2963 500 da
2999 445 3125 507 illis,
3153 445 3359 498 utsicut
3379 458 3465 511 ego
3486 457 3531 500 et
3553 457 3595 501 tu

2093 562 2259 600 unum
2301 557 2527 606 sumus,
2558 542 2638 594 ita
2668 547 2728 593 et
2771 537 2859 590 isti
2911 536 2965 588 in
3019 533 3173 587 nobis
3201 547 3357 586 unum
3386 533 3478 588 sint
3497 536 3592 589 “.i

2093 636 2161 689 Et
2190 636 2314 689 ideo
2345 632 2543 686 similis
2572 629 2753 698 gloria
2791 626 3019 679 dabitur
3043 623 3242 685 lsraeli,
3271 623 3399 675 sicut
3421 631 3495 686 est
3513 624 3600 691 κιο.

2096 726 2171 777 ria
2204 722 2516 786 unieornis,
2558 719 2806 772 maxime
2862 729 2990 768 eum
3041 709 3603 780 transformabiteorpus

2097 812 2427 866 humilitatis
2454 816 2660 864 nostrae
2693 804 2983 860 conforme
3006 801 3221 869 corpori
3249 800 3415 866 gloria:
3438 815 3530 852 sua.
3553 803 3602 852 θ’.

2167 904 2218 955 7.
2253 919 2273 952 ι
2315 900 2437 956 Νοιι
2462 899 2569 952 erit
2597 895 2888 965 auguratio
2917 892 2971 946 in
3004 889 3185 954 Iacob,
3212 903 3373 957 neque
3403 889 3606 947 divinatio

2099 995 2150 1047 in
2186 991 2380 1046 Israel.
2424 990 2485 1043 In
2514 1046 2525 1051 ,ν
2542 998 2797 1055 tempore
2833 984 3051 1038 dicetur
3081 981 3147 1034 ad
3191 978 3351 1034 Iacob
3393 989 3443 1034 et
3482 982 3605 1037 Israel

2097 1080 2226 1149 quid
2280 1078 2537 1148 perficiet
2577 1077 2727 1130 Deus
2762 1074 2837 1126 “.
2871 1089 2892 1123 ι
2920 1070 3087 1139 Igitur
3114 1068 3356 1135 quoniam
3381 1068 3608 1121 visumest

2091 1169 2205 1235 jam
2246 1168 2407 1222 nobis
2443 1164 2764 1234 diligentius
2790 1162 2858 1217 de
2896 1158 3132 1228 singulis
3159 1158 3443 1225 quibusque
3465 1158 3606 1211 discu-

2101 1269 2237 1323 tere,
2269 1272 2376 1311 non
2401 1256 2679 1309 videbitur
2715 1251 3041 1312 absurdum,
3066 1250 3113 1304 si
3132 1249 3289 1302 etiam
3313 1247 3429 1316 quid
3456 1247 3516 1301 sit
3535 1262 3609 1301 au-

2101 1348 2352 1416 guratio,
2416 1345 2502 1399 vel
2559 1342 2855 1406 divinatio,
2910 1339 3167 1408 quoniam
3215 1337 3415 1405 quidem
3458 1336 3611 1405 placuit

2102 1438 2402 1505 Scriptura:
2430 1445 2870 1491 commemorare
2894 1430 2964 1483 de
3003 1429 3091 1492 iis,
3123 1442 3189 1481 ne
3215 1427 3330 1495 quis
3351 1428 3471 1479 forte
3498 1426 3612 1494 igno-

2102 1537 2292 1582 ranter
2326 1528 2379 1580 in
2412 1530 2531 1580 haec
2580 1524 2814 1588 incidat,
2876 1519 3236 1588 requiramus.
3293 1514 3493 1568 Videtur
3514 1528 3612 1581 ergo

2104 1618 2235 1670 mihi
2265 1617 2576 1669 futurorum
2614 1611 2971 1681 praeseientia
2994 1616 3251 1676 quantum
3281 1606 3342 1658 ad
3366 1605 3612 1672 ipsamrem

2104 1718 2335 1776 spectat,
2368 1707 2608 1759 medium
2643 1702 2914 1771 quiddam
2959 1714 3101 1764 esse,
3147 1697 3197 1751 id
3236 1706 3314 1751 est
3344 1709 3495 1763 neque
3522 1709 3614 1761 pro-

2104 1799 2217 1866 prie
2245 1798 2469 1856 bonum,
2507 1808 2685 1862 neque
2718 1791 2941 1861 proprie
2970 1790 3169 1840 malum
3200 1804 3215 1839 :
3247 1784 3611 1854 quandoquidem

2104 1896 2283 1958 potest
2318 1887 2593 1940 interdum
2622 1883 2795 1938 etiam
2837 1896 2865 1933 a
2894 1889 3054 1948 parte
3078 1876 3273 1933 diaboli
3304 1876 3363 1928 ad
3394 1874 3611 1928 hominum

2107 1979 2355 2033 notitiam
2394 1978 2710 2030 lutnrorum
2744 1972 2940 2026 venire
2974 1968 3331 2039 praescientia.
3356 1965 3468 2018 Sine
3489 1963 3612 2017 dubio

2104 2079 2283 2120 autem
2313 2082 2437 2120 cum
2475 2066 2721 2132 tempus'
2742 2072 2801 2115 et
2829 2059 3216 2129 opportunitas
3244 2056 3421 2125 poscit,
3463 2063 3508 2107 et
3542 2068 3613 2105 ro-

2107 2157 2285 2210 Iuntas
2318 2156 2409 2210 Dei
2438 2154 2627 2217 fuerit,
2670 2154 2840 2206 datur
2862 2151 3029 2205 etiam
3061 2164 3092 2201 a
3138 2149 3247 2202 Deo
3273 2162 3361 2215 per
3385 2146 3614 2214 prophetas

2106 2246 2418 2300 hominibus
2441 2242 2828 2313 praescientia;
2852 2250 2914 2293 et
2935 2240 3057 2293 ideo
3074 2239 3322 2301 diximus,
3351 2237 3457 2305 quia
3483 2247 3615 2301 neque

2109 2335 2325 2403 preprie
2356 2335 2557 2388 bonum
2603 2333 2720 2386 dici
2755 2339 2967 2399 potest,
2997 2330 3141 2398 quod
3170 2326 3434 2394 aliquando
3457 2339 3482 2377 a
3510 2322 3616 2376 male

2108 2423 2285 2486 venit;
2318 2436 2491 2490 neque
2520 2420 2751 2488 preprie
2772 2418 3005 2481 malum,
3040 2417 3184 2486 quod
3215 2415 3468 2483 aliquando
3488 2428 3512 2465 a
3537 2410 3615 2463 Deo

2112 2510 2409 2563 descendit.
2443 2508 2510 2561 Et
2532 2508 2799 2575 quamvis
2822 2509 2891 2562 de
2916 2507 3021 2560 hoc
3051 2505 3375 2560 abundanter
3414 2504 3547 2556 etiam
3567 2514 3615 2551 es

2112 2596 2408 2665 Scripturis
2457 2596 2660 2649 divinis
2720 2595 2976 2662 exempla
3037 2594 3386 2662 suppeditent,
3431 2589 3616 2644 sullieere

2113 2697 2292 2740 tamen
2323 2685 2603 2739 credimus
2650 2686 2706 2739 si
2739 2694 2963 2737 utamur
2991 2698 3078 2747 eo,
3126 2683 3265 2750 quod
3301 2681 3347 2733 in
3379 2679 3614 2745 Regnorum

2111 2777 2251 2830 libro
2281 2776 2544 2843 scriptum
2578 2774 2829 2842 legimus
2856 2791 2870 2826 :
2905 2774 2997 2828 ubi
3033 2787 3162 2826 arca
3187 2770 3275 2824 Dei
3299 2767 3362 2823 ab
3385 2764 3617 2835 Allophylis

2113 2876 2264 2935 capta
2290 2874 2394 2929 est,
2431 2873 2488 2918 et
2519 2850 2767 2919 deducta
2802 2864 2859 2918 in
2888 2865 3149 2923 Azotum.
3176 2870 3230 2915 et
3275 2861 3344 2913 ibi
3375 2877 3392 2907 ι
3421 2854 3612 2909 introdu-

481 2952 633 3004 eendi
664 2950 721 3013 ii,
755 2950 845 3017 qui
878 2964 1005 3002 vere
1041 2950 1291 3004 Israelita:
1319 2960 1462 3017 sunt,
1497 2950 1753 3019 praeclara
1779 2951 1869 3004 illa
1891 2966 2008 3004 om-
2032 2965 2075 3023 ο
2109 2955 2341 3018 xerunt,‘
2364 2954 2541 3023 inquit
2586 2954 2661 3019 δ’,
2704 2969 2833 3008 eam
2865 2954 2920 3007 in
2963 2953 3181 3006 domum
3201 2946 3616 3018 Dagon,etinven-

482 3043 592 3105 nia,
622 3055 739 3109 quae
766 3040 1065 3093 habuerunt
1096 3040 1145 3091 in
1168 3039 1320 3093 ctelis
1344 3040 1416 3093 illi
1449 3041 1738 3109 principes,
1770 3041 1861 3109 qui
1905 3055 2010 3094 non

481 3137 828 3185 servaverunt
853 3128 1204 3196 principatum
1236 3143 1425 3194 suum,
1473 3130 1569 3184 sed
1618 3130 2013 3197 dereliquerunt

486 3228 683 3273 aeterna
706 3216 993 3281 domicilia,
1022 3216 1184 3271 Israel
1209 3217 1310 3272 iste
1351 3227 1405 3271 et
1425 3217 1609 3283 Jacob,
1639 3219 1728 3287 qui
1757 3217 2008 3273 collucta-

484 3318 569 3361 tus
604 3314 687 3361 est
713 3314 765 3360 et
786 3305 932 3369 vicit,
961 3306 1208 3375 accipiet,
1227 3318 1280 3361 et
1311 3309 1391 3363 sic
1411 3324 1529 3363 cum
1559 3310 1677 3378 ipso
1695 3320 1852 3364 erunt
1876 3325 2014 3377 pra:-

482 3396 625 3449 clara
656 3395 975 3464 principum.
1001 3415 1019 3447 ι
1046 3396 1184 3451 Deus
1208 3396 1298 3465 qui
1321 3398 1505 3452 eduxit
1530 3414 1650 3453 eum
1678 3413 1743 3453 ex
1779 3397 2013 3471 :Egypto

481 3483 619 3536 sicut
649 3482 815 3550 gloria
848 3484 1122 3538 unicornis
1144 3485 1193 3538 ei
1214 3483 1281 3537 “.
1334 3504 1353 3535 ι
1397 3484 1631 3540 Eductus
1660 3497 1740 3541 est
1772 3487 1862 3541 ille
1890 3489 2012 3556 qui-

484 3576 602 3628 dem
639 3573 802 3628 Israel
829 3573 897 3628 de
928 3575 1158 3643 Egypto
1189 3575 1285 3627 ista
1320 3584 1550 3638 terrena,
1584 3576 1671 3629 hic
1699 3585 1877 3631 autem
1903 3578 2013 3645 spi-

483 3664 652 3719 ritalis
681 3664 844 3719 Israel
872 3666 936 3719 de
953 3664 1184 3733 Egypto
1210 3664 1409 3731 saeculi,
1451 3675 1506 3718 et
1531 3666 1597 3719 de
1623 3676 1887 3735 potestate
1932 3676 2014 3720 te-

485 3756 792 3820 nebrarum,
837 3765 892 3808 et
937 3763 1020 3807 est
1057 3754 1225 3823 gloria
1261 3754 1378 3822 ejus
1422 3766 1675 3823 tanquam
1718 3755 2014 3808 unicornis.

487 3845 774 3900 Unicornis
801 3846 1010 3913 quidem
1048 3844 1215 3899 fertur
1241 3859 1359 3899 esse
1384 3845 1585 3899 animal
1607 3861 1671 3900 eo
1695 3845 1877 3899 habitu
1908 3845 2017 3898 for-

484 3946 707 4001 matum,
732 3950 835 4003 quo
863 3934 1097 3989 nominis
1124 3935 1288 4001 ipsius
1303 3935 1545 4004 designat
1570 3935 1840 3988 indicium.
1862 3931 2013 3998 Quod

483 4026 683 4079 animal
710 4023 1019 4092 frequenter
1045 4025 1097 4079 in
1124 4023 1418 4093 Scripturis
1445 4023 1638 4077 divinis
1668 4022 1898 4090 positum
1933 4022 2013 4075 Ie-

484 4116 678 4183 gimus,
709 4114 802 4168 sed
835 4114 1099 4182 praecipue
1127 4117 1263 4182 apud
1298 4114 1397 4167 Job
1425 4115 1469 4145 ⁸⁵
1498 4115 1588 4168 Dei
1610 4113 1777 4180 ipsius
1799 4112 2019 4168 vocibus

484 4204 723 4271 potentia
755 4203 871 4269 ejus
903 4210 958 4255 et
984 4203 1151 4257 virtus
1173 4204 1488 4272 exponitur,
1528 4204 1579 4256 in
1618 4201 1829 4271 quibus,
1878 4210 1936 4254 ut
1964 4201 2015 4254 in

2116 3055 2200 3099 tus
2227 3052 2310 3098 est
2344 3042 2530 3111 Dagon
2563 3043 2839 3097 recidisse
2856 3057 3064 3111 pronus
3089 3042 3142 3095 in
3162 3050 3350 3095 terrain
3368 3045 3614 3090 anteanam

2113 3134 2418 3189 testamenti
2452 3133 2695 3186 Domini.
2735 3132 2804 3185 Et
2849 3143 3085 3201 gravata
3127 3138 3212 3184 est
3262 3142 3434 3182 manus
3459 3118 3614 3176 Domini

2113 3237 2277 3289 super
2300 3221 2531 3284 Azotos,
2570 3229 2627 3274 et
2657 3222 2959 3291 dissipavit
2989 3236 3108 3285 eos,
3148 3228 3204 3273 et
3232 3217 3467 3287 percussit
3486 3210 3615 3266 βοείη

2115 3312 2351 3366 natibus.
2381 3328 2401 3360 ι
2431 3309 2565 3363 Post
2610 3310 2764 3376 hanc,
2818 3311 3022 3379 inquit,
3072 3309 3307 3377 ingressa
3348 3314 3421 3359 est
3449 3313 3545 3354 arca
3577 3296 3613 3348 in

2114 3404 2381 3467 Acearon,
2411 3409 2467 3461 et
2504 3399 2789 3454 miserunt
2816 3400 3277 3461 Accaronienses,
3319 3404 3369 3449 et
3391 3400 3614 3458 congrega-

2115 3498 2306 3544 verunt
2333 3502 2522 3543 omnes
2549 3488 2825 3558 Satrapas
2861 3489 3297 3559 Allopbylorum,
3328 3502 3346 3534 σ
3380 3490 3430 3535 el
3449 3485 3616 3542 €008"

2115 3585 2379 3648 gaverunt
2407 3578 2728 3633 sacerdotes
2757 3588 2817 3633 et
2843 3578 3068 3633 divinos
3093 3591 3221 3631 suos
3247 3575 3463 3628 dicentes
3484 3583 3497 3617 ι
3518 3562 3616 3629 Quid

2114 3667 2380 3720 faciemus
2400 3664 2564 3734 332
2599 3680 2755 3721 arca:
2790 3666 3050 3722 Domini?
3080 3665 3317 3719 Indicate
3361 3659 3490 3713 nobis
3521 3666 3618 3721 quo-

2116 3756 2274 3809 modo
2311 3757 2654 3809 remittamus
2690 3772 2824 3811 eam
2866 3759 2922 3811 in
2959 3757 3138 3811 locum
3168 3769 3337 3809 suum.
3379 3744 3619 3814 Responde

2119 3854 2244 3898 runt
2274 3845 2588 3899 sacerdotes
2619 3853 2676 3898 et
2711 3846 2901 3900 divini
2930 3863 2947 3902 :
2991 3845 3051 3899 Si
3082 3844 3349 3898 remittitis
3374 3850 3525 3894 arcam
3549 3832 3623 3885 θυ-

2117 3932 2245 3986 ιιιίιιί
2282 3932 2376 3985 Dei
2409 3930 2595 3995 Israel,
2629 3932 2814 3988 noliLe
2855 3949 2984 3987 eam
3032 3934 3300 3989 dimittere
3327 3931 3523 3989 inanem,
3555 3917 3620 3972 sed

2117 4024 2306 4075 dantes
2339 4022 2540 4076 dabitis
2565 4020 2615 4076 ei
2650 4036 2751 4089 pro
2810 4023 3037 4087 delicto,
3087 4032 3142 4078 et
3183 4031 3308 4076 tunc
3347 4005 3608 4073 sanabimini

2119 4120 2175 4165 et
2204 4111 2510 4165 innotescet
2533 4110 2709 4164 vobis.
2734 4111 2847 4166 Sin
2880 4123 3088 4177 autem,
3115 4125 3219 4166 non
3243 4106 3457 4165 discedet
3482 4107 3622 4154 manus

2121 4203 2237 4272 ejus
2280 4216 2310 4255 a
2353 4200 2516 4257 vobis
2545 4202 2612 4256 ”.
2649 4220 2669 4254 ι
2706 4202 2787 4257 Ει.
2828 4212 2954 4273 post
2992 4217 3162 4273 pauca
3204 4217 3222 4255 :
3264 4218 3282 4251 ι
3327 4199 3538 4251 Etnunc,
3565 4186 3620 4236 in-

482 4290 915 4357 quamplurimis,
945 4290 1188 4346 Christus
1210 4293 1516 4362 intelligitur
1541 4292 1832 4360 designari.
1869 4291 1937 4345 Et
1963 4292 2014 4344 in
2047 4293 2093 4352 D
2123 4292 2239 4359 quit
2265 4290 2330 4353 “,
2365 4289 2530 4344 facite
2575 4304 2815 4345 carrum
2862 4307 3093 4357 novum,
3122 4291 3257 4343 duas
3305 4295 3470 4339 vaccas
3505 4275 3622 4329 fetas

489 4380 786 4446 Scripturis
812 4379 1011 4433 divinis
1058 4396 1223 4435 cornu
1260 4398 1355 4450 pro
1396 4397 1559 4449 regno
1608 4380 1835 4449 positum
1883 4394 2022 4448 saepe

497 4469 814 4536 reperimus,
851 4469 988 4522 sicut
1024 4480 1076 4523 et
1108 4474 1359 4540 propheta
1389 4474 1520 4527 dicit
1555 4489 1568 4523 :
1606 4491 1625 4521 ο
1656 4473 1889 4535 Quatuor
1921 4484 2021 4523 au-

498 4568 604 4612 tem
636 4570 860 4620 cornua,
888 4567 1114 4624 quatuor
1161 4575 1319 4629 regna
1351 4571 1476 4616 sunt
1505 4561 1571 4612 ³⁸.
1612 4578 1631 4613 ι
1661 4559 1775 4613 Sub
1806 4558 2024 4613 nomine

491 4648 675 4716 itaque
702 4648 998 4713 unieornis,
1037 4649 1087 4703 in
1119 4650 1334 4707 Christo
1386 4653 1487 4706 hoc
1534 4651 1741 4704 videtur
1786 4649 2019 4713 ostendi,

488 4732 615 4801 quia
652 4745 811 4786 omne
834 4732 972 4799 quod
1002 4743 1105 4798 est,
1142 4752 1301 4790 unum
1327 4738 1441 4806 ejus
1472 4750 1635 4791 cornu
1661 4742 1763 4797 est,
1793 4734 1894 4789 hoc
1938 4744 2023 4790 est

490 4836 655 4876 unum
706 4835 924 4890 regnum
974 4814 1108 4892 ejus.
1163 4825 1350 4881 Omnia
1404 4826 1545 4879 enim
1599 4825 1751 4877 Pater
1795 4824 2022 4891 subjecit

490 4911 591 4966 sub
616 4909 837 4979 pedibus
862 4910 908 4942 "
932 4913 1046 4980 ejus
1088 4929 1363 4983 usquequo
1394 4923 1447 4967 et
1488 4912 1808 4967 novissimus
1839 4911 2020 4966 inimi-

490 5014 588 5054 cus
623 5000 935 5054 destruatur
966 5016 1131 5067 mors,
1171 5014 1225 5057 et
1266 5014 1515 5069 tanquam
1558 5000 1831 5053 unicornis
1855 5017 2017 5057 unum

489 5089 727 5143 omnium
769 5104 990 5158 regnum
1031 5100 1209 5144 teneat
1251 5091 1518 5153 Christus,
1548 5088 1672 5155 quia
1706 5087 1843 5139 sicut
1885 5089 2020 5142 scri-

490 5188 637 5245 ptum
668 5185 789 5232 est:
819 5196 839 5228 ι
872 5177 1038 5246 Regni
1064 5180 1178 5248 ejus
1196 5194 1300 5232 non
1328 5180 1432 5231 erit
1455 5178 1572 5230 linis
1591 5176 1709 5240 Ἐξ»
1738 5175 2017 5244 Eritergo,

494 5268 688 5335 inquit,
715 5269 786 5330 ei,
813 5268 913 5323 hoc
942 5278 1024 5324 est
1062 5267 1247 5322 lsraeli
1268 5267 1342 5321 illi
1374 5265 1621 5333 spiritali,
1654 5263 1843 5334 gloria,
1880 5265 2022 5319 sicut

563 5422 606 5452 “
628 5424 667 5475 ll
700 5425 822 5478 Cor.
854 5445 926 5480 χι.

501 5496 698 5579 ξικξιῐὶι
724 5492 894 5579 9.-
926 5498 1273 5579 93nie'g't'u
1299 5500 1390 5554 22·
1479 5500 1528 5579 1'
1557 5499 1723 5579 [διιε-
1752 5512 1838 5558 κνι
1859 5499 1956 5579 2‘!-

572 5552 718 5606 Num.
750 5573 903 5625 χχιιι,
926 5565 1016 5616 23.
1119 5569 1160 5599 θ’
1189 5569 1203 5619 l
1238 5552 1454 5633 Ilegav,
1479 5566 1533 5631 2,
1556 5569 1609 5633 5,
1645 5567 1735 5619 10-

1018 5432 1062 5503 ’ξ’
1087 5432 1202 5503 lsai.
1227 5432 1391 5503 xng',
1421 5429 1501 5503 10.
1560 5428 1778 5503 _'1Luc.
1802 5431 2026 5503 “5‘25.
2056 5502 2059 5503 ν
2104 5436 2150 5466 ⁸³
2179 5438 2318 5495 ibid.
2359 5445 2458 5503 ‘29.

2051 5502 2097 5531 ⁸⁸
2128 5504 2260 5562 an.
2296 5528 2336 5575 I,
2364 5516 2460 5576 35,

1859 5565 1939 5617 “I
1971 5566 2104 5638 nos.
2145 5589 2221 5639 τι,
2253 5565 2498 5651 2,5,1.
2529 5565 2959 5667 ερ.ῖ.;,“··ἰι“ίιέίιι.
2993 5580 3103 5631 τοι
3125 5588 3271 5642 seqq.

2096 4378 2402 4441 .assumite,
2432 4378 2629 4447 quibus
2649 4377 2857 4448 jugum
2893 4396 3004 4435 non
3028 4388 3114 4434 est
3139 4376 3445 4446 impositum,
3466 4375 3509 4421 et
3531 4364 3622 4432 illn-

2120 4471 2231 4538 gite
2268 4482 2464 4523 vaccas
2491 4467 2561 4521 ad
2587 4483 2841 4536 carrum,
2871 4481 2927 4527 et
2954 4471 3120 4527 fmtus
3143 4482 3321 4524 earum
3347 4474 3471 4517 retro
3496 4453 3620 4509 abdu-

2119 4559 2229 4612 cite
2249 4557 2317 4609 ad
2342 4559 2561 4611 domum
2593 4571 2606 4607 :
2646 4565 2701 4610 et
2728 4562 3007 4616 assumite
3034 4574 3215 4614 aream
3248 4551 3454 4612 Domini,
3481 4553 3525 4597 et
3545 4542 3620 4594 itu-

2123 4646 2307 4714 ponite
2340 4661 2460 4700 eam
2489 4660 2656 4716 super
2679 4662 2933 4718 carrum,
2959 4662 3016 4705 et
3054 4664 3183 4702 vasa
3203 4660 3355 4701 aurea
3375 4653 3479 4709 qua:
3502 4632 3621 4688 obtu-

2122 4737 2267 4792 listis
2293 4738 2343 4791 ei
2369 4752 2466 4806 pro
2501 4738 2726 4804 delicto,
2754 4742 2925 4795 simul
2969 4741 3152 4810 ponite
3177 4751 3330 4807 super
3369 4741 3564 4786 carrum,
3583 4726 3621 4771 et

2121 4827 2301 4880 omnia
2348 4837 2536 4882 8³ηοιὲ
2597 4830 2759 4891 eius:
2797 4838 2858 4885 et
2909 4830 3169 4884 dimittite
3207 4839 3341 4887 eam,
3378 4830 3427 4873 et
3467 4813 3619 4865 vadat:

2118 4925 2177 4969 et
2193 4916 2395 4982 videte,
2424 4917 2693 4986 siquidem
2728 4920 2887 4974 vadit
2912 4935 3012 4988 per
3041 4920 3181 4973 viam
3207 4927 3357 4971 suam
3376 4920 3424 4964 et
3445 4905 3500 4959 ad
3519 4899 3619 4988 ﬁt)?!

2124 5021 2256 5061 suos
2307 4982 2555 5062 ascendit
2594 5010 2648 5062 in
2683 4982 3023 5073 Bethsamis,
3055 5009 3169 5076 ipsa
3220 5001 3363 5057 nobis
3384 4993 3492 5050 fecit
3517 4982 3618 5082 mala

2126 5096 2241 5150 haec
2260 5112 2479 5167 magna.
2504 5098 2565 5155 Si
2595 5109 2780 5154 autem
2812 5117 2920 5156 non
2951 5098 3100 5152 vadit
3122 5095 3269 5157 illuc,
3299 5089 3500 5145 sciemus
3521 5086 3615 5167 (ΙΨ

2125 5199 2322 5240 manus
2351 5188 2470 5255 ejus
2499 5203 2603 5244 non
2631 5190 2863 5259 contigit
2896 5203 3019 5253 nos,
3043 5186 3135 5241 sed
3156 5180 3367 5237 fortuitu
3391 5176 3486 5228 haec
3503 5160 3619 5220 nol)“

2127 5274 2473 5333 acciderunt.
2513 5300 2532 5333 ι
2558 5278 2800 5335 Observa
2831 5293 2964 5349 ergo
3010 5278 3068 5330 in
3094 5276 3182 5338 iis,
3217 5262 3455 5340 quomodo
3477 5261 3614 5311 sacer-

2536 5449 2581 5482 ⁵³
2642 5448 2803 5503 Num.
2851 5459 3007 5506 χχιιι,
3053 5440 3144 5493 21.
3217 5427 3419 5506 ί³λ⁸Ψίδ⁶

2541 5477 2582 5554 δῖ
2609 5477 3021 5578 ,ιξῖἑῖξῘἮνῖῗΪὲἳ
3036 5477 3168 5561 .”’ῖο
3211 5477 3423 5567 Philipp.
3453 5504 3521 5551 ιιι,
3543 5477 3616 5533 ιιι.
