3838 6240
435 507 454 552 1

36 539 75 595 ω
242 516 303 591 /’
364 508 595 593 ’Jtrum
640 538 743 583 ex
796 554 882 596 ιη
960 508 1424 562 ”’“““·’¹ἰ¹ω,
1467 518 1595 568 qua:
1649 508 1950 557 acciderant

60 582 233 684 Mm,
259 672 279 684 Α
435 587 721 670 fortuitu
796 563 1315 684 ac:?;‘A3.ei9
1358 600 1438 643 et
1471 608 1571 657 pro
1597 608 1734 646 arcae
1757 596 1949 662 injuria

436 633 663 666 -.ηηιη
962 644 980 656 _
1293 633 1315 646 ,
1364 633 1438 643 ν-
1472 633 1571 657 ,...,
1597 633 1949 662 ...ν......,......

364 680 556 746 λιτῆς,
610 633 1256 746 δξῖηιῗῗξδιᾱθτίίν
1330 681 1657 746 propositis
1710 692 1950 733 contem-

429 788 685 851 neeum
700 810 731 855 ι
753 755 891 855 ἒτς
902 755 1071 855 uti:
1089 765 1171 855 ζεῖ
1216 756 1309 812 Si
1345 782 1485 855 Aper
1511 772 1651 822 viam
1699 785 1844 823 suam
1883 769 1950 822 ad

93 788 217 855 «ait»
429 788 731 855 tuemur“
788 809 807 821 ι
1044 788 1063 792 ‘
1127 788 1152 798 ‘
1216 788 1309 812 ὀι
1362 788 1485 831 per
1511 788 1651 822 Vlalll
1699 788 1844 823 suam
1883 788 1950 822 au

112 788 405 997 May
427 866 482 927 ει,
534 899 557 933 ,
602 884 723 947 De
780 824 874 910 η
930 820 1402 933 Βθξὶιεὲιηίε
1437 897 1456 921 ,
1500 861 1612 926 ipsa
1642 859 1791 912 nobis
1830 858 1950 912 fecit

114 965 232 997 «mam
292 878 418 997 β
452 966 637 997 tm---
717 912 973 997 .‘uque
1044 937 1128 979 u‘
1201 949 1623 997 Seﬂttentibus
1668 942 1947 997 refertur:

247 878 345 988 β
427 878 482 927 ³⁵,
534 899 557 933 δ
602 884 973 974 De“.‘que
1014 878 1402 933 ’.ν-ἐἀιιιιδ
1437 897 1456 921 ,
1500 878 1612 926 Ipsa
1642 878 1791 947 110018
1830 878 1947 912 ICC"

247 878 418 1074 β
452 966 906 1052 imposuisse‘
1044 937 1128 1027 ‘f‘
1201 949 1623 1042 Sefltteutibus
1674 949 1947 1003 refertur:

247 1064 250 1074 ι
311 1044 359 1074 Α
432 1071 451 1074 η
617 1071 627 1074 _
910 1012 1023 1069 η,
1082 1030 1341 1074 Inan
1397 1037 1453 1068 ιι
1514 1053 1692 1074 συνοικῇ
1749 1038 1947 1074 mmini

128 1015 309 1087 ιωωιβ
460 1015 973 1086 ’ω”νῗωδδωη
999 1048 1023 1069 ’
1080 1015 1343 1090 ίπιῆιιὶι
1397 1037 1453 1068 ⁸⁸
1512 1053 1692 1092 arcam
1747 1038 1950 1091 Domini

138 1116 198 1153 li)
217 1044 561 1153 rbi/[qm‘
593 1071 668 1127 ὑὶ
682 1092 1069 1153 Vexent!“
1109 1107 1347 1153 ‘ln‘tnc
1383 1124 1441 1153 :..
1457 1077 1549 1153 ,..:-
1609 1136 1789 1153 ,ηιμ-..ι
1814 1128 1949 1153 ..ιηω

362 1071 561 1163 [mh
593 1071 873 1140 direxe
1180 1071 1343 1090 Tu-
1383 1124 1396 1136 .
1457 1077 1473 1102 ’
1505 1071 1692 1139 ,“¹“¹¹¹¹
1747 1071 1951 1138 ¹’“’¹Ῐ¹’¹¹¹

460 1149 771 1188 manu“!
797 1173 811 1184 .
882 1106 1069 1154 nu“
1109 1107 1352 1174 boves
1384 1140 1443 1178 tu
1468 1142 1575 1188 vta,
1607 1136 1791 1182 contra
1814 1141 1951 1178 Viam

170 1214 298 1269 mu.
354 1214 411 1264 ρ
601 1214 901 1275 ,εἷ-ηις.
934 1214 1018 1239 ει
1073 1214 1229 1254 non
1277 1214 1716 1267 declinaverunt
1737 1214 1800 1267 ad
1825 1214 1956 1266 dex-

170 1266 309 1331 pimbe
454 1252 531 1306 ad
565 1272 991 1331 suuslram.
1044 1300 1073 1331 ι
1124 1289 1308 1331 nni:
1354 1315 1497 1331 mum
1532 1305 1582 1331 =-
1619 1305 1696 1331 ι-ει-
1754 1305 1795 1331 -=
1832 1305 1918 1331 -“'=

404 1344 423 1359 κ
523 1348 536 1360 .
588 1353 605 1364 .
1138 1336 1312 1356 τιν-ὀ
1354 1336 1409 1354 ιι
1465 1336 1498 1355 υ
1532 1336 1583 1356 ΙΙΙ
1619 1336 1698 1356 Ιιιθ
1752 1336 1796 1357 δι
1831 1336 1953 1357 11111-

171 1336 699 1468 χωωὶεσέωξηθι
763 1363 956 1437 (67)»
1022 1336 1516 1444 “mscientiZm
1552 1393 1687 1445 hanc
1705 1344 1837 1460 ’quzn
1887 1395 1954 1448 tle

199 1437 300 1492 3mm
328 1437 345 1470 Χ
426 1450 723 1492 αθὶὶὺῐὶρ
777 1468 1135 1492 τινας-εξ-.-
1208 1491 1215 1492 ,
1278 1488 1291 1492 -
1435 1483 1450 1492 .
1487 1481 1506 1492 .
1573 1491 1577 1492 ,
1627 1483 1638 1492 .
1807 1484 1837 1492 ..

197 1450 310 1557 ml:
329 1450 725 1557 “TI?-
777 1468 1147 1530 praetticta
1192 1488 1326 1544 est,
1361 1483 1451 1535 vel
1486 1450 1751 1535 fortuitam
1789 1484 1948 1545 dicat.

318 1559 501 1639 \V\\\’a
578 1552 739 1599 aue
804 1564 1323 1632 compositam,
1382 1580 1439 1625 et
1488 1587 1591 1625 non
1643 1574 1954 1639 operatione

238 1638 415 1726 “ngam
458 1638 869 1736 distinemur“
920 1649 1411 1723 mittistratam,
1462 1661 1552 1728 qui
1587 1638 1953 1727 pertimuerint

263 1720 612 1792 amabomlni
639 1725 973 1787 virtutem
996 1752 1014 1789 ι
1041 1754 1183 1806 qua
1217 1761 1342 1800 non
1373 1720 1542 1801 solum
1565 1720 1949 1816 atiiligebantur,

1552 389 1616 442 IN
1658 386 1982 444 NUMEROS
2015 387 2295 443 IIOMILIA
2331 388 2468 442 XVI.

956 476 1424 572 gnatorum,
1467 518 1595 568 qua:
1649 504 1956 557 acciderant
1983 507 2028 562 Α
2057 518 2183 556 suos
2216 504 2269 556 in
2299 503 2419 572 igne
2452 504 2503 554 in
2545 500 2877 568 Gebennom,
2915 510 2968 557 et
3009 506 3353 570 sortiebatur,
3379 517 3432 561 et
3464 523 3586 562 ma-

556 1272 991 1370 sttttstrattt.
1044 1300 1073 1332 ι
1124 1289 1312 1356 Quis
1354 1315 1498 1370 ergo
1532 1305 1583 1356 in
1619 1305 1719 1365 his,
1752 1305 1796 1357 si
1831 1305 1953 1357 dili-
1993 1335 2000 1343 -

3480 390 3588 453 698

2050 593 2223 647 leficia
2274 592 2523 653 faciebat,
2555 600 2610 644 et
2636 592 3031 660 augurabatur,
3069 601 3121 646 et
3155 594 3284 648 fecit
3320 598 3580 651 ventrilo-

2051 696 2206 750 quos,
2242 681 2623 742 incantatores,
2658 689 2714 733 et
2752 681 3122 746 multiplicavit
3152 692 3209 735 ut
3244 685 3439 739 faceret
3470 703 3585 740 ma-

2051 771 2251 838 lignum
2284 770 2337 823 in
2368 776 2651 837 conspectu
2692 769 2921 831 Domini,
2946 779 3002 820 ut
3032 771 3373 826 exacerbaret
3394 790 3534 829 eum.
3557 795 3576 828 ι

2052 856 2174 911 Ilaec
2198 871 2326 925 ergo
2357 856 2559 919 omnia,
2606 855 2655 907 id
2683 866 2786 918 est,
2817 854 2928 908 sive
2949 858 3253 923 auguratio,
3291 859 3402 912 sive
3442 861 3585 913 extio

2052 946 2300 1014 spicium,
2326 947 2438 998 sive
2466 943 2712 1013 quaelibet
2744 946 3059 1009 immolatio,
3091 945 3204 1000 sive
3232 947 3391 999 etiam
3422 947 3582 999 sorti—

2052 1035 2147 1097 tio,
2182 1044 2272 1086 aut
2294 1035 2598 1101 quicunque
2625 1042 2798 1086 motus
2829 1034 3028 1097 avium,
3070 1033 3153 1086 vel
3191 1036 3473 1101 pecudum.
3500 1035 3581 1088 vel

2053 1122 2311 1190 inspectio
2342 1136 2668 1189 quaecunque
2700 1124 2976 1187 librarum,
3001 1131 3059 1175 ut
3079 1121 3274 1188 aliquid
3301 1122 3367 1175 de
3393 1123 3583 1178 futuris

2052 1212 2336 1263 videantur
2363 1213 2665 1275 ostendere,
2698 1211 2751 1263 iu
2801 1209 3114 1278 operatione
3139 1211 3433 1263 daemonum
3467 1209 3582 1264 fieri

2053 1317 2155 1354 non
2196 1300 2398 1363 dubito,
2446 1300 2786 1369 dirigentium
2818 1300 2898 1353 vel
2929 1300 3128 1364 avium,
3180 1299 3261 1352 vel
3302 1300 3588 1366 pecudum,

2050 1390 2131 1444 vel
2160 1389 2416 1443 ﬁbrarum
2448 1398 2640 1451 motus,
2694 1397 2784 1440 aut
2812 1386 3060 1451 sortium:
3088 1389 3376 1453 secundum
3424 1401 3485 1441 ea
3515 1388 3585 1441 si-

2050 1492 2149 1546 gna
2176 1492 2296 1545 qua
2317 1480 2617 1530 docuerunt
2646 1475 2805 1528 iidem
2829 1476 3095 1529 daemones
3118 1475 3388 1529 observari
3406 1475 3471 1527 ab
3498 1475 3581 1537 iis,

2051 1566 2242 1634 quibus
2269 1567 2405 1620 artis
2431 1567 2588 1635 hujus
2619 1565 2898 1619 scientiam
2929 1566 3285 1618 tradiderunt.
3321 1566 3364 1617 A
3391 1563 3583 1631 quibus

2050 1657 2320 1719 omnibus,
2371 1656 2416 1708 is
2456 1658 2547 1723 qui
2589 1654 2751 1709 homo
2788 1654 2882 1707 Dei
2914 1664 3017 1718 est,
3045 1663 3097 1707 et
3130 1655 3182 1707 in
3223 1654 3461 1721 portione
3492 1651 3582 1704 Dei

2053 1754 2381 1811 muneratur,
2421 1746 2630 1812 penitus
2651 1760 2776 1809 esse
2801 1743 2959 1797 debet
2988 1742 3214 1804 alienus,
3266 1756 3363 1795 nec
3389 1740 3583 1808 aliquid

261 1837 310 1880 σι
325 1816 711 1893 ριπὴεὶηιὶὶιιν
740 1818 1121 1896 Allophyli,
1167 1847 1381 1888 verum
1420 1845 1472 1888 et
1512 1837 1683 1890 cultus
1708 1838 1818 1902 ipse
1843 1839 1950 1891 daa-
1981 1822 2024 1875 Β
2059 1835 2109 1885 in
2140 1833 2205 1886 iis
2242 1835 2440 1888 habere
2471 1849 2772 1898 commune,
2800 1848 2920 1900 qua:
2944 1832 3169 1885 occultis
3190 1830 3298 1901 (68)
3327 1829 3585 1883 machinis

246 1933 429 1982 mnum
518 1905 991 1969 destruebatur
1029 1957 1051 1982 ,
1121 1931 1342 1992 utpote
1393 1925 1690 1979 simulacris
1734 1940 1951 1986 eorum,

221 2017 479 2092 χωρῆσαι
516 2010 625 2060 “6.
661 1999 745 2054 ad
789 2002 1179 2074 ingressum
1240 2024 1388 2064 arcae
1414 2012 1622 2064 Domini
1656 2013 1955 2066 corruenti-

232 2113 363 2166 ωερε
379 2109 483 2159 εδ
510 2095 547 2140 ι
573 2102 724 2158 ergo
750 2093 904 2148 talis
932 2099 1228 2163 quaedam
1260 2100 1318 2154 in
1345 2101 1644 2153 ministerio
1668 2100 1953 2166 praescion-

266 2199 354 2248 t‘ra
374 2179 667 2257 operatio
703 2182 1101 2249 daemonum,
1158 2202 1290 2254 qute
1316 2182 1522 2240 artibus
1548 2187 1858 2255 quibusdam
1887 2189 1952 2240 ab

261 2287 356 2344 iis,
380 2280 483 2348 qui
518 2285 602 2325 se
631 2271 1029 2330 daemonibus
1090 2279 1550 2345 mancipaverint.
1580 2278 1865 2346 colligitur,
1901 2287 1955 2331 et

278 2385 427 2425 nunc
468 2373 590 2431 per
646 2374 759 2414 eas
808 2377 974 2430 quas
1011 2377 1208 2421 sortes
1243 2369 1543 2431 nominant,
1584 2382 1727 2419 nunc
1763 2382 1859 2433 per
1890 2381 1950 2419 ea

267 2473 399 2527 qua
417 2450 687 2520 auguria
702 2454 997 2520 appellati
1009 2465 1030 2508 ι
1041 2495 1059 2519 ,
1079 2470 1232 2510 nunc
1245 2456 1407 2510 etiam
1421 2469 1486 2508 ex
1505 2455 1952 2523 contemplatione

281 2547 603 2598 librarum.
664 2554 812 2604 qua:
866 2544 1182 2610 extispicia
1235 2552 1448 2606 vocant,
1505 2543 1728 2609 aliisque
1761 2543 1948 2594 horum

268 2629 579 2684 similibus
613 2628 962 2697 praestigiis
997 2630 1400 2697 comprehendi
1450 2631 1678 2691 videtur,
1720 2637 1772 2682 et
1798 2629 1954 2683 intel-

284 2720 422 2788 ligi.
466 2716 613 2781 Quae
670 2725 854 2770 artes
911 2718 976 2771 in
1041 2728 1254 2770 tantum
1287 2718 1351 2770 ad
1378 2717 1749 2785 decipiendum
1787 2732 1953 2786 genus

274 2808 605 2861 hominum
646 2806 1085 2874 profecerunt,
1124 2816 1183 2860 ut
1212 2807 1374 2861 etiam
1398 2807 1678 2875 iustissimi
1710 2807 1951 2862 Ezechiae

284 2899 464 2952 tilias
504 2896 793 2952 Manasse
834 2900 953 2953 hoc
983 2913 1174 2952 errore
1207 2900 1480 2966 deceptus,
1510 2898 1847 2952 aediﬁcaverit
1872 2899 1951 2967 (ut

278 2989 619 3055 Scriptura
691 2988 888 3050 dicit)
924 3007 946 3039 ι
985 2989 1180 3041 altare'
1215 2988 1362 3041 omni
1412 2990 1666 3043 exercitui
1716 2990 1835 3044 caeli
1895 2991 1951 3044 in

285 3090 578 3147 utraque
612 3078 817 3132 domo
874 3078 1098 3131 Domini
1120 3078 1187 3131 "'.
1225 3097 1243 3129 ι
1282 3078 1433 3131 Huuc
1468 3088 1641 3132 autem
1666 3093 1784 3132 esse
1809 3080 1953 3133 arbi-

284 3179 440 3221 tror
491 3168 838 3220 exercitum
881 3168 1034 3229 caeli,
1063 3181 1217 3233 quem
1248 3166 1441 3221 Paulus
1465 3169 1730 3234 spiritales
1764 3169 1950 3235 nequi-

290 3260 436 3312 tias
467 3260 547 3311 in
572 3257 928 3311 cmlestibus
956 3258 1165 3324 positas
1184 3258 1400 3324 scripsit
1438 3257 1504 3310 ⁸⁸.
1532 3256 1640 3310 Nisi
1665 3272 1792 3326 ergo
1817 3258 1949 3310 mulo

298 3360 450 3401 tum
504 3348 573 3400 in
604 3347 678 3400 iis
722 3348 961 3401 artibus
1000 3354 1057 3400 et
1093 3346 1424 3413 deceptionis
1458 3356 1600 3399 esset
1632 3355 1686 3399 et
1728 3346 1947 3406 erroris,

300 3452 448 3490 non
488 3444 629 3502 puto
654 3436 812 3488 tanti
843 3435 947 3488 viri
974 3435 1143 3488 ﬁlium
1176 3436 1229 3488 in
1258 3435 1374 3505 lege
1398 3436 1606 3489 Domini
1644 3436 1949 3497 edmatum,

305 3528 381 3579 iu
419 3524 582 3578 illas
600 3526 928 3593 impietates
962 3528 1201 3591 potuisse
1229 3540 1505 3589 corruere,
1536 3540 1654 3593 quae
1678 3525 1728 3576 in
1758 3535 1950 3591 quarto

319 3614 695 3681 Regnorum
726 3614 876 3668 libro
907 3614 976 3668 de
1005 3629 1071 3668 eo
1093 3615 1308 3682 scripta:
1325 3614 1749 3667 referuntur.Ait
1775 3613 1946 3665 enim:

326 3719 356 3752 ι
412 3703 510 3755 Et
551 3704 917 3767 sortiebatur,
952 3713 1006 3756 et
1030 3704 1413 3772 augurabatur,
1437 3713 1491 3756 et
1522 3702 1947 3771 fecitcepév-q,et

330 3793 782 3846 transducebat
811 3793 955 3847 ﬁlios
986 3807 1113 3845 suos
1147 3793 1199 3845 in
1229 3793 1380 3860 igne,
1409 3803 1463 3845 et
1492 3792 1749 3858 przescios
1776 3791 1947 3845 abun-

327 3883 517 3934 dare
568 3881 717 3945 fecit,
754 3892 813 3935 ut
856 3883 1062 3937 faceret
1096 3882 1384 3951 malignum
1434 3884 1486 3935 in
1518 3889 1806 3949 conspectu
1840 3881 1945 3933 Do-

266 3986 273 3990 δ
324 3970 546 4032 mini,
594 3980 645 4022 et
663 3973 1008 4025 exacerbare!
1036 3986 1156 4026 eum
1187 3973 1251 4024 °’.
1281 3990 1299 4022 ι
1322 3971 1468 4025 Talia
1504 3986 1632 4040 ergo
1660 3978 1814 4024 erant
1834 3985 1948 4036 qua!

332 4058 689 4126 peccabat,
719 4060 993 4129 dequibus
1023 4061 1125 4114 dici
1163 4062 1351 4128 possit,
1383 4062 1507 4129 quia
1543 4062 1595 4112 in
1617 4060 1825 4113 omni"
1849 4061 1949 4111 vir-

342 4153 535 4205 tute,
597 4145 753 4212 signis
778 4155 831 4199 et
864 4146 1123 4215 prodigiis
1160 4148 1506 4201 mendacibus
1535 4145 1950 4201 ﬁerent."itaut

349 4234 784 4300 deciperentur
820 4239 981 4291 etiam
1022 4237 1205 4291 electi.
1249 4239 1516 4305 Deceptus
1552 4247 1634 4290 est
1681 4237 1819 4291 enim
1851 4251 1949 4305 per

355 4338 529 4375 eum
564 4332 624 4373 et
646 4326 873 4393 papulas,
909 4338 966 4379 ιιι
992 4328 1199 4381 faceret
1245 4327 1536 4396 malignum
1577 4326 1628 4379 iu
1659 4336 1945 4393 conspectu

2052 1924 2316 1977 dmmones
2344 1934 2661 1991 operantur:
2682 1939 2748 1977 ne
2776 1926 2910 1977 ferte
2932 1939 3115 1978 rursus
3136 1937 3230 1990 per
3259 1924 3370 1976 haec
3390 1921 3586 1975 daemo-

2053 2012 2208 2065 nibus
2249 2018 2504 2076 societur,
2560 2022 2718 2082 atque
2744 2028 2929 2066 eorum
2959 2014 3151 2082 spiritu
3189 2023 3244 2068 et
3274 2015 3470 2067 virtute
3503 2027 3588 2067 re-

2050 2099 2275 2166 pleatur,
2306 2112 2360 2155 et
2390 2104 2456 2156 ad
2492 2103 2756 2156 idolorum
2807 2103 3008 2157 cultum
3058 2105 3231 2156 denuo
3281 2111 3582 2170 reparetur.

2051 2188 2173 2243 llaec
2201 2192 2339 2244 enim
2367 2192 2545 2244 omnia
2586 2193 2772 2259 religio
2820 2203 2998 2246 nostra
3048 2193 3223 2245 divina
3271 2202 3325 2245 et
3353 2192 3585 2247 caelestis

2052 2278 2281 2344 abjurat,
2315 2279 2367 2332 iu
2404 2279 2641 2333 Levitico
2673 2281 2887 2348 quidem
2917 2289 3099 2347 aperta
3133 2281 3247 2345 lege
3277 2281 3585 2349 designans,

2050 2377 2104 2419 et
2120 2367 2332 2423 dicens:
2358 2385 2376 2417 ι
2402 2367 2515 2422 Non
2534 2368 2861 2430 divinabttis,
2886 2382 3055 2435 neque
3078 2369 3582 2435 augurabitnini".s

2052 2456 2118 2508 Et
2165 2468 2289 2525 post
2317 2472 2529 2524 pauca:
2559 2475 2577 2507 ι
2605 2455 2719 2509 Non
2768 2458 3285 2526 sequemiui,inquit,
3329 2460 3587 2513 ventrilo-

2049 2560 2205 2612 quos,
2232 2561 2327 2599 nec
2357 2546 2716 2615 adjungemini
2748 2548 3210 2610 adiucantatores,
3244 2556 3300 2600 ut
3323 2549 3587 2602 contami-

2049 2637 2248 2688 nemini
2284 2639 2336 2688 in
2361 2638 2460 2701 eis,
2489 2650 2589 2703 ego
2613 2635 2867 2689 Dominus
2896 2636 3036 2689 Deus
3059 2645 3234 2690 vester
3256 2636 3322 2690 ⁷⁸.
3354 2655 3372 2688 ι
3404 2637 3466 2689 Et
3490 2638 3587 2690 ite-

2048 2738 2166 2777 rum
2202 2726 2254 2778 in
2282 2727 2732 2779 Deuteronomio:
2769 2742 2788 2775 ι
2821 2724 2876 2778 Si
2907 2735 3080 2777 autem
3106 2736 3182 2791 tu,
3220 2726 3481 2795 inquit",
3507 2726 3587 2780 itt-

2052 2815 2262 2870 troieris
2282 2814 2336 2868 in
2382 2825 2580 2869 terram
2645 2829 2803 2882 quam
2834 2812 3091 2868 Dominus
3116 2814 3256 2868 Deus
3293 2827 3413 2869 tuus
3438 2816 3587 2871 dabit

2050 2903 2173 2968 tibi,
2204 2920 2306 2959 non
2358 2905 2533 2957 discas
2593 2904 2770 2958 facere
2814 2905 3105 2958 secundum
3152 2906 3582 2960 abominationes

2051 2995 2287 3062 gentium
2319 2993 2552 3055 illarum,
2606 3007 2711 3045 non
2761 2993 3065 3047 inveniatur
3103 2994 3154 3046 in
3191 3004 3239 3047 te
3266 2995 3353 3061 qui
3400 2994 3587 3048 lustret

2063 3085 2225 3138 lilium
2256 3098 2425 3144 suum,
2455 3091 2546 3134 aut
2577 3082 2738 3134 filiam
2771 3096 2919 3134 suam
2972 3082 3099 3151 igni,
3136 3098 3308 3150 neque
3342 3084 3587 3138 divinans

2050 3174 2398 3232 divinatione,
2415 3185 2584 3239 neque
2594 3171 2824 3224 sortiens
2843 3172 3094 3234 sortibus,
3111 3173 3582 3239 nequemaleficus,

2050 3275 2220 3330 neque
2237 3263 2557 3321 incantatur,
2578 3273 2752 3325 neque
2770 3260 3156 3329 ventriloquus,
3182 3274 3352 3327 neque
3368 3268 3583 3327 porten-

2050 3360 2220 3403 torum
2238 3350 2689 3429 inspectormeque
2711 3350 3045 3416 interrogans
3063 3358 3319 3401 mortuos.
3335 3348 3428 3401 Est
3442 3349 3583 3400 cnim

2048 3437 2369 3489 abominatio
2382 3435 2624 3498 Domino,
2639 3435 2811 3487 omnis
2824 3437 2911 3501 qui
2931 3435 3057 3488 facit
3074 3438 3201 3488 hazc.
3220 3436 3443 3503 Pr0pter
3457 3437 3587 3490 istas

2047 3520 2188 3574 enim
2205 3520 2622 3572 abominationes
2637 3518 2891 3573 Dominus
2911 3520 3046 3574 Deus
3067 3530 3186 3573 tuus
3202 3523 3389 3574 evertit
3402 3532 3586 3589 gentes

2048 3610 2520 3674 istasaconspectu
2540 3618 2646 3662 tuo.
2679 3627 2697 3659 ι
2731 3608 2786 3660 1η
2833 3610 3027 3675 quibus
3076 3612 3325 3663 omnibus
3377 3612 3585 3663 videtur

2046 3697 2349 3756 ostendere,
2373 3693 2528 3763 333
2546 3698 2668 3763 quia
2692 3699 2866 3749 omnis
2888 3698 2976 3764 qui
3000 3698 3050 3748 in
3071 3696 3138 3749 iis
3158 3707 3424 3758 versatur,
3448 3696 3583 3749 nihil

2046 3786 2186 3840 aliud
2215 3785 2379 3839 faciat
2420 3786 2518 3838 nisi
2563 3795 2800 3840 mortuos
2850 3789 3160 3854 interroget.
3212 3785 3403 3839 Mortui
3460 3794 3583 3839 sunt

2045 3877 2211 3939 enim,
2236 3877 2357 3941 quia
2395 3889 2497 3927 non
2548 3882 2671 3926 sunt
2697 3876 2817 3927 vita:
2870 3875 3171 3941 participes.
3228 3874 3364 3927 Deus
3406 3884 3579 3926 autem

2046 3976 2227 4018 noster
2242 3964 2376 4031 (69),
2395 3963 2629 4015 vivorum
2661 3962 2796 4016 Deus
2824 3973 2925 4027 est,
2956 3971 3011 4017 et
3036 3979 3137 4016 non
3162 3974 3488 4016 mortuorum
3508 3964 3574 4016 ".

2046 4054 2140 4108 His
2170 4061 2345 4106 autem
2379 4052 2628 4107 omnibus
2656 4051 2862 4120 legibus
2893 4053 3106 4106 additur
3138 4055 3297 4106 etiam
3351 4053 3503 4117 illud,
3525 4064 3582 4106 ut

2045 4144 2132 4212 qui
2154 4144 2263 4195 vult
2294 4157 2413 4196 esse
2444 4142 2733 4210 perfectus,
2774 4157 2803 4195 a
2836 4141 2980 4195 nullo
3029 4142 3134 4195 alio
3165 4143 3355 4205 discat,
3390 4143 3488 4197 nisi
3516 4144 3582 4196 ab

2044 4244 2107 4283 eo
2130 4229 2219 4295 qui
2251 4244 2345 4298 per
2373 4230 2461 4282 Dei
2498 4230 2748 4282 virtutem
2772 4226 2933 4281 fuerit
2964 4229 3166 4284 electus
3217 4229 3497 4298 propheta,
3523 4239 3582 4282 ut

2048 4318 2314 4372 ministret
2354 4318 2683 4386 populo.Ait
2707 4334 2837 4387 ergo
2863 4319 2907 4351 '"
2943 4335 2959 4373 :
3007 4336 3027 4369 ι
3068 4317 3338 4372 Perfectus
3379 4328 3492 4371 esto
3530 4318 3582 4372 in

364 4410 633 4462 Domini
678 4427 828 4478 super
879 4421 1063 4483 gentes
1122 4415 1258 4477 illas,
1313 4427 1450 4482 quas
1497 4414 1948 4467 exterminaverat
1977 4415 2023 4474 D
2049 4420 2334 4477 conspectu
2368 4409 2575 4463 Domini
2597 4409 2688 4462 Dei
2721 4410 2799 4462 tui
2833 4426 2850 4463 :
2882 4419 3069 4476 gentes
3095 4410 3238 4461 enim
3279 4408 3414 4472 ista',
3453 4424 3585 4477 qua-

368 4498 567 4550 Deus
596 4512 623 4549 a
660 4499 785 4554 faeie
815 4502 1044 4556 ﬁliorum
1110 4500 1295 4554 Israel.
1351 4501 1455 4556 Sed
1504 4509 1558 4556 et
1617 4501 1668 4554 in
1712 4503 1947 4555 secundo

373 4586 564 4637 litis-0
606 4584 1019 4656 Paralipomenon
1074 4589 1274 4643 similia
1326 4587 1676 4642 nihilominus
1716 4588 1783 4642 de
1830 4587 1943 4641 Ma-

378 4688 590 4724 nasse
628 4678 913 4731 scribuntur
955 4697 968 4729 :
1009 4697 1028 4729 ι
1080 4677 1145 4730 Ει
1173 4677 1322 4740 fecit,
1363 4676 1542 4744 inquit
1576 4676 1646 4739 τ’,
1687 4675 1851 4741 lucos,
1888 4685 1943 4730 et

382 4762 661 4815 adoravit
685 4781 884 4821 omnem
918 4769 1166 4820 militiam
1212 4767 1356 4829 cmli,
1392 4776 1446 4819 et
1496 4765 1715 4818 servivit
1746 4766 1847 4830 eis,
1885 4775 1942 4820 et

386 4855 711 4905 construxit
734 4856 915 4910 altaria
942 4858 995 4910 in
1025 4858 1184 4909 domo
1217 4857 1309 4910 Dei
1341 4856 1432 4909 ubi
1472 4854 1611 4908 dixit
1639 4854 1893 4909 Dominus
1924 4871 1939 4908 :

386 4855 711 4905 construxit
734 4856 915 4910 altaria
942 4858 995 4910 in
1025 4858 1184 4909 domo
1217 4857 1309 4910 Dei
1341 4856 1432 4909 ubi
1472 4854 1611 4908 dixit
1639 4854 1893 4909 Dominus
1924 4871 1939 4908 :

130 4844 139 5097 κ
390 4936 469 4986 In
501 4933 779 4996 Jerusalem
815 4946 918 4999 erit
963 4959 1156 4998 nomen
1189 4960 1361 4998 meum
1400 4945 1454 4996 in
1482 4951 1758 5007 aeternum,
1790 4951 1846 4997 et
1869 4944 1940 4998 ibi

396 5027 868 5087 inslmxitaltaria
892 5035 1037 5089 omni
1067 5033 1478 5097 magnificentia:
1504 5030 1647 5093 cmli,
1674 5031 1725 5083 in
1758 5034 1940 5086 amba-

396 5027 868 5087 inslmxitaltaria
892 5035 1037 5089 omni
1067 5033 1478 5101 magnificentia:
1504 5030 1647 5093 cmli,
1674 5031 1725 5083 in
1758 5034 1942 5086 amba-

136 5100 139 5171 !
398 5106 547 5158 ικιε
580 5112 799 5172 domibus
828 5117 1062 5175 Domini.
1092 5100 1181 5171 Eti
1202 5120 1312 5174 ipse
1364 5117 1750 5172 trausduccbat
1801 5119 1936 5174 filios

2048 4514 2161 4552 rum
2193 4508 2246 4552 tu
2279 4499 2644 4555 haereditatem
2678 4500 2888 4567 cepisti,
2915 4500 3028 4553 ista:
3089 4500 3314 4552 audiunt
3362 4498 3583 4552 sortile-

2045 4601 2140 4656 gos
2165 4596 2218 4641 et
2243 4587 2469 4652 divinos,
2502 4589 2594 4643 tibi
2645 4597 2820 4642 autem
2857 4603 2966 4642 nou
3020 4588 3093 4640 ita
3138 4587 3283 4641 dedit
3331 4587 3590 4640 Dominus

2045 4678 2185 4730 Deus
2217 4686 2360 4730 tuus.
2386 4676 2702 4746 Prophetam
2735 4679 2878 4733 enim
2923 4677 2989 4730 de
3015 4678 3203 4730 medio-
3246 4676 3319 4729 tui
3355 4690 3423 4729 ex
3474 4676 3583 4727 fra-

2046 4764 2213 4818 tribus
2235 4766 2342 4819 tuis
2363 4767 2644 4821 suscitabit
2668 4768 2761 4822 tibi
2793 4769 3051 4822 Dominus
3070 4767 3205 4820 Deus
3233 4775 3373 4828 tuus,
3405 4765 3577 4831 ipsum

2049 4854 2277 4909 audietis
2314 4869 2411 4923 per
2447 4857 2624 4910 omnia
2658 4872 2992 4926 quascunque
3034 4856 3237 4926 petiisti
3270 4870 3299 4908 a
3355 4854 3581 4907 Domino

2048 4945 2155 4999 Deo
2180 4954 2270 4998 tuo
2306 4946 2357 4999 in
2380 4945 2519 5001 Oreb
2542 4946 2595 4999 in
2615 4947 2700 5001 die
2727 4947 2997 5011 Ecclesiae,
3024 4961 3144 5000 cum
3179 4944 3390 4998 dixistis
3418 4961 3433 4995 :
3465 4942 3581 4995 Non

2045 5047 2364 5103 apponemus
2387 5036 2572 5089 audire
2593 5051 2776 5091 vocem
2802 5036 3009 5091 Domini
3031 5035 3120 5088 Dei
3145 5034 3333 5097 nostri,
3350 5042 3402 5085 et
3420 5032 3579 5084 istum

2044 5122 2215 5189 ignem
2269 5139 2513 5193 magnum
2571 5140 2674 5179 non
2720 5127 3019 5183 videbimus
3085 5124 3219 5177 ultra
3267 5136 3335 5175 ne
3378 5120 3583 5172 moria-

500 5245 807 5328 f‘mes-JL.
832 5258 923 5328 9--
964 5255 1288 5328 “ibid-4%-
1325 5251 1558 5328 "11“:8-
1584 5255 1766 5317 “1.5.
1810 5256 1855 5328 ‘5‘
1874 5259 2014 5328 Eph.
2043 5276 2115 5322 vt.
2146 5261 2229 5314 η.
2289 5264 2332 5296 σο
2361 5262 2424 5316 tv
2458 5261 2584 5324 Reg.
2613 5264 2783 5324 ms.
2842 5262 2889 5294 ἰο
2915 5261 2957 5314 ιι
2985 5218 3254 5328 Thess.
3319 5256 3363 5328 τι
3391 5250 3585 5304 Matth.

403 5326 578 5385 ἕξιν.
642 5323 682 5352 τ’
715 5321 753 5374 ll
774 5323 946 5376 Paral.
976 5338 1171 5385 χχχιιι,
1201 5323 1232 5373 3
1260 5321 1311 5375 6.

401 5378 534 5430 52-
592 5388 632 5418 "’
672 5391 825 5442 Deut.
863 5405 1016 5449 xvm,
1067 5378 1244 5441 13-16.

130 5528 133 5565 ι
421 5555 442 5565 _
474 5490 608 5565 ΔίῧἸ)
636 5497 905 5559 Inspiciat.
933 5499 1024 5552 Sic
1057 5506 1199 5551 recte
1225 5500 1371 5551 habet
1387 5498 1554 5550 codex
1575 5498 1931 5556 Corheiensis.

402 5555 463 5604 Α
474 5556 495 5603 Ι
506 5555 602 5633 iis,
617 5582 651 5633 ιΔ
672 5555 981 5633 inspiciens.
1028 5583 1047 5613 ι

510 5622 606 5692 (68)
636 5622 774 5685 Ιιῑυιιὶ
797 5635 988 5695 cotlcx,
1025 5649 1046 5681 ι
1089 5632 1313 5683 occultis.
1359 5650 1374 5678 ι
1403 5630 1550 5682 Alias
1581 5650 1597 5681 ι
1641 5635 1870 5691 occulte.
1914 5659 1932 5690 ι

1404 5321 1451 5352 ’⁸
1484 5320 1609 5374 Lev.
1658 5338 1769 5386 χιιι,
1824 5325 1910 5379 26.

2013 5329 2060 5360 "
2089 5330 2215 5385 ibid.
2261 5331 2350 5384 51.

2444 5332 2496 5363 ’⁸
2529 5320 2680 5387 Deut.
2705 5320 2857 5397 ivttt,
2881 5330 2936 5394 9,
2962 5327 3049 5380 I2.
3122 5323 3168 5355 ⁷⁸
3195 5320 3381 5375 Matth.
3436 5332 3545 5369 XXII
3568 5358 3587 5377 .

2043 5578 2053 5590 ,
2111 5490 2224 5579 169)
2263 5511 2473 5567 Noster.
2536 5511 2694 5566 Deest
2741 5513 2792 5566 in
2841 5515 2993 5561 antea
3025 5498 3199 5561 editis,
3231 5497 3323 5548 sed
3356 5491 3592 5549 habent:

2044 5595 2093 5630 III
2130 5596 2255 5634 MISS.
