3838 6258
410 302 511 357 ωδ

1810 275 2123 338 ORIGENIS

3546 272 3633 325 τοο

412 422 549 460 mur.
589 423 607 457 ι
636 404 746 458 Νοη
775 403 884 457 vult
907 403 1045 457 Deus
1065 402 1334 456 auditores
1375 416 1475 455 nos
1523 401 1637 454 ﬁeri
1677 409 1727 452 et
1769 398 1932 452 disci-
1961 403 2005 457 Α
2035 395 2397 462 quodcunque
2446 393 2658 446 horum
2698 387 2998 457 recipere,
3052 397 3132 438 ne
3187 382 3288 439 iste
3314 387 3510 455 quidem
3533 386 3632 455 ipse

409 494 560 561 pulos
585 494 911 556 darmonum,
966 507 1137 560 neque
1179 491 1324 554 vult,
1366 500 1420 542 ut
1459 491 1502 543 si
1537 490 1662 556 quid
1694 489 1930 542 volumus

410 583 635 643 discere,
680 581 942 634 discamus
983 595 1011 632 a
1056 581 1395 633 daemonibus.
1438 579 1620 632 Melius
1665 587 1746 632 est
1789 579 1931 633 enim

409 668 672 733 ignorare,
730 682 886 735 quam
929 682 957 721 a
989 667 1314 720 daemonibus
1358 666 1611 720 discere:
1649 678 1702 720 et
1745 667 1934 720 melius

407 766 489 809 est
515 771 542 808 a
572 757 822 825 pmpheta
869 759 1094 820 discere,
1144 771 1301 825 quam
1330 772 1358 808 a
1394 757 1587 811 divinis
1635 758 1927 825 inquirere.

409 830 670 899 Divinatio
692 849 830 900 enim
856 863 980 912 non,
1006 857 1063 900 ut
1086 846 1299 914 quidam
1323 856 1528 915 putant,
1563 848 1821 901 divinitus
1841 850 1933 901 da-

408 944 513 999 tur,
535 936 624 988 sed
649 936 837 1002 magis,
862 945 918 988 ut
938 934 1066 988 mihi
1093 935 1316 998 videtur,
1342 948 1438 1000 per
1471 934 1848 999 antiphrasim,
1882 935 1932 988 id

404 1028 505 1085 est,
537 1034 599 1072 ex
634 1022 902 1073 contrario
954 1035 1141 1074 nomen
1194 1021 1418 1087 accepit,
1460 1021 1610 1087 quasi
1672 1034 1792 1089 quae
1840 1035 1934 1088 per

406 1108 644 1162 homines
694 1109 1017 1162 daemonibus
1074 1111 1300 1177 repletos
1347 1109 1459 1162 liat.
1512 1109 1614 1163 Sed
1658 1110 1932 1179 gentilium

408 1196 538 1247 ritus
565 1196 797 1249 divinum
821 1198 986 1250 credit
1006 1211 1183 1262 omne,
1215 1198 1354 1265 quod
1383 1212 1478 1265 per
1506 1199 1932 1266 qualemcunque

402 1283 646 1349 Spiritum
676 1271 958 1353 prolertur’.
992 1284 1098 1337 Nos
1137 1296 1307 1339 tamen
1361 1285 1487 1337 nihil
1528 1287 1593 1337 ab
1638 1286 1704 1339 iis
1728 1287 1933 1340 discere

406 1370 544 1422 Deus
590 1368 759 1436 jubet,
807 1386 873 1424 ne
919 1370 1210 1425 efﬁciamur
1254 1383 1526 1424 consortes
1569 1372 1826 1439 ipsorum,
1874 1382 1928 1424 ct

406 1457 737 1514 incurramus
775 1461 826 1514 in
852 1474 937 1524 ea,
967 1459 1261 1526 quazlsaias
1287 1460 1474 1515 dicit"
1506 1476 1520 1512 :
1546 1479 1565 1509 ι
1594 1460 1658 1513 Ει
1680 1461 1930 1513 humilia-

406 1544 603 1598 buntur
631 1546 681 1599 in
719 1556 855 1600 terra
892 1547 1047 1600 verba
1084 1557 1191 1610 tua,
1216 1556 1268 1600 et
1296 1561 1573 1601 sermones
1609 1548 1681 1600 tui
1710 1548 1760 1600 in
1788 1557 1929 1603 terra

406 1634 797 1703 demergentur,
847 1645 902 1689 et
944 1637 1047 1689 erit
1081 1651 1179 1689 vos
1219 1644 1306 1689 tua
1362 1636 1499 1690 sicut
1544 1636 1811 1703 loquentis
1865 1638 1931 1691 de

2034 485 2247 537 Balaam
2284 482 2635 552 recipiendus
2675 487 2767 534 est
2804 493 2838 531 a
2885 476 3089 531 nobis.
3131 474 3285 530 Unus
3324 479 3458 532 enim
3492 479 3632 533 exiis

2031 582 2134 638 est,
2165 587 2302 641 quos
2330 572 2501 639 recipi
2531 570 2803 639 prohibet
2846 567 3060 621 divina
3107 567 3393 620 sententia.
3422 566 3517 620 Sed
3546 570 3628 621 ad-

2032 673 2183 718 verte
2212 663 2550 730 diligentius,
2583 670 2643 715 et
2674 668 2983 715 memento
3031 657 3178 725 quid
3210 654 3263 709 in
3302 659 3633 726 superioribus

2033 753 2285 824 legimus,
2335 755 2428 809 ubi
2483 752 2687 807 dicitur
2734 750 2806 804 de
2855 762 2932 802 eo
2978 748 3120 816 quia
3182 747 3357 815 injecit
3409 748 3631 803 Dominus

2032 845 2259 898 verbum
2288 858 2447 898 suum
2482 843 2537 896 in
2578 856 2642 895 os
2677 844 2824 907 ejus.
2880 837 3013 891 Non
3084 851 3229 906 ergo
3277 839 3389 891 hac
3446 854 3576 894 nunc
3608 856 3634 893 ε

2033 930 2272 995 Balaam,
2304 932 2397 985 sed
2429 947 2458 983 a
2488 931 2660 984 verbo
2688 929 2815 992 Dei,
2857 927 3019 996 quod
3065 926 3126 979 in
3161 942 3261 981 ore
3291 927 3408 996 ejus
3446 939 3524 983 est
3554 945 3633 999 po-

2033 1019 2216 1084 situm,
2248 1020 2534 1072 discimus.
2562 1018 2677 1071 Nisi
2715 1018 2873 1071 enim
2923 1016 3113 1070 verba
3174 1015 3265 1070 Dei
3311 1030 3512 1083 essent,
3547 1035 3636 1073 non

2031 1123 2093 1162 ea
2117 1109 2300 1175 utique
2332 1108 2633 1162 revelasset
2666 1105 2881 1159 famulo
2937 1119 3051 1158 suo
3088 1103 3282 1174 Moysi,
3318 1122 3439 1174 qua
3475 1110 3635 1173 procul

2032 1199 2237 1264 positus
2265 1214 2389 1252 cum
2424 1199 2493 1250 ab
2526 1212 2594 1251 eo
2629 1197 2749 1265 regi
2800 1195 3028 1249 Balach
3072 1196 3409 1260 dicerentur,
3460 1209 3637 1253 certum

2031 1298 2116 1342 est
2142 1290 2283 1355 quod
2325 1288 2428 1340 nisi
2469 1303 2498 1339 a
2536 1287 2650 1339 Deo
2673 1285 2782 1339 sibi
2823 1284 3094 1338 revelata
3129 1283 3339 1354 Moyses
3369 1287 3509 1341 scire
3551 1302 3638 1341 non

2032 1381 2225 1443 potuit.
2261 1376 2458 1429 Adhuc
2494 1384 2679 1428 autem
2717 1374 2789 1424 ad
2825 1372 3250 1427 destruendam
3287 1376 3502 1442 penitus
3528 1378 3643 1430 divi.

2033 1467 2336 1525 nationem,
2363 1464 2445 1517 vel
2480 1464 2943 1532 augurationem,
2994 1471 3181 1532 atque
3216 1465 3307 1517 alia
3340 1467 3642 1534 hujusmodi,

2031 1553 2195 1604 etiam
2238 1554 2342 1605 hoc
2376 1559 2766 1619 competenter
2802 1551 3122 1613 addemus,
3183 1552 3315 1618 quod
3358 1567 3539 1607 onmes
3571 1554 3645 1610 isti

2034 1641 2234 1707 avium,
2279 1641 2363 1694 vel
2412 1640 2739 1694 animalium
2791 1640 3141 1694 ministerio
3175 1650 3415 1707 utuntur,
3457 1644 3547 1697 sed
3578 1654 3648 1697 ta-

408 1730 571 1785 terra,
592 1699 654 1777 vet
675 1724 738 1776 ad
773 1725 961 1778 solium
991 1739 1090 1779 vox
1119 1736 1203 1777 tua
1236 1725 1612 1779 inlirmabitur.
1643 1744 1661 1776 ι
1699 1726 1927 1795 Propter
1962 1699 2003 1753 Β
2034 1729 2163 1782 lium
2201 1745 2322 1797 qua:
2349 1739 2403 1784 et
2429 1729 2715 1784 immunda
2749 1730 3117 1783 scribuntur
3152 1730 3212 1783 in
3241 1730 3366 1799 lege,
3395 1742 3448 1785 et
3474 1731 3642 1786 huma-

405 1809 505 1862 hoc
532 1818 584 1864 et
612 1810 861 1867 Dominus
896 1822 1076 1867 noster
1100 1813 1252 1867 Jesus
1279 1828 1380 1866 non
1409 1814 1653 1882 dignatur
1678 1830 1707 1867 a
1732 1815 1930 1870 daemo-

406 1897 558 1951 nibus
583 1900 821 1968 accipere
852 1903 1230 1966 testimonium,
1262 1902 1356 1957 sed
1378 1905 1452 1957 ait
1482 1923 1495 1957 :
1532 1920 1550 1953 σ
1585 1903 1930 1970 Obmutesce,

403 1996 457 2038 et
482 1988 564 2038 exi
596 1989 663 2042 ab
699 2002 762 2041 eo
784 1991 848 2042 ⁷³.
887 2008 905 2042 ι
942 1991 1106 2055 Quem
1135 1992 1293 2045 etiam
1331 1992 1599 2058 apostolus
1633 2008 1758 2047 suus
1792 1993 1931 2046 Pan-

404 2074 486 2127 lns
521 2076 771 2141 imitatus,
825 2079 1005 2133 dolens
1060 2082 1321 2133 convertit
1372 2094 1450 2143 se,
1505 2090 1558 2134 et
1600 2082 1672 2134 ait
1720 2082 1929 2149 spiritui

406 2161 655 2230 Pythonis
686 2181 699 2217 :
732 2182 750 2215 ι
781 2164 1035 2235 Praecipio
1067 2169 1155 2220 tibi
1189 2169 1240 2221 in
1292 2170 1505 2223 nomine
1551 2167 1675 2222 Jesu
1704 2169 1927 2233 Christi,

402 2249 612 2303 discede
642 2252 711 2305 ab
743 2266 803 2306 ea
845 2254 909 2305 ⁸ο.
944 2272 962 2304 ι
994 2253 1049 2307 lu
1087 2270 1194 2323 quo
1234 2258 1476 2323 requiras
1519 2256 1767 2322 fortasse,
1803 2258 1929 2324 quid

402 2336 583 2390 dolens
633 2337 844 2405 Paulus,
884 2342 1122 2409 increpat
1171 2344 1414 2411 spiritum
1465 2345 1743 2414 Pythonis.
1786 2345 1929 2399 Nun-

400 2425 522 2490 quid
576 2427 770 2494 aliquid
813 2430 1177 2498 blasphemum
1223 2434 1468 2486 dixerat?
1522 2433 1711 2488 Mulier
1755 2435 1919 2497 enim,

403 2514 590 2579 inquit,
617 2516 816 2570 habens
853 2520 1094 2585 spirituum
1135 2521 1383 2589 Pythonis
1423 2524 1746 2590 sequebatur
1793 2523 1929 2576 Pan-

399 2601 530 2666 lum,
559 2612 613 2656 et
642 2619 732 2658 eos
756 2606 843 2673 qui
875 2621 995 2659 cum
1039 2624 1102 2661 eo
1138 2619 1311 2673 erant,
1340 2620 1392 2664 et
1417 2612 1681 2665 clamabat
1705 2612 1923 2666 dicens:

405 2709 423 2739 ι
451 2690 535 2744 Isti
562 2692 798 2747 homines
821 2697 957 2749 servi
985 2706 1109 2749 sunt
1138 2700 1327 2752 summi
1354 2700 1466 2763 Dei,
1489 2701 1580 2768 qui
1612 2703 1930 2756 annuntiant

403 2779 538 2832 viam
579 2781 785 2847 salutis,
816 2785 994 2838 ethoc
1029 2784 1257 2840 faciebat
1286 2802 1381 2855 per
1408 2788 1520 2842 dies
1554 2790 1747 2844 multos
1780 2791 1850 2846 δι.
1896 2809 1914 2841 ι

401 2867 549 2922 Unde
574 2872 871 2925 ostenditur
896 2890 996 2927 non
1034 2890 1129 2943 pro
1158 2877 1481 2943 blasphemia
1509 2877 1748 2933 doluisse
1791 2879 1929 2933 Pau-

401 2956 526 3021 lum,
554 2959 644 3011 sed
672 2975 765 3026 pro
803 2976 867 3015 eo
902 2966 1038 3030 quod
1079 2965 1346 3034 indignum
1385 2967 1652 3033 iudicaret
1690 2969 1923 3021 sermoni
1954 2994 1995 3049 ο

399 3058 494 3097 suo
524 3047 592 3100 ab
614 3048 798 3117 spiritu
834 3050 1087 3121 Pythonis
1126 3054 1484 3108 testimonium
1535 3057 1674 3109 dari.
1702 3055 1853 3121 Quod
1882 3057 1926 3110 si

398 3135 592 3190 Paulus
614 3140 968 3193 testimonium
1004 3142 1101 3196 sibi
1138 3156 1257 3196 eum
1287 3143 1416 3197 dare
1446 3157 1549 3197 non
1582 3145 1805 3212 patitur,
1835 3144 1927 3198 sed

398 3224 538 3277 dolet
559 3241 717 3294 super
745 3227 844 3282 hoc
870 3246 885 3282 :
911 3238 1108 3296 quanto
1145 3231 1314 3299 magis
1352 3231 1531 3285 dolere
1579 3233 1852 3296 debemus,
1880 3234 1924 3286 si

398 3315 608 3378 quando
634 3316 804 3383 decipi
829 3316 1068 3372 videmus
1094 3320 1300 3374 animas
1326 3319 1392 3372 ab
1429 3320 1513 3385 iis,
1542 3323 1630 3388 qui
1668 3322 1812 3377 velut
1846 3324 1926 3378 di-

399 3400 521 3452 vino
547 3401 703 3456 alicui
732 3405 941 3471 spiritui
976 3405 1250 3475 Pythonis,
1298 3417 1389 3460 aut
1436 3409 1791 3477 ventriloquo,
1837 3421 1930 3466 aut

397 3487 595 3552 divino,
622 3494 939 3558 autauguri,
984 3494 1065 3546 vel
1096 3494 1229 3553 aliis
1254 3494 1585 3561 quibuslibet
1625 3497 1925 3565 bujusmodi

397 3574 725 3632 daemonibus
753 3582 1012 3633 credunt"
1029 3580 1250 3650 Propter
1279 3583 1379 3637 hoc
1404 3596 1535 3652 ergo
1560 3598 1570 3632 ε
1610 3603 1627 3635 ι
1663 3584 1778 3639 Νοη
1802 3588 1923 3649 erit,

399 3661 565 3728 inquit
607 3664 672 3731 ⁸⁸,
716 3670 992 3735 auguratio
1027 3670 1078 3723 in
1131 3669 1320 3735 Jacob,
1352 3686 1526 3739 neque
1581 3674 1840 3730 divinatio
1868 3678 1921 3731 in

397 3744 570 3803 Israel.
616 3770 634 3803 ι
665 3753 765 3806 Sed
794 3756 919 3824 quid
963 3757 1027 3810 iis
1066 3758 1319 3811 additur?
1359 3776 1378 3809 ‹
1422 3758 1479 3813 In
1540 3769 1799 3830 tempore,
1842 3765 1925 3816 in-

397 3841 530 3905 quit,
574 3843 781 3896 dicetur
853 3844 1037 3911 Jacoh,
1107 3858 1158 3902 et
1218 3849 1421 3916 lsraeli,
1475 3854 1614 3919 quod
1691 3854 1928 3920 perﬁciet

401 3928 555 3982 Dens.
586 3949 606 3981 ι
647 3930 780 3995 Quid
810 3943 909 3997 est,
964 3953 982 3984 σ
1034 3934 1089 3988 In
1139 3946 1376 4005 tempore
1426 3939 1664 3994 dicetur?
1718 3958 1738 3992 ι
1795 3941 1928 3995 Cum

396 4028 623 4083 oportet,
653 4031 844 4074 etcum
878 4027 1111 4091 expedit,
1143 4027 1242 4081 hoc
1287 4038 1389 4092 est,
1434 4047 1453 4081 ι
1494 4031 1553 4084 in
1601 4039 1859 4098 tempore.
1901 4050 1920 4084 ι

400 4109 455 4160 Si
489 4122 614 4175 ergo
639 4112 849 4176 expedit
876 4128 1203 4179 praenoscere
1244 4132 1342 4172 nos
1374 4117 1572 4183 futura,
1616 4119 1863 4176 dicentur
1887 4138 1915 4175 a

399 4196 508 4248 Deo
531 4212 623 4263 per
658 4198 968 4264 prophetam
994 4202 1105 4265 Dei,
1136 4220 1229 4272 per
1260 4207 1521 4275 Spiritum
1566 4219 1830 4263 sanctum.
1866 4211 1922 4264 Si

2032 1832 2102 1870 no
2145 1820 2329 1887 generi
2388 1818 2903 1886 deprehenduntur
2960 1833 3207 1887 semper
3252 1819 3641 1883 iusidiantia,ex

2031 1916 2137 1971 quo
2177 1906 2362 1971 utique
2391 1913 2730 1973 opportuna,
2788 1913 2849 1959 et
2890 1905 3075 1974 digna
3141 1906 3443 1962 ministerio
3471 1912 3643 1964 deme

2032 2008 2155 2046 num
2212 1994 2452 2063 judicata
2504 2004 2656 2049 sunt.
2731 1993 2884 2048 Nam
2962 1995 3307 2065 pythonibus
3367 1999 3643 2069 dracones,

2031 2082 2229 2150 aliique
2253 2092 2533 2151 serpentes
2562 2084 2904 2137 ministrare
2936 2087 3333 2151 perhibentur.
3360 2090 3644 2158 Auguribus

2029 2181 2083 2225 et
2112 2172 2175 2224 iis
2205 2172 2293 2239 qui
2327 2188 2396 2225 ex
2431 2174 2811 2229 incidentibus
2862 2178 3175 2233 divinandi
3224 2189 3437 2248 captare
3470 2190 3640 2249 putan-

2034 2270 2120 2315 tur
2151 2261 2413 2328 auspicia,
2452 2273 2549 2317 aut
2587 2263 2703 2333 lupi
2740 2266 2950 2319 lerunt
2977 2268 3205 2333 omina,
3229 2281 3313 2322 aut
3334 2270 3535 2338 vulpes,
3562 2280 3644 2326 aut

2029 2351 2338 2418 acetpitres,
2396 2360 2492 2404 aut
2542 2356 2726 2421 corvi,
2782 2365 2890 2409 aut
2931 2359 3174 2427 aquilae,
3209 2368 3289 2414 aut
3319 2362 3425 2414 alia
3476 2362 3640 2430 hujus-

2030 2441 2192 2501 inodi,
2218 2454 2337 2507 quae
2373 2441 2430 2494 in
2464 2441 2588 2510 lege
2614 2443 2849 2514 Moyses
2881 2449 2975 2519 (ut
3007 2449 3275 2518 diximus)
3305 2454 3377 2504 iis
3403 2453 3557 2506 credo
3580 2453 3639 2505 de

2030 2530 2210 2584 causis
2235 2532 2450 2584 notavit
2484 2532 2803 2590 immunda.
2866 2551 2888 2591 ιέ

2095 2616 2147 2670 8.
2180 2617 2307 2671 Post
2332 2618 2485 2673 haec:
2516 2637 2536 2670 ι
2566 2621 2751 2690 Ecce,
2783 2625 3021 2694 inquit,
3067 2629 3293 2697 populus
3333 2630 3473 2684 sicut
3500 2635 3636 2683 catl-

2029 2705 2110 2760 lus
2146 2706 2318 2761 leonis
2354 2719 2619 2779 exsurget
2650 2749 2667 2775 ,
2700 2721 2760 2767 et
2791 2715 2956 2770 sicut
2988 2717 3081 2771 leo
3116 2719 3494 2774 exsultabit“.
3538 2737 3557 2771 ι
3580 2718 3632 2772 In

2028 2794 2094 2847 iis
2122 2795 2250 2849 mihi
2282 2797 2495 2851 videtur
2524 2799 2944 2856 conﬁdentiam
2971 2807 3166 2873 populi
3199 2807 3503 2861 describere
3531 2822 3637 2858 ere-

2028 2877 2202 2931 dentis
2237 2879 2290 2932 in
2325 2881 2567 2948 Christo,
2597 2895 2658 2939 et
2680 2886 3017 2942 libertatem
3043 2908 3212 2959 quam
3239 2894 3403 2947 habet
3442 2894 3497 2948 in
3528 2894 3640 2954 (ide,

2030 2975 2082 3019 et
2115 2968 2533 3025 exsultationem
2579 2987 2755 3041 quam
2816 2982 2978 3047 gerit
3023 2981 3080 3033 in
3141 2995 3254 3050 spe.
3296 2983 3641 3051 Comparatur

2028 3055 2166 3107 enim
2210 3058 2388 3111 catulo
2439 3060 2641 3128 leonis,
2705 3080 2841 3120 cum
2906 3070 3096 3123 tendit
3147 3075 3216 3128 ad
3264 3073 3640 3141 perfectionem

2030 3141 2200 3205 hctus,
2229 3152 2281 3197 et
2307 3145 2464 3199 velox
2492 3166 2505 3202 :
2531 3148 2675 3203 leoni
2716 3166 2863 3209 vero
2905 3160 3225 3224 confertur.
3251 3175 3379 3214 cum
3417 3159 3528 3226 jam
3552 3160 3643 3213 ob-

2027 3227 2161 3280 tinet
2192 3243 2311 3297 quac
2340 3233 2582 3299 perfecta
2615 3248 2778 3295 sunt.
2841 3242 3010 3300 Sicut
3041 3251 3194 3303 enim
3229 3250 3311 3304 leo
3342 3257 3405 3302 et
3447 3247 3646 3302 catulus

2028 3314 2196 3370 leonis
2226 3318 2431 3374 nullum
2485 3324 2716 3392 animal,
2765 3332 2995 3386 nullam
3039 3338 3265 3391 bestiam
3311 3337 3534 3400 timent,
3566 3336 3653 3387 sed

2028 3414 2147 3456 sunt
2191 3406 2270 3460 eis
2313 3420 2507 3463 cuncta
2562 3414 2832 3481 subjeCta
2892 3442 2905 3475 :
2974 3425 3054 3477 ita
3102 3436 3161 3479 et
3206 3425 3455 3495 perfecto
3498 3421 3653 3493 335

2026 3493 2372 3558 Christiano,
2409 3498 2504 3565 qui
2530 3501 2679 3555 tollit
2704 3519 2951 3562 crucem
2987 3528 3150 3567 suam
3171 3493 3497 3583 etsequitur
3516 3514 3663 3567 Chri-

2027 3591 2189 3645 stum,
2221 3585 2311 3651 qui
2336 3596 2513 3653 potest
2535 3591 2751 3659 dicere,
2798 3615 2819 3647 σ
2860 3599 3004 3656 Mihi
3034 3606 3189 3659 enim
3217 3607 3464 3659 mundus
3490 3603 3660 3658 cruci-

2026 3671 2164 3725 tixus
2183 3685 2290 3738 est,
2310 3685 2365 3728 et
2384 3692 2488 3746 ego
2512 3683 2723 3736 mundo
2746 3686 2821 3751 ⁸³,
2848 3708 2871 3741 ι
2892 3705 3101 3747 cuncta
3131 3696 3456 3759 calcantur,
3477 3702 3669 3748 cuncta

2025 3759 2267 3827 subjecta
2280 3774 2424 3818 sunt.
2446 3767 2689 3838 Despicit
2708 3770 2868 3831 enim
2888 3789 2949 3833 et
2963 3786 3266 3838 contemnit
3286 3785 3521 3847 omnia,
3551 3796 3669 3850 qua

2028 3850 2080 3943 in
2110 3850 2439 3943 hocgmuudo
2457 3869 2608 3924 sunt,
2640 3873 2701 3916 et
2733 3866 3000 3924 imitatur
3020 3886 3148 3927 eum
3184 3875 3264 3943 qui
3302 3877 3406 3928 leo
3430 3875 3505 3927 de
3534 3871 3679 3925 tribu

2024 3937 2157 3992 Juda
2185 3940 2403 4009 dicitur,
2424 3954 2481 3999 et
2508 3950 2733 4004 catulus
2766 3954 2955 4012 leonis
2979 3937 3213 4027 dicitur,
3223 3963 3364 4030 quia
3398 3962 3559 4015 sicut
3582 3959 3675 4010 lux

2025 4038 2106 4119 est
2146 4032 2351 4097 mundi,
2373 4043 2428 4088 et
2459 4037 2749 4106 discipulis
2785 4047 2909 4101 suis
2936 4050 3096 4104 dedit
3122 4063 3182 4106 ut
3216 4061 3264 4105 et
3309 4051 3438 4119 ipsi
3488 4054 3682 4104 essent

2026 4116 2113 4207 lux
2143 4118 2304 4188 hujus
2334 4127 2541 4192 mundi,
2574 4128 2648 4181 ita
2681 4142 2739 4184 et
2776 4150 2911 4189 cum
2940 4140 3063 4207 ipse
3088 4143 3163 4196 sit
3193 4144 3301 4205 leo,
3332 4116 3401 4196 et
3444 4137 3676 4195 catulus

2027 4204 2219 4270 leonis,
2258 4211 2612 4268 credentibus
2654 4218 2710 4270 in
2746 4235 2811 4275 se
2853 4204 3065 4280 nomen
3123 4204 3317 4292 leonis,
3372 4238 3440 4281 et
3503 4222 3673 4280 catuli

401 4295 525 4335 vero
552 4284 953 4381 no-n'dicuntur,
992 4302 1165 4357 neque
1204 4291 1608 4356 denuntiantur,
1639 4295 1775 4347 scito
1804 4298 1923 4363 quia
1958 4288 2001 4341 Ῑ)
2030 4295 2199 4348 leonis
2225 4299 2492 4366 ascripsit.
2532 4303 2668 4359 Vide
2697 4320 2893 4365 autem
2918 4330 3090 4381 quam
3118 4284 3419 4372 evidenter
3441 4330 3559 4369 non
3602 4314 3671 4366 de

400 4383 503 4421 non
549 4369 700 4422 nobis
754 4372 966 4439 expedit
1024 4385 1242 4430 ventura
1287 4392 1637 4446 prmnoscere.
1682 4379 1830 4443 Quod
1879 4381 1925 4435 si

399 4458 601 4511 idcirco
635 4473 737 4511 nou
765 4460 1009 4515 dicuntur
1036 4466 1207 4532 nobis,
1235 4468 1355 4536 quia
1380 4469 1533 4522 nobis
1560 4482 1621 4523 ea
1652 4470 1790 4524 scire
1821 4486 1924 4524 non

399 4549 631 4614 expedit,
660 4550 746 4617 qui
780 4550 1000 4607 diversis
1037 4559 1259 4622 artibus,
1294 4569 1347 4613 et
1368 4561 1665 4615 daemonum
1707 4561 1925 4617 invoca-

402 4635 633 4689 tiouibus
659 4639 889 4705 gestiunt
915 4641 1087 4697 futura
1122 4662 1479 4714 praenoscere,
1511 4649 1642 4702 nihil
1679 4650 1820 4705 aliud
1847 4653 1925 4706 fa-

400 4724 567 4785 ciunt,
598 4724 697 4779 nisi
727 4740 787 4780 ea
825 4731 1035 4797 cupiant
1089 4736 1315 4802 discere,
1352 4751 1470 4804 quae
1512 4738 1611 4791 sibi
1656 4740 1794 4793 scire
1822 4756 1926 4796 non

399 4815 632 4880 expedit.
675 4813 837 4870 Jacob
882 4829 1055 4875 autem
1103 4824 1154 4878 in
1200 4825 1266 4879 iis
1299 4826 1399 4879 dici
1431 4824 1804 4894 intelligendus
1845 4839 1928 4884 est

399 4905 575 4958 omnis
627 4906 710 4959 cui
766 4906 1028 4966 luctamen
1083 4922 1166 4967 est
1207 4915 1462 4968 adversus
1511 4915 1840 4982 principatus
1872 4930 1928 4971 et

402 5000 715 5055 potestates,
762 5005 815 5048 et
854 5000 1107 5054 adversus
1150 5001 1304 5068 hujus
1340 5001 1519 5054 mundi
1574 5010 1828 5055 rectores.
1865 5004 1931 5058 Et

402 5078 646 5132 lsraelem
666 5081 897 5152 intellige
914 5100 1144 5152 omnem,
1163 5088 1250 5155 qui
1274 5103 1368 5155 per
1392 5086 1512 5141 ﬁdei
1537 5086 1842 5153 puritatem,
1877 5099 1931 5143 et

403 5168 713 5223 munditiam
757 5175 950 5230 mentis
976 5177 1116 5230 videt
1142 5177 1325 5229 Deum.
1374 5174 1476 5229 Sed
1524 5183 1695 5240 potest
1743 5177 1934 5245 aliquis

402 5260 598 5325 dicere,
621 5262 674 5317 Si
707 5281 736 5317 a
767 5268 877 5320 solo
911 5266 1017 5321 Deo
1061 5268 1313 5321 debemus
1370 5266 1572 5320 discere
1610 5265 1675 5318 de
1720 5264 1927 5332 futuris,

402 5356 458 5395 et
494 5362 663 5415 neque
703 5352 962 5417 divinum,
1016 5366 1186 5420 neque
1237 5365 1506 5420 augurem,
1569 5365 1740 5418 neque
1789 5355 1931 5411 aliud

463 5458 637 5535 'ilsa.
667 5468 888 5535 uini.
996 5470 1039 5501 τ’
1073 5469 1232 5522 Marc.
1261 5486 1298 5529 ι.
1330 5468 1416 5522 25.
1521 5468 1566 5500 ⁸⁹
1599 5469 1711 5521 Act.
1751 5470 1859 5535 XVli
1893 5476 1981 5532 18.

411 5520 457 5552 ⁸⁸
487 5524 599 5576 Cal.
629 5543 698 5589 Vl,
733 5520 814 5586 H,

926 5538 968 5568 ⁸⁸
1001 5538 1153 5590 Num.
1190 5553 1336 5598 xxiii,
1363 5537 1454 5590 '24.
1528 5537 1572 5568 ⁸⁶
1596 5536 1732 5590 Psal.
1768 5545 2013 5608 “11,52.

2033 4384 2121 4436 illo
2146 4387 2237 4475 qui
2267 4396 2393 4442 tunc
2437 4401 2578 4456 erat,
2616 4398 2849 4465 populo,
2894 4407 2998 4459 sed
3042 4410 3112 4461 de
3151 4410 3243 4464 hoc
3290 4407 3405 4475 qui
3446 4406 3671 4458 futurus

2029 4481 2166 4537 erat,
2191 4474 2292 4527 ista
2320 4476 2596 4533 dicuntur.
2628 4484 2727 4537 Ait
2764 4491 2921 4544 enim
2961 4508 2981 4547 :
3015 4514 3035 4546 ι
3066 4497 3205 4552 Ecce
3229 4494 3487 4564 populus
3528 4491 3669 4544 sicut

2031 4562 2242 4617 catulus
2276 4564 2447 4619 leonis
2476 4582 2765 4641 exsurget,
2791 4588 2851 4632 et
2880 4582 3049 4639 sicut
3086 4587 3174 4641 leo
3196 4562 3515 4640 essultabit
3541 4581 3610 4630 ⁸³.
3641 4594 3665 4626 ι

2032 4648 2481 4747 Exsurrecturum
2520 4658 2660 4713 dicit
2708 4669 2988 4734 papulum
3048 4676 3232 4747 utique
3272 4672 3384 4738 qui
3446 4669 3663 4723 futurus

2031 4748 2174 4830 erat.
2195 4739 2347 4830 ‘Nam
2379 4742 2425 4796 si
2455 4745 2522 4799 de
2552 4760 2620 4803 eo
2642 4750 2869 4811 diceret
2903 4776 3076 4830 quem
3134 4739 3383 4822 uidebat,
3442 4758 3669 4810 dixisset

2032 4827 2147 4879 sine
2175 4828 2361 4898 dubio,
2374 4832 2511 4886 Ecce
2538 4840 2781 4907 populus
2813 4827 2971 4905 sicut
3000 4856 3221 4912 catulus
3247 4846 3436 4903 leonis
3461 4856 3651 4897 exsur-

2036 4915 2194 5015 rexit.
2222 4917 2684 5015 Sedcertum'est
2717 4935 2860 5001 quia
2896 4938 2971 4995 de
3008 4942 3107 4999 illo
3148 4933 3344 5015 popl“0
3395 4933 3572 4992 diu"
3599 4928 3659 4979 de

2037 5017 2144 5070 quo
2167 5005 2221 5058 in
2241 5008 2468 5066 Psalmis
2497 5016 2776 5087 scriptum
2808 5037 2940 5082 est:
2970 5051 2989 5083 ς
3011 5033 3086 5090 Et
3112 5005 3512 5092 nonnullam“
3529 5014 3636 5070 ‘3'“

2033 5095 2303 5200 “iam?
2329 5104 2447 5200 ejuf
2480 5112 2690 5179 Ρ⁰υ¹¹¹⁰
2727 5121 2834 5187 (ιιιί
2878 5138 3176 5199 nascetur,
3214 5129 3387 5200 quem
3412 5110 3649 5200 locum)?

2038 5188 2222 5280 minus
2243 5192 2310 5246 ιθ,
2347 5211 2369 5245 ι
2406 5196 2502 5252 Est
2531 5214 2669 5272 ergo
2688 5212 2942 5280 populus
2962 5218 3057 5275 me
3084 5188 3320 5279 caiul'us
3338 5197 3629 5261 \eongs‘qm

2036 5276 2498 5382 adhuc-tanquam
2530 5276 2713 5363 nuper
2736 5276 2919 5368 geniti
2961 5276 3239 5382 infantes,
3276 5282 3649 5382 (λςὶωὼῗθῗ

2037 5366 2160 5420 sine
2206 5371 2329 5426 dolo
2380 5375 2467 5433 lae
2520 5366 2763 5454 cupiuni
2817 5393 2890 5450 ιη,
2950 5398 3067 5456 Leo
3094 5366 3097 5367 ⁷
3128 5366 3374 5467 ulle“,
3412 5367 3641 5421 «suam.

2103 5486 2147 5565 1‘
2178 5490 2312 5565 ξιιξά.
2339 5496 2428 5565 17,
2466 5499 2557 5558 18.
2664 5508 2711 5543 ⁸³
2752 5511 2925 5565 Num-
2953 5535 3094 5565 nm
3153 5526 3241 5565 9?.
3432 5469 3690 5525 “‘N‘k‘x‘“

2091 5508 2147 5588 ξτ-
2179 5508 2312 5548 unu.
2339 5508 2428 5565 Π,
2466 5508 2557 5558 18.
2664 5508 2711 5543 δ’
2752 5511 2925 5571 Num.
2953 5535 3121 5590 xxiii,
3153 5526 3270 5590 23.

2179 5562 2194 5615 l
2230 5562 2376 5624 Petr.
2414 5586 2475 5635 It,
2505 5573 2563 5629 ‘2.
