3838 6216
455 269 551 321 705

1889 249 2200 309 ORIGENIS

3626 235 3715 289 τοι

448 396 541 449 per
585 393 729 431 aram
754 376 820 429 ³⁸.
847 394 866 425 ι
925 375 1121 442 Aperta
1175 374 1388 440 quidem
1439 372 1680 441 Αρυειυιί
1730 371 1994 426 sententia
2024 371 2070 426 Δ
2099 363 2431 418 contrariam
2466 370 2820 449 potestatem
2866 355 3139 414 victimis
3191 346 3719 449 suisassistereau-

448 475 527 519 est
553 465 778 517 dicentis
802 467 846 500 θ’
882 480 897 517 :
936 482 954 514 t
979 462 1105 527 Quae
1135 463 1278 516 enim
1309 462 1621 517 sacriﬁcant
1647 470 1855 528 gentes,
1880 460 1990 513 da:-

450 552 668 611 tnoniis,
720 561 770 605 et
800 567 904 606 non
938 551 1046 604 Deo
1092 550 1420 605 sacriﬁcant.
1448 568 1467 601 ι
1510 548 1615 604 Sed
1652 558 1705 602 et
1734 547 1990 616 propheta

445 643 689 695 similiter
719 642 844 695 dicit
870 642 887 673 ¹
918 659 931 694 :
963 659 981 692 t
1012 641 1461 695 Sacriﬁcaverunt
1484 641 1777 704 daemoniis,
1802 647 1856 693 et
1884 653 1988 691 non

448 734 620 785 Deo.»
677 731 877 785 Tamen
930 733 1182 799 quoniam
1220 741 1274 786 et
1316 733 1402 786 lex
1450 732 1541 784 Dei
1596 732 1661 784 de
1714 730 1992 785 sacriﬁciis

445 822 706 890 praecipit,
752 832 805 876 et
850 822 1012 875 ritum
1058 822 1395 877 sacriﬁcandi
1442 822 1604 875 tradit
1635 822 1757 875 ﬁliis
1805 822 1989 887 Israel,

447 910 747 973 requiratur
773 910 1042 974 fortassis,
1087 926 1185 965 cur
1212 912 1324 965 haec
1355 927 1475 966 cum
1513 913 1789 965 daemoniis
1817 912 1991 964 dicata

446 1002 747 1064 videantur,
784 1001 943 1053 etiam
977 1000 1390 1066 Deojubeantur
1421 1000 1623 1056 oﬁ‘erri.
1663 1002 1729 1056 Et
1752 1004 1856 1056 erit
1882 1002 1995 1070 qui-

445 1090 564 1143 dem
620 1090 843 1158 simplex
883 1101 937 1145 et
972 1102 1078 1145 ctta
1122 1093 1420 1160 responsio,
1453 1102 1510 1147 ut
1545 1095 1991 1163 quemadmodum

448 1180 501 1231 itt
533 1179 653 1233 aliis
690 1181 1042 1246 ostendimus,
1070 1182 1208 1248 quod
1237 1180 1472 1245 libellum
1507 1182 1709 1249 repudii
1739 1184 1853 1235 dari
1886 1197 1991 1234 non

445 1269 539 1324 Dei
578 1271 870 1324 voluntatis
917 1271 1029 1333 fuit,
1092 1272 1181 1341 qtti
1233 1273 1372 1340 quod
1425 1273 1777 1342 coniunxerat
1822 1274 1994 1327 noluit

447 1362 710 1427 separari,
744 1362 837 1415 sed
866 1361 1072 1432 Moyses
1101 1363 1213 1416 haec
1242 1364 1457 1433 preprie
1489 1366 1554 1417 ad
1586 1365 1836 1418 duritiam
1874 1379 1994 1419 cor-

446 1450 532 1504 dis
561 1449 864 1505 Judteorum
895 1454 1114 1519 scripsit
1151 1471 1164 1506 :
1209 1455 1278 1506 ita
1314 1456 1475 1508 etiam
1506 1464 1561 1508 et
1592 1457 1656 1508 de
1695 1457 1797 1508 hoc
1826 1457 1993 1510 videri

448 1541 638 1607 possit,
690 1542 812 1609 quia
848 1542 1007 1607 Deus,
1057 1544 1196 1596 sicut
1229 1558 1325 1611 per
1365 1543 1525 1596 alium
1554 1529 1876 1612 Prophetatn
1909 1547 1991 1599 tli-

449 1629 525 1682 cit
547 1632 591 1692 ’,
628 1643 729 1682 non
767 1632 1053 1684 mandttcat
1101 1646 1295 1685 carnes
1327 1642 1619 1697 taurorum,
1648 1648 1747 1688 nec
1780 1634 1993 1703 sangui-

2093 449 2329 512 dentem,
2387 446 2646 501 exclusos
2700 460 2839 502 esse
2900 456 3120 499 omnes
3172 437 3402 493 malitiae
3450 438 3717 502 ministros,

2093 538 2291 605 quibus
2321 538 2405 590 uti
2437 539 2504 592 ad
2540 536 3017 591 maledicendum
3072 530 3327 593 solebat,
3372 527 3546 595 potuit
3564 540 3626 580 ex
3651 527 3722 583 his

2093 628 2459 691 intellexisse,
2488 628 2624 696 quia
2661 628 2881 681 bonum
2912 632 3078 679 esset
3108 622 3167 675 in
3203 628 3507 686 conspectu
3539 616 3720 671 Domini

2093 718 2425 771 benedicere
2461 716 2656 772 Israel.
2700 716 2825 785 Ego
2862 724 3068 769 tamen
3109 709 3298 777 magis
3333 707 3465 760 illud
3492 706 3721 777 intelligo.

2093 808 2238 876 quod
2292 808 2533 877 populus
2571 808 2686 872 ille,
2732 807 2835 876 qui
2872 819 3034 858 nunc
3076 815 3272 855 vanus
3320 807 3431 862 est,
3463 809 3519 851 et
3554 799 3621 851 illi
3647 801 3725 852 do-

2096 906 2295 960 ctores,
2327 897 2427 963 qui
2458 895 2683 949 Christo
2718 908 2832 949 non
2873 893 3195 948 credentes
3227 889 3284 941 in
3319 888 3564 941 vanitate
3587 902 3729 958 popu-

2095 986 2204 1040 lum
2235 987 2512 1048 detinent,
2565 985 2877 1054 aliquando
2913 981 3106 1037 visuri
3141 987 3302 1045 sunt,
3346 979 3401 1033 id
3432 988 3536 1042 est,
3570 979 3619 1032 in
3650 995 3730 1033 no-

2095 1075 2338 1131 vissimis
2372 1076 2611 1141 'diebus,
2666 1090 2795 1136 cum
2835 1072 3150 1144 plenitudo
3181 1070 3439 1139 gentium
3469 1068 3729 1135 introierit,

2096 1172 2150 1218 et
2185 1164 2367 1218 omnis
2420 1161 2589 1217 Israel
2641 1162 2846 1217 venire
2877 1159 3146 1228 cmperit
3199 1157 3273 1211 ad
3327 1157 3494 1211 ﬁdem
3535 1156 3730 1221 Christi,

2097 1252 2194 1315 illi,
2235 1252 2487 1320 inquam,
2529 1253 2625 1320 qui
2658 1267 2813 1305 nunc
2855 1250 3068 1305 oculos
3100 1249 3393 1304 habentes
3424 1260 3530 1299 non
3558 1247 3730 1309 vident,

2099 1349 2228 1393 tunc
2258 1341 2549 1394 videbunt.
2576 1340 2899 1394 Elevabunt
2924 1340 3090 1395 enim
3120 1337 3329 1393 oculos
3358 1352 3493 1393 suos
3516 1338 3581 1391 ad
3607 1336 3730 1390 altio-

2097 1443 2186 1483 res
2217 1439 2274 1483 et
2320 1430 2602 1498 spiritales
2633 1445 2867 1492 sensus,
2906 1439 2967 1484 et
3009 1428 3333 1491 videbunt,
3363 1436 3421 1481 et
3473 1426 3730 1495 intelligent

2094 1519 2222 1587 quia
2270 1520 2472 1573 bonum
2522 1530 2611 1574 est
2659 1520 2714 1574 in
2764 1528 3104 1587 conspectu
3153 1517 3386 1572 Domini
3443 1516 3730 1570 benedicere

2096 1609 2394 1676 spiritalem
2429 1610 2625 1664 Israel.
2681 1609 2979 1664 Videbunt
3030 1609 3198 1663 enim
3261 1622 3396 1662 eum
3441 1607 3730 1676 dispositum

451 1731 573 1770 nem
618 1716 885 1771 hircorum
940 1728 1104 1786 potat.
1170 1720 1232 1773 Et
1286 1721 1412 1774 item
1459 1730 1518 1774 ut
1561 1696 1685 1775 alibi
1736 1696 1993 1791 scripium
2027 1696 2067 1749 Β
2101 1712 2197 1764 per
2231 1699 2425 1791 "ibus?
2466 1709 2520 1753 ⁸⁸
2554 1714 2657 1768 per
2686 1700 2924 1791 df’mos’
2957 1707 3018 1753 θί
3050 1712 3165 1768 per
3189 1696 3462 1791 taminia?
3489 1706 3545 1791 e.‘
3569 1713 3730 1791 “""l'"

450 1815 534 1859 est
557 1806 598 1869 ³.
652 1808 774 1875 quia
834 1824 978 1862 «non
1030 1812 1274 1864 mandavi
1327 1813 1419 1865 tibi
1449 1813 1514 1866 de
1559 1815 1862 1878 sacriﬁciis,
1913 1817 1995 1870 vel

451 1897 703 1961 victimis,
742 1899 793 1952 in
821 1901 906 1952 die
949 1915 1051 1968 qua
1102 1901 1259 1954 eduxi
1316 1910 1367 1954 te
1411 1903 1476 1957 de
1522 1911 1661 1958 terra
1708 1906 1943 1976 Aﬂgypti.
1973 1928 1992 1960 ι

454 1983 560 2037 Sed
588 1984 795 2055 Moyses
821 1987 932 2040 haec
959 1989 1024 2041 ad
1049 1989 1299 2043 duritiam
1328 1992 1505 2045 cordis
1525 2007 1707 2046 eorum
1742 2011 1838 2062 pro
1872 2011 2000 2049 con-

453 2075 741 2127 suetudine
774 2077 1000 2141 pessima
1049 2091 1154 2144 qua
1190 2077 1376 2130 imbuti
1423 2078 1637 2134 fuerant
1665 2082 1714 2134 in
1744 2082 1995 2153 Egypto,

451 2163 829 2218 mandaviteis
881 2182 895 2217 :
928 2174 987 2218 ut
1015 2153 1102 2233 qui
1138 2167 1410 2222 abstinere
1456 2183 1514 2222 se
1552 2185 1656 2224 non
1687 2184 1903 2239 possent
1932 2180 1999 2230 ab

451 2252 799 2318 immolando,
833 2255 940 2308 Deo
969 2256 1178 2319 saltem,
1208 2268 1262 2312 et
1307 2274 1411 2313 non
1443 2260 1719 2316 daemoniis
1757 2265 1998 2320 immola-

452 2350 593 2395 rent.
640 2342 931 2396 Videndum
967 2353 1144 2397 tamen
1185 2356 1288 2408 est,
1342 2363 1408 2402 ne
1446 2348 1581 2404 forte
1614 2352 1686 2404 sit
1736 2362 1791 2406 et
1818 2354 1995 2422 aliqua

450 2430 787 2484 sacriﬁcandi
837 2432 946 2484 Deo
992 2433 1270 2499 occultior,
1316 2451 1380 2490 ac
1428 2440 1685 2492 secretior
1711 2444 1863 2495 ratio.
1922 2442 2000 2498 Ne

452 2520 609 2583 forte,
659 2523 896 2589 inquam,
946 2524 1212 2578 sacriﬁcia
1269 2541 1387 2594 quae
1437 2530 1546 2582 Deo
1580 2530 1897 2596 oll’eruntur,
1930 2534 1996 2586 ad

451 2609 872 2666 destructionem
925 2614 1053 2668 ﬁant
1079 2628 1263 2668 eorum
1299 2617 1714 2682 sacriﬁciorum,
1749 2635 1868 2687 quae
1893 2622 2000 2675 dac-

452 2700 701 2754 monibus
750 2702 1096 2758 immolantur
1138 2722 1152 2758 :
1192 2714 1247 2759 ut
1297 2708 1423 2775 quia
1457 2722 1554 2775 per
1587 2708 1674 2761 illa
1703 2709 1999 2767 vulnettan-

453 2797 539 2841 tur
565 2789 776 2853 anitum,
828 2807 924 2859 per
973 2793 1076 2846 ista
1120 2805 1413 2860 sanentur;
1467 2796 1605 2850 sicut
1648 2808 1703 2852 et
1729 2798 1766 2852 li
1799 2802 1999 2856 conﬁr-

451 2887 622 2940 mant,
659 2880 749 2947 qui
800 2881 1079 2935 medicina:
1127 2884 1375 2950 peritiam
1417 2893 1629 2951 gerunt.
1674 2887 1993 2955 Serpentum

454 2980 681 3034 namque
727 2984 929 3025 venena
962 2973 1151 3040 depelli
1204 2975 1607 3031 medicamentis
1633 2979 1998 3037 'nihilominus

453 3058 714 3113 conlectis
742 3075 807 3114 ex
838 3066 1197 3131 serpentibus,
1225 3065 1529 3133 perhibent.
1582 3067 1658 3121 Ita
1685 3084 1812 3139 ergo
1837 3083 1892 3127 et
1917 3088 2001 3129 sa-

452 3146 775 3202 criﬁciorum
809 3150 1231 3207 darmonicorum
1265 3156 1416 3210 virus
1468 3170 1564 3223 per
1600 3160 1867 3216 sacriﬁcia
1898 3164 2006 3218 Deo

450 3237 626 3291 cblata
660 3242 956 3308 depellitur,
1008 3246 1146 3297 sicut
1174 3254 1227 3298 et
1275 3260 1416 3300 mors
1458 3245 1584 3301 Iesu
1614 3260 1839 3305 mortem
1887 3269 2008 3322 pec-

453 3326 557 3377 cati
592 3329 930 3383 credentibus
962 3346 1066 3385 non
1097 3333 1221 3386 sinit
1249 3334 1534 3389 dominari.
1570 3337 1633 3391 Et
1665 3341 1880 3408 quidem
1912 3343 2009 3397 do-

455 3427 556 3466 nec
588 3424 793 3484 tempus
821 3419 1145 3486 patiebatur,
1176 3421 1441 3475 sacriﬁcia
1466 3425 1747 3482 sacriﬁciis
1772 3444 2009 3499 oppone-

455 3502 693 3558 bantur:
744 3508 832 3560 ubi
883 3523 1013 3562 vero
1046 3510 1193 3562 venit
1227 3510 1469 3578 perlecta
1515 3512 1717 3580 hostia,
1749 3529 1805 3573 et
1834 3534 2007 3587 agnus

459 3587 846 3657 immaculatus,
902 3596 991 3661 qui
1047 3597 1209 3650 totius
1250 3599 1431 3651 mundi
1468 3600 1678 3657 tolleret
1705 3617 2003 3674 peccatum,

459 3680 731 3749 sacriﬁcia
756 3682 844 3736 illa
872 3697 991 3750 quae
1011 3685 1320 3753 singillatim
1348 3687 1714 3746 oﬁ‘erebantur
1739 3696 1866 3758 Deo,
1891 3695 2003 3763 jam

456 3766 723 3835 superﬂua
757 3771 869 3823 visa
921 3775 1063 3832 sunt,
1099 3788 1217 3826 cum
1253 3790 1357 3827 una
1390 3777 1564 3833 hostia
1593 3783 1771 3836 omnis
1811 3785 2008 3841 dmmo-

458 3871 584 3908 nam
613 3858 820 3911 cultura
851 3859 1070 3927 depulsa
1118 3864 1210 3915 sit.
1264 3863 1462 3919 Verum
1496 3866 1711 3923 Balaam
1745 3872 1868 3937 iste,
1895 3874 2008 3931 sive

458 3947 748 3999 secundum
776 3949 955 4001 cordis
981 3951 1062 4003 sui
1101 3955 1430 4021 propositum
1459 3960 1598 4025 quod
1625 3975 1727 4014 non
1756 3966 2008 4018 eruenda-

459 4042 631 4098 vcrat,
687 4036 800 4087 sive
846 4042 1139 4092 secundum
1172 4043 1319 4096 illaut
1367 4045 1611 4116 ﬁguram,
1646 4066 1750 4119 qua
1774 4053 2007 4111 diximus

457 4139 581 4176 eum
635 4132 821 4176 tenere
855 4140 1136 4191 personam
1181 4131 1481 4198 doctorum,
1526 4152 1587 4191 ac
1611 4137 2006 4198 Pbarismorum

460 4212 637 4279 plebis
691 4213 996 4277 incredulae,
1044 4218 1305 4275 instaurat
1333 4223 1506 4278 adhuc
1536 4227 1762 4294 hostias,
1790 4244 1844 4285 et
1869 4248 2007 4301 prte—

2099 1798 2375 1853 qnemque
2402 1787 2457 1839 in
2490 1802 2592 1839 suo
2619 1787 2828 1842 ordine
2863 1787 3347 1841 resurrectionis
3388 1786 3611 1855 gloriam
3634 1789 3730 1838 ade-

2100 1882 2345 1941 pturum,
2383 1885 2440 1929 et
2477 1885 2767 1944 assumpta
2804 1876 3107 1945 parabola
3167 1891 3276 1930 sua
3315 1876 3612 1946 intelligent
3638 1891 3730 1945 qua:

2102 1964 2154 2015 in
2189 1965 2467 2032 parabolis
2516 1965 2729 2033 scripta
2763 1975 2906 2019 sunt
2947 1983 2963 2019 :
2999 1981 3141 2034 quae
3176 1981 3336 2021 nunc
3367 1978 3586 2036 pr0pter
3609 1967 3730 2020 vela-

2100 2069 2220 2107 men
2245 2056 2391 2121 quod
2418 2057 2665 2123 positum
2696 2061 2788 2108 est
2820 2069 3012 2124 super
3042 2071 3155 2110 cor
3191 2071 3424 2122 eorum,
3476 2070 3643 2125 neque
3665 2057 3730 2109 vi-

2099 2144 2246 2209 dent,
2286 2158 2463 2213 neque
2510 2145 2858 2216 intelligunt.
2918 2147 3228 2216 Denique,
3267 2164 3288 2197 ι
3337 2162 3447 2201 non
3478 2147 3730 2208 abiit,in-

2097 2235 2254 2302 quit,
2294 2250 2363 2290 ex
2398 2249 2553 2289 more
2584 2236 2640 2289 in
2678 2251 2998 2291 occursum
3035 2238 3355 2306 auspiciis.
3401 2256 3421 2289 ι
3463 2237 3574 2291 Non
3609 2238 3729 2291 enim

2097 2338 2250 2378 more
2277 2324 2380 2377 sibi
2412 2324 2599 2390 solito,
2639 2326 2830 2381 stultis
2861 2335 2924 2380 et
2956 2327 3255 2382 inanimis
3306 2328 3558 2383 sensibus
3585 2329 3730 2397 rapie-

2099 2421 2203 2476 tur,
2237 2413 2566 2467 animalibus
2593 2416 2763 2470 mtttis
2795 2423 2858 2471 et
2891 2418 3245 2485 pecudibus
3277 2418 3377 2471 Dei
3416 2420 3729 2472 considerans

2099 2502 2460 2567 voluntatem,
2510 2506 2659 2559 sicut
2705 2506 2768 2570 ii,
2806 2508 2915 2575 qui
2968 2523 3047 2562 ex
3090 2507 3227 2562 istis
3272 2510 3485 2564 talibus
3517 2509 3724 2577 auspicia

2099 2591 2362 2661 colligunt
2396 2610 2411 2646 :
2447 2597 2545 2647 sed
2581 2606 2858 2665 agnoscet
2909 2598 3103 2652 etiam
3146 2599 3298 2666 ipse,
3330 2599 3459 2667 quia
3489 2615 3648 2669 neque
3673 2599 3725 2651 de

2098 2681 2270 2736 bobus
2326 2696 2455 2736 cura
2512 2694 2599 2739 est
2634 2686 2778 2748 Deo,
2840 2688 3135 2743 similiter
3190 2705 3385 2759 neque
3434 2692 3499 2745 de
3545 2691 3721 2754 ovibus,

2099 2784 2274 2840 neque
2322 2772 2391 2825 de
2419 2772 2638 2839 avibus,
2690 2774 2951 2844 aliisque
3001 2779 3400 2842 animalibus,
3431 2780 3522 2834 sed
3551 2779 3592 2833 si
3632 2796 3717 2847 qua

2111 2860 2178 2913 de
2230 2861 2315 2914 his
2379 2863 2588 2931 scripta
2638 2872 2796 2930 sunt,
2860 2880 3123 2937 propter
3184 2870 3452 2926 homines
3500 2871 3721 2938 intelliget

2107 2950 2335 3018 scripta.

2177 3062 2228 3114 '5.
2263 3061 2369 3116 Sed
2399 3063 2683 3118 videamus
2704 3064 2825 3131 jam
2858 3082 3001 3136 qua:
3033 3071 3160 3127 sint
3195 3088 3328 3143 qua:
3359 3075 3415 3128 in
3446 3077 3592 3129 tertia
3614 3089 3718 3141 pro-

2104 3152 2287 3220 pltctia
2339 3155 2704 3222 proloquatur
2758 3156 3031 3214 Balaam.
3103 3182 3126 3214 ι
3164 3165 3347 3229 Dixit,
3382 3166 3717 3235 inquit',Ba-

2107 3242 2244 3295 laam
2278 3241 2420 3296 ﬁlius
2452 3243 2612 3309 Beor,
2644 3244 2819 3300 homo
2859 3264 3007 3304 vere
3060 3254 3299 3315 videns,
3326 3256 3485 3320 dixit,
3529 3256 3717 3308 audiens

2105 3329 2271 3383 verba
2307 3328 2488 3393 fortis,
2542 3332 2637 3398 qui
2674 3334 2863 3388 visum
2907 3336 3017 3392 Dei
3057 3341 3211 3396 vidit
3251 3345 3309 3399 in
3343 3347 3564 3409 somnis,
3592 3357 3718 3397 reve-

2107 3419 2199 3471 lati
2231 3419 2372 3472 oculi
2403 3419 2546 3487 ejus.
2576 3439 2597 3472 ι
2644 3420 2851 3476 Mirum
2888 3427 3177 3493 profecto
3215 3442 3309 3487 est
3338 3434 3503 3505 336
3529 3448 3717 3501 quomo-

2105 3507 2174 3560 do
2207 3516 2373 3561 tanta:
2406 3508 2581 3563 laudis
2626 3511 2836 3579 dignus
2887 3514 3204 3576 habeatur
3242 3523 3496 3592 Balaam,
3525 3524 3606 3593 qui
3644 3537 3716 3575 ac-

2106 3608 2260 3666 cepta
2299 3600 2555 3667 parabola
2593 3617 2721 3668 sua,
2753 3605 2880 3662 haec
2911 3610 2985 3663 de
3042 3618 3376 3686 semetipso
3421 3618 3716 3686 pronuntiat.

2106 3686 2386 3751 Quomodo
2431 3689 2578 3742 enim
2633 3692 2808 3747 homo
2839 3712 3004 3757 ,vere
3033 3702 3256 3760 videns
3286 3707 3508 3760 Balaam
3540 3709 3618 3769 sit,
3642 3704 3715 3773 qui

2107 3775 2717 3847 divinationi,auguriis
2748 3796 2991 3851 operam
3023 3791 3292 3860 dederit,
3326 3796 3418 3865 qui
3445 3796 3595 3850 etiam
3628 3811 3718 3847 tna-

2109 3866 2241 3936 gica:
2264 3869 2556 3935 studuerit,
2618 3873 2768 3926 sicut
2799 3890 2980 3942 supra
3035 3885 3438 3950 ostendimus,
3474 3886 3617 3939 valde
3639 3884 3719 3937 nti-

2108 3970 2223 4009 rum
2261 3965 2365 4020 est,
2409 3958 2511 4011 nisi
2544 3957 2691 4014 forte
2726 3978 2835 4031 pro
2870 3980 2965 4029 eo,
3010 3973 3179 4037 quod
3213 3989 3392 4043 supra
3420 3976 3607 4031 dictum
3632 3984 3717 4035 est,

2108 4042 2232 4105 quia
2262 4044 2486 4111 spiritus
2519 4047 2614 4099 Dei
2647 4047 2837 4106 factus
2868 4054 3047 4110 fuerit
3080 4059 3146 4113 in
3188 4042 3341 4132 ipso,
3376 4075 3433 4119 et
3470 4067 3583 4133 quia
3619 4079 3715 4115 ver-

2108 4132 2233 4186 bum
2264 4133 2357 4186 Dei
2386 4135 2625 4202 positum
2664 4139 2735 4192 sit
2772 4141 2827 4194 in
2857 4157 2966 4200 ore
2994 4146 3148 4215 ejus,
3202 4153 3331 4209 haec
3365 4157 3435 4210 de
3556 4163 3715 4223 puteu-

2110 4224 2198 4270 tur
2247 4227 2353 4270 tam
2433 4236 2627 4291 magna
2683 4231 3021 4300 conscripta
3083 4250 3224 4294 esse
3278 4245 3571 4310 praeconia.
3630 4241 3715 4295 Nec

462 4300 643 4369 parari
673 4301 936 4355 sacriﬁcia
981 4304 1151 4369 jubet.
1209 4311 1263 4364 In
1309 4315 1392 4370 bis
1441 4318 1583 4370 enim
1620 4334 1828 4374 omnem
1860 4300 1999 4391 spem

2130 4306 2318 4377 iloyses
2372 4311 2542 4375 enim,
2602 4330 2705 4369 nec
2764 4319 2921 4375 alitis
2973 4326 3107 4394 quis
3144 4300 3550 4400 prophetarum
3589 4333 3716 4386 facile

464 4401 654 4456 gerunt
685 4391 740 4454 ii,
775 4406 1005 4458 quorum
1037 4411 1132 4451 cor
1163 4416 1264 4454 non
1301 4406 1486 4473 recipit
1528 4409 1682 4461 ﬁdem
1712 4409 1935 4468 Christi.

534 4480 589 4533 2.
623 4480 729 4534 Sed
762 4480 887 4547 quid
925 4484 1202 4550 sequitur?
1245 4508 1265 4540 ς
1301 4493 1363 4546 Et
1382 4496 1588 4559 videns,
1617 4500 1790 4567 inquit
1822 4502 1864 4569 ‘,
1902 4504 2008 4558 Ba-

466 4571 630 4633 laam,
682 4571 804 4638 quia
839 4572 1033 4626 bonum
1062 4586 1144 4629 est
1173 4580 1224 4631 in
1257 4595 1546 4653 conspectu
1590 4587 1796 4644 Domini
1842 4594 2008 4646 bette-

464 4659 649 4711 dicere
683 4656 863 4724 Israel,
894 4675 998 4714 non
1018 4662 1147 4716 abiit
1164 4680 1228 4719 ex
1261 4683 1408 4725 more
1435 4672 1486 4725 iit
1517 4689 1798 4729 occursum
1829 4682 2010 4747 auspi-

468 4749 591 4808 ciis,
626 4748 719 4801 sed
764 4751 1030 4804 convertit
1078 4752 1264 4808 faciem
1304 4774 1453 4811 suam
1504 4761 1555 4812 in
1604 4763 1870 4820 desertum
1905 4787 1919 4821 :
1955 4780 2009 4823 et

470 4837 685 4891 elevans
733 4837 944 4891 Balaam
989 4842 1170 4898 oculos
1198 4860 1322 4901 suos
1373 4850 1606 4901 intuetur
1648 4852 1810 4907 lsracl
1836 4867 2010 4913 castra

469 4926 814 4980 constituisse
863 4942 956 4996 per
1011 4932 1203 4997 tribus,
1253 4946 1308 4989 et
1355 4936 1528 4991 factus
1568 4950 1650 4993 est
1697 4956 1857 5009 super
1889 4961 2010 5001 eum

471 5017 694 5086 spiritus
747 5016 859 5080 Dei,
905 5027 961 5073 et
996 5034 1263 5090 assumpta
1302 5027 1551 5093 parabola
1585 5042 1703 5093 sua,
1731 5031 1823 5082 ait.
1848 5051 1865 5082 ι
1912 5033 2012 5090 Re-

473 5103 715 5171 quiratur
760 5102 988 5162 fortasse
1028 5110 1173 5165 unde
1201 5113 1330 5165 vidit
1362 5113 1595 5176 Balaam,
1646 5114 1771 5182 quia
1815 5118 2011 5176 bonum

473 5203 556 5246 cst
584 5193 637 5245 itt
667 5205 951 5264 conspectu
985 5197 1191 5251 Domini
1221 5202 1533 5258 benedicere
1563 5202 1746 5266 lsrael,
1782 5214 1836 5258 et
1863 5219 2018 5273 puta-

478 5283 620 5334 bitur
654 5300 719 5336 ex
771 5287 1050 5342 sacriﬁciis
1100 5290 1430 5346 intellexisse
1478 5306 1598 5359 qua:
1624 5292 2013 5352 immolaverat.

483 5368 580 5423 Ubi
631 5373 775 5425 enim
805 5375 933 5430 vidit
981 5378 1178 5431 nullum
1209 5381 1398 5434 adesse
1427 5381 1767 5443 daemonium,
1816 5385 2014 5442 nullam

552 5480 596 5510 "
617 5478 767 5552 Num.
800 5498 950 5552 ξιιιι,
970 5488 1058 5551 29,
1084 5489 1170 5540 50.
1246 5493 1290 5523 νο
1315 5492 1331 5545 l
1355 5492 1480 5548 Cor.
1507 5507 1562 5552 x,
1584 5492 1670 5545 20.

491 5557 633 5609 utv,
658 5548 705 5609 I,
726 5548 780 5610 2,
803 5550 855 5603 5,
928 5557 947 5585 ⁸
976 5548 1101 5609 tbitl.
1127 5556 1178 5621 5,
1203 5558 1251 5609 4.
1332 5563 1351 5592 ⁸
1376 5561 1482 5612 Dan
1529 5548 1559 5612 tt
1586 5571 1634 5612 ct
1664 5576 1752 5613 νει.

1752 5493 1766 5520 ¹
1813 5493 1962 5552 Deut.
2008 5517 2189 5573 xuii,
2236 5515 2332 5576 Π,

2119 4398 2428 4453 invenietur
2481 4404 2649 4459 tantis
2703 4407 2974 4469 laudibus
3026 4398 3325 4477 elevatus.
3391 4424 3543 4479 Unde
3573 4424 3713 4491 magis

2114 4487 2245 4540 mihi
2278 4490 2494 4545 videtur
2524 4495 2640 4549 btec
2672 4497 2750 4551 illi
2788 4507 3010 4572 popqu
3044 4516 3364 4570 convenire
3393 4531 3461 4570 eo
3487 4526 3712 4583 tempore.

2110 4588 2217 4642 quo
2240 4578 2354 4642 jam
2385 4596 2690 4640 conversus
2718 4591 2789 4643 ad
2821 4592 3163 4667 Dominum,
3197 4604 3463 4673 deposuit
3485 4578 3710 4663 velamen,

2115 4668 2256 4734 quod
2287 4678 2410 4723 erat
2457 4688 2624 4742 super
2656 4692 2756 4731 cor
2804 4697 3005 4742 suum.
3070 4668 3353 4749 Domin—us
3388 4695 3601 4765 spiritus
3627 4701 3711 4746 est.

2116 4757 2330 4814 Idcirco
2361 4763 2600 4831 denique
2631 4768 2792 4834 dicit,
2852 4792 2873 4824 ι
2907 4781 3143 4835 revelati
3179 4786 3335 4839 oculi
3375 4757 3513 4856 ej'us,
3535 4804 3553 4837 ι
3586 4782 3712 4853 quasi

2114 4848 2204 4915 qui
2259 4865 2407 4908 nunc
2453 4871 2629 4925 usque
2671 4860 2846 4918 clausi
2886 4867 3128 4937 fuerint,
3164 4885 3223 4927 et
3280 4848 3431 4931 nunc
3465 4848 3556 4945 per
3584 4848 3714 4944 spiri-

2118 4947 2227 4991 tum
2259 4938 2377 5009 Dei,
2406 4948 2500 5015 (ιιιὶ
2533 4965 2699 5020 super
2730 4967 2857 5006 eum
2896 4958 3087 5016 factus
3118 4973 3224 5027 est,
3259 4967 3450 5019 ablato
3482 4965 3712 5019 velamine

2121 5031 2469 5093 revelcnlur.
2514 5039 2676 5097 Nunc
2725 5059 2860 5114 ergo
2918 5061 3008 5103 est
3054 5056 3278 5120 quando
3312 5071 3442 5110 vere
3487 5056 3637 5113 videt,
3668 5065 3710 5104 et

2120 5133 2251 5177 vere
2288 5128 2451 5182 audit
2479 5134 2652 5191 verba
2687 5134 2866 5200 fortis,
2900 5149 2959 5193 et
2988 5143 3163 5197 visum
3197 5144 3302 5200 Dei
3334 5146 3478 5200 videt
3508 5148 3557 5198 in
3586 5156 3708 5196 som-

2118 5213 2204 5267 nis
2260 5234 2275 5271 :
2335 5220 2392 5276 id
2443 5231 2552 5295 e'st,
2604 5246 2670 5286 ea
2716 5247 2833 5301 quae
2882 5234 2939 5288 in
2971 5237 3175 5290 somnis
3214 5237 3430 5290 Danicli
3462 5237 3706 5306 proplteit

2122 5313 2384 5397 ίίῖπηροΐιι
2445 5321 2738 5397 designata
2786 5328 2982 5391 sunt“,
3037 5327 3237 5382 videbit
3272 5327 3490 5395 impleta
3527 5324 3703 5382 :ctvi-

2123 5394 2317 5457 Siones
2380 5410 2537 5486 illas,
2580 5394 2713 5492 qua:
2762 5420 2819 5476 in
2846 5419 3058 5474 somnis
3087 5418 3146 5472 atl
3176 5415 3335 5469 illum
3368 5416 3553 5471 delatae
3576 5422 3701 5473 suttb

2419 5531 2442 5562 ⁸
2470 5531 2628 5597 I‘Sal.
2656 5554 2799 5608 xm,
2824 5534 2907 5591 1'5.
2982 5531 3001 5562 ³
3023 5528 3212 5585 Jercm.
3242 5541 3342 5592 vn,
3366 5528 3421 5583 2.
3519 5528 3539 5558 ⁸
3559 5525 3695 5581 Nunt.
