3838 6240
135 414 198 531 “:1
253 397 395 531 et
421 389 1091 531 "a..:t:.“:eas
1128 444 1198 531 εξ

150 515 222 611 rei:
247 490 418 611 φὶς.
473 490 766 555 Eﬂicietur
813 504 976 565 enim
1021 517 1242 583 similis
1851 560 1865 595 ε

171 593 605 700 isil’r’élautem
631 609 869 700 omnes-
893 609 1148 670 revelata
1204 621 1367 683 faeie
1399 633 1630 700 gloriam
1663 632 1868 686 Domini

208 665 585 808 ’ξζξνλυῗιιῗ
617 693 823 748 eadem
855 696 1117 770 “misine
1142 708 1270 782 (ηδ)
1302 665 1701 774 “$55212;
1707 665 1871 786 ζ’ὲὶοξ

219 785 423 876 ξξξξχςι
454 785 709 859 Simiam»
742 796 1023 860 “nouam
1060 811 1090 847 a
1125 799 1361 860 Domini
1414 810 1602 876 spiritu
1627 809 1670 859 '.
1701 826 1721 858 ι
1768 785 1870 859 Ve-

215 879 353 957 ἔξω
399 900 588 946 same“
624 884 940 953 requirere.
997 890 1092 956 qni
1124 905 1263 949 sunt
1292 897 1384 951 isti
1434 900 1574 954 oculi
1611 899 1744 966 ejus,
1782 897 1868 964 qui

296 980 508 1042 manu
539 979 796 1034 dicuntur
852 996 870 1033 :
924 994 998 1034 ne
1033 982 1178 1039 forte
1214 985 1322 1052 ipsi
1378 989 1506 1051 sint,
1556 989 1644 1054 qui
1675 987 1725 1038 in
1755 985 1871 1038 aliis

300 1075 589 1143 Scriptum
617 1072 771 1132 locis.
828 1081 891 1125 ut
935 1073 992 1125 in
1021 1077 1348 1143 quihusdam
1378 1076 1767 1144 exemplaribus
1794 1075 1868 1127 le~

298 1167 492 1233 gitnus,
525 1164 670 1218 oeuli
709 1171 873 1217 terra:
908 1165 1277 1232 appellantur,
1323 1178 1376 1219 et
1413 1167 1521 1230 ille,
1549 1181 1703 1233 quem
1737 1164 1872 1216 Pau-

277 1254 378 1305 {us
443 1266 657 1306 sensum
707 1253 896 1306 carnis
952 1254 1108 1315 dicit,
1161 1269 1284 1308 cmn
1343 1256 1424 1308 ait
1466 1254 1530 1306 de
1577 1253 1800 1320 quodam
1823 1250 1869 1313 ⁸,

283 1343 567 1396 «Frustra
619 1341 848 1396 inﬂatus
885 1358 916 1394 a
971 1356 1137 1397 sensu
1182 1346 1361 1399 carnis
1408 1359 1580 1398 sum.»
1637 1346 1710 1394 De
1757 1341 1872 1393 istis

264 1432 462 1484 credo
491 1431 701 1494 oculis,
736 1433 905 1484 etiam
938 1448 1165 1502 serpens
1201 1433 1398 1486 dixerit
1431 1433 1494 1484 ad
1533 1432 1714 1491 Evam,
1749 1428 1868 1494 quia

266 1523 508 1574 sciebat
541 1521 820 1574 Dominus
876 1539 895 1571 ι
919 1524 1064 1590 quod
1093 1524 1144 1576 in
1192 1535 1506 1590 quacunque
1538 1521 1622 1572 die
1651 1517 1872 1570 mandu-

259 1611 550 1665 caveritis
580 1625 654 1663 ex
687 1626 782 1673 eo,
819 1613 1134 1678 aperientur
1163 1611 1303 1664 oculi
1337 1609 1560 1664 vestri’.
1589 1627 1608 1659 ι
1649 1608 1714 1660 Ει
1745 1622 1872 1675 pau-

252 1701 319 1751 lo
352 1709 492 1765 post
527 1699 574 1730 "
613 1717 630 1752 :
669 1717 690 1748 ι
723 1701 790 1752 Ε(
828 1700 1330 1758 manducaverunt,
1370 1699 1573 1764 inquit,
1607 1705 1662 1748 et
1700 1696 1867 1763 aperti

252 1799 424 1840 sunt.
476 1788 620 1842 oculi
667 1804 934 1842 eorum.»
996 1788 1109 1840 Nisi
1159 1789 1298 1841 enim
1342 1796 1519 1841 essent
1564 1785 1870 1838 ditlerentia:

246 1877 611 1940 oculorum,
674 1885 733 1928 et
782 1875 872 1926 alii
905 1883 1091 1926 essent
1134 1875 1224 1942 qui
1255 1889 1350 1942 per
1380 1873 1868 1941 praevaricationem

246 1965 644 2030 aperientur,
701 1972 755 2015 et
804 1963 895 2030 alii
925 1963 1122 2029 quibus
1153 1963 1406 2016 videbant
1435 1961 1599 2014 Adam
1653 1969 1706 2014 et
1741 1962 1869 2021 Eva,

249 2064 599 2120 antequam
661 2053 752 2106 isti
793 2022 1155 2119 aperirentur,
1212 2067 1480 2119 nunquam
1511 2052 1690 2118 utique
1723 2049 1870 2102 Scri-

247 2151 456 2208 ptura
517 2143 777 2194 nondum
829 2141 1034 2209 apertis
1071 2141 1240 2194 oculis
1287 2155 1489 2203 eorum,
1538 2140 1638 2193 illis
1672 2140 1760 2206 qui
1804 2154 1869 2192 ex

245 2232 759 2297 prmvarieatiorne
788 2232 1039 2299 patefacti
1070 2241 1212 2292 sunt,
1245 2231 1446 2284 diceret
1468 2230 1508 2260 “
1546 2247 1560 2282 :
1603 2248 1620 2279 ι
1649 2229 1713 2282 Ει
1741 2229 1874 2282 vidit

248 2320 500 2373 mulier
533 2321 669 2387 quia
711 2322 916 2373 bonum
951 2329 1036 2374 est
1083 2320 1285 2388 lignum
1331 2321 1396 2372 ad
1427 2319 1877 2380 manducandum,

256 2419 327 2461 et
369 2418 610 2476 gratum
640 2408 823 2461 oculis
855 2410 923 2461 ad
951 2407 1258 2470 videndum,
1289 2415 1342 2460 et
1368 2410 1666 2473 speciosum
1696 2413 1776 2458 est
1804 2406 1868 2456 ad

253 2498 805 2562 considerandum,
860 2506 916 2549 et
951 2497 1226 2564 accipiens
1255 2497 1318 2547 de
1347 2495 1486 2563 ligno
1513 2493 1872 2552 manducavit.

259 2597 328 2638 et
374 2588 546 2638 dedit
601 2586 728 2638 viro
781 2599 882 2638 suo
936 2599 1141 2646 secum,
1189 2593 1243 2638 et
1289 2584 1756 2640 manducavernnt,
1819 2589 1873 2632 et

265 2674 476 2740 aperti
537 2683 673 2726 sunt
721 2672 868 2725 oculi
923 2673 1275 2724 amborum.»
1338 2669 1610 2733 Quomodo
1643 2669 1782 2719 enim
1827 2667 1870 2718 si

261 2765 538 2816 nondum
569 2762 755 2829 aperti
788 2762 1002 2814 fuerant
1033 2760 1171 2812 oeuli
1198 2761 1495 2818 amborum,
1528 2759 1656 2811 vidit
1685 2757 1875 2810 mulier

268 2855 415 2919 quia
473 2853 690 2904 bonum
747 2859 898 2903 esset
955 2849 1158 2917 lignum
1200 2848 1265 2900 ad
1324 2849 1766 2911 manducandum,
1821 2856 1875 2900 et

268 2952 516 3008 gratum
549 2939 736 2994 oculis
763 2940 831 2991 ad
869 2938 1199 2990 videndum?
1237 2937 1530 3003 quibusque
1556 2935 1718 2988 etiam
1746 2949 1875 2986 ocu-

278 3032 353 3083 lis
387 3031 717 3098 speciosum
753 3028 958 3081 dicitur
980 3026 1142 3079 fuisse
1170 3026 1231 3078 ad
1264 3023 1738 3078 considerandum?
1769 3023 1870 3075 Sed

273 3137 386 3188 ego
425 3122 670 3174 audiens
719 3134 915 3172 vocem
973 3116 1178 3169 Domini
1237 3117 1339 3167 mei
1384 3113 1504 3167 Jesu
1557 3113 1774 3173 Clit-isti,
1823 3124 1876 3165 et

280 3212 560 3262 virtutem
594 3207 872 3262 bonitatis
903 3205 1018 3271 ejus
1053 3203 1373 3270 intelligens,
1405 3202 1474 3254 ita
1505 3203 1722 3254 adverto
1750 3201 1875 3253 illud

279 3302 439 3365 quod
469 3299 608 3351 dicit
636 3298 684 3328 ¹²
719 3315 734 3349 :
774 3314 792 3345 ε
817 3296 872 3348 In
897 3294 1156 3360 judicium
1195 3306 1293 3359 ego
1324 3293 1438 3344 veni
1475 3291 1526 3344 in
1561 3292 1695 3343 hunc
1725 3305 1876 3343 mun-

281 3391 448 3452 dum,
505 3397 565 3440 ut
623 3401 738 3440 non
790 3386 1038 3438 videntes
1085 3383 1319 3444 videant,
1368 3389 1422 3433 et
1471 3380 1708 3432 videntes
1752 3378 1874 3430 caici

285 3477 464 3541 tiant;
494 3496 513 3528 ι
548 3476 706 3544 quod
757 3475 810 3526 in
841 3471 1213 3541 peccatoribus
1244 3485 1346 3522 non
1391 3469 1570 3522 vident
1609 3467 1682 3519 illi
1714 3466 1872 3530 oeuli,

285 3565 385 3632 qui
422 3563 698 3617 meliores
729 3569 898 3620 sunt;
934 3561 1026 3610 sed
1055 3556 1116 3619 ii,
1148 3556 1236 3622 qui
1270 3568 1456 3608 sensus
1487 3551 1666 3605 carnis
1696 3548 1875 3615 appel-

285 3653 496 3716 lantur,
535 3665 594 3707 et
627 3652 731 3719 qui
764 3649 1001 3703 consilio
1047 3646 1313 3714 serpentis
1355 3643 1525 3712 aperti
1554 3648 1696 3693 sunt.
1735 3639 1875 3706 Opus

283 3759 431 3811 ergo
482 3742 859 3811 magniﬁcum
889 3737 1185 3792 Salvatoris
1221 3736 1386 3788 nostri
1430 3731 1636 3786 Domini
1673 3741 1771 3793 est,
1819 3739 1875 3783 ut

285 3835 346 3898 ii,
382 3833 478 3900 qui
509 3847 634 3886 non
665 3829 860 3881 vident
896 3826 1205 3880 melioribus
1233 3823 1400 3878 oculis
1427 3835 1545 3888 qua:
1566 3820 1703 3873 bona
1735 3828 1874 3877 sunt,

283 3923 384 3975 sed
423 3922 527 3976 illis
589 3919 697 3986 qui
753 3917 982 3970 consilio
1034 3914 1299 3983 serpentis
1350 3909 1595 3980 patefacti
1635 3918 1777 3970 sunt,
1825 3915 1876 3959 et

282 4025 411 4078 qua:
445 4012 589 4064 mala
657 4015 798 4060 sunt
828 4007 1128 4066 intuentur,
1161 4003 1286 4056 czeci
1341 4001 1470 4052 fiant
1504 4015 1518 4051 :
1547 4007 1600 4051 et
1627 3997 1717 4064 qui
1751 3995 1874 4048 caeci

281 4099 492 4152 fuerint
523 4100 654 4150 illis
708 4094 911 4157 oculis,
971 4107 1102 4160 quos
1137 4092 1410 4158 persuasio
1450 4089 1708 4155 serpentis
1748 4100 1874 4152 ape-

283 4190 426 4249 ruit,
459 4189 710 4241 videant
762 4183 899 4234 bona
949 4180 1156 4232 Domini
1204 4179 1286 4231 his
1331 4176 1519 4237 oculis,
1568 4188 1700 4242 quos
1727 4172 1903 4232 Jesus,

281 4275 542 4328 Salvator
583 4281 793 4324 noster
822 4269 970 4320 venit
1003 4267 1232 4334 aperire.
1272 4265 1382 4317 Nisi
1415 4264 1558 4316 enim
1587 4262 1731 4330 prius
1765 4276 1876 4313 ma-

283 4366 470 4418 lorum
497 4365 678 4418 visus
710 4359 1023 4420 claudatur,
1054 4357 1314 4409 bonorum
1349 4368 1452 4404 non
1486 4351 1683 4420 patebit
1710 4350 1868 4402 intui-

283 4465 397 4507 tus.
459 4454 556 4507 Sic
590 4462 740 4515 ergo
771 4446 936 4497 etiam
971 4444 1093 4496 illttd
1126 4441 1251 4496 boni
1299 4440 1390 4492 Dei
1419 4440 1620 4491 dictum
1650 4437 1871 4502 accipio,

279 4545 441 4614 quod
469 4543 625 4597 dixit
652 4539 700 4568 “
738 4553 753 4591 :
799 4553 818 4584 ι
845 4534 975 4599 Quis
1027 4532 1154 4585 fecit
1186 4531 1480 4588 videntem,
1513 4536 1564 4580 et
1597 4525 1824 4578 caecum?
1849 4543 1868 4574 ι

279 4637 574 4688 videntem
614 4628 847 4698 quidem
876 4623 1165 4677 secundum
1194 4619 1487 4678 Christum,
1531 4631 1726 4669 caecum
1753 4628 1876 4668 vero

281 4727 607 4781 secundum
645 4716 940 4773 consilium
987 4711 1275 4779 serpentis.
1339 4707 1464 4759 llaec.
1511 4716 1685 4758 autem
1736 4719 1877 4756 com-

282 4817 647 4873 monuimus,
683 4819 747 4863 ut
774 4807 1075 4861 evidentius
1096 4805 1432 4856 elucesccret
1459 4797 1546 4864 qui
1581 4805 1704 4849 sunt
1736 4796 1872 4850 oculi

280 4881 384 4976 qui
425 4903 792 4960 claudantur,
828 4907 883 4950 et
914 4895 1005 4964 qui
1039 4902 1167 4947 sunt
1206 4887 1349 4942 oculi
1389 4885 1482 4952 qui
1533 4885 1872 4976 revellantur:

283 4973 464 5048 simul
516 5003 579 5045 ut
614 5001 675 5043 et
709 4985 843 5040 illttd
893 4999 960 5037 ex
1009 4982 1092 5035 his
1118 4978 1476 5042 intelligatur,
1505 4973 1643 5038 quod
1679 4974 1726 5025 in
1755 4988 1877 5041 pro-

284 5085 465 5152 pheta
495 5079 771 5146 scriptum
813 5082 898 5126 est
922 5072 964 5102 “
1005 5087 1019 5123 :
1068 5088 1088 5120 ι
1115 5065 1376 5119 Videntes
1411 5061 1668 5123 videbitis,
1691 5073 1743 5114 et
1776 5077 1876 5113 non

286 5149 598 5235 ﬁdebiris;
630 5185 654 5217 »
691 5175 752 5217 ιιι
779 5163 1014 5217 sciamus
1036 5157 1229 5224 quibus
1259 5149 1431 5204 oculis
1452 5149 1650 5211 vident,
1688 5159 1739 5202 et
1764 5152 1881 5216 qui-

289 5261 399 5314 bus
426 5259 688 5312 videntes
722 5267 829 5308 non
864 5251 1068 5302 vident.
1109 5247 1346 5310 Apparet
1379 5250 1502 5304 ergo
1528 5245 1583 5290 et
1618 5239 1758 5291 hunc
1785 5239 1882 5290 Ba-

411 5401 434 5430 "
464 5401 658 5452 llCor.
687 5391 890 5452 "1,18.

291 5491 369 5533 tv.
403 5441 502 5524 11...
531 5441 781 5515 υἷέ
809 5441 882 5520 vt,
905 5457 959 5509 9.
1041 5451 1082 5480 "
1104 5447 1256 5500 Num.
1282 5454 1428 5503 χχιιι,
1455 5441 1538 5496 δι,

1361 335 1440 388 ιΝ
1486 337 1820 394 NUMEROS
1859 335 2137 390 HOMILIA
2181 336 2343 392 XVII.

3402 344 3507 398 706

1899 458 1943 512 Α
1972 452 2106 506 laam
2135 469 2229 520 pro
2275 468 2339 506 eo
2371 448 2515 520 quod
2550 454 2766 506 revelati
2822 453 3029 509 fuerant
3083 455 3220 510 oculi
3258 455 3392 524 ejus,
3426 456 3510 509 di-

1975 556 2098 596 cere
2126 543 2191 594 de
2225 541 2512 608 semetipso
2539 537 2603 601 ‘5,
2663 559 2680 591 ι
2702 543 2858 594 homo
2889 556 3010 596 vere
3036 543 3254 606 videns;
3281 563 3300 595 ι
3350 554 3404 598 et
3430 547 3509 597 di-

1974 645 2119 693 cere,
2169 631 2345 682 rdixit
2391 628 2612 681 audiens
2663 630 2820 682 verba
2856 630 3028 684 fortis.
3060 650 3080 683 ι
3144 633 3339 686 Eodem
3366 635 3506 687 enim

1974 719 2160 771 ordine
2187 733 2292 784 quo
2323 718 2411 770 alii
2441 716 2579 769 oculi
2605 717 2945 782 clauduntur,
2979 719 3137 770 etalii
3171 722 3506 786 aperiuntur,

1973 807 2134 861 etiam
2163 822 2318 861 aures
2354 808 2469 859 alia
2497 807 2826 866 claudendas,
2871 816 2926 859 et
2953 807 3069 860 alia:
3100 809 3397 874 aperienda:
3426 810 3508 860 in-

1977 895 2310 962 telligtmtur.
2376 895 2566 948 Verum
2614 896 2656 948 si
2708 895 2826 962 quis
2872 895 2985 948 haec
3010 895 3170 948 etiam
3219 898 3505 948 secundum

1976 985 2248 1037 historiam
2282 983 2409 1036 velit
2447 983 2585 1034 dicta
2615 982 2904 1051 suscipere,
2952 993 3125 1051 potest
3153 984 3350 1046 dicere,
3384 985 3504 1051 quia

1975 1072 2027 1124 in
2075 1086 2138 1124 eo
2185 1073 2324 1138 quod
2368 1073 2496 1124 vidit
2531 1073 2737 1124 Balaam
2784 1072 2922 1139 quod
2962 1073 3157 1126 bonum
3187 1081 3266 1126 est
3301 1073 3352 1124 in
3381 1089 3509 1126 con-

1975 1169 2156 1228 spectu
2195 1160 2398 1212 Domini
2436 1161 2750 1214 benedicere
2772 1161 2951 1224 Israel,
2981 1163 3329 1213 ostenduntur
3360 1177 3509 1214 reve-

1976 1249 2229 1302 latioculi
2283 1250 2416 1315 ejus,
2467 1259 2518 1300 et
2573 1249 2746 1303 factus
2796 1265 2916 1303 esse
2960 1250 3117 1302 homo
3147 1265 3272 1302 vere
3300 1249 3504 1304 videns.

1976 1339 2112 1391 Vere
2134 1337 2275 1390 enim
2307 1338 2435 1388 vidit
2471 1353 2588 1404 quae
2621 1337 2794 1391 futura
2823 1349 2976 1392 erant
3004 1340 3069 1392 de
3101 1340 3277 1400 Israel,
3307 1340 3385 1392 vel
3415 1340 3505 1394 Ja-

1976 1427 2094 1479 cob.
2134 1427 2358 1478 Audisse
2410 1440 2624 1491 quoque
2650 1442 2767 1479 eum
2815 1428 2976 1480 verba
3010 1427 3160 1481 fortis
3185 1428 3314 1480 dicit
3345 1430 3392 1479 in
3422 1443 3504 1492 eo,

1974 1525 2092 1563 cum
2143 1512 2294 1563 venit
2347 1512 2411 1562 ad
2460 1525 2579 1563 eum
2631 1511 2790 1574 Deus,
2845 1521 2899 1564 et
2933 1511 3062 1563 dixit
3097 1512 3146 1562 in
3197 1513 3394 1563 somnis
3418 1512 3501 1563 ιθε

1979 1618 1997 1648 ι
2021 1598 2250 1651 Verbum
2296 1601 2436 1666 quod
2467 1601 2664 1650 dedero
2697 1602 2749 1651 in
2797 1615 2892 1652 ore
2923 1609 3033 1661 tuo,
3067 1600 3166 1652 hoc
3196 1602 3416 1652 observa
3450 1610 3506 1652 ut

1976 1685 2236 1753 loquaris;
2265 1706 2283 1736 ι
2335 1696 2388 1738 et
2439 1687 2538 1738 hoc
2587 1695 2701 1738 erat
2747 1691 2914 1739 visum
2943 1687 3057 1751 Dei,
3108 1688 3245 1754 quod
3280 1688 3409 1740 vidit
3453 1688 3502 1739 itt

1899 1768 1941 1820 Β
1970 1777 2187 1838 somnis,
2217 1786 2271 1829 et
2303 1789 2396 1842 per
2436 1775 2545 1826 haec
2577 1776 2836 1828 revelatus
2863 1791 2979 1828 esse
3009 1777 3192 1829 oculos
3219 1776 3330 1841 ejus
3360 1789 3502 1828 asse-

1974 1862 2061 1927 rit,
2092 1865 2216 1930 quia
2251 1865 2422 1930 potuit
2475 1864 2657 1917 videre
2707 1881 2824 1926 qua:
2852 1866 3002 1917 vidit.
3044 1865 3164 1918 Haec
3197 1867 3406 1932 quidem
3438 1868 3503 1918 de

1971 1953 2034 2004 iis
2063 1968 2178 2020 quae
2232 1956 2282 2007 in
2328 1956 2635 2023 praefatione
2681 1970 2778 2008 sua
2812 1953 3025 2006 Balaam
3073 1957 3124 2006 in
3162 1957 3503 2023 semetipsum

1969 2042 2116 2094 visus
2140 2052 2222 2095 est
2255 2045 2600 2111 prophetare.

2037 2131 2090 2183 4.
2130 2130 2278 2183 Nunc
2325 2133 2432 2197 jam
2478 2134 2747 2185 videamus
2780 2147 2894 2198 quae
2944 2140 3088 2192 sunt,
3137 2133 3329 2198 quaein
3374 2149 3503 2185 con—

1971 2221 2316 2284 sequentibus
2339 2222 2514 2272 dicit:
2557 2238 2575 2268 ι
2617 2219 2787 2283 Quam
2826 2222 3008 2283 bonae,
3064 2221 3230 2286 inquit
3285 2222 3356 2282 ν’,
3405 2223 3502 2273 do-

1971 2323 2087 2362 mus
2121 2307 2434 2372 tuteJacob,
2465 2308 2798 2361 tabernacula
2827 2317 2934 2372 tua,
2971 2308 3162 2361 Israel!
3193 2309 3257 2362 Ut
3290 2324 3502 2362 nemora

1971 2399 2290 2462 utnbrantia,
2349 2405 2406 2449 ut
2433 2395 2660 2462 paradisi
2695 2410 2854 2462 super
2885 2397 3123 2460 ﬂumina,
3157 2409 3211 2449 et
3256 2399 3394 2450 sicut
3422 2407 3503 2448 ta-

1971 2483 2254 2536 bernacula
2295 2498 2412 2550 quzte
2475 2483 2589 2534 fixit
2651 2481 2926 2545 Dominus,
2980 2483 3116 2534 sicut
3164 2483 3308 2536 cedri
3352 2483 3503 2550 juxa

1970 2587 2158 2640 aquas.
2183 2590 2202 2622 ι
2240 2572 2410 2624 Bonas
2448 2585 2581 2636 quas
2628 2571 2757 2623 dicit
2792 2571 2978 2624 donius
3006 2570 3190 2635 Jacob,
3245 2589 3346 2626 non
3379 2586 3504 2641 puto

1971 2662 2110 2728 quod
2164 2661 2426 2714 domicilia
2473 2674 2656 2712 eorum
2711 2661 2977 2715 collaudet
3027 2673 3259 2728 terrena,
3331 2679 3504 2731 neque

1971 2755 2110 2804 enim
2147 2750 2249 2803 tale
2300 2750 2498 2817 aliquid
2537 2750 2700 2804 fuisse
2751 2751 2891 2818 apud
2929 2766 3020 2804 eos
3075 2763 3268 2820 praeter
3321 2764 3504 2822 gentes

1977 2849 2196 2894 caeteras
2236 2849 2579 2891 memoratur.
2621 2839 2724 2892 Sed
2762 2841 3034 2894 videamus
3075 2856 3139 2893 ne
3171 2841 3327 2904 forte,
3367 2858 3500 2908 quo-

1973 2931 2114 2983 niam
2153 2931 2375 2998 populus
2414 2945 2506 2996 per
2547 2931 2712 2982 tribus
2746 2939 2860 2983 erat
2901 2932 3121 2992 divisus,
3160 2941 3211 2985 et
3249 2947 3502 2998 unauna:-

1899 3057 1942 3113 α
1975 3034 2077 3086 que
2109 3021 2274 3072 tribus
2304 3034 2399 3087 per
2430 3021 2634 3088 plebes,
2673 3028 2727 3073 et
2767 3021 2952 3071 iterum
2987 3019 3162 3084 plebes
3195 3035 3288 3086 per
3314 3035 3507 3088 cogna-

1980 3107 2170 3170 tiones,
2214 3117 2265 3160 et
2306 3110 2649 3175 cognationes
2684 3122 2779 3175 per
2829 3109 3010 3161 domos
3062 3108 3405 3172 familiarum,
3452 3119 3507 3162 et

1977 3210 2187 3248 rursum
2248 3196 2437 3248 domus
2494 3193 2813 3246 familiarum
2865 3210 2958 3261 per
3013 3210 3290 3248 numerum
3331 3199 3505 3248 nomi-

1975 3299 2120 3342 num,
2161 3293 2214 3336 et
2265 3299 2361 3352 per
2399 3288 2572 3352 capita
2614 3288 3029 3340 numerabantur
3067 3299 3084 3338 :
3125 3287 3222 3338 hoc
3270 3295 3354 3338 est
3390 3300 3506 3337 om-

1977 3374 2056 3424 nis
2093 3374 2180 3439 qui
2220 3383 2336 3427 erat
2373 3389 2401 3425 a
2437 3377 2619 3443 viginti
2652 3376 2802 3428 anuis
2829 3386 2880 3428 et
2912 3391 3089 3442 supra,
3130 3374 3393 3427 masculus
3417 3375 3507 3442 qui

1975 3461 2258 3526 procedere
2299 3465 2493 3527 poterit
2530 3463 2595 3514 ad
2634 3462 2825 3515 bellum
2882 3480 2894 3512 :
2936 3463 3030 3514 has
3068 3463 3256 3514 domus
3295 3461 3504 3512 Balaam

1975 3551 2026 3601 in
2083 3551 2274 3616 spiritu
2329 3562 2590 3604 contuens
2638 3549 2935 3618 magniﬁeet
2985 3560 3035 3601 et
3088 3550 3322 3602 extollat.
3401 3550 3506 3601 Sed

1977 3655 2080 3690 non
2129 3641 2179 3691 in
2219 3639 2302 3692 his
2339 3640 2503 3693 solius
2543 3640 2732 3692 litterm
2770 3637 3062 3690 eontuenda
3104 3637 3362 3689 sententia
3402 3647 3504 3696 est,

1976 3731 2224 3795 quoniam
2264 3730 2475 3796 quidem
2527 3744 2644 3797 quae
2689 3728 2919 3796 loquitur
2957 3726 3191 3787 Balaam,
3234 3735 3503 3790 assumpta

1973 3819 2130 3888 337
2159 3819 2404 3886 parabola
2457 3833 2551 3872 sua
2583 3818 2833 3884 loquitur.
2888 3815 2940 3866 In
2976 3812 3242 3880 parabolis
3283 3825 3408 3877 ergo
3451 3821 3508 3864 et

1978 3926 2073 3961 nos
2099 3912 2246 3977 quod
2270 3909 2461 3962 dicitur
2489 3910 2786 3960 audiamus.
2818 3905 2873 3958 Si
2915 3905 3054 3957 enim
3087 3901 3394 3956 consideres
3423 3901 3508 3952 di-

1975 3999 2210 4051 visiones
2243 3999 2379 4060 iIlas,
2412 4005 2465 4049 et
2503 3995 2715 4048 ordines
2756 3991 3065 4059 pepulerunt
3102 3989 3190 4055 qui
3226 3989 3276 4039 in
3326 4001 3508 4039 resur-

1975 4087 2214 4141 rectioue
2241 4085 2572 4138 habebuntur
2605 4083 2654 4134 in
2695 4081 2885 4148 popqu
2930 4081 3037 4131 veri
3085 4076 3268 4140 Israel,
3299 4075 3508 4142 quando

1976 4176 2338 4242 unusquisque
2366 4181 2606 4240 resurget
2631 4171 2682 4223 in
2723 4185 2818 4222 suo
2845 4168 3034 4222 ordine
3062 4165 3103 4196 ¹⁸
3134 4181 3148 4216 :
3180 4165 3223 4217 si
3249 4176 3396 4230 potes
3425 4163 3508 4215 in-

1979 4266 2111 4320 tueri
2147 4266 2318 4317 tribus
2359 4263 2475 4315 illas
2507 4271 2560 4313 et
2588 4259 2763 4326 plebes
2785 4297 2800 4320 ,
2829 4266 2881 4310 et
2914 4254 3278 4321 cognationes,
3308 4253 3358 4304 in
3391 4252 3509 4318 qui-

1904 4347 1945 4401 D
1975 4354 2072 4408 bus
2093 4367 2198 4404 non
2231 4361 2339 4403 tam
2372 4349 2548 4401 carnis
2577 4357 2630 4400 et
2662 4345 2935 4411 sanguinis
2963 4355 3043 4394 est
3069 4342 3330 4409 cognatio,
3350 4354 3506 4407 quam

1978 4441 2170 4493 mentis
2202 4446 2256 4492 et
2284 4436 2445 4490 animi
2485 4453 2498 4489 :
2543 4447 2666 4487 tunc
2709 4433 2970 4500 intelliges
3002 4446 3158 4497 quam
3201 4429 3350 4480 bona:
3383 4436 3507 4478 sunt

1977 4531 2167 4582 domus
2224 4525 2418 4586 Iacob,
2450 4538 2502 4578 et
2552 4538 2706 4592 quam
2756 4522 2890 4574 bona
2939 4516 3278 4572 tabernacula
3322 4514 3506 4567 Israel.

1976 4618 2126 4684 Quod
2170 4618 2214 4669 si
2260 4624 2314 4668 et
2343 4613 2668 4667 differentias
2718 4612 2988 4664 domorum
3011 4646 3026 4669 ,
3058 4617 3112 4660 et
3145 4603 3510 4658 tabernaculo-

1981 4722 2096 4760 rum
2128 4705 2388 4772 requiras,
2420 4713 2469 4757 et
2499 4701 2662 4754 Jacob
2712 4711 2870 4765 atque
2912 4696 3074 4749 Israel
3123 4695 3505 4753 diversitatem,

1979 4797 2138 4850 etiam
2170 4795 2232 4848 de
2260 4794 2359 4846 hoc
2387 4792 2506 4844 talis
2545 4789 2784 4856 quaedam
2820 4786 3056 4839 habenda
3105 4781 3374 4836 distinetio
3404 4788 3501 4830 est.

1981 4885 2174 4937 Domus
2213 4897 2297 4935 res
2332 4889 2414 4934 est
2452 4879 2688 4938 fundata,
2736 4891 2798 4928 ac
2835 4874 3057 4936 stabilis,
3107 4879 3161 4923 et
3200 4871 3359 4922 certis
3403 4878 3505 4917 ter-

1983 4972 2138 5026 minis
2165 4983 2333 5037 septa.
2357 4964 2718 5021 Tabernacula
2749 4977 2875 5016 vero
2894 4973 3016 5014 sunt
3041 4955 3338 5012 habitacula
3364 4966 3508 5018 quae-

1983 5063 2101 5114 datn
2136 5056 2446 5124 eorum,qui
2480 5068 2687 5121 semper
2719 5053 2769 5103 in
2803 5052 2888 5102 via
2919 5055 3135 5109 sunt,et
3169 5056 3374 5108 semper
3399 5053 3509 5090 ant-

1983 5149 2182 5210 bulant,
2210 5160 2304 5198 nec
2339 5143 2544 5197 itineris
2573 5141 2650 5194 sui
2682 5139 2959 5192 terminum
2987 5135 3313 5199 repererunt.
3349 5124 3510 5190 Igitur

1983 5239 2146 5293 Iacob
2179 5236 2453 5290 habendus
2480 5241 2562 5286 est
2589 5232 2640 5282 in
2677 5241 2860 5282 eorum
2891 5222 3152 5292 personis,
3174 5216 3259 5283 qui
3301 5215 3349 5263 in
3383 5210 3511 5260 acti-

986 5386 1007 5416 ⁸
1029 5383 1232 5432 (Ioloss.
1255 5390 1313 5436 ll,
1338 5373 1423 5424 18.
1498 5375 1516 5404 ⁰
1536 5373 1736 5427 Genes.
1762 5379 1871 5440 111,ἔ

1041 5451 1082 5480 η
1104 5447 1256 5496 Num.
1282 5454 1428 5496 xxtv.
1455 5441 1538 5496 3i.
1617 5444 1660 5472 ¹⁶
1683 5441 1841 5494 Num.
1869 5461 1871 5466 ί

1995 5378 2036 5408 ¹⁰
2064 5376 2188 5429 ibid.
2213 5377 2267 5426 7.
2342 5373 2381 5403 ⁸⁸
2409 5371 2538 5423 ibid.
2566 5367 2617 5431 6,
2641 5365 2692 5419 7.
2770 5364 2810 5393 ”
2832 5360 2981 5412 Joatt.
3013 5370 3086 5408 lx.
3110 5349 3196 5402 59.
3273 5345 3314 5376 ¹³
3340 5343 3510 5398 Exod.

1984 5486 1998 5496 .
2023 5445 2107 5496 33.
2184 5445 2223 5478 ¹⁷
2249 5443 2403 5495 Num.
2431 5452 2573 5496 xxiv,
2603 5437 2653 5496 5,
2681 5434 2734 5486 6.
2813 5429 2892 5477 ⁸⁸1
2924 5427 3041 5476 (lor.
3079 5431 3163 5468 xv.

1771 5460 1841 5494 ιιι.
1869 5461 1998 5508 xxn,
2023 5460 2107 5496 0.).

2184 5445 2223 5478 ¹⁷
2249 5443 2403 5495 Num.
2431 5452 2573 5499 xxiv,
2603 5427 2653 5497 5,
2681 5434 2734 5486 6.
2813 5429 2892 5477 ⁸⁸1
2924 5427 3041 5476 (lor.
3079 5431 3163 5468 xv.

367 5630 487 5698 ξτες)
522 5626 789 5695 ιιηαθὶηε.
832 5617 926 5669 Sic
956 5625 1084 5665 mss.
1110 5605 1257 5659 Libb.
1282 5600 1437 5666 editi,
1477 5623 1492 5653 ι
1525 5604 1943 5670 imaginatione.
1977 5625 1994 5658 ι
