3838 6212
484 255 576 307 707
1905 245 2218 304 ORIGENIS

3615 226 3709 281 708

478 367 577 418 bus
613 374 663 417 et
702 378 859 430 Opere
888 364 1105 432 perfecti
1138 376 1262 416 sunt
1299 380 1312 417 :
1345 365 1505 417 Israel
1548 378 1670 415 vero
1708 363 1779 413 illi
1811 362 2001 413 inlelli~
2034 375 2075 423 Α
2105 365 2322 411 sanctus
2356 369 2466 408 non
2499 352 2677 407 solum
2705 350 2830 418 ipse
2863 342 3082 399 fluvius
3113 339 3212 403 sit,
3242 338 3339 393 sed
3375 345 3430 390 et
3454 336 3518 391 iis
3538 336 3706 432 quibus

476 457 630 523 gendi
663 465 801 516 sunt,
834 458 921 523 qui
952 455 1181 509 studium
1223 469 1343 523 erga
1380 455 1692 524 sapientiam
1727 467 1790 504 ac
1829 452 2001 504 scien-

481 547 607 598 tiam
632 555 842 615 gerunt.
880 544 1011 610 Quia
1043 558 1169 611 ergo
1193 557 1408 609 operum
1446 552 1822 610 gestorumque
1847 554 2000 593 exer-

475 632 601 686 citia
629 640 774 685 certo
806 632 910 684 ﬁne
958 630 1278 683 clauduntur
1326 633 1521 697 (neque
1553 630 1692 682 enim
1747 630 1863 682 sine
1896 627 2001 680 ﬁne

475 731 559 774 est
590 734 804 787 operum
837 718 1131 787 perfectio),
1159 718 1245 770 ubi
1278 718 1643 784 adimpleverit
1670 719 1786 784 quis
1824 715 2000 767 omnia

475 824 592 874 qua:
616 809 787 860 facere
819 807 1018 870 debuit,
1048 816 1102 862 et
1135 809 1199 860 ad
1231 807 1386 860 ﬁnem
1415 806 1759 874 perfectionis
1782 819 1999 873 operum

472 897 699 958 venerit,
746 895 1002 963 perfectio
1036 896 1149 963 ipsa
1188 910 1439 963 operum,
1469 896 1605 948 bona
1654 895 1838 947 donius
1884 894 2001 961 ejus

473 999 594 1039 esse
620 984 843 1037 dicetur.
873 983 1068 1037 Eorum
1097 998 1220 1038 vero
1251 984 1341 1052 qui
1376 983 1647 1049 sapientia:
1675 992 1728 1035 et
1765 981 2003 1035 scientia

474 1089 690 1142 operam
724 1075 872 1138 dant,
918 1074 1168 1141 quoniam
1216 1073 1337 1126 ﬁnis
1380 1073 1555 1125 nullus
1586 1081 1668 1125 est
1693 1071 1833 1140 (quis
1857 1070 1999 1122 enim

476 1164 730 1217 terminus
764 1164 853 1215 Dei
888 1163 1159 1231 sapientiae
1202 1163 1303 1215 erit
1345 1162 1482 1215 ?ubi
1529 1170 1726 1229 quanto
1775 1160 2002 1227 amplius

473 1253 593 1320 quis
621 1252 919 1314 accesserit,
955 1261 1099 1304 tanto
1129 1249 1470 1319 profundiora
1500 1249 1818 1309 inveniet,et
1841 1262 2004 1314 quan-

474 1354 528 1394 to
563 1341 729 1409 magis
751 1349 1018 1393 scrutatus
1045 1340 1223 1404 fuerit,
1251 1347 1398 1391 tanto
1452 1353 1512 1391 ea
1554 1336 1897 1390 inelfabiliora
1950 1344 2003 1388 et

474 1427 1086 1496 incomprehensibiliora
1126 1427 1506 1494 deprehendet,
1543 1423 2001 1492 incomprehensi-

452 1519 594 1572 'bilis
617 1518 757 1571 enim
771 1516 1223 1570 etinzestimabilis
1255 1525 1336 1568 est
1357 1515 1444 1568 Dei
1468 1514 1768 1583 sapientia),
1799 1513 2001 1566 idcirco

473 1606 656 1656 eurum
714 1602 801 1668 qui
841 1603 943 1654 iter
996 1601 1276 1667 sapientia
1311 1599 1400 1653 Dei
1446 1600 1723 1661 incedunt,
1763 1614 1867 1650 non
1903 1598 2001 1650 do-

2113 449 2268 499 datus
2294 445 2487 504 fuerit,
2520 442 2749 496 ﬁumina
2796 441 2870 492 de
2903 443 3124 489 ventre
3164 444 3366 484 eorum
3404 429 3708 495 procedant:

2109 542 2158 587 et
2188 533 2330 585 Deus
2364 531 2536 584 Pater
2568 530 2718 582 dicat
2742 528 2788 557 ¹⁰
2823 542 2836 574 :
2867 543 2888 574 ι
2938 520 3034 573 Me
3061 517 3492 585 dercliqueruut
3537 516 3710 568 fontem

2108 636 2259 688 aqua:
2293 623 2452 683 viva),
2478 639 2496 671 ι
2526 634 2593 670 ex
2618 631 2728 683 quo
2765 616 2994 670 scilicet
3022 613 3190 664 fonte
3231 607 3460 660 ﬂumina
3491 607 3583 658 ista
3608 621 3713 672 pro-

2107 712 2327 763 cedunt.
2364 709 2461 761 llis
2498 708 2665 774 igitur
2698 707 2972 757 inundata
3025 698 3367 753 (luminibus
3401 695 3713 749 tabernarula

2111 799 2299 862 Israel,
2329 799 2468 850 ﬁttut
2520 795 2884 849 tabernacula
2936 794 3102 845 sicut
3166 799 3299 843 sunt
3337 787 3428 839 illa
3469 801 3581 852 qua:
3620 786 3717 836 fixit

2112 888 2397 941 Dominus.
2442 885 2552 939 Sed
2599 886 2873 937 intentum
2944 877 3228 932 fortassis
3283 888 3507 927 movere
3548 876 3718 941 poterit

2109 977 2437 1037 auditorem,
2471 975 2616 1041 qttod
2649 974 2789 1025 duas
2816 969 3112 1039 quasdam
3159 964 3384 1033 species
3429 962 3716 1015 tabernacu-

2110 1063 2285 1116 lorum
2322 1077 2571 1130 prwsens
2624 1075 2812 1114 sermo
2845 1063 3306 1113 commemorat.
3356 1050 3448 1103 Ait
3478 1052 3612 1103 enim
3636 1050 3674 1081 “
3702 1067 3714 1101 :

2114 1176 2132 1206 ι
2173 1154 2348 1218 Quam
2399 1155 2556 1206 bona:
2605 1153 2807 1205 donms
2847 1145 3223 1206 tumJacob,
3271 1140 3720 1198 tabernaculatua,

2109 1244 2306 1297 Israel!
2342 1242 2407 1297 Ut
2449 1229 2682 1296 nemora
2720 1237 3085 1302 umbrantia,
3116 1245 3179 1288 et
3213 1242 3271 1285 ut
3306 1231 3545 1299 paradisi
3583 1245 3717 1296 super

2109 1333 2352 1386 flumina.
2378 1351 2398 1383 ›
2427 1333 2493 1385 Et
2519 1346 2741 1384 rursum
2777 1327 3164 1383 tabernacula
3199 1322 3573 1377 tabernaculis
3594 1335 3718 1371 com-

2109 1431 2360 1489 parat,et
2393 1423 2526 1475 dicit
2560 1438 2620 1476 τι
2652 1421 2723 1473 Et
2750 1421 2900 1474 sicut
2930 1418 3319 1470 tabernacula
3346 1427 3470 1480 qua:
3500 1411 3606 1463 ﬁxit
3636 1411 3719 1463 Do-

2112 1513 2312 1565 minus.
2358 1531 2375 1562 ι
2409 1512 2600 1566 Potest
2633 1526 2769 1580 ergo
2796 1518 2853 1564 et
2888 1509 3008 1561 alia
3065 1517 3199 1576 post
3232 1505 3360 1559 illas
3403 1520 3535 1572 quas
3582 1518 3717 1569 supra

2111 1602 2459 1667 protulimus,
2498 1602 2664 1670 recipi
2699 1601 3012 1669 expositio,
3055 1608 3123 1652 ut
3152 1599 3415 1652 dicamus
3441 1595 3621 1648 domus
3642 1593 3719 1645 Ja-

476 1707 589 1745 mos
625 1691 822 1752 laudat,
849 1704 952 1741 non
987 1690 1126 1741 enim
1177 1695 1530 1756 pervenerunt
1576 1686 1639 1739 ad
1689 1685 1880 1747 ﬁnem,
1915 1687 2006 1739 sed
2038 1690 2081 1743 Β
2111 1691 2212 1743 cob
2260 1705 2380 1744 esse
2437 1692 2635 1760 legem,
2674 1703 2735 1745 et
2775 1688 3163 1742 tabernacula
3212 1686 3388 1740 Israel
3440 1688 3718 1753 prapbetas.

473 1779 820 1834 tabernacula
866 1779 1113 1851 miratur,
1139 1777 1190 1828 in
1233 1776 1423 1842 quibus
1473 1788 1682 1842 semper
1707 1774 2005 1837 ambulant,

475 1880 529 1934 et
578 1882 788 1935 semper
836 1866 1140 1934 proﬁciunt,
1172 1875 1226 1918 et
1252 1872 1452 1932 quanto
1499 1865 1668 1927 magis
1696 1863 2004 1931 proﬁciunt,

475 1968 624 2012 tanto
654 1959 732 2011 eis
770 1956 1075 2025 proﬁciendi
1105 1955 1183 2006 via
1212 1962 1452 2021 augetur,
1478 1960 1531 2005 et
1563 1953 1876 2005 immensum
1902 1962 2011 2004 ten-

475 2049 653 2111 ditur;
687 2057 741 2101 et
777 2048 895 2099 ideo
924 2046 1051 2098 istos
1086 2044 1231 2111 ipsos
1269 2042 1534 2110 profectus
1568 2056 1749 2094 eorum
1787 2055 1882 2107 per
1905 2042 2009 2107 spi-

477 2138 631 2188 ritum
668 2143 944 2193 contuens,
989 2130 1329 2185 tabernacula
1367 2144 1427 2183 ea
1471 2129 1706 2183 nominat
1736 2130 1917 2183 Israel.
1944 2130 2010 2183 Et

472 2240 595 2278 vere
617 2224 659 2276 si
688 2223 806 2291 quis
832 2221 1066 2276 scientiae
1110 2219 1253 2287 capit
1278 2219 1483 2285 aliquos
1514 2217 1805 2286 profectus,
1833 2229 1887 2272 et
1916 2235 2011 2272 ex-

472 2313 748 2380 perimenti
772 2293 967 2380 aliquid
1008 2311 1061 2362 in
1112 2307 1300 2362 talibus
1323 2311 1606 2376 ‘sumpsit,
1637 2310 1737 2362 scit
1772 2310 2012 2376 profecto

473 2402 611 2470 quod
644 2402 729 2454 ubi
778 2403 843 2453 ad
881 2400 1112 2467 aliquam
1167 2408 1379 2473 v'entum
1424 2397 1584 2451 fuerit
1640 2398 1920 2461 theoriam,
1955 2407 2010 2452 et

473 2491 792 2559 agnitionem
819 2490 1186 2559 mysteriorum
1211 2488 1547 2556 spiritalium,
1571 2488 1641 2540 ibi
1672 2488 1847 2539 anima
1872 2502 2008 2554 qua-

475 2581 516 2632 si
551 2582 601 2632 in
634 2580 859 2647 quodam
898 2577 1242 2630 tabernaculo
1271 2578 1597 2631 demoratur.
1632 2577 1763 2629 Cum
1791 2591 1917 2629 vero
1940 2590 2009 2629 ex

475 2669 555 2720 liis
589 2683 704 2736 qua:
731 2668 948 2735 reperit,
974 2668 1072 2720 alia
1100 2682 1283 2720 rursus
1305 2669 1548 2727 rimatur,
1569 2674 1620 2718 et
1641 2665 1704 2716 ad
1732 2664 1864 2717 alios
1887 2680 2008 2732 pru-

478 2758 583 2811 ﬁcit
613 2758 929 2822 intellectus,
953 2758 1072 2812 inde
1107 2760 1257 2825 quasi
1280 2757 1486 2810 elevato
1513 2755 1852 2808 tabernaculo
1891 2765 2010 2807 ten—

476 2847 553 2899 dit
578 2851 642 2901 ad
682 2848 978 2916 superiora,
1019 2855 1074 2899 ct
1104 2847 1173 2900 ibi
1218 2847 1445 2900 collocat
1468 2844 1630 2897 animi
1663 2837 1875 2907 'sedetn,
1898 2860 2012 2898 sen-

477 2952 627 2989 suum
657 2937 948 2991 stabilitate
982 2937 1248 2990 conﬁxam
1283 2953 1297 2989 :
1328 2944 1382 2989 et
1409 2934 1531 2988 inde
1564 2935 1753 2987 iterum
1784 2950 1847 2987 ex
1882 2937 2011 3003 ipsis

475 3024 606 3078 alios
655 3025 860 3077 invenit
902 3024 1168 3092 spiritales
1218 3037 1427 3085 sensus,
1468 3037 1600 3090 quos
1632 3023 1867 3089 priorum
1895 3024 2011 3076 sine

477 3114 634 3166 dubio
653 3116 918 3167 sensuum‘
939 3114 1309 3179 consequentia
1337 3113 1649 3180 patefecerit
1673 3132 1684 3166 τ
1705 3120 1756 3166 ct
1778 3112 1849 3165 ita
1870 3127 2007 3166 sem-

476 3216 568 3267 per
598 3216 657 3255 se
685 3203 751 3255 ad
800 3203 979 3270 priora
1013 3203 1338 3264 extendens,
1390 3202 1738 3256 tabernaculis
1785 3203 2012 3268 quibus-

475 3292 594 3342 dam
627 3291 834 3344 videtur
872 3292 1139 3346 incedere.
1170 3290 1450 3358 Nunquam
1491 3300 1571 3344 est
1612 3291 1756 3344 enim
1797 3292 2011 3358 quando

477 3381 651 3432 anima
705 3382 941 3435 scientize
995 3366 1226 3450 igniculo
1262 3395 1517 3435 succensa
1564 3381 1722 3435 otiari
1771 3383 2011 3444 possitet

477 3468 769 3533 quiescere,
788 3470 880 3523 sed
912 3484 1123 3536 semper
1148 3484 1177 3521 a
1201 3470 1353 3524 bonis
1381 3470 1446 3522 ad
1479 3470 1718 3534 meliora,
1740 3482 1796 3525 et
1823 3474 2010 3525 iterum

477 3556 541 3608 ad
573 3560 843 3625 superiora
872 3574 901 3611 a
932 3560 1240 3613 melioribus
1269 3570 1612 3627 provocatur.
1639 3560 1749 3615 Hoc
1777 3576 1903 3629 ergo
1933 3576 2017 3615 sa-

478 3646 686 3713 pientiae
711 3648 801 3700 Dei
850 3649 950 3702 iter
991 3658 1139 3716 grate
1186 3649 1335 3712 satis,
1358 3658 1412 3703 et
1444 3665 1561 3703 eum
1603 3650 1766 3703 multo
1820 3653 2013 3704 decore

479 3735 757 3803 descripsit
784 3736 969 3790 dicens
996 3737 1038 3767 ¹⁹
1070 3752 1083 3787 :
1111 3754 1130 3787 ι
1166 3736 1234 3790 Ut
1274 3752 1491 3792 nemora
1535 3738 1928 3804 obumbrantia,
1959 3746 2015 3793 et

478 3832 535 3875 ut
564 3824 794 3891 paradisi
820 3840 982 3893 super
1007 3824 1245 3887 flumina,
1273 3835 1328 3879 et
1353 3827 1492 3880 sicut
1523 3828 1860 3882 tabernacula
1895 3842 2014 3896 qua:

481 3911 592 3964 ﬁxit
625 3913 899 3978 Dominus,
933 3915 1070 3968 sicut
1101 3916 1245 3970 cedri
1276 3915 1425 3982 juxta
1460 3931 1643 3983 aquas.
1687 3934 1706 3967 ι
1738 3915 1837 3981 Qui
1870 3918 2013 3970 enim

479 4000 727 4054 incedunt
774 4004 875 4056 hac
917 4004 1035 4067 via,
1067 4019 1158 4072 per
1198 4020 1412 4067 nemora
1466 4004 1837 4058 obmnbrantia
1874 4006 2017 4059 ince-

481 4090 629 4141 dunt.
656 4088 876 4143 Nemora
906 4091 1046 4144 enim
1073 4102 1196 4146 sunt
1216 4093 1295 4147 eis
1319 4093 1711 4156 obumbrantia,
1738 4095 1912 4146 omnis
1931 4093 2016 4159 ju-

481 4189 683 4234 SIorum
715 4190 917 4245 cretus,
951 4192 1006 4236 et
1041 4194 1341 4238 sanctorum
1388 4186 1766 4253 prophetarum
1800 4187 2014 4239 chorus.

2107 1777 2227 1831 Non
2254 1779 2398 1833 enim
2428 1780 2606 1846 ipsum
2637 1779 2839 1841 Jacob,
2872 1779 2978 1841 sed
3013 1780 3230 1831 dotnus
3251 1778 3373 1846 ejus
3395 1777 3574 1830 laudat
3602 1792 3613 1826 :
3641 1790 3721 1828 nec

2106 1867 2278 1933 ipsum
2305 1867 2493 1931 Israel,
2521 1870 2616 1923 sed
2679 1868 3066 1923 tabernacula
3100 1867 3254 1935 ejus,
3303 1877 3361 1922 et
3395 1878 3519 1920 tunc
3545 1881 3600 1919 ea
3629 1866 3721 1915 lau-

2108 1955 2221 2018 dat,
2245 1971 2366 2010 eum
2397 1957 2621 2010 revelati
2652 1966 2789 2011 sunt
2808 1959 2969 2012 oculi
3008 1959 3162 2024 ejus.
3197 1956 3458 2023 Quandiu
3492 1956 3621 2009 enim
3647 1968 3719 2005 ve-

2108 2044 2280 2096 Iamen
2345 2046 2581 2112 positum
2620 2053 2711 2098 est
2767 2061 2948 2114 super
3006 2047 3325 2100 lectionem
3367 2045 3499 2114 legis
3534 2055 3585 2096 et
3613 2059 3715 2111 pro-

2108 2134 2413 2199 phetarum,
2444 2150 2550 2188 non
2594 2135 2860 2189 videntur
2888 2137 3048 2189 bona
3082 2136 3476 2197 tabernacula,
3504 2148 3594 2186 nec
3622 2134 3717 2183 lau-

2109 2221 2314 2275 dabiles
2346 2221 2558 2273 domus.
2603 2221 2708 2276 Ubi
2742 2233 2943 2276 autem
2995 2224 3262 2278 ablatum
3295 2222 3464 2276 fuerit
3489 2222 3715 2281 velamen,

2108 2318 2160 2363 et
2200 2310 2425 2378 intelligi
2474 2312 2713 2379 cmperit
2771 2311 2862 2368 lex
2902 2314 3051 2381 quia
3115 2313 3398 2382 spiritalis
3427 2318 3717 2374 est.etproo

2109 2401 2283 2467 pheta:
2316 2415 2332 2451 :
2364 2410 2491 2454 tunc
2526 2402 2685 2455 bona:
2719 2412 2779 2455 et
2815 2404 3215 2457 admirabiles
3261 2406 3456 2456 domus
3483 2401 3648 2464 Iacob,
3673 2409 3716 2451 et

2109 2499 2235 2543 tunc
2296 2490 2620 2542 admiranda
2679 2499 2856 2544 erunt
2916 2493 3315 2547 tabernacula
3377 2492 3570 2553 Israel,
3613 2506 3712 2542 cum

2111 2588 2283 2632 amota
2309 2578 2488 2631 littera
2515 2594 2640 2646 qua:
2675 2581 2919 2646 occidit,
2946 2582 3352 2635 vivificantem
3375 2598 3440 2635 ex
3468 2584 3540 2635 eis
3571 2580 3711 2648 perci-

2109 2680 2235 2733 pere
2279 2665 2533 2732 spiritum
2573 2667 2845 2732 cceperis.
2889 2666 3105 2721 Potest
3144 2669 3333 2722 adhuc
3373 2678 3427 2721 et
3456 2668 3557 2719 alio
3583 2664 3710 2716 modo

2110 2753 2354 2822 intelligi,
2380 2763 2438 2807 ut
2468 2755 2651 2823 papuli
2675 2755 2977 2811 credentis
3003 2766 3071 2812 et
3094 2757 3334 2825 perfecti
3361 2757 3534 2825 hujus,
3559 2754 3635 2823 qui
3658 2751 3706 2803 ad

2108 2841 2380 2900 Christum
2408 2860 2475 2899 ex
2503 2848 2767 2914 gentibus
2813 2857 3223 2918 congregatus
3268 2859 3357 2903 est
3375 2889 3391 2911 ,
3421 2862 3626 2916 corpora
3649 2845 3707 2897 si-

2115 2938 2222 2991 mul
2255 2938 2454 2990 laudari
2483 2938 2782 2992 videantur
2818 2948 2881 2993 et
2922 2943 3152 2996 anima
3184 2957 3201 2995 :
3235 2949 3295 2994 et
3332 2938 3498 2993 Jacob
3526 2938 3703 3006 quidem

2112 3029 2300 3080 donius
2333 3027 2397 3081 de
2454 3029 2787 3095 corporibus
2849 3031 3138 3097 dicatur,
3174 3034 3328 3087 sicut
3366 3043 3421 3086 et
3471 3033 3517 3085 in
3559 3030 3702 3083 libello

2109 3119 2334 3185 quodam
2369 3118 2588 3183 legitur,
2619 3121 2752 3187 quia
2802 3121 2998 3177 Jacob
3037 3127 3251 3179 domus
3283 3127 3358 3179 sit
3396 3122 3587 3178 Israel:
3624 3122 3701 3173 hoc

2110 3217 2212 3270 est,
2235 3223 2427 3276 corpus
2446 3207 2566 3274 ejus
2580 3206 2756 3262 Jacob
2789 3210 3059 3279 dicatur,
3089 3223 3149 3267 et
3171 3215 3361 3267 anima
3386 3212 3553 3268 Israel.
3575 3210 3702 3264 Simi-

2113 3295 2306 3349 militer
2354 3311 2485 3363 ergo
2530 3305 2586 3350 et
2633 3297 3036 3365 perfecturum
3108 3316 3463 3369 quorumque
3516 3311 3698 3367 corpora

2113 3383 2407 3435 laudabiles
2427 3384 2621 3436 domus
2647 3399 2773 3438 esse
2802 3386 3117 3442 dicantur.
3136 3390 3319 3448 Iacob
3348 3402 3433 3447 est
3457 3392 3585 3446 enim
3605 3402 3698 3440 cor-

2110 3491 2210 3545 pus
2257 3474 2543 3536 laudabile,
2576 3490 2704 3529 cum
2748 3479 3168 3548 continentia,
3201 3494 3261 3538 et
3313 3485 3570 3543 castitate,
3594 3493 3697 3531 nou-

2115 3580 2383 3632 nunquam
2411 3573 2594 3618 autem
2619 3566 2791 3619 etiam
2833 3581 2974 3622 cum
3011 3558 3206 3643 338
3241 3574 3496 3644 martyrio
3520 3572 3696 3626 decora-

2117 3663 2225 3709 tur.
2256 3653 2630 3708 Tabernacula
2667 3670 2808 3711 vero
2854 3660 2932 3712 ad
2982 3665 3226 3717 animas
3256 3663 3517 3732 perfectas
3548 3657 3695 3713 referri

2116 3753 2362 3812 possunt,
2389 3744 2587 3811 quibus
2614 3753 2670 3798 et
2711 3759 2926 3800 nomen
2956 3765 2989 3802 a
3019 3753 3282 3808 videndo
3315 3754 3474 3806 Deum
3491 3747 3696 3804 convenit

2116 3833 2321 3886 lsraeli.
2353 3834 2457 3886 Ista
2492 3843 2676 3887 autem
2711 3834 3104 3894 tabernacula
3133 3853 3290 3908 sunt,
3325 3843 3509 3912 inquit,
3544 3857 3561 3889 ε
3589 3839 3697 3890 sicut

2114 3937 2335 3976 nemora
2370 3923 2784 3988 umbrantia,et
2819 3928 2983 3981 sicut
3016 3934 3284 3999 paradisi
3311 3948 3470 4002 super
3493 3929 3691 3985 ﬂumina.

2115 4022 2168 4065 et
2195 4013 2336 4065 sicut
2364 4013 2723 4067 tabernacula
2757 4029 2889 4082 quae
2924 4018 3056 4073 ﬁxit
3096 4023 3273 4077 Deus.
3308 4042 3327 4074 ι
3365 4023 3477 4076 Alia
3504 4033 3612 4087 ergo
3632 4029 3695 4067 ta-

2117 4100 2399 4153 bernacula
2427 4103 2667 4155 ostendit
2706 4118 2839 4159 esse
2888 4121 3025 4175 quae
3073 4110 3204 4165 ﬁxit
3243 4113 3515 4173 Dominus,
3541 4108 3693 4177 quibus

2117 4190 2224 4242 sint
2252 4191 2445 4243 similia
2480 4192 2841 4246 tabernacula
2875 4196 3077 4252 Israel.
3112 4200 3295 4255 Extra
3326 4203 3466 4255 hunc
3488 4196 3692 4250 mundum

483 4268 592 4361 ξυι)
622 4272 805 4361 umbra
826 4271 966 4361 enim
995 4287 1268 4336 sensuum,
1303 4289 1437 4342 quos
1468 4275 1605 4342 apud
1641 4274 1758 4329 illos
1786 4276 2014 4344 scriptos
2048 4302 2088 4355 ο
2120 4295 2204 4332 me
2237 4280 2484 4347 progredi
2519 4283 2802 4346 convenit,
2835 4294 2900 4338 ut
2929 4287 3170 4344 videam
3199 4307 3327 4361 qua:
3358 4294 3462 4345 sint
3491 4288 3693 4342 taberna—

484 4356 779 4420 inveniunt,
832 4357 1214 4426 refrigerantur
1246 4365 1438 4417 anima:
1472 4363 1725 4431 ipsorum,
1751 4373 1806 4417 et
1849 4365 1902 4417 in
1929 4364 2017 4417 do-

483 4445 668 4499 ctrinis
708 4459 891 4497 eorum
931 4448 1083 4513 quasi
1137 4449 1444 4506 incedentes
1483 4467 1576 4522 per
1627 4466 1790 4520 Opaca
1836 4467 2019 4505 nemo-

486 4550 601 4588 rum
654 4533 1005 4597 delectantur,
1053 4544 1105 4588 et
1145 4538 1281 4591 sicut
1329 4543 1560 4608 paradisi
1610 4556 1769 4609 super
1799 4542 2017 4595 ﬁumina

484 4618 841 4671 inveniuntur.
876 4619 961 4671 Isti
1001 4620 1143 4673 enim
1191 4627 1418 4689 paradisi
1454 4643 1614 4696 super
1662 4629 1909 4692 flumina,
1944 4631 2018 4682 si-

485 4708 635 4763 miles
652 4709 925 4776 etcoguati
945 4721 1067 4763 sunt
1088 4710 1158 4764 illi
1185 4716 1428 4778 paradiso
1461 4719 1510 4770 in
1538 4734 1643 4786 quo
1674 4719 1871 4787 lignum
1900 4720 2019 4773 vitm

486 4808 588 4851 est.
634 4797 872 4850 Flumina
921 4814 1044 4853 vero
1075 4814 1351 4868 possumus
1386 4806 1466 4859 vel
1514 4808 1820 4873 Scripturas
1855 4822 2017 4860 evan-

486 4890 682 4958 gelicas
722 4896 881 4957 atque
919 4892 1236 4958 apostolicas
1258 4895 1519 4962 accipere,
1556 4896 1641 4946 vel
1666 4895 1825 4946 etiam
1855 4909 2018 4962 ange-

486 4979 680 5040 lorum,
712 4977 791 5031 vel
823 4979 1116 5036 caelestium
1150 4983 1400 5035 virtutqu
1425 4998 1548 5049 erga
1580 4982 1877 5045 hujusmodi
1903 4983 2021 5034 ani-

488 5083 601 5121 mas
631 5066 888 5134 adjutoria
925 5084 939 5122 :
984 5073 1222 5144 rigantur
1254 5074 1394 5125 enim
1432 5074 1498 5125 ab
1528 5072 1631 5124 illis
1658 5078 1712 5120 et
1752 5069 2009 5124 inundan-

489 5166 593 5222 tur,
611 5167 768 5223 atque
790 5156 852 5210 ad
880 5175 1088 5217 omnem
1112 5161 1395 5218 scientiam
1416 5169 1470 5213 et
1490 5158 1814 5225 agnitionem
1839 5172 2015 5213 rerum

487 5246 778 5298 calestium
804 5253 1110 5309 nutriuntur
1140 5273 1155 5310 ς
1184 5248 1430 5320 quamvis
1467 5255 1520 5298 et
1551 5245 1800 5297 Salvator
1836 5255 2020 5301 noster

488 5331 672 5386 fluvius
705 5336 773 5388 sit
813 5342 903 5407 qui
938 5341 1172 5403 laetiﬁcat
1214 5336 1489 5394 civitatem
1528 5332 1620 5387 Dei
1651 5344 1667 5384 :
1695 5339 1747 5384 ct
1781 5330 2019 5397 Spiritus

561 5482 601 5513 ¹⁹
631 5485 781 5543 Num.
810 5508 951 5571 xxiv,
986 5507 1037 5564 6,
1110 5515 1153 5546 so
1175 5506 1292 5563 ιον.
1322 5511 1382 5561 ιι,
1406 5495 1491 5549 l3.
1566 5495 1608 5525 “
1631 5493 1765 5547 Num
1794 5508 1937 5559 μιν,
1966 5496 2022 5565 5,
2066 5504 2122 5557 6.

2120 4369 2241 4421 cula
2282 4384 2405 4436 qua:
2455 4368 2569 4421 ﬁxit
2619 4369 2916 4431 Dominus.
2950 4376 3059 4432 Jlla
3112 4382 3381 4435 nimirum
3435 4388 3563 4441 sunt,
3603 4388 3694 4443 quae

2120 4459 2364 4511 ostendit
2406 4458 2574 4528 Moysi
2621 4474 2751 4514 cum
2796 4465 3255 4526 tabernaculum
3304 4476 3617 4527 construeret
3653 4467 3689 4516 iu

2121 4546 2367 4612 deserto,
2407 4549 2593 4603 dicens
2622 4552 2691 4605 ad
2717 4567 2884 4611 eum:
2917 4576 2937 4609 ι
2969 4557 3133 4624 Vide,
3180 4564 3361 4631 inquit
3384 4563 3449 4626 ",
3475 4570 3527 4614 ut
3561 4556 3691 4609 furias

2121 4636 2306 4689 omnia
2342 4641 2640 4694 secundum
2703 4654 2901 4714 typum
2962 4652 3060 4718 qui
3122 4664 3389 4709 ostensus
3432 4662 3509 4705 est
3545 4647 3621 4701 tibi
3651 4644 3688 4695 iu

2123 4734 2333 4781 monte.
2375 4748 2394 4780 ι
2441 4730 2519 4783 Ad
2553 4730 2936 4793 imitationem
2966 4754 3110 4810 ergo
3154 4743 3389 4798 istorum
3417 4742 3688 4795 tabernacu-

2124 4814 2298 4868 lorum
2324 4834 2449 4886 qua:
2476 4821 2593 4876 ﬁxit
2623 4825 2896 4884 Dominus
2930 4832 3127 4898 Israel,
3152 4834 3417 4903 jubentur
3440 4833 3598 4885 facere
3625 4835 3687 4876 la-

2126 4905 2455 4976 beruacula,
2481 4922 2537 4969 et
2561 4922 2948 4990 unusquisque
2982 4933 3236 4977 nostrum
3267 4923 3528 4991 expedire.
3555 4926 3600 4971 ει
3618 4912 3680 4967 ί³⁴

2127 4992 2354 5054 bricare
2382 5004 2807 5065 tabernaculum
2839 5028 3025 5069 suum.
3046 5013 3198 5070 Unde
3230 5014 3361 5067 mihi
3386 5013 3578 5065 videtur
3601 5016 3683 5056 non

2130 5082 2367 5142 fortuitu
2397 5099 2738 5170 contigisse,
2764 5112 2827 5157 ut
2859 5103 3057 5160 Petrus
3103 5104 3341 5173 quidem,
3378 5112 3431 5157 et
3462 5100 3679 5154 Andreas.

2127 5183 2183 5265 et
2215 5174 2314 5230 ﬁlii
2355 5181 2641 5256 Zebedaei,
2672 5202 2795 5249 arte
2829 5197 3137 5265 piscatores
3174 5193 3543 5249 invenirentur.
3568 5184 3682 5238 Ρειυο

2130 5258 2220 5315 lus
2244 5280 2392 5327 vero
2438 5290 2562 5337 arte
2592 5285 2744 5342 faber
2776 5258 3265 5344 tabernaculorum.
3293 5283 3358 5336 Et
3382 5280 3496 5349 quia
3520 5275 3584 5330 illi
3609 5286 3682 5322 νο-

2132 5352 2245 5448 cati
2303 5364 2379 5415 ab
2425 5379 2553 5426 “ne
2606 5376 2999 5447 capiendorum
3053 5373 3313 5446 piscium,
3351 5372 3602 5420 mutantur
3639 5360 3685 5408 ct

2215 5517 2263 5547 “
2296 5520 2488 5587 EXOLI.
2519 5542 2751 5605 xxv,40.
