3838 6220
129 316 196 368 τω
1281 304 1351 358 ΙΝ
1392 305 1716 361 NUMEHOS
1747 303 2025 359 HOMILIA
2057 305 2218 360 XVII.

190 763 453 835 sustinui
482 761 618 817 artis
667 776 785 817 sua:
815 767 1334 828 transformatioue
1373 782 1601 827 mutatus
1636 774 1749 826 sit:

191 860 387 912 utsicut
411 853 484 907 illi
513 867 582 907 ex
620 853 1002 923 piscatoribus
1031 859 1274 927 piscium
1321 862 1610 930 piscatores
1651 860 1749 912 ho-

204 949 376 1002 minum
400 944 522 998 facti
548 953 706 1006 sunt,
731 945 807 999 ita
830 954 887 999 et
911 946 1022 1002 iste
1051 964 1084 1002 a
1133 951 1398 1006 laciendis
1435 952 1751 1004 tabernacu-

198 1037 254 1092 lis
280 1035 517 1100 terrenis,
571 1036 641 1089 ad
688 1036 942 1091 coelestia
996 1039 1350 1094 tabernacula
1398 1041 1749 1097 construenda

199 1127 471 1182 translatus
495 1126 591 1182 sit.
623 1127 914 1183 Construit
958 1132 1110 1185 enim
1144 1133 1382 1209 coelestia
1413 1131 1750 1186 tabernacula

188 1217 370 1271 docens
411 1229 871 1286 unumquemque
909 1219 1054 1271 viam
1083 1219 1291 1284 salutis,
1318 1229 1372 1273 et
1397 1222 1667 1274 beatarum
1697 1220 1748 1271 in

187 1298 488 1353 caelestibus
522 1300 887 1356 mansionum
926 1303 1034 1356 iter
1062 1306 1369 1359 ostendens.
1394 1305 1541 1359 Facit
1577 1305 1751 1359 taber-

180 1391 361 1445 nacula
393 1390 610 1447 Paulus
632 1402 693 1446 et
717 1406 843 1446 cum
870 1392 940 1445 ab
963 1391 1299 1448 Hierusalem
1331 1395 1380 1447 in
1410 1396 1632 1448 circuitu
1658 1409 1748 1448 us-

180 1495 279 1549 que
304 1481 372 1534 ad
408 1481 705 1551 lllyricum
742 1485 919 1553 replet
963 1482 1310 1550 Evangeiium
1347 1484 1462 1547 Dei,
1489 1484 1749 1538 Ecclesiae

174 1572 550 1626 construendo
575 1591 591 1626 :
621 1582 684 1627 et
718 1575 822 1629 hoc
846 1577 1006 1630 modo
1034 1575 1161 1628 facit
1185 1584 1240 1628 et
1267 1575 1379 1640 ipse
1409 1573 1747 1627 tabernacula

175 1659 237 1710 ad
277 1659 715 1714 similitudinem
751 1663 1222 1716 tabernaculorum
1276 1662 1590 1725 coalestium,
1629 1675 1746 1728 qum

3277 300 3378 356 710

1860 508 1930 561 tis
1953 515 2005 562 et
2038 507 2358 560 exaltabitur
2395 506 2507 573 Gng
2539 519 2756 571 regnum
2788 506 2934 574 ejus,
2966 516 3019 560 et
3046 517 3252 561 crescet
3294 523 3376 562 re-

1850 610 2010 664 gnum
2044 595 2177 661 ejus.
2211 596 2347 648 Deus
2368 594 2586 648 deduxit
2622 608 2740 646 eum
2769 608 2831 647 ex
2864 595 3090 665 Egypto
3117 597 3378 666 sicutglo—

1851 685 1929 737 ria
1957 684 2250 738 unicoruis.
2274 702 2292 734 ι
2315 683 2559 737 Christus
2581 696 2706 751 ergo
2739 691 2838 745 est,
2860 685 2950 751 qui
2979 686 3108 738 exiit
3135 687 3197 738 de
3219 688 3379 739 semi-

1851 787 1917 826 ne
1942 771 2102 827 Israel
2130 774 2417 827 secundum
2450 785 2687 832 carnem,
2722 771 2810 838 qui
2839 772 3103 836 quomodo
3132 776 3397 839 gentibus

1851 859 2172 925 dominetur,
2208 862 2542 928 expositione
2600 872 2705 910 non
2757 858 2976 926 indiget,
3013 860 3243 912 maxime
3287 862 3376 925 qui

1852 945 1989 1014 leget
2032 946 2227 1000 dictum
2264 947 2313 1001 ei
2367 962 2395 999 a
2445 959 2597 1015 patre
2627 946 2671 977 ’°
2707 964 2722 999 :
2760 963 2780 995 ι
2818 944 2944 1000 Pete
2973 960 2999 997 a
3040 960 3123 998 me
3155 956 3208 999 et
3240 948 3378 998 dabo

1853 1034 1946 1087 tibi
1967 1042 2152 1103 gentes
2176 1035 2534 1088 hmreditatem
2561 1045 2723 1097 tuam,
2743 1042 2795 1087 et
2818 1034 3203 1100 possessionem
3234 1044 3375 1086 tuam

1852 1123 2108 1177 terminos
2149 1133 2320 1176 terrae.
2351 1141 2370 1174 ι
2401 1122 2533 1189 Quid
2574 1131 2657 1177 est
2684 1130 2856 1175 autem
2888 1123 3026 1186 quod
3053 1123 3146 1186 ait,
3179 1141 3197 1171 ι
3231 1121 3377 1174 exal-

1851 1211 2048 1264 tabitur
2077 1209 2186 1276 Gog
2214 1224 2433 1278 regnum
2454 1211 2601 1276 ejus?
2621 1230 2639 1262 I
2660 1212 2771 1279 Gog
2794 1226 2947 1277 super
2971 1219 3098 1263 tecta
3122 1211 3378 1277 interpre-

1852 1304 1991 1349 tatur
2020 1295 2130 1364 (76)
2161 1312 2175 1348 :
2216 1304 2270 1349 et
2314 1297 2367 1349 in
2403 1295 2519 1349 loco
2547 1298 2649 1350 isto
2681 1312 2782 1351 non
2806 1311 2903 1364 pro
2945 1298 3114 1363 gentis
3152 1296 3376 1362 alicujus

1849 1384 2077 1449 nomine,
2132 1394 2189 1438 ut
2239 1393 2476 1452 putatur,
2503 1385 2730 1453 positum
2781 1393 2883 1449 est,
2934 1385 3024 1439 sed
3075 1386 3214 1438 utin
3259 1386 3378 1439 aliis

1852 1472 2136 1534 nonnullis,
2160 1472 2273 1540 ipse
2295 1487 2468 1527 sermo
2488 1473 2744 1528 Hebraeus
2768 1488 2871 1527 non
2898 1473 3271 1540 interpretatus
3294 1490 3377 1527 re-

1849 1559 2003 1614 lictus
2033 1569 2134 1623 est,
2165 1569 2218 1614 et
2246 1560 2314 1614 ob
2356 1562 2456 1614 hoc
2491 1563 2639 1629 quasi
2675 1563 2740 1616 de
2779 1570 2938 1631 gente
2973 1561 3147 1629 aliqua
3175 1563 3374 1615 dictum

1855 1648 2080 1702 videtur.
2110 1649 2201 1702 Est
2244 1664 2371 1718 ergo
2417 1652 2679 1704 sermonis
2724 1650 3100 1717 consequentia
3130 1652 3249 1703 talis
3279 1664 3297 1703 :
3323 1661 3378 1705 et

173 1747 407 1800 οςιεηάίι
442 1747 599 1802 Deus
635 1750 693 1802 in
729 1759 910 1805 ,ηοηιε
933 1749 1124 1819 Moysi,
1165 1750 1268 1804 sed
1311 1760 1363 1804 et
1392 1751 1751 1817 unusquisque
1782 1740 1824 1797 Β
1851 1736 2170 1790 exaltabitur
2202 1751 2358 1805 super
2401 1748 2534 1793 tecta
2570 1753 2784 1807 regnum
2821 1738 2954 1806 ejus,
2980 1748 3034 1793 et
3057 1750 3258 1793 crescet
3294 1754 3378 1793 re-

172 1844 444 1899 nostrum,
488 1837 537 1890 si
579 1838 712 1905 quis
749 1847 925 1893 tamen
949 1842 1116 1894 exivit
1147 1840 1211 1893 de
1236 1838 1485 1908 IEgypto,
1519 1848 1572 1890 et
1597 1838 1747 1891 habi-

176 1932 251 1977 tat
290 1924 347 1977 in
400 1927 666 1991 deserto,
701 1927 753 1980 in
802 1928 1150 1983 tabernaculo
1196 1928 1352 1981 debet
1392 1928 1667 1989 habitare,
1697 1935 1751 1979 et

175 2014 309 2068 diem
336 2015 552 2069 festum
582 2016 640 2068 in
669 2016 1030 2070 tabernaculis
1052 2030 1229 2085 agere.
1257 2018 1406 2070 Sicut
1433 2017 1573 2068 enim
1608 2030 1751 2068 com-

175 2105 509 2157 memoratio
546 2104 614 2157 tit
638 2091 971 2172 egressionis
993 2119 1060 2159 ex
1100 2105 1331 2175 [Egypto
1357 2118 1448 2172 per
1479 2105 1671 2172 pascha
1697 2111 1751 2155 et

175 2206 396 2260 azyma,
427 2196 510 2246 ita
560 2201 622 2245 et
674 2195 1205 2249 commemorationis
1236 2194 1287 2247 in
1317 2196 1528 2247 deserto
1556 2192 1612 2244 lit
1643 2205 1751 2244 me-

175 2278 345 2331 meria
364 2294 467 2349 per
495 2281 889 2335 tabernacula.
918 2281 977 2334 In
1009 2282 1365 2335 tabernaculis
1382 2281 1523 2334 enim
1542 2279 1748 2331 habita-

177 2376 380 2420 verunt
410 2377 615 2435 patres
645 2368 824 2422 nostri
859 2369 911 2421 in
951 2369 1184 2423 deserto.
1214 2368 1364 2423 Unde
1413 2378 1593 2423 autem
1635 2369 1749 2422 fieri

178 2464 395 2520 oportet
420 2458 532 2510 ista
575 2457 960 2520 tabernacula,
979 2457 1083 2510 nisi
1108 2472 1175 2512 ex
1202 2458 1377 2513 verbis
1402 2459 1531 2527 legis
1556 2468 1609 2512 et
1631 2473 1751 2521 pro-

183 2543 491 2611 phetarum,
522 2558 596 2598 ex
643 2546 988 2600 sermonibus
1028 2545 1389 2610 PsalmOrum,
1424 2556 1476 2600 ct
1518 2548 1749 2601 omnium

184 2646 301 2697 qua.
343 2635 717 2688 continentur
770 2636 823 2687 in
877 2634 991 2703 lege
1025 2635 1206 2689 ?Cum
1240 2637 1400 2704 enim.
1432 2650 1495 2690 ex
1526 2636 1591 2689 iis
1633 2650 1752 2705 qua:

186 2720 386 2787 scripta
440 2731 601 2785 sunt,
635 2722 853 2791 proiicit
882 2724 1064 2776 anima
1103 2732 1155 2776 et
1206 2737 1415 2792 semper
1445 2725 1654 2792 quidem
1687 2740 1749 2779 ea

189 2822 303 2875 quae
336 2819 486 2865 retro
519 2821 655 2866 sunt
684 2812 1035 2875 oblivisceus,
1065 2814 1132 2865 ad
1153 2829 1213 2865 ea
1249 2828 1364 2880 quae
1397 2816 1448 2866 in
1483 2822 1607 2866 ante
1629 2821 1753 2866 sunt

191 2910 247 2950 se
299 2901 572 2963 extendit,
611 2911 668 2954 et
715 2901 930 2955 deloco
982 2902 1239 2956 inferiore
1265 2903 1610 2972 progrediens
1637 2916 1752 2956 cre-

195 2988 314 3049 scit,
352 3004 417 3043 ac
449 2992 686 3059 proﬁcit
723 2992 790 3045 ad
835 2996 1139 3062 superiora,
1176 3008 1240 3047 ex
1271 3002 1552 3061 augmento
1581 2994 1747 3046 virtu-

199 3085 325 3142 tum,
346 3090 398 3133 et
417 3097 483 3134 ex
528 3083 657 3149 ipsa
702 3083 1076 3138 immutatione
1106 3083 1452 3150 profectuum,
1486 3084 1538 3136 in
1570 3084 1749 3136 taber-

199 3170 398 3223 naculis
424 3172 629 3225 merito
675 3173 887 3226 dicetur
927 3174 1192 3230 habitare.
1217 3173 1344 3228 Vide
1369 3184 1544 3228 autem
1571 3173 1613 3228 si
1642 3187 1748 3225 non

200 3268 321 3311 sunt
371 3261 730 3315 tabernacula
780 3277 899 3330 qua:
947 3261 1063 3315 fixit
1108 3265 1264 3327 Deus,
1310 3264 1472 3317 etiam
1520 3264 1607 3316 illa
1637 3277 1752 3330 qua:

198 3348 435 3405 Salvator
460 3359 874 3407 commemorat
901 3355 954 3404 in
984 3350 1273 3418 Evangelio
1305 3353 1573 3407 dicens”:
1608 3371 1627 3405 ι
1655 3354 1754 3406 Fa-

202 3437 301 3492 cite
322 3442 466 3496 vobis
492 3442 713 3495 amicos
742 3440 812 3495 de
853 3455 1156 3495 mammona
1189 3441 1506 3509 iniquitatis,
1540 3452 1598 3495 ut
1630 3455 1750 3495 cum

204 3528 503 3586 defeeeritis
547 3530 826 3598 recipiant
853 3544 953 3583 vos
998 3530 1052 3582 in
1086 3538 1286 3584 aeterna
1341 3530 1699 3584 tabernacula.
1728 3547 1748 3580 ι

204 3614 334 3669 Fixa
367 3627 538 3674 autem
563 3620 830 3674 dicuntur
861 3632 890 3670 a
910 3617 1021 3672 Deo
1046 3620 1198 3684 quasi
1229 3632 1349 3686 quae
1384 3633 1487 3671 non
1527 3619 1756 3672 circqu-

205 3701 439 3759 ferantur
462 3707 619 3761 omni
648 3715 817 3759 vento
838 3704 1118 3759 doctrinae.
1136 3706 1270 3759 Sunt
1300 3715 1479 3759 autem
1500 3714 1552 3757 et
1579 3705 1753 3758 adhuc

207 3791 546 3849 tabernacula
585 3795 693 3849 ista
724 3804 781 3848 et
801 3797 944 3849 sicut
972 3795 1119 3849 cedri
1146 3793 1299 3861 juxta
1336 3808 1523 3862 aquas.
1554 3792 1753 3846 Cedros

209 3881 297 3936 hic
324 3899 425 3937 non
448 3885 565 3939 illas
600 3886 735 3940 dicit
768 3887 822 3939 in
855 3887 1051 3954 quibus
1093 3884 1376 3952 culpabilis
1403 3893 1617 3938 notatur
1646 3883 1754 3938 ela-

211 3974 285 4025 tio
316 3990 330 4024 :
359 3976 444 4026 sed
466 3977 656 4028 cedros
688 3977 803 4039 Dei,
829 3989 949 4043 qua:
974 3974 1268 4041 suscipiunt
1297 3973 1426 4027 vitis
1462 3973 1605 4026 illius
1635 3987 1753 4041 quae

207 4075 274 4115 ex
302 4063 524 4133 Egypto
558 4066 821 4118 translata
858 4073 961 4128 est,
999 4063 1264 4131 palmites,
1287 4071 1342 4116 et
1366 4064 1416 4116 in
1455 4063 1644 4130 quibus
1677 4075 1756 4114 re-

210 4153 433 4218 quiescit
456 4155 661 4209 fractus
682 4156 795 4218 ille,
815 4152 972 4219 cujus
1003 4155 1189 4205 umbra
1214 4152 1428 4220 operuit
1445 4162 1667 4205 montes.
1692 4151 1750 4205 Si

212 4238 512 4296 intellexisti
538 4252 797 4311 quantam
832 4240 1070 4309 requiem
1103 4240 1298 4293 haheat
1326 4239 1429 4293 iter
1454 4239 1748 4305 sapientiae,

213 4335 463 4391 quantum
490 4332 696 4401 gratiae,
717 4338 1093 4399 quantumque
1121 4327 1444 4387 dulcedinis.
1465 4326 1568 4379 noli
1592 4326 1753 4380 dissi-

214 4414 447 4482 mulare,
468 4419 569 4475 noli
595 4420 888 4489 negligere,
924 4417 1015 4470 sed
1051 4416 1343 4484 aggredere
1366 4414 1467 4466 hoc
1501 4414 1621 4478 iter,
1654 4428 1751 4468 nec

214 4506 386 4557 eremi
445 4508 776 4563 solitudinem
839 4507 1247 4576 perhorrescas.
1298 4501 1569 4555 Habitanti
1610 4505 1751 4557 enim

219 4590 314 4641 tibi
367 4592 415 4646 in
477 4595 780 4660 huiusmodi
834 4592 1197 4647 tabernaculis
1246 4600 1501 4645 occurret
1560 4605 1752 4644 manna

215 4679 447 4745 calcate,
474 4693 525 4738 et
552 4685 892 4752 angelorum,
909 4696 1103 4750 panem
1148 4679 1520 4732 manducabis.
1570 4678 1749 4746 Incipe

219 4775 439 4834 tantum,
480 4783 663 4829 necte
711 4780 1036 4842 perterrent,
1090 4776 1151 4822 ut
1206 4767 1462 4827 diximus,
1515 4767 1749 4820 solitudo

216 4857 428 4914 deserti.
470 4864 586 4919 Cito
649 4867 702 4917 in
766 4861 1096 4917 consortium
1159 4868 1312 4911 tuum
1354 4855 1512 4907 etiam
1577 4855 1751 4923 angeli

215 4944 439 5017 venient,
465 4967 596 5021 quos
640 4954 742 5006 sub
795 4947 976 5017 specie
1027 4945 1319 4999 cedrorum
1350 4939 1575 4992 arbitror
1608 4941 1750 4996 iudi-

214 5042 388 5085 catos.

284 5120 340 5171 5.
381 5124 468 5183 Sed
521 5144 662 5184 nunc
710 5130 988 5181 videamus
1040 5121 1175 5190 quid
1240 5119 1397 5171 etiam
1428 5116 1489 5167 de
1525 5115 1746 5173 Christo

211 5213 494 5278 PWPhetet.
524 5221 641 5288 Ipse
661 5228 746 5274 est
778 5218 947 5278 enim,
989 5215 1055 5267 de
1085 5224 1198 5278 quo
1221 5207 1346 5260 dicit
1374 5204 1415 5236 ³⁸
1447 5220 1460 5255 :
1491 5222 1509 5255 ι
1552 5206 1753 5263 Exibit

1848 1843 2006 1896 gnum
2034 1827 2168 1894 ejus.
2202 1826 2432 1880 Exaltari
2463 1838 2636 1880 autem
2663 1843 2821 1895 super
2848 1837 2983 1881 tecta
3007 1828 3070 1881 de
3097 1827 3376 1896 perfectio-

1849 1930 1913 1969 ne
1937 1916 2260 1969 credentium
2289 1916 2500 1981 dicitur,
2529 1930 2770 1970 crescere
2803 1924 2977 1969 autem
3020 1917 3085 1968 ad
3134 1916 3374 1969 multitu-

1849 2005 1992 2059 dines
2027 2003 2274 2058 refertur.
2324 2004 2378 2057 ln
2422 2005 2486 2057 iis
2513 2020 2638 2073 ergo
2685 2005 2775 2072 qui
2808 2003 3024 2071 perfecti
3067 2012 3189 2058 sunt
3217 2020 3376 2071 super

1849 2100 1986 2145 tecta
2021 2092 2288 2145 exaltatur
2340 2106 2561 2160 regnum
2609 2093 2842 2155 Christi,
2878 2092 2927 2144 id
2963 2100 3046 2146 est
3092 2107 3250 2161 super
3283 2108 3375 2146 eos

1846 2184 2026 2244 etiam,
2050 2182 2139 2249 qui
2164 2182 2213 2234 in
2239 2182 2482 2248 supernis
2506 2192 2647 2245 sunt,
2670 2191 2724 2234 et
2757 2181 2807 2233 in
2838 2180 3198 2247 superioribus
3222 2182 3368 2233 habi-

1850 2280 1981 2323 tant.
2014 2270 2149 2324 Sunt
2170 2270 2306 2322 enim
2338 2269 2575 2322 fortassis
2607 2268 2768 2335 aliqui
2797 2271 2952 2321 etiam
2985 2268 3039 2319 in
3071 2268 3375 2322 caelestibus

1848 2375 1876 2413 a
1903 2359 2093 2426 quibus
2119 2359 2234 2426 plus
2268 2358 2545 2425 proficiant
2581 2367 2634 2411 et
2667 2358 2823 2411 altius
2865 2357 3169 2413 exaltentur
3200 2358 3234 2410 ii
3283 2359 3373 2424 qui

1850 2452 1900 2502 in
1933 2464 2094 2517 regno
2141 2448 2335 2502 Christi
2366 2455 2510 2499 sunt.
2541 2446 2605 2500 Et
2652 2446 2768 2499 ideo
2815 2446 3001 2507 etiam,
3047 2446 3226 2510 credo,
3265 2447 3377 2512 ipse

1850 2537 2088 2592 Salvator
2117 2537 2324 2590 dicebat
2344 2537 2387 2567 ¹⁷
2419 2554 2431 2590 :
2469 2553 2487 2585 ι
2519 2534 2615 2598 Qui
2646 2535 2695 2587 in
2725 2543 2861 2587 tecto
2893 2543 2992 2595 est,
3023 2548 3123 2586 non
3152 2534 3372 2587 descen-

1849 2626 1936 2678 dat
1967 2623 2148 2677 tollere
2174 2623 2370 2689 aliquid
2402 2622 2467 2674 de
2498 2621 2692 2683 domo;
2735 2637 2753 2669 ι
2788 2633 3008 2672 monens
3036 2628 3092 2671 ut
3114 2618 3168 2684 ii,
3193 2621 3281 2687 qui
3307 2622 3373 2672 ad

1848 2713 2107 2766 excelsam
2144 2711 2522 2781 perfectionem
2578 2716 2854 2770 venerunt,
2903 2723 3005 2760 non
3063 2709 3251 2761 iterum
3308 2710 3376 2762 ad

1849 2803 2027 2855 mundi
2053 2801 2231 2867 hujus,
2264 2800 2350 2867 qui
2401 2813 2539 2849 nunc
2568 2797 2758 2850 domus
2806 2796 3125 2863 appellatur,
3161 2797 3378 2849 humilia

1848 2900 1901 2945 et
1942 2891 2145 2958 abjecta
2194 2887 2539 2942 descendant.
2588 2885 2692 2938 Sed
2733 2893 2785 2937 et
2835 2884 2958 2936 illud
2998 2886 3136 2951 quod
3183 2886 3259 2938 ait
3284 2887 3376 2941 ’δε

1854 2998 1873 3031 ι
1908 2981 2057 3046 Quod
2101 2979 2323 3033 audistis
2362 2979 2414 3031 in
2464 2990 2611 3041 aure,
2647 2975 2930 3043 praadicate
2963 2987 3124 3040 super
3148 2983 3316 3036 tecta,
3353 2993 3373 3025 ι

1777 3047 1817 3103 C
1851 3072 1915 3124 ad
1951 3072 2049 3123 hoc
2080 3066 2421 3121 nihilominus
2455 3062 2686 3132 respicit.
2722 3060 2811 3115 Sic
2839 3076 2966 3130 ergo
2995 3063 3263 3116 exaltatur
3285 3078 3380 3115 su-

1852 3172 1944 3226 per
1970 3156 2083 3224 Gog
2113 3169 2329 3224 regnum
2368 3154 2502 3220 ejus,
2530 3156 2585 3205 et
2607 3151 2803 3204 crescit
2835 3165 3051 3219 regnum
3090 3150 3225 3218 ejus.
3251 3151 3378 3205 Cre-

1849 3244 1948 3299 scit
1980 3244 2120 3296 enim
2147 3242 2269 3295 dum
2298 3239 2715 3306 multiplicantur
2760 3238 3029 3302 Ecclesiae,
3061 3248 3114 3293 et
3149 3238 3375 3292 lidelium

1850 3342 2098 3381 numerus
2131 3335 2380 3393 augetur;
2401 3333 2453 3379 et
2480 3326 2738 3377 intantum
2761 3325 2953 3378 crescit
2976 3339 3193 3390 regnum
3217 3325 3378 3395 339

1848 3416 2067 3478 Christi,
2107 3429 2375 3483 usquequo
2406 3422 2566 3482 ponat
2595 3416 2744 3467 Pater
2775 3426 2960 3466 omnes
2987 3413 3230 3467 inimicos
3264 3414 3377 3479 ejtis

1850 3507 1947 3561 sub
1976 3504 2194 3572 pedibus
2215 3502 2349 3569 ejus,
2380 3502 2471 3556 sed
2501 3509 2555 3556 et
2606 3501 2950 3556 novissimum
2993 3502 3264 3555 inimicum
3292 3505 3378 3557 de-

1849 3601 2019 3647 struat
2043 3598 2284 3642 mortem.

1919 3698 1973 3752 6.
2013 3698 2134 3750 Post
2176 3696 2287 3749 haec
2328 3694 2582 3762 scriptum
2624 3702 2707 3748 est
2752 3695 2923 3778 adhuc
2966 3695 3031 3749 de
3057 3694 3270 3751 Christo
3292 3700 3366 3763 ⁸³,

1855 3805 1873 3837 ‹
1897 3785 2020 3852 quia
2056 3784 2195 3836 Deus
2226 3782 2443 3836 deduxit
2466 3796 2586 3834 eum
2617 3795 2682 3834 ex
2710 3780 2970 3850 Egypto;
2997 3799 3017 3832 ι
3050 3784 3188 3851 quod
3220 3784 3273 3837 in
3305 3801 3371 3838 eo

1850 3872 2165 3940 completum
2189 3871 2420 3932 videtur,
2451 3869 2541 3922 ubi
2571 3878 2690 3934 post
2720 3879 2940 3923 inertem
2973 3868 3194 3925 Herodis
3217 3887 3375 3925 revo-

1851 3971 2004 4017 catur
2020 3961 2098 4014 .de
2118 3952 2368 4029 Egypto,
2394 3965 2448 4011 et
2471 3958 2712 4027 designat
2735 3958 3075 4027 Evangelium
3099 3962 3279 4014 dicens
3292 3962 3372 4017 “z

1857 4072 1874 4104 ι
1900 4053 1974 4107 Ex
1993 4047 2225 4121 Egypto
2256 4047 2439 4102 vocavi
2470 4045 2634 4098 lilium
2669 4061 2861 4100 meum.
2887 4064 2906 4098 ι
2929 4045 3026 4111 Qui
3057 4062 3230 4101 sermo
3256 4050 3374 4115 qui-

1854 4144 2079 4196 busdam
2098 4155 2161 4193 ex
2192 4140 2293 4193 hoc
2318 4137 2435 4190 loco
2455 4146 2758 4204 assumptus
2789 4135 3021 4200 videtur,
3049 4143 3103 4188 et
3136 4137 3378 4205 Evange-

1854 4231 1941 4284 liis
1978 4231 2230 4289 insertus,
2271 4226 2391 4279 aliis
2430 4234 2603 4279 autem
2636 4223 2701 4278 de
2730 4223 2867 4278 Osee
2893 4225 3165 4291 propheta.
3196 4224 3378 4280 Potest

1853 4330 2028 4372 autem
2059 4327 2114 4370 et
2145 4317 2433 4370 secundum
2455 4313 2764 4381 allegoriam
2792 4312 3031 4380 intelligi,
3063 4314 3185 4379 quia
3229 4324 3377 4382 post-

1852 4421 2074 4475 eaquam
2130 4406 2278 4458 venit
2318 4405 2383 4457 ad
2427 4403 2710 4472 [Egyptum
2748 4402 2926 4454 mutuli
2980 4401 3159 4468 hujus,
3187 4403 3374 4457 eduxit

1852 4510 1970 4548 eum
2005 4494 2177 4559 Pater,
2212 4504 2263 4547 et
2290 4492 2579 4557 assumpsit
2625 4490 2691 4543 ad
2743 4490 3106 4557 semetipsum,
3143 4491 3365 4561 utriam

1854 4585 2054 4637 faceret
2101 4583 2186 4644 iis,
2215 4581 2304 4648 qui
2345 4582 2408 4634 de
2442 4578 2673 4648 Egypto
2702 4580 2877 4631 numdi
2915 4579 3067 4646 hujus
3100 4580 3376 4632 ascensuri

1853 4680 2007 4727 erant
2045 4673 2108 4723 ad
2136 4671 2324 4724 Deum.
2354 4688 2371 4718 ι
2394 4670 2458 4721 Et
2483 4669 2650 4735 gloria
2679 4670 2952 4720 uuicoruis
2985 4668 3173 4736 ejus".
3198 4687 3217 4718 ι
3248 4669 3377 4721 Om-

1854 4762 1939 4814 nia
1970 4760 2108 4813 euim
2131 4760 2425 4812 daemonum
2459 4772 2614 4825 regna
2643 4755 2894 4821 dejiciens
2923 4755 3186 4818 Christus,
3214 4771 3376 4808 unum

1853 4863 2005 4904 suum
2058 4863 2297 4914 regnum,
2332 4856 2579 4912 tauquam
2616 4845 2727 4897 veri
2782 4843 3076 4905 unicoruis,
3136 4842 3378 4895 fundavit

1857 4937 1910 4990 in
1938 4936 2123 5005 gloria.
2150 4935 2324 4989 Cornu
2349 4934 2485 4987 enim
2507 4947 2604 5000 pro
2633 4946 2793 5000 regno
2820 4946 2957 4999 saepe
2978 4931 3254 4983 docuimus
3287 4946 3381 4983 nos

1852 5026 2066 5083 minari.
2113 5042 2131 5075 ι
2174 5024 2326 5088 Edet,
2368 5023 2535 5090 inquit
2575 5021 2641 5084 “,
2675 5020 2740 5074 de
2762 5021 2942 5074 eodem
2977 5018 3150 5069 adhuc
3171 5017 3378 5079 dicens,

1852 5124 2035 5184 gentes
2080 5111 2411 5165 inimicorum
2450 5125 2663 5163 suorum
2703 5116 2757 5160 et
2790 5103 3166 5159 crassitudines
3187 5115 3377 5152 eorum

1861 5202 2221 5259 emedullabit.
2242 5219 2260 5251 ι
2279 5198 2494 5259 Gentes,
2524 5198 2620 5261 ait,
2649 5208 2780 5262 quas
2810 5191 3004 5245 inimici
3030 5187 3109 5240 sui
3136 5186 3382 5250 passide-

2458 5286 2502 5318 ³⁷
2538 5283 2721 5335 Matth.
2772 5291 2915 5339 xxiv,
2952 5273 3036 5327 l7.
3109 5268 3154 5299 ³⁸
3180 5267 3382 5318 Matth.

280 5298 330 5329 ⁸⁸
354 5299 516 5363 Matth.
546 5325 617 5364 tv.
648 5309 738 5363 l9.
805 5306 851 5336 ’δ
878 5304 1006 5357 Luc.
1039 5314 1153 5357 XVI.
1181 5297 1247 5364 9-_
1312 5293 1352 5323 ’⁸
1382 5291 1750 5364 Ν¹Ρ.η¹·-.κδ¹νν’

1852 5295 1882 5347 l.
1923 5362 1956 5364 υ
1979 5293 2029 5364 ξξ
2059 5290 2199 5345 Psal.
2226 5305 2285 5350 ll,
2314 5288 2381 5364 8,-
2458 5288 2631 5364 "ubiij

210 5375 271 5427 ι,
306 5351 1006 5436 27ζ“”ἑὶἰὲιὲηῐ,”ὶιιν,ῐζ”
1025 5368 1071 5398 ³ο
1094 5351 1287 5417 uana.
1320 5374 1373 5420 η,
1402 5359 1487 5424 15ς
1518 5360 1677 5415 Osee
1706 5351 1746 5415 ἰ

1852 5400 1866 5415 .
1920 5362 1961 5393 ³⁸
1989 5359 2141 5412 Num.
2172 5372 2318 5419 xxiv,
2350 5355 2403 5409 8.
2493 5353 2537 5384 “
2564 5351 2691 5436 ibid.

277 5451 384 5538 (76)
415 5460 523 5530 θος
541 5476 696 5526 ευμεν
724 5413 1353 5538 ιεειαέηρεςρνεεεειέτς..υ
1372 5456 1744 5538 manus
1849 5465 1875 5538 ε.
1920 5449 2148 5538 δεθείς.»
2170 5413 3402 5538 ςπεριθεῖ.ηέπὲιέξίἫηξέῖὲξςὲτιἮῖἓέυτὲἱῗιῗᾷ

207 5498 395 5584 κάξινί
416 5498 1352 5584 “5:1'c-Tectuin—rwiulerpretatur.-
1372 5498 1661 5584 Cadent-tn"
1845 5498 1993 5569 demu
2009 5498 2134 5566 ΐὲοἱι
2170 5512 2347 5578 inepta
2377 5498 2477 5561 hoc
2509 5498 2621 5558 loco
2650 5498 2993 5566 Septuaginta
3031 5498 3401 5548 ιιιιεψτειυιιι

211 5582 413 5647 Ιιριιηο
438 5578 773 5649 Ῑᾶιιιυίίιοιι
818 5594 988 5641 exstat
1026 5578 1084 5638 Π
1116 5595 1135 5627 σ
1185 5586 1383 5640 ῑθειυιηο
1430 5595 1445 5626 ⁸
1487 5578 1591 5631 sed
1640 5591 1747 5642 ua

1854 5584 2046 5637 versio.
