3838 6230
175 285 258 371 (ἶ)

111 359 157 394 ,κ

1400 326 1463 379 IN
1497 316 1818 378 NUMEROS
1850 313 2128 366 HOMILIA
2156 312 2337 365 XVIII.

3332 306 3431 356 7H

126 401 254 498 ‘ﬂt
288 410 494 470 causin
546 416 783 488 quidem
849 429 1016 484 nihil
1088 439 1226 491 dare
1276 440 1506 498 videtur,
1547 435 1637 488 sed
1687 433 1799 484 ait:
1831 435 1876 487 Α
1904 425 2038 477 luam
2065 424 2205 476 ﬁlius
2233 423 2388 488 Beor,
2423 423 2577 474 homo
2609 435 2735 474 vere
2763 421 2966 482 videns,
2994 427 3048 472 et
3075 417 3292 470 audiens
3314 432 3430 472 ser-

180 507 226 600 VI
264 507 388 584 mm
409 507 661 564 hum“
683 512 761 566 5.“
783 522 1060 586 Ῥουῖιὶιιε
1085 525 1180 579 hic
1206 525 1402 593 Populo
1426 533 1515 577 tuo
1551 523 1600 574 in
1630 520 1805 574 novis-

204 612 364 685 simis
410 605 634 670 diebus;
663 626 684 657 ι
737 621 874 660 cum
919 615 1133 684 utique
1163 613 1574 668 convenientius
1609 609 1803 663 dictum

206 707 516 769 videretur,
555 699 600 752 si
628 686 844 752 diceret
873 715 891 750 ι
925 699 1100 762 Veni,
1145 703 1410 770 propheto
1441 699 1538 753 tibi
1569 696 1695 766 quid
1731 694 1806 746 fa-

211 808 432 861 cturus
473 791 546 847 sit
579 791 808 859 populus
858 787 962 841 hic
1012 790 1214 859 populo
1263 798 1350 842 tuo
1397 788 1451 840 in
1504 783 1806 839 novissimis

225 888 442 945 diebus
463 899 480 946 ;
501 891 554 934 et
577 887 722 934 esset
764 877 967 945 utique
1007 877 1426 946 consequentia,
1453 883 1511 926 ttt
1538 873 1805 927 videretur

229 979 464 1032 Balaam
493 971 816 1042 prophetare
845 967 916 1022 de
943 969 1016 1021 iis
1044 981 1165 1035 quae
1192 965 1412 1032 populus
1441 961 1598 1016 Israel
1636 960 1808 1012 factu--

237 1082 332 1122 rus
381 1071 535 1118 esset
573 1047 770 1131 populo
821 1057 1055 1120 Balach,
1093 1055 1177 1109 vel
1209 1053 1416 1107 caeteris
1441 1052 1726 1120 gentibus:
1755 1058 1808 1100 et

231 1155 381 1225 quod
423 1154 481 1206 in
533 1151 735 1204 virtute
762 1147 927 1201 faciet
954 1147 1030 1199 ita
1062 1154 1120 1199 ut
1149 1159 1252 1199 non
1281 1142 1546 1208 relinquat
1568 1153 1632 1192 ex
1660 1137 1807 1191 urbi-

225 1244 335 1297 bus
370 1239 540 1294 Moab
573 1239 742 1292 ullum
769 1237 863 1305 qui
897 1235 1084 1290 salvus
1112 1234 1220 1286 ﬁat.

296 1333 358 1385 2.
398 1329 512 1384 Sed
537 1336 596 1382 et
627 1324 915 1397 prophetia
948 1323 1295 1376 nihilominus
1321 1333 1476 1386 quam
1501 1317 1565 1372 de
1597 1316 1809 1371 Christo

220 1419 522 1490 coniungit
556 1419 614 1470 in
650 1413 1142 1482 consequentibus,
1169 1418 1224 1464 et
1264 1405 1504 1462 dicit“:
1541 1423 1559 1455 σ
1591 1404 1809 1460 Orietur

220 1510 394 1566 stella
443 1523 516 1562 ex
567 1505 764 1565 Jacob,
815 1513 870 1558 et
917 1510 1170 1567 exsurget
1219 1500 1374 1552 homo
1412 1511 1478 1550 ex
1519 1493 1703 1557 Israel,
1757 1503 1811 1546 et

216 1599 476 1654 vastabit
511 1594 798 1665 principes
837 1591 1015 1653 Moab,
1048 1608 1067 1640 ι
1106 1586 1486 1641 convenienter
1518 1584 1686 1652 posita
1736 1583 1804 1634 vi~

217 1689 482 1750 deretur,
521 1685 569 1738 si
639 1682 904 1748 scriptum
937 1685 1078 1731 esset
1105 1693 1119 1730 :
1148 1675 1304 1738 Veni,
1331 1682 1384 1727 et
1411 1673 1666 1740 prepheto
1693 1671 1806 1724 tibi.

1904 529 2087 568 mones
2127 513 2240 574 Dei,
2285 513 2458 564 sciens
2497 510 2776 562 scientiam
2831 509 3058 570 Excelsi,
3084 515 3138 560 et
3170 508 3430 560 visionem

1905 601 1997 654 Dei
2045 601 2228 654 videns
2279 600 2330 651 in
2367 600 2590 658 somnis,
2623 598 2842 650 revelati
2884 597 3018 649 oculi
3048 595 3182 661 ejus.
3213 615 3232 646 ι
3260 595 3332 648 De
3368 596 3434 649 iis

1903 688 2148 741 omnibus
2193 687 2301 755 jam
2353 686 2602 752 superius
2631 686 2885 748 diximus,
2918 685 3041 751 quia
3074 694 3126 738 et
3160 685 3210 737 in
3240 686 3432 752 praefa-

1906 776 2047 828 tione
2102 777 2270 828 tertia:
2313 775 2599 843 prophetia:
2650 775 2833 827 eadem
2883 774 3080 840 scripta
3126 786 3267 828 sunt.
3321 775 3432 828 Hoc

1903 878 2033 918 sane
2063 863 2230 917 solum
2267 865 2319 917 in
2369 864 2616 931 prtesenti
2646 863 2852 916 videtur
2883 863 3116 916 additum
3153 865 3290 929 quod
3316 865 3430 916 ait:

1911 970 1930 1002 ι
1959 952 2144 1006 Sciens
2173 952 2450 1006 scient-iam
2480 951 2707 1005 Excelsi.
2731 971 2749 1002 ι
2789 951 2896 1005 Hoc
2927 952 3064 1003 enim
3111 951 3163 1002 iu
3197 952 3434 1018 superio-

1905 1043 2053 1095 ribus
2081 1055 2182 1095 non
2218 1050 2299 1095 est
2330 1041 2527 1094 dictum
2553 1042 2618 1094 de
2644 1040 2863 1093 Balaam
2893 1057 2908 1092 :
2935 1040 3074 1107 quod
3102 1041 3313 1108 quidem
3337 1053 3434 1092 nec

1907 1131 2058 1186 facile
2087 1131 2151 1184 de
2177 1146 2439 1200 quoquam
2465 1130 2702 1183 omnium
2736 1139 3036 1184 sanctorum
3061 1129 3432 1198 prophetarum

1906 1221 2161 1288 scriptum
2189 1233 2306 1273 esse
2336 1220 2682 1287 deprehendi.

1974 1310 2027 1362 5.
2073 1307 2218 1362 Unde
2254 1319 2306 1362 et
2334 1309 2484 1361 valde
2511 1309 2673 1361 miror
2701 1308 2965 1375 quomodo
2995 1309 3094 1361 hoc
3129 1308 3194 1361 de
3219 1308 3431 1364 Balaam

1907 1399 2162 1460 scriptum
2211 1406 2312 1460 est,
2362 1398 2446 1451 cui
2490 1410 2589 1450 nec
2633 1398 2738 1450 hoc
2779 1411 3093 1451 concessum
3127 1399 3432 1462 estdicere,

1908 1488 2048 1556 quod
2078 1487 2347 1556 prOphctis
2379 1501 2497 1539 esse
2528 1488 2578 1539 in
2620 1501 2716 1540 usu
2739 1487 2892 1550 solet,
2918 1507 2937 1538 ε
2963 1488 3078 1540 hinc
3111 1488 3238 1541 dicit
3262 1489 3436 1542 Domi-

1910 1587 2043 1637 nus;
2075 1591 2093 1624 t
2133 1573 2226 1627 sed
2267 1573 2377 1626 ait:
2409 1592 2427 1622 σ
2452 1573 2595 1626 Dixit
2653 1573 2884 1639 Balaam,
2921 1575 3054 1628 dixit
3102 1577 3261 1631 homo
3315 1591 3436 1632 vere

1910 1663 2113 1715 videns.
2147 1681 2164 1713 ι
2201 1662 2332 1715 Tum
2369 1663 2556 1716 deinde
2577 1673 2630 1717 et
2652 1664 2920 1731 quomodo
2946 1665 3162 1734 dignum
3191 1670 3295 1720 erit
3320 1676 3436 1719 tan-

432 1729 630 1828 a’utem
679 1729 810 1838 quid
854 1768 1098 1822 dicemus
1142 1765 1208 1818 ad
1239 1729 1342 1816 hoc
1384 1729 1523 1828 quod
1549 1760 1806 1828 scriptum
1839 1729 1880 1784 Β
1911 1763 2018 1806 tum
2062 1754 2198 1806 istud
2249 1753 2466 1820 intelligi
2502 1757 2567 1807 de
2599 1729 2831 1817 Balaam,
2872 1763 2929 1808 ut
2965 1729 3102 1809 sciat
3153 1757 3434 1810 scientiam

213 1875 307 1920 est
341 1882 359 1918 :
395 1882 415 1915 ι
447 1861 625 1924 Veni,
657 1857 949 1913 consilium
991 1852 1086 1908 tibi
1120 1853 1190 1906 do
1218 1851 1342 1920 quid
1375 1850 1537 1904 faciet
1585 1848 1808 1916 populus

219 1960 316 2010 hic
347 1953 569 2024 populo
613 1949 750 2002 tuo?
780 1968 796 1997 ι
828 1945 1187 2013 Requiranms
1213 1954 1337 2007 ergo
1352 1939 1617 2006 quomodo
1642 1936 1800 1990 intel-

215 2045 319 2113 ligi
352 2045 566 2096 debeat
593 2040 740 2106 quod
777 2035 1036 2101 scriptum
1058 2038 1143 2084 est
1167 2046 1180 2082 :
1208 2048 1227 2079 ‹
1256 2027 1544 2081 Consilium
1575 2026 1666 2078 tibi
1687 2026 1802 2088 do,»

211 2137 290 2188 de
324 2145 443 2201 quo
507 2142 662 2196 saepe
694 2124 836 2193 apud
880 2119 1252 2187 mentetipsum
1281 2116 1575 2183 requirens,
1614 2113 1806 2166 nullum

212 2219 384 2288 potui
416 2216 642 2270 exitum
681 2210 932 2266 invenire
963 2206 1258 2269 sententiae,
1292 2205 1334 2258 si
1385 2205 1486 2257 hoc
1514 2205 1650 2270 quod
1694 2205 1801 2255 ait:

217 2325 242 2358 ι
273 2304 606 2362 Consilium
657 2301 754 2352 tibi
799 2301 884 2360 do,
913 2316 932 2347 ι
981 2294 1250 2349 communi
1295 2301 1348 2345 et
1407 2293 1601 2344 usitato
1660 2304 1809 2343 more

215 2399 439 2450 dictum
477 2401 769 2462 putemus.
813 2387 920 2441 Sed
959 2385 1087 2438 illud
1138 2383 1306 2451 magis
1330 2382 1435 2433 vidi
1467 2396 1585 2434 esse
1617 2394 1807 2432 conve-

215 2487 388 2540 aiens
443 2482 606 2551 quod
654 2481 776 2532 ait:
807 2477 1144 2532 «Consilium
1199 2473 1289 2525 tibi
1343 2473 1427 2533 do,
1460 2487 1478 2520 ι
1518 2478 1576 2522 ut
1607 2471 1677 2521 ita
1723 2469 1808 2521 di-

218 2589 376 2630 ctum
413 2574 540 2642 (79)
577 2570 950 2637 intelligatur:
974 2563 1271 2618 Consilium
1305 2559 1542 2612 divinum
1583 2558 1720 2626 quod
1758 2558 1810 2610 in

222 2663 564 2721 novissimis
606 2661 801 2712 diebus
830 2653 1162 2723 implendum
1190 2661 1290 2713 est,
1326 2649 1452 2702 mihi
1490 2663 1632 2701 nunc
1665 2661 1786 2700 rcve

219 2757 432 2817 latum,
484 2749 687 2819 aperio
745 2747 839 2800 tibi
877 2752 933 2797 et
982 2739 1286 2803 manifesto,
1318 2747 1373 2791 ut
1403 2737 1541 2793 scias
1565 2737 1690 2804 quid
1723 2750 1812 2802 po-

226 2847 398 2914 pulus
430 2843 528 2896 hic
553 2839 728 2893 faciet
753 2833 950 2904 populo
976 2840 1090 2883 tuo.
1112 2829 1176 2882 Et
1204 2829 1304 2881 hoc
1335 2829 1490 2880 modo
1513 2835 1652 2878 stare
1687 2825 1810 2877 mihi

227 2942 412 2992 visum
443 2943 534 2987 est
573 2941 740 2998 posse
764 2924 908 2992 quod
934 2922 1010 2974 ait
1038 2936 1052 2971 :
1083 2936 1103 2968 ‹
1131 2918 1426 2971 Consilium
1454 2917 1543 2968 tibi
1582 2916 1647 2968 do
1684 2914 1808 2982 quid

1908 1841 2116 1894 Excelsi
2149 1859 2161 1893 :
2195 1841 2284 1908 qui
2310 1843 2467 1894 etiam
2493 1841 2686 1902 Balach
2714 1857 2887 1912 regem
2913 1846 3154 1898 docuerit
3173 1849 3439 1914 quomodo

1909 1928 2214 1982 scandalum
2246 1929 2483 1982 mitteret
2518 1945 2700 1983 coram
2737 1931 2860 1984 filiis
2899 1931 3085 1993 Israel,
3117 1942 3173 1985 ut
3204 1935 3430 1988 mandu-

1908 2027 2094 2070 carent
2144 2018 2434 2082 immolata,
2481 2026 2537 2070 et
2583 2018 3142 2075 foruicarenturiV'ix
3190 2024 3330 2076 enim
3371 2025 3439 2078 de

1909 2106 2110 2157 sanctis
2158 2107 2433 2173 prophetis
2461 2116 2556 2159 aut
2587 2110 2843 2174 apostolis
2873 2109 3107 2164 inveniet
3135 2113 3331 2181 aliquis
3357 2115 3438 2169 di-

1907 2201 2075 2255 ctum,
2101 2195 2221 2260 quia
2251 2195 2420 2246 sciant
2452 2195 2724 2249 scientiam
2759 2198 2993 2254 Excelsi.
3030 2201 3282 2264 Quamvis
3303 2202 3440 2257 Pau-

1911 2281 1991 2336 lus
2016 2283 2212 2335 dixerit
2242 2284 2459 2338 audisse
2489 2298 2546 2339 se
2571 2285 2730 2338 verba
2759 2287 3140 2343 iuenarrabilia
3187 2307 3304 2359 qute
3333 2307 3446 2355 non

1911 2370 2031 2424 licet
2060 2372 2258 2425 homini
2295 2373 2438 2440 loqui
2457 2374 2522 2438 ⁸⁸,
2559 2384 2734 2429 tamen
2787 2392 2890 2430 non
2931 2388 3011 2431 cst
3055 2381 3326 2446 professus
3350 2381 3441 2436 ha-

1912 2461 2034 2512 bere
2057 2474 2118 2513 se
2140 2463 2415 2514 scientiam
2451 2462 2679 2516 Exce‘lsi.
2717 2465 2937 2530 Propter
2968 2470 3107 2534 quod
3134 2471 3440 2539 diligentius

1911 2550 2251 2603 intendamus
2276 2551 2318 2604 si
2348 2551 2486 2606 lorte
2523 2553 2743 2619 dignum
2771 2554 2973 2622 aliquid
3003 2557 3154 2610 nobis
3183 2558 3323 2613 Deus
3352 2575 3442 2614 su-

1910 2653 2006 2704 per
2033 2639 2134 2692 hoc
2176 2651 2422 2691 sermone
2479 2640 2717 2694 revelare
2747 2641 3077 2709 dignabitur.
3105 2645 3160 2697 In
3191 2645 3328 2700 libro
3350 2649 3438 2716 qui

1912 2727 2049 2792 apud
2097 2740 2192 2779 nos
2219 2726 2437 2794 quidem
2472 2725 2612 2780 inter
2633 2727 2934 2783 Salomonis
2965 2731 3231 2785 volumina
3256 2734 3438 2789 haberi

1913 2815 2048 2867 solet
2079 2823 2130 2868 et
2162 2814 2569 2868 Ecclesiasticus
2613 2815 2738 2878 dici,
2769 2817 2905 2882 apud
2955 2817 3168 2873 Graecos
3202 2836 3328 2876 vero
3356 2837 3440 2878 sa-

1913 2904 2111 2971 pientia
2133 2903 2256 2958 Jesu
2285 2903 2378 2956 lilii
2408 2903 2596 2957 Sirach
2631 2904 2945 2970 appellatur,
2968 2907 3223 2975 scriptum
3250 2919 3331 2964 est
3353 2910 3397 2944 ”
3419 2929 3435 2965 :

229 2990 485 3081 Ῐηξωνυε
537 2990 627 3073 ρὲι
677 2990 907 3083 populus
971 3011 1058 3063 hic
1107 3007 1300 3077 populo
1349 3015 1471 3066 tuo;
1502 3022 1520 3053 ι
1556 3004 1657 3056 hoc
1703 3010 1803 3083 est,
1834 3017 1876 3074 ε
1918 2992 2143 3046 qOmuis
2161 2992 2430 3083 sapientia
2455 3006 2484 3043 a
2508 2990 2615 3044 Deo
2631 3001 2780 3083 est.)
2808 2996 2956 3058 Quod
2990 2997 3216 3051 fortasse
3252 3012 3443 3065 possu-

227 3111 537 3169 consilium
581 3104 680 3159 Dei
705 3100 932 3158 enuntio
965 3099 1062 3152 tibi
1089 3107 1144 3151 et
1166 3094 1468 3148 manifesto.
1495 3092 1809 3159 Requirenti

230 3217 370 3256 sane
400 3197 542 3254 mihi
583 3191 768 3248 sicubi
800 3189 941 3242 forte
967 3187 1019 3240 in
1047 3183 1337 3253 Scripturis
1363 3181 1559 3236 divinis
1585 3183 1681 3234 sub
1713 3180 1812 3233 hoc

231 3301 494 3346 sermone
544 3281 734 3339 simile
781 3277 989 3346 aliquid
1040 3275 1238 3328 dictqu
1272 3280 1455 3340 posset
1505 3284 1808 3332 occurrere,

231 3385 415 3434 visum
466 3383 558 3430 est
612 3372 783 3424 etiam
840 3375 894 3419 et
951 3363 1080 3418 illttd
1134 3360 1382 3415 similiter
1432 3359 1809 3411 advertendum

231 3468 381 3537 quod
425 3457 738 3531 Apostolus
770 3455 847 3507 ait
871 3453 918 3484 “
950 3469 964 3505 :
997 3469 1016 3502 ι
1049 3449 1180 3515 Quis
1219 3448 1359 3500 enim
1400 3445 1647 3513 cognovit
1692 3457 1814 3496 sen-

233 3531 357 3612 sum
405 3550 656 3610 Domini,
703 3553 797 3598 aut
845 3543 965 3610 quis
1012 3540 1060 3592 ci
1109 3536 1446 3592 consiliarius
1493 3534 1679 3586 fuit?»
1715 3531 1813 3585 llic

232 3648 378 3702 enim
407 3665 425 3695 ι
450 3643 610 3712 quis,
631 3657 654 3690 a
703 3649 809 3689 non
855 3647 951 3699 pro
979 3630 1146 3692 nullo,
1174 3630 1266 3684 sed
1303 3641 1395 3694 pro
1418 3639 1559 3687 raro,
1589 3624 1672 3677 vel
1702 3623 1811 3676 exi-

235 3741 341 3791 mio
369 3736 641 3791 habetur.
672 3723 960 3792 Quomodo
995 3722 1138 3775 enim
1177 3735 1281 3771 non
1325 3716 1576 3785 cognovit
1601 3727 1810 3768 sensum

233 3826 323 3878 Dei
379 3818 737 3890 Unigeuitus
785 3827 933 3873 suus,
989 3808 1078 3877 qui
1132 3806 1272 3860 dicit
1295 3805 1374 3856 “z
1408 3822 1428 3874 ι
1457 3801 1622 3854 Nemo
1669 3799 1814 3854 novit

233 3912 262 3966 ι
278 3925 480 3974 atretn,
503 3886 634 3962 ἰιἰεὶ
667 3903 857 3960 Filius.
882 3907 937 3950 et
965 3897 1049 3950 cui
1068 3893 1291 3948 voluerit
1323 3890 1486 3942 Filius
1505 3887 1740 3942 revelare
1757 3886 1806 3938 ‘3:

230 4006 360 4071 Quid
399 4010 495 4058 est
518 3995 684 4052 aliud
725 3991 868 4046 scire
891 3987 1122 4047 Patrem,
1155 3981 1255 4036 nisi
1290 3980 1429 4033 scire
1450 3987 1502 4031 et
1531 3975 1810 4030 consilium

231 4067 363 4162 eius,
387 4103 450 4148 et
476 4081 762 4146 sensum?
796 4077 904 4133 Sed
939 4086 992 4129 et
1022 4073 1256 4142 Spiritus
1291 4076 1506 4123 sanctus
1534 4067 1621 4136 qui
1659 4079 1814 4162 seru:

236 4153 388 4239 tatur
413 4185 602 4236 etiam
636 4172 752 4227 alta
782 4169 898 4230 Dei,
927 4163 1110 4233 quidni
1141 4174 1353 4214 sensum
1381 4157 1494 4226 ejus
1519 4153 1814 4224 agnoscat?

242 4270 509 4342 Agnoscit
537 4275 683 4330 ergo
713 4255 974 4313 etFilius,
1007 4262 1059 4303 et
1081 4249 1315 4317 Spiritus
1345 4255 1561 4299 sanctus
1595 4255 1810 4297 sensum

1913 3095 2030 3133 ntus
2061 3083 2130 3135 ita
2160 3080 2480 3149 intelligere,
2514 3083 2666 3151 quasi
2690 3097 2718 3134 a
2739 3081 2848 3135 Deo
2881 3083 2950 3136 sit
2975 3093 3030 3137 et
3060 3085 3149 3138 illa
3181 3088 3440 3155 sapientia

1912 3170 2093 3223 mundi
2128 3170 2308 3238 hujus,
2341 3185 2458 3238 qua:
2504 3172 2823 3225 destruenda
2877 3172 3096 3235 dicitur,
3139 3183 3191 3226 et
3241 3176 3441 3242 princi-

1911 3271 2032 3324 pum
2059 3258 2242 3310 mundi
2265 3257 2443 3324 hujus,
2475 3267 2524 3310 et
2555 3258 2599 3312 si
2623 3274 2728 3326 qua
2757 3260 2861 3312 alia
2887 3270 2968 3314 est
3000 3276 3095 3327 per
3120 3277 3278 3329 quam
3309 3263 3440 3316 falsa

1913 3345 2134 3398 seieutia
2176 3349 2617 3400 commendatur:
2650 3350 2748 3402 nisi
2794 3349 2846 3401 in
2890 3351 3004 3416 ipso
3032 3350 3206 3405 libello
3243 3352 3293 3404 in
3321 3365 3444 3406 con-

1914 3435 2258 3501 sequentibus
2305 3437 2637 3490 diceretur"
2666 3453 2678 3486 :
2710 3453 2728 3486 ι
2763 3436 2875 3491 Non
2917 3445 3002 3492 est
3047 3440 3189 3493 enim
3235 3440 3444 3508 sapien-

1919 3523 2012 3585 tia,
2066 3524 2282 3576 malitite
2333 3524 2679 3592 disciplina.»
2712 3527 2813 3579 Per
2859 3528 3001 3594 quod
3034 3529 3218 3596 utique
3263 3531 3442 3586 docet.

1916 3613 2038 3680 quia
2091 3615 2264 3667 omnis
2315 3615 2594 3683 disciplina
2638 3631 2756 3683 qua:
2790 3616 2910 3671 falsi
2950 3617 3149 3686 aliquid
3214 3621 3441 3683 asserit.

1913 3703 2122 3758 etiamsi
2180 3703 2463 3758 vehemens
2524 3706 2798 3770 videatur,
2858 3715 2915 3759 et
2989 3707 3334 3771 verisimilis,
3389 3721 3444 3762 et

1917 3808 2035 3862 quae
2093 3793 2330 3848 subverti
2387 3792 2596 3847 difﬁcile
2645 3795 2827 3863 possit,
2883 3805 3054 3848 tamen
3110 3809 3441 3865 nequaquam

1914 3883 2068 3954 351
2097 3884 2393 3952 huiusmodi
2414 3884 2636 3938 scientia
2656 3885 2720 3936 ad
2741 3884 3012 3952 sapientiai
3036 3885 3240 3938 titulum
3261 3887 3446 3942 debeat

1914 3975 2191 4041 applicari.
2233 3972 2368 4037 Quid
2414 3987 2541 4042 ergo
2588 3982 2669 4027 est
2705 3975 2845 4042 quod
2891 3973 3014 4026 ait:
3065 3991 3084 4024 ι
3125 3973 3312 4029 Omnis
3355 3991 3444 4029 sae

1913 4063 2111 4131 pientia
2162 4078 2190 4115 a
2236 4061 2345 4116 Deo
2380 4062 2502 4116 est?
2533 4081 2550 4113 ι
2591 4061 2723 4116 Illud
2765 4062 2892 4115 mihi
2941 4063 3176 4117 sensisse
3216 4065 3442 4128 videtur,

1915 4151 2040 4220 quia
2085 4152 2258 4205 omnis
2306 4149 2526 4219 peritia,
2567 4164 2685 4218 qua:
2727 4150 2810 4203 vel
2858 4165 2982 4218 erga
3019 4161 3188 4206 artem
3213 4153 3444 4220 aliquant

1917 4239 2033 4292 usui
2064 4239 2291 4292 humano
2319 4237 2615 4292 necessaria
2657 4236 2903 4300 habetur,
2937 4238 3020 4289 vel
3058 4237 3339 4306 cujuslibet
3371 4241 3444 4292 rei

609 4309 658 4402 ii
693 4309 893 4414 quibus
929 4309 1156 4392 voluerit
1184 4335 1349 4388 Filius
1381 4333 1632 4386 revelare.
1663 4330 1811 4396 Quod
1843 4309 1888 4363 θ
1921 4329 2165 4392 scientia,
2203 4328 2463 4396 sapientia
2499 4327 2754 4380 dicatura
2788 4326 3010 4380 Domino
3040 4327 3182 4382 data.
3215 4328 3450 4396 Denique

238 4452 285 4504 si
314 4434 582 4518 agnoscit
606 4437 788 4492 Filius
815 4444 1028 4485 sensum
1061 4426 1174 4502 Dei,
1209 4433 1292 4477 est
1322 4435 1448 4488 ergo
1492 4429 1545 4475 et
1571 4419 1813 4474 consilia-

241 4511 520 4605 rius'ejus.
565 4527 687 4582 Sed
716 4518 1059 4593 consiliarius
1088 4529 1193 4568 non
1232 4515 1301 4564 ita
1341 4511 1810 4605 accipiemus-est,

238 4596 736 4695 quasi'ignoranti
769 4610 820 4663 ei
855 4607 979 4676 quid
1021 4611 1163 4670 agat,
1183 4599 1477 4695 consilium
1512 4599 1598 4650 det
1621 4596 1810 4695 Ifilius,

240 4685 334 4770 aut
361 4685 620 4784 Spiritus
645 4711 902 4774 sanctus;
937 4696 1030 4750 sed
1058 4690 1198 4760 quod
1231 4689 1464 4784 consilii,
1497 4696 1550 4740 et
1577 4685 1820 4784 ieiunia-

1921 4420 2059 4488 apud
2089 4417 2190 4472 Job
2223 4417 2480 4484 scriptum
2515 4425 2598 4470 est
2628 4416 2711 4468 “z
2745 4433 2762 4466 ι
2796 4416 2928 4480 Quis
2955 4415 3100 4469 dedit
3143 4416 3452 4469 mulieribus

1925 4507 2132 4562 texendi
2191 4507 2529 4574 sapientiam,
2573 4513 2626 4559 et
2672 4505 2950 4558 varietatis
3003 4504 3446 4572 disciplinam?»

1924 4598 2024 4652 Sed
2057 4607 2110 4651 et
2138 4598 2192 4650 in
2217 4597 2400 4650 Exodo
2426 4597 2491 4649 ";
2527 4614 2546 4648 ε
2586 4595 2820 4650 Locutus
2849 4604 2954 4658 est,
2984 4593 3174 4662 inquit,
3199 4595 3451 4648 Dominus

1921 4689 1986 4741 ad
2027 4687 2239 4758 Moysen
2280 4687 2500 4740 dicens:
2544 4685 2680 4740 Ecce
2712 4685 2893 4739 vocavi
2927 4685 3239 4738 nominatim
3289 4683 3449 4738 Bese-

243 4809 320 4859 lis
360 4772 485 4872 ejus
539 4772 829 4869 particeps
868 4795 922 4841 et
966 4784 1142 4838 sciens
1176 4779 1248 4872 sit
1279 4777 1471 4872 _Filius,
1497 4786 1551 4872 et
1593 4775 1823 4872 Spiritus
1918 4777 2060 4831 lehel
2087 4777 2250 4872 liti-um
2285 4775 2398 4872 Uri,
2424 4776 2526 4872 .tilii
2550 4775 2748 4872 O‘r,.ex
2774 4775 2914 4870 tribu
2947 4772 3107 4870 Julia,
3146 4782 3202 4872 et
3251 4773 3447 4841 replevi

240 4907 492 4949 εειιιειυδ.

242 4983 392 5051 quod
420 4981 470 5034 ei
521 4973 875 5031 revelaverat
915 4965 1075 5023 Deus,
1139 4958 1450 5051 participem
1501 4954 1733 5051 faciebat
1771 4962 1824 5006 et

245 5040 477 5143 gnarum
529 5063 772 5124 Balach,
817 5057 896 5110 ait
926 5070 940 5106 :
977 5069 996 5102 ι
1022 5049 1175 5112 Veni,
1212 5042 1641 5143 consiliumutibi
1687 5040 1776 5143 do,
1799 5059 1818 5091 ι

245 5131 511 5231 tauquam
548 5156 652 5225 qui
681 5163 816 5207 vere
841 5147 1034 5200 videns
1065 5144 1153 5206 sit,
1180 5150 1234 5194 et
1259 5131 1821 5231 vere_audie‘rit.ve:ba

546 4859 732 4941 Simili
766 4891 896 4947 ergo
934 4873 1093 4928 modo
1125 4877 1181 4922 et
1201 4868 1413 4921 Balaam
1441 4866 1566 4933 quia
1604 4864 1822 4916 consilii
1919 4880 2036 4918 eum
2088 4865 2279 4931 spiritu
2328 4863 2510 4914 divino
2565 4861 2874 4929 sapientiae,
2927 4869 2978 4912 et
3032 4859 3354 4925 intellectus,
3399 4866 3452 4909 ct

1923 4951 2239 5020 disciplinas,
2272 4959 2328 5002 ut
2355 4949 2408 5002 in
2447 4949 2593 5001 omni
2635 4961 2795 5014 opere
2839 4945 3119 5012 intelligat,
3163 4954 3215 4996 et
3250 4944 3319 5000 sit
3361 4957 3450 4995 ar-

1927 5042 2190 5097 chitectus
2225 5040 2290 5094 ad
2335 5039 2665 5108 operandum
2709 5045 3018 5103 argentum,
3061 5041 3114 5084 et
3150 5045 3360 5092 aurum,
3400 5039 3454 5081 et

1929 5146 2020 5192 tes,
2047 5140 2100 5184 et
2139 5130 2340 5198 lapides
2364 5125 2696 5195 repletionis,
2727 5135 2782 5178 et
2813 5121 2994 5176 omnia
3021 5131 3183 5184 opera
3222 5115 3454 5177 fabrilia,

697 5204 1177 5301 consequentibus
1223 5227 1349 5282 dicit
1367 5224 1412 5257 ιτ
1445 5240 1458 5275 :
1491 5238 1510 5271 σ
1543 5219 1685 5273 Dixit
1724 5218 1824 5271 Ba-
1928 5229 1981 5272 et
2008 5221 2060 5273 in
2090 5219 2256 5289 ligno,
2285 5225 2342 5277 ut
2362 5225 2615 5285 operetur
2639 5214 2927 5269 secundum
2958 5206 3139 5263 omnia
3179 5215 3362 5267 opera,
3388 5204 3454 5252 ad

215 5387 220 5426 ⁸
318 5409 359 5439 ⁸·
396 5406 562 5459 Num.
605 5409 761 5456 xxrv,
791 5389 903 5459 17.4
927 5385 997 5459 A"
1023 5384 1270 5459 Bonna],
1298 5379 1385 5433 ⁸54.
1440 5371 1699 5459 “ﬂanti:
1721 5385 1809 5459 gr,

1914 5412 1916 5422 ’
1981 5373 2022 5404 η
2055 5372 2207 5459 Νξηηιζ
2241 5387 2388 5459 in";
2423 5369 2626 5459 15,316.
2677 5367 2783 5420 “ll
2811 5365 2933 5419 Cor.
2961 5369 3062 5417 xu,
3089 5352 3142 5402 4.
3214 5349 3258 5378 ⁸9
3293 5345 3456 5400 Eccl;

247 5493 292 5542 ι,
396 5437 976 5526 “iriicéﬁfiiifta.
1034 5453 1075 5484 δ’
1120 5451 1214 5504 Job
1235 5437 1455 5507 surtu,
1485 5441 1575 5496 56.
1651 5440 1694 5468 ⁸⁸
1721 5437 1809 5490 Exi

1917 5456 2062 5506 xxxi,
2094 5444 2142 5504 i,
2173 5443 2226 5505 ‘2,
2249 5442 2300 5505 5,
2349 5441 2402 5508 4,
2423 5440 2473 5506 5,
2515 5439 2567 5492 6.

324 5612 430 5683 (79)
482 5607 624 5662 Cod.
670 5587 1360 5683 Corbeiettsis;_tdictuttt,
1387 5599 1404 5632 ι
1452 5576 1614 5631 Libb.
1657 5575 2079 5641 8dili,(dixisse.
2108 5591 2127 5622 ι

528 5702 822 5760 Parnm.
859 5682 984 5740 Gn.
1021 5671 1149 5737 XII.

3125 5626 3201 5683 22
