3838 6200
427 255 527 307 713

1817 235 2146 293 ’ORIGEMS

3607 213 3695 264 718

427 383 546 437 quae
576 381 674 435 ego
697 363 816 418 dedi
856 377 997 416 enm.
1029 359 1132 414 Sed
1156 367 1208 412 et
1227 358 1380 412 Eliab
1405 356 1566 409 filium
1599 353 1949 408 Achisamach
1987 357 2024 412 Α
2057 354 2373 411 buscuuque
2404 342 2664 412 quasivit
2700 338 2777 391 ab
2823 336 2916 388 eis
2965 347 3073 386 rex
3123 326 3342 381 invenit
3380 339 3472 381 eos
3494 325 3697 396 dccuplu

422 472 487 511 ex
524 456 664 511 tribu
703 454 834 506 Dan.
861 452 924 505 Et
947 450 1066 504 dedi
1111 449 1164 501 in
1205 461 1299 500 cor
1323 445 1468 498 omni
1520 443 1769 511 prudenti
1797 441 1955 494 intel-

425 547 641 607 lectum,
676 553 730 596 ut
757 541 949 594 faciant
980 538 1157 592 omnia
1191 549 1314 604 quae
1339 532 1594 587 constitui
1621 531 1732 585 libi.
1767 548 1793 580 Δι
1823 529 1957 582 Con-

425 634 599 688 sidera
625 645 752 700 ergo
785 629 937 683 exiis
961 625 1206 680 omnibus
1236 621 1501 689 quomodo
1543 634 1572 672 a
1619 619 1846 672 Domino
1877 627 1960 669 est

421 722 685 792 sapientia
733 718 962 778 fabrilis,
1013 717 1125 770 sive
1169 716 1223 768 in
1267 729 1418 775 auro,
1461 715 1573 765 sive
1620 712 1672 763 in
1716 718 1957 776 argento,

420 809 541 861 sive
568 808 621 859 in
647 805 750 858 alia
770 815 1093 871 quacunque
1155 800 1398 862 materia,
1426 797 1510 851 vel
1543 797 1705 850 etiam
1741 793 1958 848 textrini

427 897 690 967 sapientia
740 913 752 948 :
793 904 848 948 et
900 895 1020 948 vide
1047 892 1170 960 quia
1211 891 1334 958 jure
1367 890 1469 942 dici
1515 889 1582 942 de
1617 887 1684 941 iis
1717 887 1961 940 omnibus

425 996 625 1054 potest,
663 985 801 1053 quod
834 985 1021 1037 horum
1055 982 1282 1036 scientia
1312 980 1384 1034 ab
1420 977 1646 1032 Excelso
1691 977 1776 1030 sit.
1810 974 1959 1039 Quod

422 1083 470 1133 si
506 1076 707 1130 fabrilis
734 1074 954 1127 scientia
983 1073 1051 1124 ab
1077 1069 1302 1124 Excelso
1329 1081 1447 1123 esse
1477 1065 1802 1127 declaratur,
1824 1077 1961 1130 quo-

429 1168 586 1222 modo
614 1181 716 1220 non
743 1174 795 1218 et
817 1163 1160 1232 geometrica,
1187 1175 1251 1214 ex
1269 1173 1371 1228 qua
1397 1159 1580 1225 utique
1601 1157 1716 1210 hrec
1737 1153 1960 1207 scientia

432 1272 591 1327 quam
647 1254 924 1322 Scriptura
985 1249 1459 1303 architectonicam
1509 1246 1769 1307 nominat,
1822 1242 1964 1295 deri-

429 1347 622 1401 vatur?
642 1344 879 1410 Denique
897 1350 950 1394 et
969 1341 1019 1392 in
1039 1337 1294 1392 Zacharia
1319 1335 1586 1389 funiculus
1607 1331 1962 1402 geometricus

430 1437 626 1491 dicitur
650 1433 719 1494 ⁸³,
755 1432 806 1483 in
835 1443 942 1497 quo
968 1426 1242 1482 dimetitur
1270 1423 1490 1492 angelus
1522 1419 1820 1475 Jerusalem
1853 1438 1864 1472 :
1909 1426 1963 1471 et

427 1526 549 1580 ideo
607 1538 710 1577 non
759 1530 886 1590 puto
942 1517 1235 1571 absurdum
1289 1513 1481 1576 videri,
1535 1512 1578 1565 si
1640 1510 1799 1563 etiam
1851 1507 1963 1560 haec

428 1614 650 1672 scicntia
690 1612 894 1666 dicatur
925 1606 1152 1661 Excelsi.
1209 1603 1344 1669 Quid
1390 1610 1567 1655 autem
1615 1600 1852 1653 dicemus
1895 1596 1962 1649 de

2055 437 2286 505 amplius
2329 448 2497 502 quam
2549 441 2715 484 erant
2766 425 3062 495 sophista:
3124 431 3184 475 et
3231 418 3571 487 philosophi,
3614 421 3694 486 qui

2057 537 2216 581 erant
2267 527 2321 576 in
2384 523 2537 576 omni
2590 533 2772 587 regno
2831 515 2991 581 ejus.
3043 530 3064 562 ι
3123 510 3196 564 Ει
3232 509 3355 562 haec
3401 507 3607 576 quidem
3651 509 3695 560 iu

2058 615 2470 681 exemplaribus
2524 608 2909 678 Septuaginta
2971 605 3366 668 interpretum
3415 599 3693 651 habentur:

2054 704 2114 756 in
2164 702 2526 755 Hebraeorum
2559 712 2693 751 vero
2729 693 3048 748 codicibus
3096 687 3320 756 aliquid
3361 685 3525 739 etiam
3549 685 3693 739 vehe-

2061 790 2302 844 mentius
2328 789 2532 856 reperi,
2559 787 2767 854 quibus
2800 781 3087 850 quamvis
3123 792 3238 830 non
3267 785 3513 839 utamur,
3542 785 3694 827 tamen

2059 877 2385 947 agnoscendi
2418 875 2597 944 gratia
2637 873 2905 927 dicemus
2950 867 3140 921 etiam
3203 865 3280 918 ibi
3306 877 3433 932 quae
3461 860 3693 930 legimus:

2065 986 2084 1018 ι
2129 967 2304 1032 Dedit,
2335 963 2541 1032 inquit,
2578 964 2723 1016 Deus
2753 958 3136 1012 intellectum
3184 964 3248 1006 et
3295 952 3628 1020 prudentiam
3653 951 3696 1002 in

2059 1057 2206 1110 omni
2249 1054 2616 1124 grammatica
2651 1049 2974 1119 sapientia,
3015 1056 3079 1099 et
3121 1043 3328 1096 Daniel
3367 1041 3622 1094 intellexit
3655 1043 3697 1094 iu

2059 1146 2208 1200 omni
2240 1145 2471 1209 visione,
2499 1150 2556 1195 et
2583 1139 2847 1194 somniis.
2882 1156 2903 1189 ι
2945 1136 3023 1190 Ει
3058 1144 3192 1204 post
3214 1147 3396 1203 pauca
3425 1151 3439 1185 :
3476 1151 3494 1182 ι
3532 1133 3588 1183 ΡΑ
3611 1141 3700 1185 ste-

2064 1244 2268 1300 terunt,
2302 1233 2503 1301 inquit,
2534 1233 2588 1284 in
2627 1237 2957 1298 conspectu
2991 1227 3181 1295 regis,
3208 1233 3269 1278 et
3302 1221 3528 1275 inomni
3559 1221 3698 1272 verbo

2062 1323 2362 1391 sapientize,
2392 1331 2446 1375 et
2475 1322 2811 1390 disciplinae,
2845 1320 2901 1372 in
2935 1333 3061 1387 quo
3088 1314 3365 1385 quaesivit
3395 1313 3464 1365 ab
3495 1312 3568 1366 eis
3595 1326 3697 1374 rex,

2065 1413 2271 1467 invenit
2295 1413 2349 1466 in
2376 1413 2460 1466 eis
2491 1411 2725 1480 decnplo
2769 1425 2954 1478 super
2991 1421 3212 1461 omnes
3264 1404 3630 1456 incantatores
3655 1411 3700 1452 et

2069 1517 2279 1572 magos,
2313 1503 2405 1570 qui
2436 1511 2599 1556 erant
2625 1503 2681 1554 in
2716 1501 2876 1555 omni
2908 1512 3104 1568 regno
3133 1495 3290 1562 ejus.
3336 1512 3356 1546 ι
3397 1493 3474 1546 Ex
3501 1491 3564 1545 iis
3593 1506 3701 1557 ergo

2065 1593 2324 1646 omnibus
2359 1601 2539 1660 potest
2576 1592 2819 1661 intelligi
2847 1589 3165 1659 quomodo
3197 1597 3258 1640 et
3283 1585 3508 1638 Balaam
3531 1583 3702 1637 dixerit

423 1705 654 1767 musica,
693 1698 844 1767 cujus
873 1709 1086 1752 omnem
1145 1693 1395 1760 peritiam
1455 1691 1530 1743 ita
1575 1689 1826 1756 attigerat
1877 1701 1960 1739 sa-
1994 1661 2036 1714 Β
2066 1683 2133 1736 de
2161 1684 2480 1750 semetipso,
2520 1700 2539 1732 ι
2575 1682 2671 1750 qui
2700 1683 2812 1736 scit
2856 1681 3191 1736 scientiam
3253 1675 3498 1739 Excelsi,
3539 1693 3556 1726 ι
3606 1676 3699 1730 sci-

420 1786 797 1858 .pienlissimus
829 1781 1012 1843 David,
1061 1793 1123 1832 ac
1175 1779 1338 1832 totius
1366 1776 1624 1834 melodiaa,
1671 1783 1724 1827 et
1771 1772 1960 1844 rhyth-

434 1893 643 1934 morum
691 1873 982 1941 collegerat
1025 1868 1336 1934 disciplinas
1379 1875 1436 1919 ut
1490 1880 1551 1918 ex
1602 1865 1669 1918 iis
1718 1863 1963 1916 omnibus

432 1967 696 2022 inveniret
722 1976 900 2025 sonos,
935 1958 1127 2027 quibus
1165 1964 1344 2024 posset
1384 1954 1544 2007 etiam
1593 1952 1962 2021 perturbatum

434 2071 612 2126 regem
666 2061 1023 2118 vexatumque
1067 2048 1134 2099 ab
1181 2045 1368 2113 spiritu
1414 2042 1646 2109 maligno
1692 2040 1965 2109 psallendo

432 2125 722 2210 mitigare?
746 2138 896 2192 Unde
919 2149 1024 2189 non
1048 2140 1173 2202 puto
1204 2131 1434 2198 aliquem
1462 2130 1593 2183 recti
1623 2141 1842 2188 sensus,
1873 2125 1966 2194 qui

432 2235 485 2286 in
514 2234 702 2286 horum
735 2226 970 2282 omnium
1007 2221 1236 2276 scientia
1267 2228 1442 2288 neget,
1491 2217 1616 2286 quia
1667 2217 1842 2270 omnis
1883 2230 1967 2270 sa-

433 2321 632 2390 pientia
663 2332 692 2371 a
715 2315 934 2371 Domino
967 2320 1066 2366 est.
1096 2309 1216 2364 Jam
1242 2324 1369 2363 vero
1398 2309 1462 2362 de
1489 2306 1772 2360 medicinae
1795 2307 1962 2359 scien-

433 2415 504 2467 tia
535 2425 631 2466 nec
669 2405 898 2464 dubitari
955 2411 1101 2472 puto.
1147 2402 1202 2454 Si
1250 2401 1390 2456 enim
1420 2407 1502 2454 est
1537 2397 1642 2452 ulla
1674 2396 1902 2451 scientia
1937 2409 1966 2447 a

433 2505 563 2566 Deo,
597 2515 716 2570 quat
746 2497 915 2566 magis
934 2497 1000 2551 ab
1024 2509 1087 2550 eo
1119 2495 1222 2548 erit
1253 2505 1412 2560 quam
1440 2489 1664 2544 scientia
1697 2486 1966 2550 sanitatis,

434 2597 487 2648 in
524 2607 628 2661 qua
669 2591 830 2644 etiam
869 2585 1157 2640 herbarum
1199 2583 1364 2644 vires,
1409 2589 1463 2633 et
1507 2592 1787 2632 succorum
1831 2591 1963 2644 qua-

435 2689 631 2746 litates,
672 2697 734 2735 ac
765 2678 1080 2732 differentiae
1109 2671 1544 2741 dignoscantur?
1585 2668 1747 2738 Igitur
1779 2682 1843 2720 ex
1884 2667 1967 2720 his

434 2776 680 2832 omnibus
711 2770 982 2837 colligitur
1014 2765 1151 2834 quod
1175 2765 1335 2818 etiam
1359 2761 1518 2828 hujus
1551 2759 1762 2812 Balaam
1789 2758 1966 2812 scien-

433 2866 533 2927 ἠδ,
573 2876 669 2931 pro
692 2875 795 2927 qua
827 2856 1119 2910 accersitus
1149 2862 1230 2905 est
1269 2866 1334 2904 ex
1380 2848 1776 2916 Mesopotamiae
1817 2861 1972 2900 tuon-

440 2957 596 3009 tibus
623 2954 689 3005 ab
721 2949 929 3004 oriente
966 2954 1024 2998 ut
1049 2940 1386 2995 malediceret
1408 2937 1595 3000 Jacob,
1617 2936 1826 2991 ‘habeat
1854 2935 1975 3004 qui-

427 3045 557 3098 dem
580 3040 737 3094 initia
789 3039 870 3101 et?
895 3032 1156 3101 originem
1204 3029 1270 3083 ab
1319 3027 1564 3090 Excelso,
1596 3034 1651 3081 et
1693 3025 1815 3080 inde
1838 3027 1908 3080 sit
1928 3027 1976 3079 ei

440 3130 640 3199 agnitio
686 3141 791 3196 qua
838 3121 1087 3178 didicerit
1134 3116 1217 3172 vel
1265 3124 1484 3169 naturas
1507 3113 1844 3179 animalium,
1888 3113 1974 3166 vel

432 3230 617 3276 motus
647 3218 848 3282 avium,
891 3211 976 3267 vel
1025 3207 1358 3264 differentias
1389 3220 1578 3260 vocum
1604 3221 1618 3257 :
1653 3207 1747 3257 sed
1773 3218 1836 3258 ea
1864 3217 1983 3272 qua)

441 3310 506 3364 ad
531 3306 810 3364 scientiam
844 3303 1104 3356 bonorum
1159 3296 1445 3365 acceperit,
1493 3293 1783 3347 contulisse
1825 3308 1882 3347 se
1913 3294 1979 3345 ad

436 3411 595 3451 usum
620 3393 904 3447 malorum.
941 3387 1091 3454 Quod
1114 3385 1241 3439 mihi
1273 3383 1446 3438 simile
1473 3381 1704 3446 videtur,
1729 3381 1884 3448 quasi
1920 3379 1963 3432 si

439 3485 490 3539 is
531 3481 622 3552 qui
682 3477 1002 3534 medicinam
1029 3474 1302 3536 didicerit,
1329 3479 1382 3525 et
1413 3469 1704 3524 herbarum
1747 3469 1889 3521 vires
1918 3482 1982 3520 ac

455 3575 871 3640 temperamenta
937 3563 1288 3633 cognoverit,
1349 3558 1588 3612 medendi
1645 3557 1763 3609 sine
1826 3554 1984 3608 dubio

443 3660 674 3728 gratia‘a
701 3655 811 3709 Deo
845 3652 1156 3707 hominibus
1182 3651 1328 3712 data,
1357 3655 1676 3702 convertere
1708 3644 1834 3698 velit
1860 3659 1980 3712 pro-

445 3749 714 3818 positum:
749 3753 803 3799 et
825 3742 969 3798 omni
1001 3740 1221 3794 scientia
1263 3753 1380 3806 qua:
1423 3736 1488 3788 ad
1519 3736 1745 3788 salutem
1783 3747 1981 3800 corpo.

446 3852 564 3891 rum
589 3833 827 3904 praastita
857 3839 958 3896 est,
990 3838 1166 3882 utatur
1191 3828 1254 3879 ad
1281 3825 1504 3888 malum,
1535 3833 1589 3877 et
1619 3836 1718 3891 pro
1765 3821 1982 3875 medico

447 3925 764 3981 venenarius
803 3919 924 3983 fiat,
973 3933 1066 3986 pro
1115 3916 1364 3970 remediis
1396 3913 1630 3977 morbos,
1657 3926 1752 3980 pro
1786 3911 1988 3963 sanita-

439 4018 590 4070 .tibus
617 4013 810 4066 inferat
833 4018 1053 4062 mortes.
1071 4007 1140 4061 Ut
1163 4017 1342 4059 autem
1363 4003 1593 4070 amplius
1620 3999 1988 4068 intelligamus

449 4103 623 4156 adhuc
657 4098 817 4153 totius
855 4097 1092 4150 scientia:
1137 4093 1451 4161 sapientiam
1482 4106 1512 4144 a
1561 4092 1669 4144 Deo
1717 4088 1984 4157 originem

453 4191 700 4252 trahere,
738 4187 804 4239 ab
847 4183 1153 4238 hominibus
1199 4189 1374 4236 autem
1413 4180 1536 4234 mali
1580 4177 1860 4247 propositi,
1905 4176 1988 4230 vel

2066 1771 2192 1825 licet
2215 1780 2273 1824 ut
2301 1772 2641 1841 intelligatur
2681 1772 2838 1839 quod
2895 1771 3081 1840 origo
3140 1768 3328 1823 totius
3377 1767 3612 1821 scientia:
3648 1767 3702 1817 ah

2068 1860 2184 1927 ipso
2215 1861 2491 1928 acceperit
2525 1862 2826 1916 exordium
2856 1878 2871 1914 :
2913 1861 3072 1914 vitio
3105 1868 3307 1912 autem
3340 1858 3584 1912 humana:
3611 1870 3703 1907 nta-

2068 1948 2627 2016 litim,aspirantibus
2675 1962 2735 2005 et
2790 1948 3286 2017 subripientibus
3324 1945 3489 2000 etiam
3533 1945 3703 1998 damo-

2071 2037 2249 2101 nibns,
2297 2041 2350 2092 in
2400 2039 2708 2106 perniciem
2746 2054 2918 2093 versa
2974 2038 3106 2091 sint
3150 2053 3286 2106 qua:
3343 2049 3444 2104 pro
3495 2033 3703 2087 utilitate

2072 2141 2326 2180 concessa
2376 2135 2526 2181 sunt.
2588 2127 2718 2181 Haec
2779 2128 2854 2180 de
2912 2141 2992 2181 eo
3059 2126 3223 2195 quod
3278 2124 3458 2188 dixit,
3494 2141 3512 2174 ι
3549 2123 3704 2175 sciens

2073 2215 2354 2269 scientiam
2399 2214 2640 2280 Excelsi,
2686 2234 2706 2267 ι
2746 2231 2778 2270 a
2828 2216 3015 2270 nobis
3055 2230 3170 2284 pro
3217 2214 3439 2268 viribus
3484 2212 3702 2266 discussa

2073 2303 2200 2357 sint.

2141 2393 2196 2445 4.
2233 2391 2368 2447 Post
2405 2393 2524 2448 hare
2575 2394 2655 2448 ait
2692 2394 2741 2427 ⁸⁸
2777 2412 2792 2448 :
2845 2412 2868 2445 ε
2907 2396 3238 2451 Visionem
3295 2395 3395 2449 Dei
3447 2393 3702 2452 vidensiu

2074 2483 2306 2545 somnis,
2347 2483 2575 2537 revelati
2605 2483 2757 2538 oculi
2790 2483 2949 2551 ejus.
3000 2505 3022 2537 ι
3075 2485 3158 2538 De
3205 2485 3279 2540 iis
3309 2483 3632 2539 sufﬁcienter
3660 2480 3703 2533 in

2078 2573 2229 2624 tertia
2288 2572 2492 2626 visione
2533 2572 2843 2627 dissertum
2903 2585 3043 2639 est,
3097 2587 3158 2629 et
3222 2576 3425 2631 eadem
3481 2581 3701 2641 repetere

2076 2661 2303 2716 otiosum
2336 2669 2436 2715 est.
2468 2661 2772 2717 Videamus
2807 2677 2959 2732 ergo
2999 2666 3152 2733 quid
3194 2673 3291 2719 est
3319 2664 3468 2734 quod
3510 2663 3559 2716 in
3597 2676 3704 2714 con-

2078 2749 2430 2818 sequentibus
2454 2750 2589 2804 dicit
2626 2751 2675 2782 ⁸⁸
2706 2768 2723 2804 :
2757 2770 2777 2803 ι
2818 2752 3166 2808 Ostendam
3197 2756 3280 2819 ei,
3311 2763 3370 2808 et
3401 2769 3507 2808 non
3549 2754 3703 2811 modo,

2079 2838 2423 2903 heatilicabo,
2453 2849 2509 2892 et
2545 2853 2655 2892 non
2695 2844 3178 2911 appropinquat.
3220 2864 3240 2896 ι
3282 2843 3342 2897 1η
3371 2843 3491 2898 aliis
3517 2842 3705 2912 quidem

2079 2925 2480 2994 exemplaribus
2535 2926 2799 2995 legimus,
2872 2947 2894 2979 ‹
2959 2931 3189 2985 videbo
3257 2946 3414 2991 eum,
3475 2931 3562 2984 sed
3617 2943 3705 2980 n0n

2082 3017 2240 3071 modo
2277 3015 2410 3086 (80).
2453 3035 2470 3068 ι
2518 3016 2683 3082 Quod
2733 3019 2786 3073 si
2839 3021 3202 3090 recipiatur,
3257 3023 3480 3077 facilius
3515 3019 3706 3086 intelligi

2076 3105 2394 3172 putabitur:
2429 3115 2487 3158 ut
2517 3105 2843 3172 Christum,
2882 3109 2961 3163 de
3000 3124 3124 3178 quo
3168 3112 3228 3164 in
3275 3109 3706 3178 consequentibus

2082 3193 2211 3246 dicit
2252 3193 2295 3223 ⁸⁷
2344 3209 2358 3245 :
2425 3209 2443 3242 ς
2476 3193 2718 3255 ,Οι-ἰθιυι·
2766 3196 2942 3249 stella
2999 3212 3074 3252 ex
3123 3198 3335 3266 Jaco'b,
3380 3209 3438 3254 et
3481 3205 3706 3266 exsurget

2081 3281 2242 3334 homo
2292 3280 2358 3333 de
2399 3279 2595 3344 Israel,
2634 3299 2656 3332 ι
2701 3281 3032 3338 videndum
3085 3288 3252 3342 dicat
3285 3302 3448 3354 esse,
3496 3287 3584 3340 sed
3617 3299 3701 3337 nou

2083 3367 2278 3432 modo;
2320 3367 2422 3420 hoc
2462 3377 2567 3433 est,
2619 3382 2731 3421 non
2789 3383 2865 3423 eo
2919 3382 3225 3442 tempore,
3268 3390 3384 3442 quo
3417 3375 3518 3428 ista
3547 3373 3703 3438 laqueo

2085 3456 2267 3509 batur.
2306 3455 2360 3508 ln
2384 3457 2710 3511 novissimis
2761 3462 2925 3512 enim
2968 3461 3206 3526 diebus,
3252 3480 3273 3513 ι
3320 3463 3416 3516 ubi
3448 3463 3585 3515 venit
3614 3462 3703 3528 plr-

2084 3544 2271 3598 nitudo
2303 3545 2588 3614 temporis,
2631 3545 2791 3599 tnisit
2819 3546 2983 3603 Deus
3016 3550 3234 3606 Filium
3268 3568 3436 3606 suum
3460 3552 3528 3607 “.
3566 3569 3582 3602 ι
3617 3547 3703 3603 Sed

2083 3631 2128 3685 si
2167 3631 2466 3686 secundum
2514 3632 2621 3686 hoc
2666 3635 2821 3700 quod
2871 3651 2986 3692 nos
3032 3639 3334 3694 habemus
3373 3642 3427 3694 in
3464 3635 3704 3703 exempla.

2085 3720 2252 3784 ribus,
2300 3720 2584 3788 legendum
2625 3721 2798 3792 342
2854 3725 2964 3790 sit,
3025 3727 3142 3782 hoc
3188 3737 3334 3784 est:
3392 3746 3412 3780 ι
3443 3725 3705 3781 Ostendam

2087 3809 2184 3871 illi,
2225 3817 2279 3862 et
2317 3823 2422 3862 non
2465 3802 2669 3876 inedo;
2719 3813 3110 3882 beatiticabo,
3165 3827 3226 3872 et
3282 3835 3397 3873 non
3445 3815 3707 3886 appropin-

2086 3909 2254 3968 quat;
2296 3917 2315 3950 ι
2349 3915 2454 3954 non
2489 3902 2557 3954 ad
2595 3901 2749 3956 hunc
2805 3902 3081 3973 Balaam,
3137 3923 3246 3978 per
3296 3923 3466 3978 quem
3493 3907 3602 3959 ιιωο
3640 3902 3708 3954 di-

2087 3999 2306 4052 cuntur,
2338 3989 2430 4044 sed
2462 3991 2528 4043 ad
2564 3991 2692 4044 illos
2721 4007 2981 4060 quorum
3027 4011 3350 4064 personam
3381 3998 3438 4050 in
3465 3995 3564 4049 hoc
3592 3990 3709 4045 dixi-

2090 4093 2228 4144 mus,
2279 4077 2540 4132 refertur.
2589 4078 2670 4132 llli
2713 4082 2872 4135 enim
2915 4085 3196 4140 doctores
3256 4087 3404 4157 legis
3447 4094 3501 4139 et
3543 4081 3708 4136 serito:

2089 4169 2374 4225 ostendent
2421 4170 2709 4224 Chriswm
2760 4173 2819 4227 in
2871 4175 3004 4246 lege
3056 4187 3117 4232 et
3167 4177 3477 4248 prophetis
3504 4171 3710 4245 propbec

453 4277 611 4331 etiam
641 4289 670 4326 a
702 4271 1028 4327 daemonibus
1053 4270 1382 4338 corruptelas
1419 4269 1675 4336 quasdam
1711 4265 1983 4335 sapientiae
2017 4281 2060 4336 ι)
2092 4268 2283 4326 tatum,
2315 4259 2408 4312 sed
2437 4272 2545 4311 non
2577 4261 2770 4315 modo.
2802 4261 2931 4318 Hoc
2959 4276 3076 4332 est,
3105 4283 3217 4322 non
3247 4283 3324 4323 eo
3356 4277 3595 4335 tempore
3618 4274 3711 4328 quo

455 4365 548 4420 Dei
575 4361 986 4416 admiscentibus
1018 4360 1274 4413 declinari
1306 4359 1372 4412 ad
1399 4357 1594 4410 malum
1631 4375 1644 4409 :
1684 4357 1983 4424 relegamus

441 4469 538 4516 ea,
567 4465 685 4519 quae
712 4449 764 4501 in
794 4446 1009 4499 Daniele
1037 4448 1232 4514 scripta
1266 4456 1394 4502 sunt
1437 4445 1500 4499 de
1531 4445 1650 4513 ipso
1691 4443 1906 4499 Daniele
1931 4454 1986 4498 et

456 4541 624 4595 tribus
649 4535 834 4588 amicis
859 4532 992 4598 ejus,
1024 4546 1158 4599 quos
1175 4531 1662 4586 Nabuchodonosor
1700 4545 1789 4586 rex
1822 4532 1988 4586 tribus

456 4627 609 4683 annis
643 4621 960 4678 erudiendos
991 4621 1222 4684 tradidit,
1254 4620 1435 4674 volens
1459 4634 1551 4673 cos
1585 4619 1635 4672 in
1665 4634 1781 4683 sua,
1824 4621 1874 4673 id
1908 4629 1989 4674 est

444 4714 626 4784 patria
644 4721 698 4767 et
721 4709 1124 4780 Babyloniorum
1146 4710 1406 4778 sapientia
1427 4707 1815 4762 scientissimos
1851 4707 1986 4763 fieri.

449 4804 532 4858 lbi
556 4816 681 4871 ergo
703 4799 957 4868 scriptum
999 4806 1078 4852 est
1121 4798 1192 4862 ⁸⁵,
1231 4799 1350 4866 quia
1397 4813 1415 4847 ι
1446 4795 1590 4849 dedit
1627 4794 1704 4847 eis
1734 4795 1991 4850 Dominus

451 4888 734 4944 scientiam
755 4895 807 4941 et
826 4885 1172 4952 intellectum,
1195 4896 1249 4940 et
1275 4882 1606 4954 prudentiam
1629 4880 1681 4932 in
1715 4883 1854 4934 omni
1877 4892 1992 4936 arte

455 4977 825 5050 grammatica,
857 4989 912 5031 et
939 4976 1140 5031 Danieli
1180 4975 1325 5030 dedit
1378 4969 1700 5025 intellectum
1750 4969 1802 5020 in
1846 4972 1992 5024 omni

461 5069 643 5132 verbo,
672 5076 726 5122 et
744 5068 968 5134 visione,
998 5076 1052 5121 et
1079 5065 1333 5120 somniis:
1360 5070 1415 5115 et
1442 5057 1748 5124 erantapud
1775 5071 1950 5123 regem
1976 5079 1990 5114 :

455 5164 514 5210 et
538 5157 590 5210 in
619 5156 761 5212 omni
791 5158 949 5211 verbo
974 5165 1028 5211 et
1051 5152 1355 5225 prudentia,
1385 5157 1439 5202 et
1469 5143 1768 5212 disciplina,
1795 5146 1846 5198 in
1877 5148 1997 5214 qui-

535 5288 766 5342 ”Zach.
810 5303 869 5353 ιι,
915 5288 966 5341 1.
1038 5286 1085 5319 ⁸⁵
1136 5285 1270 5338 Dan.
1306 5297 1342 5346 ι,
1387 5276 1583 5345 17,19,
1612 5275 1702 5329 20.
1775 5276 1820 5308 ⁸⁵
1857 5278 1991 5337 Num

538 5404 648 5470 (80)
689 5403 753 5455 In
785 5404 904 5456 aliis
925 5403 1128 5470 quidem
1156 5397 1532 5470 exemplaribus
1559 5394 1819 5470 legimus-:-
1848 5412 1866 5470 ς
1912 5415 1932 5446 α
1950 5415 1996 5450 ι-

538 5421 648 5470 (δυ)
689 5421 753 5455 1n
785 5421 904 5456 arm
961 5421 1128 5457 ιιιαετη
1156 5421 1532 5468 exemprarwus
1559 5421 1771 5462 tcgtmua
1802 5431 1814 5444 .
1848 5421 1866 5443 ι
1912 5421 1995 5450 ιι-

469 5473 596 5522 debo
645 5486 794 5534 eum,
851 5421 954 5524 sedq
984 5487 1084 5523 non
1139 5468 1310 5522 modo.
1351 5484 1370 5516 ι
1420 5462 1719 5534 Nempe_in
1773 5460 1995 5534 Hebraeo

475 5536 638 5599 fonte,
677 5545 728 5588 et
752 5528 886 5603 apud
921 5539 1190 5607 Aquilam,
1217 5535 1307 5603 qui
1335 5535 1491 5587 vertit
1519 5528 1796 5594 ενυψομαι
1832 5530 1992 5586 αὑτὸν

1999 5322 2014 5338 .
2047 5302 2198 5358 xxiv,
2221 5293 2312 5346 16.

2089 4351 2254 4414 venit,
2295 4349 2388 4403 sed
2410 4363 2534 4402 cum
2561 4349 2858 4419 plenitudo
2886 4358 3151 4423 gentium
3182 4358 3499 4422 introierit,
3525 4365 3576 4410 et
3604 4365 3712 4408 cum

2089 4440 2263 4496 omnis
2302 4438 2468 4492 Israel
2499 4439 2709 4493 salvari
2758 4442 3037 4512 incipiet,
3088 4457 3224 4502 tunc
3250 4463 3388 4502 eum
3419 4445 3708 4502 ostendent.

2092 4539 2148 4585 et
2191 4539 2316 4583 tunc
2363 4527 2791 4597 beatificabunt,
2852 4549 3028 4603 quem
3080 4539 3249 4594 modo
3315 4539 3707 4609 blasphemant.

2096 4619 2205 4672 Sed
2243 4619 2348 4672 hoc
2377 4627 2592 4687 tempus
2627 4621 2682 4670 in
2721 4635 2840 4688 quo
2892 4625 3017 4679 haec
3068 4628 3255 4682 futura
3293 4638 3453 4691 sunt,
3491 4641 3591 4680 non
3628 4637 3710 4690 apo

2095 4711 2421 4780 propinquat
2448 4729 2462 4764 :
2516 4710 2679 4778 longe
2710 4714 2873 4768 enim
2914 4726 3026 4782 est,
3057 4728 3115 4771 et
3149 4721 3203 4772 in
3248 4720 3376 4789 ipso
3408 4717 3590 4772 surculi
3622 4714 3713 4766 line

2097 4799 2446 4869 sperandum.
2499 4802 2567 4856 Et
2620 4802 2754 4858 ideo
2801 4809 2909 4874 ait,
2943 4828 2963 4861 ι
3004 4810 3320 4866 Ostendam
3381 4812 3485 4874 illi,
3526 4819 3581 4862 et
3623 4819 3711 4858 non

2097 4888 2297 4941 modo:
2338 4906 2358 4940 ›
2393 4889 2495 4956 illi,
2529 4890 2636 4944 hoc
2686 4904 2780 4948 est
2826 4899 3038 4966 populo
3081 4900 3177 4969 qui
3225 4909 3365 4954 tunc
3403 4894 3711 4953 salvabitur.

2095 4975 2223 5030 Post
2270 4978 2412 5045 baac,
2472 4998 2494 5032 ι
2525 4980 2786 5048 Orietur,
2834 4989 3042 5056 inquit,
3085 4989 3237 5043 stella
3299 5003 3376 5041 ex
3428 4985 3621 5046 Jacoh.
3667 4989 3716 5032 ει

2099 5078 2352 5165 εξειιτεοι
2405 5070 2573 5127 homo
2621 5087 2689 5127 ex
2747 5075 2950 5132 Israel.
2985 5096 3004 5129 ι
3043 5079 3118 5132 De
3150 5079 3236 5132 bis
3284 5088 3346 5131 et
3395 5079 3451 5131 in
3486 5071 3713 5143 superio-

2103 5153 2254 5210 ribus
2290 5157 2565 5232 diximus,
2599 5164 2734 5232 Quia
2780 5169 3067 5223 evidenter
3097 5169 3163 5222 de
3194 5168 3365 5221 stella
3395 5181 3522 5236 qua:
3561 5161 3715 5227 magis

2390 5299 2445 5334 δι
2478 5303 2634 5368 ibid.,
2665 5303 2766 5359 l7.
2850 5309 2894 5340 ετ
2920 5306 3048 5362 ibid.
3120 5301 3592 5366 "Galat.IV,4.

2103 5412 2316 5534 ἔὲιὲῇοὺ
2373 5419 2506 5482 νῦν.
2565 5431 2702 5478 teste
2751 5421 3201 5484 Demonstratioue
3252 5418 3588 5488 evangelica
3623 5415 3712 5468 Et-

3276 6191 3310 6196 κ..
3399 6186 3444 6192 η
3493 6184 3556 6192 ἡ
3605 6183 3670 6190 ἡ
3729 6183 3782 6190 ἡ
