3838 6238
1440 293 1503 345 IN
1532 287 1852 345 NUMEROS
1883 287 2160 341 IIOMiLIA
2199 285 2376 339 XVIII.

140 352 214 398 'I\‘l

3369 273 3472 326 ’ῖιὸ

234 392 513 500 “(Im)”.
536 397 859 500 almam“.
896 409 1319 477 prephetetur:
1359 422 1463 476 qua
1507 407 1642 460 duce
1679 417 1840 458 vene-

1962 401 2108 463 lucit,
2135 409 2185 452 et
2224 397 2388 464 spolia
2431 394 2615 448 salutis
2665 401 2940 460 reportat;
2975 390 3112 444 sicut
3158 397 3210 440 et
3257 389 3306 441 in
3355 387 3473 439 aliis

1962 490 1970 500 .
2248 487 2260 498 ο
2307 496 2317 500 _
2493 492 2525 500 ,.
2567 483 2610 500 ul
2674 481 2773 500 μηεν
2843 499 2849 500 ,
2899 498 2906 500 .
2936 498 2942 500 _
2988 481 3179 500 -__..I-_-
3219 480 3267 500 ε--
3305 477 3469 500 -1...-..

354 488 437 543 3“
490 485 794 559 1““33‘“.
843 499 1216 564 TCQUirentes
1257 513 1381 552 eum
1435 497 1526 566 qui
1579 506 1733 549 natus
1761 502 1842 547 est

220 621 303 658 rex
325 583 556 655 ἱετῢθὶν
600 590 664 637 ει
718 597 1030 653 repertum
1072 589 1268 643 oblatis
1305 587 1617 640 muneribus
1653 585 1830 637 adora-

237 687 453 746 “mnt.
478 678 593 733 Sed
624 687 829 732 movet
863 692 982 741 me,
1015 679 1156 747 quod
1189 681 1254 732 de
1294 680 1406 748 ipsa
1449 676 1600 731 stella
1633 684 1841 743 postea-

266 792 418 846 quam
443 770 651 826 dictum
689 777 782 823 est
820 768 884 822 in
913 767 1221 837 Evangelio
1252 770 1320 834 δ’,
1349 770 1471 837 quia
1513 767 1846 836 praecesserit

262 876 448 930 magos
475 871 657 927 usque
688 857 750 910 in
786 856 1146 921 Bethlehem,
1171 867 1225 911 et
1251 857 1468 910 veniens
1498 856 1646 908 stetit
1683 867 1844 921 supra

269 956 363 1007 ubi
401 965 532 1020 puer
581 958 737 1014 erat,
767 949 926 1002 ultra
966 963 1076 1002 non
1115 948 1185 1000 sit
1215 947 1439 1009 dictum,
1466 947 1587 1014 quia
1627 943 1709 996 vel
1739 944 1846 996 dis-

256 1042 494 1098 cesserit
517 1041 676 1104 inde,
705 1040 798 1094 vel
830 1039 1141 1100 evanuerit,
1193 1037 1275 1090 vel
1329 1045 1599 1104 assumpta
1639 1034 1728 1100 sit,
1759 1043 1848 1086 aut

257 1133 474 1204 aliquid
507 1132 747 1186 omnino
773 1133 844 1185 de
870 1131 978 1184 hoc
1012 1127 1253 1182 narratio
1273 1125 1581 1192 evangelica
1605 1124 1846 1193 desiguao

243 1225 454 1279 verit:
488 1222 589 1276 sed
615 1222 726 1274 hoc
746 1228 967 1273 tantum
992 1216 1208 1281 dixerit,
1241 1217 1361 1284 quia
1393 1215 1550 1278 venit,
1578 1223 1631 1266 et
1662 1230 1679 1262 ι
1705 1212 1851 1266 Stetit

244 1328 438 1380 supra
469 1310 567 1365 ubi
607 1318 736 1363 erat
765 1324 924 1376 puer.
969 1327 988 1359 ι
1021 1308 1098 1362 Ne
1131 1307 1266 1360 forte
1297 1320 1424 1372 ergo
1451 1303 1588 1356 sicut
1617 1310 1852 1367 tempore

235 1402 564 1471 baptismi,
601 1414 733 1453 cum
764 1398 1080 1466 baptizatus
1120 1395 1276 1449 Jesus
1323 1392 1565 1447 ascendit
1614 1392 1684 1444 de
1732 1388 1852 1444 Jor-

235 1494 438 1555 dane,
472 1491 666 1560 aperti
704 1497 833 1542 sunt
855 1489 906 1559 ei
931 1486 1079 1549 coeli,
1108 1495 1162 1539 et
1188 1482 1565 1538 viditJoannes
1597 1480 1851 1549 Spiritum

227 1582 352 1636 Dei
405 1578 850 1635 descendentem
881 1576 1037 1644 quasi
1095 1574 1414 1635 columbam,
1464 1581 1517 1623 et
1553 1577 1852 1623 manentem

229 1684 443 1736 super
474 1682 638 1730 eum,
672 1675 732 1719 et
765 1666 978 1718 audivit
1002 1677 1187 1716 vocem
1214 1663 1478 1717 dicentem
1507 1661 1570 1713 de
1597 1658 1731 1713 ctelo
1764 1661 1808 1693 ⁸ο
1839 1674 1851 1709 :

229 1779 256 1812 σ
300 1758 436 1812 Hic
467 1767 558 1812 est
587 1756 776 1809 Filius
814 1768 969 1808 meus
1004 1753 1253 1815 dilectus,
1292 1751 1345 1803 in
1383 1764 1489 1817 quo
1521 1750 1656 1803 bene
1706 1762 1851 1802 com-

218 1849 496 1918 placui;
533 1864 555 1896 ι
613 1846 695 1898 ita
744 1853 802 1898 et
855 1841 1010 1896 stella
1048 1842 1183 1905 haec,
1214 1852 1332 1907 quae
1374 1838 1518 1891 venit
1561 1850 1720 1903 supra
1767 1835 1854 1887 ubi

218 1946 384 1990 erat
429 1949 596 2004 puer,
644 1941 704 1986 et
737 1931 912 1996 stetit,
954 1931 1007 1983 in
1033 1929 1248 1984 Christo
1274 1926 1520 1981 similiter
1546 1925 1854 1994 permansit,

218 2026 414 2078 sicut
447 2033 504 2078 et
537 2021 796 2090 Spiritus
829 2027 1055 2074 sanctus
1082 2018 1134 2070 in
1158 2016 1338 2085 specie
1364 2015 1627 2069 columbae
1652 2015 1859 2068 venisse

218 2117 501 2182 dicitur,
550 2124 610 2168 et
654 2115 928 2168 mansisse
981 2112 1033 2164 in
1085 2125 1170 2164 eo.
1215 2109 1280 2162 Et
1308 2109 1452 2162 sicut
1495 2110 1706 2161 venisse
1741 2107 1860 2174 Spi-

217 2207 444 2260 ritum
483 2205 588 2258 Dei
621 2216 793 2270 super
822 2215 968 2266 eum,
1012 2207 1067 2252 et
1110 2197 1368 2250 mansisse
1404 2196 1455 2250 iu
1485 2209 1571 2261 eo,
1598 2196 1670 2248 ita
1714 2195 1858 2248 acci-

223 2298 464 2364 pimus
518 2293 680 2363 quod
741 2304 1017 2359 nunquam
1066 2287 1135 2341 ab
1189 2301 1252 2340 eo
1315 2287 1594 2340 recesserit
1637 2285 1863 2353 Spiritus

228 2389 352 2442 Dei
393 2406 416 2445 ;
461 2396 522 2441 et
573 2386 654 2439 ita
713 2385 784 2437 de
831 2381 988 2436 stella
1047 2394 1165 2448 quae
1214 2377 1378 2442 venit,
1425 2386 1478 2431 et
1524 2376 1672 2430 stetit
1704 2390 1864 2443 super

221 2491 428 2540 eun),
484 2471 890 2541 accipiendum
951 2477 1078 2538 puto
1124 2466 1264 2535 quod
1323 2467 1401 2519 sic
1457 2463 1664 2518 steterit
1706 2477 1864 2530 super

232 2583 423 2631 eum,
470 2574 538 2618 ut
579 2575 874 2630 nunquam
922 2559 1046 2612 inde
1076 2567 1218 2609 mota
1251 2557 1340 2610 sit.
1384 2555 1447 2608 Et
1483 2555 1601 2608 ideo
1653 2553 1864 2607 deitatis

228 2659 379 2726 ejus
417 2654 710 2710 indicium
737 2651 887 2704 illam
925 2648 1132 2704 stellam
1169 2647 1334 2701 fuisse
1377 2646 1588 2712 opinor.
1636 2643 1782 2697 Unde
1813 2652 1867 2696 et

237 2748 406 2801 ordo
443 2741 775 2814 praphetiae
815 2741 931 2793 haec
962 2738 1145 2792 eadem
1180 2744 1574 2802 consequenter
1607 2732 1861 2795 ostendit,

239 2853 394 2892 eum
441 2836 516 2888 de
539 2834 762 2887 deitate
800 2829 1016 2897 quidem
1061 2827 1178 2896 ejus
1215 2826 1380 2880 dicit:
1419 2840 1437 2873 ι
1471 2821 1684 2876 Orietur
1711 2821 1863 2874 stella

249 2942 328 2982 ex
369 2924 571 2981 Jacob
596 2940 615 2990 ;
649 2941 672 2973 ι
701 2922 770 2974 de
788 2919 1021 2973 humana
1047 2931 1173 2970 vero
1204 2925 1394 2969 natura
1424 2934 1438 2966 :
1468 2932 1486 2965 ι
1527 2913 1589 2966 Ει
1617 2921 1865 2978 exsurget

1940 490 2004 543 de
2053 503 2117 542 eo
2157 487 2414 556 scriptum
2450 492 2533 537 est
2567 483 2629 544 ",
2666 481 2790 550 quia
2833 499 2851 530 ι
2886 481 3182 534 ascendens
3217 480 3270 532 in
3304 477 3473 530 altum

1941 580 2204 648 captivam
2257 576 2408 630 duxit
2466 572 2853 641 captivitatem.
2895 589 2912 620 ι
2951 568 3322 634 Captivitatem
3365 565 3472 618 sci-

1945 669 2070 722 licet
2107 661 2249 721 illam
2291 664 2508 719 humani
2539 661 2775 730 generis,
2805 673 2964 725 quam
3000 657 3241 710 diabolus
3261 657 3327 709 ad
3351 667 3473 722 per-

1945 757 2198 810 ditionem
2231 762 2472 822 ceperat,
2501 753 2602 804 iste
2632 761 2816 800 rursus
2858 745 3123 812 captivam
3153 743 3325 805 duxit,
3365 752 3418 793 et
3447 756 3474 792 a

1946 855 2115 900 morte
2137 845 2407 900 revocavit
2445 842 2508 895 ad
2539 840 2721 892 vitam.
2756 836 2968 892 Utinam
3001 847 3129 902 ergo
3177 846 3261 884 me
3300 841 3354 887 et
3389 845 3477 885 ea-

1945 938 2148 1005 ptivum
2171 935 2366 987 habeat
2397 944 2607 998 semper
2636 927 2882 982 Christus
2911 924 3086 985 Jcsus,
3128 931 3180 974 et
3209 934 3290 972 me
3323 920 3482 973 ducat

1948 1024 2257 1093 iu‘prredam
2301 1036 2478 1082 suam,
2517 1031 2568 1072 et
2603 1032 2701 1086 ego
2746 1025 2926 1068 tenear
2955 1017 3070 1081 ejus
3104 1009 3333 1062 vinculis
3361 1007 3480 1058 alli-

1947 1123 2139 1180 gatus:
2178 1119 2236 1162 ut
2259 1120 2313 1163 et
2340 1123 2438 1177 ego
2473 1106 2574 1160 dici
2628 1117 2836 1157 merear
2863 1101 3071 1153 vinctus
3104 1096 3228 1150 Jcsu
3260 1094 3479 1155 Christi,

1950 1201 2087 1253 sicut
2113 1198 2309 1252 Paulus
2343 1197 2408 1250 de
2441 1194 2729 1258 semetipso
2761 1190 3022 1259 gloriatur
3046 1187 3186 1237 “3-”.
3233 1203 3251 1234 ι
3289 1183 3354 1236 Et
3379 1183 3484 1234 erit

1951 1289 2113 1342 Edom
2138 1287 2421 1341 haereditas
2441 1284 2577 1353 ejus,
2603 1283 2741 1336 Esau
2766 1280 3012 1334 inimicus
3033 1279 3148 1343 ejus
3169 1275 3234 1328 ⁸⁸.
3265 1293 3283 1325 ι
3315 1275 3481 1328 Edom

1953 1380 2088 1432 idem
2119 1386 2222 1441 est,
2267 1375 2356 1442 qui
2404 1373 2564 1427 Esau.
2595 1371 2693 1424 llic
2735 1369 3022 1424 secundum
3056 1365 3330 1418 historiam
3367 1365 3485 1432 qui-

1952 1468 2068 1521 dem
2117 1466 2361 1519 iuimicus
2393 1472 2475 1516 est
2522 1461 2705 1523 Israel,
2756 1459 2846 1512 sed
2889 1459 2938 1509 in
2988 1456 3240 1518 adventu,
3291 1454 3483 1520 inquit,

1951 1553 2150 1608 Christi
2177 1554 2334 1607 etiam
2368 1553 2481 1620 ipse
2506 1549 2794 1602 haereditas
2821 1549 2936 1616 ejus
2968 1552 3073 1604 erit
3107 1569 3119 1604 :
3151 1551 3255 1603 hoc
3284 1556 3365 1601 est
3399 1561 3484 1600 re-

1955 1645 2180 1712 cipietur
2220 1641 2285 1694 ad
2326 1641 2504 1703 ﬁdem,
2552 1653 2647 1692 nec
2701 1638 3014 1691 excludetur
3061 1638 3128 1691 ab
3179 1638 3485 1691 haereditate

1953 1733 2171 1788 Christi.
2197 1731 2252 1784 Si
2279 1745 2404 1785 vero
2431 1731 2739 1798 spiritaliter
2765 1735 3128 1789 advertamus.
3163 1729 3330 1781 Edom
3357 1742 3483 1781 caro

1956 1823 2290 1891 intelligitur,
2344 1836 2462 1890 quae
2515 1823 2833 1875 adversatur
2875 1818 3104 1888 spiritui,
3153 1829 3208 1871 et
3251 1828 3332 1871 est
3387 1817 3488 1870 iui-

1955 1911 2113 1965 mica.
2143 1911 2194 1963 |n
2230 1910 2456 1962 adventu
2485 1917 2658 1961 autem
2684 1908 2907 1970 Christi,
2939 1922 3057 1960 cum
3093 1904 3330 1972 subjecta
3367 1905 3483 1958 l'ue-

1956 2000 2028 2054 rit
2055 2013 2181 2053 caro
2203 1997 2429 2067 spiritui.
2455 2011 2549 2065 per
2573 1996 2978 2050 resurrectionis
2995 2010 3142 2063 spem
3166 1995 3326 2048 etiam
3363 1995 3477 2062 ipsa

1957 2090 2022 2142 ad
2055 2088 2417 2142 haereditatem
2446 2086 2641 2139 veniet.
2684 2084 2797 2138 Non
2841 2085 2986 2138 enim
3021 2084 3131 2138 sola
3167 2086 3365 2150 anima,
3396 2085 3488 2138 sed

1959 2190 2011 2236 et
2060 2195 2204 2245 caro,
2258 2193 2376 2247 quae
2433 2177 2720 2245 aliquando
2765 2175 2935 2230 fuerat
2961 2176 3199 2241 inimica,
3239 2191 3332 2244 per
3363 2177 3492 2230 obe-

1960 2268 2214 2322 dientiam
2255 2267 2471 2335 spiritus
2502 2278 2722 2319 consors
2762 2264 2951 2319 futurze
2989 2264 3315 2318 hmreditatis
3347 2266 3492 2318 exsi-

1962 2367 2088 2412 stet.
2111 2375 2130 2408 ι
2159 2357 2223 2410 Ει
2250 2355 2410 2409 Israel
2439 2355 2564 2409 fecit
2596 2355 2646 2407 in
2669 2355 2917 2407 virtutem
2946 2354 3010 2405 ".
3046 2373 3065 2405 ι
3107 2353 3218 2408 Hoc
3248 2362 3329 2408 est
3351 2355 3489 2421 quod

1961 2446 2109 2510 dicit,
2151 2444 2272 2514 quia
2320 2453 2443 2497 tunc
2487 2443 2672 2509 Edom,
2726 2442 2807 2495 vel
2838 2441 2998 2508 Esau,
3050 2442 3151 2496 hoc
3195 2452 3276 2497 est
3315 2444 3492 2496 carnis

1963 2545 2154 2588 natura
2210 2535 2262 2587 iu
2301 2531 2632 2586 haereditatis
2671 2533 2979 2586 societatem
3035 2532 3334 2596 vocabitur,
3367 2549 3488 2587 cum

1962 2627 2140 2692 Israel,
2171 2627 2349 2680 anima
2381 2624 2624 2678 videlicet
2663 2625 2798 2677 facta
2847 2623 3007 2678 fuerit
3043 2625 3094 2678 in
3133 2625 3411 2691 virtutem,
3440 2637 3495 2681 et

1962 2715 2212 2768 decenter
2241 2712 2406 2766 fuerit
2433 2710 2634 2778 repleta
2675 2711 2982 2763 virtutibus.
3027 2710 3082 2763 Si
3129 2711 3271 2764 enim
3316 2715 3492 2766 anima

1964 2820 2066 2858 non
2096 2803 2276 2856 veniat
2322 2801 2387 2853 ad
2434 2802 2675 2862 virtutes,
2720 2799 2811 2851 sed
2846 2797 2897 2849 in
2929 2799 3131 2866 ignavia
3163 2814 3490 2870 perseveret,

1965 2908 2065 2946 nec
2107 2907 2232 2946 caro
2261 2891 2326 2944 ad
2359 2889 2719 2944 ltmrcditatem
2755 2894 2952 2958 veniet,
2992 2897 3084 2949 sed
3129 2897 3194 2949 ad
3235 2896 3490 2958 iudicium

246 3023 445 3075 homo
475 3032 553 3070 ex
595 3010 774 3068 Israel
809 3051 824 3075 ,
864 3030 882 3062 ι
921 3018 978 3063 ιιι
1007 3008 1058 3061 in
1092 3015 1320 3075 utroque
1350 3015 1403 3058 et
1435 3001 1723 3059 secundum
1752 3003 1846 3056 dei-

1965 2984 2124 3046 illius,
2177 2983 2263 3050 qui
2305 2991 2476 3050 potest
2507 2983 2736 3036 animam
2794 2993 2849 3038 et
2925 3000 3122 3054 corpus
3165 2990 3387 3056 perdere
3438 2991 3488 3042 iu

248 3118 474 3170 tatem,
508 3115 570 3158 et
594 3099 909 3156 secundum
951 3095 1336 3149 humanitatem
1365 3093 1608 3148 Christus
1636 3093 1864 3160 prophe-

251 3207 424 3252 tatus
485 3193 794 3249 evidenter
846 3196 1120 3254 appareat.
1168 3201 1187 3235 ι
1218 3184 1284 3238 Ει
1326 3183 1559 3238 vastabit
1601 3182 1868 3249 principes

248 3287 438 3342 διοιιι)
464 3286 542 3337 ⁶¹.
579 3301 604 3350 ρ
645 3280 814 3334 Moab
841 3277 1058 3346 quidem
1092 3291 1224 3342 gens
1267 3281 1370 3337 est,
1400 3272 1554 3340 cujus
1599 3271 1868 3340 principes

252 3395 382 3432 non
424 3377 580 3429 alios
606 3386 761 3432 esse,
797 3381 962 3436 quam
987 3363 1255 3432 spiritales
1287 3362 1554 3429 nequitias
1575 3368 1628 3413 et
1667 3358 1866 3426 princi—

251 3479 443 3538 patus
491 3465 623 3518 iIlos
669 3461 967 3514 adversum
1014 3469 1149 3522 quos
1176 3454 1329 3506 nobis
1357 3452 1624 3505 luctamen
1653 3458 1755 3514 est,
1789 3449 1867 3501 in-

257 3557 618 3626 telligimus.
671 3549 790 3602 Hos
828 3560 957 3612 ergo
998 3545 1101 3597 iste
1130 3544 1287 3596 homo
1324 3556 1387 3592 ex
1426 3539 1591 3593 Israel
1619 3539 1865 3600 vastavit,

253 3661 398 3700 cum
438 3643 605 3698 exilit
634 3635 990 3707 principatus
1039 3642 1093 3686 et
1138 3639 1454 3700 potestates.
1500 3626 1716 3696 atiigens
1751 3627 1868 3681 illos

254 3735 430 3790 cruci
487 3746 634 3787 suae.
682 3726 880 3793 Neque
907 3723 1050 3777 enim
1086 3730 1301 3790 poterat
1346 3720 1552 3772 salvare
1589 3718 1868 3781 Moabitas,

255 3836 320 3879 et
355 3824 437 3877 ad
468 3821 568 3875 Dei
599 3817 953 3887 agnitionem
987 3809 1409 3880 pcrducere,uisi
1435 3809 1700 3876 principes
1729 3806 1868 3871 illos,

257 3917 365 3984 qui
415 3915 476 3967 in
513 3911 600 3966 eis
642 3903 1080 3962 dominationem
1115 3899 1403 3966 impietatis
1452 3905 1754 3957 tenuerant,
1781 3895 1873 3953 de-

259 3983 583 4058 vastasset.
631 4016 655 4048 ι
703 3994 778 4048 Et
812 3991 1143 4061 pmdabitur
1183 4001 1370 4041 omnes
1416 3985 1554 4039 ﬁlios
1581 3984 1708 4039 Selh
1738 3983 1802 4036 ".
1847 4003 1866 4035 ι

261 4095 418 4148 Seth
463 4092 621 4144 [ilius
650 4094 745 4139 est
775 4083 969 4140 Adam,
1012 4078 1082 4131 de
1109 4092 1217 4146 quo
1247 4075 1356 4128 Eva
1401 4074 1536 4127 dixit
1571 4088 1689 4127 eum
1723 4082 1874 4126 natus

261 4194 432 4240 esset
465 4185 506 4215 ⁶³
532 4200 550 4236 :
592 4198 615 4230 ι
649 4169 964 4232 Suscitavit
989 4168 1136 4222 enim
1182 4166 1313 4219 mihi
1343 4165 1482 4218 Deus
1521 4177 1699 4219 semen
1732 4162 1874 4215 aliud

259 4289 377 4343 pro
417 4271 560 4326 Abel
603 4277 788 4335 quem
818 4258 1018 4312 occidit
1047 4254 1202 4308 Cain.
1243 4272 1262 4304 ι
1304 4252 1411 4306 Iste
1445 4263 1527 4304 est
1559 4266 1689 4321 ergo
1721 4248 1870 4312 Seth,

259 4376 336 4415 ex
393 4373 504 4427 quo
558 4361 752 4408 omne

260 4421 476 4520 ερηιίε,
507 4444 673 4498 Nam
716 4433 789 4484 de
823 4429 957 4483 Cain
999 4427 1092 4493 qui
1137 4424 1246 4478 nati
1295 4421 1870 4488 fuerant,diluvioper-

259 4509 481 4585 ierunt.
521 4524 666 4584 Filii
726 4533 863 4587 ergo
915 4525 1044 4570 sunt
1090 4512 1225 4567 Seth
1268 4526 1452 4565 omnes
1489 4510 1749 4572 homines,
1785 4509 1870 4576 qui

255 4621 318 4675 in
356 4622 472 4674 hoc
491 4612 734 4674 mundo
767 4614 915 4663 sunt.
951 4604 1162 4656 Etcum
1187 4601 1398 4665 dicitur,
1429 4618 1446 4650 ι
1480 4598 1872 4665 ἀοριωάιιὺίιιιι·

254 4723 471 4766 omnes
495 4707 669 4761 ﬁlios
715 4696 878 4759 Seth,
923 4712 943 4743 ι
984 4690 1224 4759 praedam
1266 4689 1341 4743 sic
1387 4687 1588 4755 accipe,
1629 4684 1768 4739 sicut
1818 4688 1868 4738 iu

255 4795 697 4867 superioribus
752 4777 1115 4848 interpretati
1184 4791 1366 4829 sumus
1405 4815 1420 4841 ,
1463 4775 1552 4829 ubi
1608 4773 1866 4841 scriptum

261 4861 354 4942 θεέ
379 4886 458 4936 σιτ
494 4903 518 4934 ι
555 4879 699 4933 Edet
723 4879 931 4941 gentes
973 4863 1317 4916 inimicorum
1342 4877 1594 4918 suorum:
1632 4879 1651 4912 ι
1699 4871 1752 4914 et
1781 4861 1870 4914 ubi

262 4976 468 5032 catulo
498 4968 673 5025 leonis
708 4973 767 5016 et
801 4955 958 5010 leoni
993 4960 1363 5018 comparatur.
1403 4953 1469 5005 Et
1513 4951 1604 5005 hic
1643 4965 1775 5018 ergo
1816 4951 1871 5003 in

261 5061 513 5131 przdam
533 5051 748 5120 accipit
779 5054 1000 5100 omnes
1027 5037 1170 5092 ﬁlios
1191 5038 1341 5096 Seth.
1363 5041 1531 5095 Victis
1552 5038 1876 5092 adversariis

248 5127 632 5204 daemonibus,
677 5149 785 5190 eos
817 5129 925 5197 qui
981 5128 1095 5177 sub
1139 5127 1371 5192 ipsorum
1399 5127 1765 5184 dominatione
1799 5135 1878 5178 te-

234 5233 541 5300 utebamur,
623 5223 916 5282 Christus
975 5214 1143 5280 quasi
1189 5218 1421 5282 praedati:
1480 5214 1720 5270 victoria:
1769 5229 1878 5267 sua:

636 5470 652 5547 ξ
693 5481 760 5532 8.
803 5472 1011 5548 ηθξ⁸⁶⁷
1052 5470 1228 5548 ΕρΙιθρε
1256 5494 1360 5548 ιιι,
1390 5482 1442 5536 I.

692 5585 709 5599 ,
803 5540 860 5572 ⁷³
893 5536 1046 5589 Luc.
1085 5536 1151 5602 ix,
1175 5541 1257 5596 24,

1967 3075 2260 3142 gehennam
2291 3071 2357 3122 7°.
2398 3088 2416 3120 ι
2443 3069 2508 3123 Ει
2551 3085 2799 3142 exsurget
2854 3091 2920 3128 ex
2970 3075 3156 3140 Jacob,
3205 3087 3259 3132 et
3311 3079 3495 3143 perdet

1966 3160 2248 3216 liberatum
2301 3165 2367 3217 de
2419 3164 2634 3218 civitate
2675 3165 2741 3217 ⁷⁸.
2792 3183 2810 3214 ι
2844 3164 2970 3228 llle,
3015 3167 3216 3232 inquit,
3261 3167 3350 3234 qui
3402 3183 3497 3220 ex-

1967 3254 2140 3323 surgit
2178 3263 2235 3307 ut
2296 3254 2447 3308 stella
2494 3269 2561 3308 ex
2615 3252 2812 3317 Jacob,
2870 3255 3054 3322 perdet
3100 3258 3378 3310 liberatum
3431 3259 3496 3312 de

1970 3343 2208 3397 civitate.
2274 3343 2386 3398 Non
2439 3344 2491 3397 in
2541 3344 2640 3397 hoc
2695 3343 2889 3407 solum,
2944 3347 3036 3399 sed
3091 3347 3140 3399 in
3189 3348 3333 3401 oumi
3363 3364 3498 3418 pene

1967 3433 2275 3502 prophetico
2317 3433 2438 3488 stilo
2485 3448 2602 3500 qua:
2646 3433 2926 3496 dicuntur,
2979 3435 3214 3489 involuto
3256 3439 3387 3492 satis
3444 3451 3498 3493 et

1968 3523 2191 3576 obscuro
2247 3536 2496 3576 sermone
2561 3522 2833 3575 dicuntur.
2906 3521 3019 3574 Non
3090 3525 3232 3576 enim
3301 3528 3497 3594 placuit

1968 3619 2154 3665 sancto
2187 3609 2433 3678 Spiritui,
2467 3611 2555 3678 qui
2601 3610 2666 3664 de
2707 3610 2774 3663 iis
2815 3611 2975 3664 scribi
3012 3611 3195 3675 voluit,
3230 3624 3287 3665 ut
3322 3616 3496 3682 palam

1971 3701 2084 3753 haec
2126 3710 2180 3753 et
2226 3701 2466 3767 pedibus,
2517 3708 2570 3752 ut
2621 3699 2691 3752 ita
2731 3698 2924 3764 dicam,
2968 3701 3332 3768 imperitorum
3373 3720 3499 3758 con-

1970 3788 2225 3842 culcanda
2281 3796 2651 3855 ponerentur:
2710 3787 2804 3840 sed
2863 3789 2934 3840 ita
2984 3789 3232 3854 providit,
3288 3798 3342 3842 ut
3378 3805 3497 3845 cum

1971 3875 2180 3944 publice
2221 3875 2400 3928 haberi
2444 3874 2744 3937 videantur,
2773 3887 3078 3928 sermonum
3107 3885 3282 3930 tamen
3311 3879 3500 3934 obscu-

1971 3964 2129 4017 ritate
2151 3962 2424 4016 recondita
2468 3963 2520 4015 in
2562 3962 2796 4028 arcanis,
2839 3971 2891 4016 et
2924 3965 2976 4016 in
3019 3966 3242 4020 secretis
3288 3969 3497 4022 obtecta

1969 4049 2126 4119 343
2149 4059 2443 4102 serventur.
2468 4049 2532 4102 Et
2553 4065 2690 4103 nunc
2704 4064 2831 4119 ergo
2848 4052 2988 4118 quod
3008 4053 3085 4106 ait
3106 4053 3351 4108 :rPerdet
3367 4057 3500 4112 lihe-

1972 4151 2142 4192 ratum
2175 4139 2239 4190 de
2255 4137 2494 4200 civitate,
2523 4157 2542 4189 ι
2566 4139 2666 4192 nisi
2704 4140 2767 4192 ad
2788 4142 3226 4195 consuetudinem
3276 4148 3502 4214 prophe-

1974 4233 2133 4282 ticam
2177 4228 2429 4295 respicias
2456 4268 2470 4292 ,
2506 4229 2572 4281 de
2613 4241 2714 4294 qua
2757 4229 2984 4294 dicitur,
3019 4231 3190 4286 omnis
3227 4234 3499 4302 prophetia

815 4344 1110 4397 humanum
1166 4337 1217 4390 ίη
1268 4338 1368 4391 hoc
1421 4317 1872 4390 mundo'ducilur
1901 4320 1946 4378 D
1973 4332 2078 4372 non
2111 4327 2286 4384 potest
2312 4317 2527 4386 propria
2565 4318 2898 4373 absolutione
2929 4330 3192 4385 constare,
3229 4323 3378 4378 valde
3404 4325 3506 4378 dif-

1978 4411 2127 4464 [lcilis
2148 4410 2410 4464 videbitur
2433 4410 2748 4464 intellectus.
2787 4409 3066 4467 Videamus
3093 4422 3264 4467 tamen
3293 4415 3336 4469 si
3369 4414 3506 4470 forte

1977 4503 2078 4555 hoc
2102 4500 2257 4553 modo
2285 4500 2479 4568 poterit
2505 4499 2798 4567 explanari.
2828 4502 3102 4554 Civitatem
3139 4503 3223 4556 hic
3251 4503 3501 4558 mundum

1979 4588 2334 4657 intelligamus
2359 4626 2374 4651 ,
2407 4588 2546 4642 sicut
2579 4595 2632 4642 et
2669 4589 2722 4641 in
2770 4588 3070 4656 Evangeliis
3101 4591 3296 4645 dicitur
3327 4592 3370 4623 τ’
3438 4593 3505 4646 de

1977 4679 2246 4731 luxurioso
2281 4676 2415 4738 tilio,
2446 4677 2537 4745 qui
2573 4676 2883 4744 dilapidavit
2914 4681 3261 4734 substantiam
3296 4683 3460 4750 patris
3484 4705 3501 4736 ε

1977 4768 2100 4836 quia
2131 4767 2378 4828 accessit,
2411 4766 2598 4833 inquit,
2631 4767 2695 4818 ad
2722 4767 3004 4834 quemdam
3029 4769 3342 4835 primarium
3368 4772 3503 4825 civi-

1979 4857 2103 4910 tatis
2129 4857 2179 4908 in
2215 4855 2425 4925 regione
2454 4855 2577 4908 illa:
2607 4871 2636 4907 a
2661 4870 2767 4922 quo
2794 4865 3053 4924 receptus,
3085 4857 3136 4910 in
3164 4872 3346 4924 agrum
3377 4861 3501 4914 mit-

1980 4931 2109 5000 titur
2155 4958 2341 5012 porcos
2386 4958 2620 5012 pascere.
2659 4942 2724 4996 Et
2771 4944 2882 4997 lucc
2926 4957 3054 5010 ergo
3093 4945 3280 5000 civitas
3304 4985 3320 5008 ,
3355 4947 3504 5013 cuius

1982 5035 2068 5089 ille
2099 5033 2386 5101 primarius
2423 5042 2540 5085 erat
2563 5070 2576 5094 ,
2615 5033 2837 5086 mundus
2866 5033 2952 5086 hic
2983 5033 3311 5099 intelligitur.
3345 5034 3506 5100 Igitur

1985 5121 2049 5174 de
2092 5121 2190 5174 hac
2226 5118 2439 5172 civitate
2482 5117 2760 5171 liberatum
2789 5156 2804 5177 .
2848 5118 2946 5171 hoc
2990 5126 3070 5170 est
3115 5132 3269 5182 quem
3317 5119 3505 5170 liberat

1981 5212 2224 5266 Christus
2252 5209 2318 5263 de
2345 5209 2448 5262 hoc
2481 5207 2696 5270 mundo,
2727 5206 2898 5273 perdit
2927 5220 3066 5258 eum.
3102 5205 3238 5258 Dicit
3269 5205 3408 5256 enim
3434 5204 3500 5265 ",

837 5403 1214 5476 “inﬁgam,
1239 5412 1340 5464 l7.
1423 5413 1466 5446 ⁶¹
1489 5411 1651 5466 Num.
1671 5411 1846 5471 xxrv,t

1993 5417 2035 5446 ⁶¹
2055 5413 2211 5468 Num.
2237 5427 2381 5476 xxiv,
2407 5410 2492 5464 17.
2532 5408 2754 5476 ί⁶³ϐθη.
2775 5420 2846 5476 I_v_,
2868 5404 3007 5476 25ηΔ
3031 5404 3073 5476 °_‘_
3094 5400 3248 5452 Num.
3271 5398 3497 5476 xxiv,_§.

1515 5479 1596 5546 .,⁶⁸
1626 5478 1775 5532 Num.
1815 5496 1964 5550 xxiv,
1996 5484 2080 5537 l8.
2153 5483 2195 5514 ⁸³
2227 5473 2376 5536 Ιῐίάζ
2430 5479 2474 5511 ⁷ο
2495 5475 2680 5530 Matth.
2706 5473 2865 5537 x,28.

2967 5471 3009 5503 ⁷¹
3034 5469 3188 5522 Num.
3224 5481 3369 5530 xnv,
3405 5465 3498 5528 19.
