3838 6220
430 283 529 337 719

430 487 592 540 faciet
636 501 776 542 eam.
813 501 830 534 ι
879 481 1108 533 Salutari
1137 493 1262 545 ergo
1294 475 1593 544 perditione
1621 471 1789 540 perdit
1819 467 1971 520 Jesus

429 589 575 635 eum,
614 588 772 642 quem
820 571 884 623 de
910 565 1066 633 hujus
1096 563 1276 617 mundi
1308 561 1519 616 civitate
1548 555 1870 612 liberaverit.
1911 551 1973 604 Et

432 677 528 717 nos
567 666 746 731 itaque
779 659 823 713 si
853 657 916 710 ad
947 654 1167 708 salutem
1198 652 1381 705 venire
1415 648 1676 708 volumus,
1704 655 1754 696 et
1781 644 1844 694 de
1874 643 1973 694 hoc

435 767 561 804 mun
579 755 645 806 do
684 746 944 810 liberari,
975 745 1198 814 perdere
1241 741 1491 795 debemus
1533 737 1737 789 animas
1767 741 1974 785 nostras

432 842 742 908 perditione
774 835 910 900 utili,
933 843 988 888 et
1017 829 1341 887 necessaria.
1371 827 1549 881 Perdit
1575 825 1715 879 enim
1742 822 1972 874 animam

435 922 732 987 secundum
778 926 1048 981 Christum
1078 961 1092 986 ,
1127 922 1215 989 qui
1257 915 1522 972 desideria
1553 913 1668 980 ejus
1699 911 1930 964 refrenat
1958 950 1971 972 ,

436 1022 534 1091 qui
571 1018 889 1088 cupiditates
915 1014 1030 1081 ejus
1059 1017 1297 1072 resecat,
1325 1006 1415 1075 qui
1445 1003 1708 1057 luxuriam
1737 1001 1850 1069 ejus
1886 1013 1974 1052 re-

443 1088 865 1174 solutionemque
903 1103 1166 1170 castigat,
1218 1107 1271 1150 et
1319 1097 1371 1149 in
1404 1093 1547 1148 nullo
1587 1103 1802 1158 prorsus
1850 1088 1978 1140 facit

443 1193 766 1252 voluntatem
809 1206 959 1248 suam
980 1228 995 1253 ,
1037 1188 1129 1241 sed
1159 1185 1478 1238 voluntatem
1513 1180 1633 1234 Dei:
1661 1187 1714 1232 et
1747 1191 1838 1245 per
1865 1176 1979 1229 haec

447 1288 620 1358 perire
647 1284 842 1340 dicitur
869 1279 1066 1333 anima.
1099 1276 1262 1329 Periit
1289 1285 1514 1340 namque
1539 1271 1644 1322 vita
1675 1268 1790 1336 ejus
1813 1267 1975 1335 prior,

444 1389 497 1434 et
520 1377 705 1446 incipit
731 1388 922 1428 novam
953 1371 1137 1431 vitam,
1167 1381 1285 1434 quae
1312 1365 1364 1416 in
1387 1362 1600 1417 Christo
1623 1369 1726 1423 est,
1760 1361 1975 1410 ducere.

447 1443 644 1524 Simile—
677 1472 854 1518 autem
900 1458 1022 1513 huic
1071 1456 1212 1509 dicto
1245 1453 1401 1506 etiam
1449 1449 1575 1503 illud
1619 1457 1703 1502 est
1731 1446 1778 1478 ⁷⁸⁵
1814 1463 1828 1497 :
1865 1464 1884 1497 ι
1922 1443 1978 1498 Si

447 1555 848 1617 commorimur,
878 1560 930 1604 et
959 1548 1319 1603 convivemus.
1343 1561 1361 1592 ι
1396 1542 1459 1595 Et
1489 1540 1612 1592 illud
1645 1539 1719 1590 7l‘:
1757 1558 1774 1589 ι
1809 1535 1864 1590 Si
1886 1551 1981 1589 au-

450 1662 553 1703 tem
590 1644 781 1700 mortui
827 1638 957 1694 estis
987 1639 1051 1690 ah
1087 1634 1359 1689 elementis
1396 1630 1550 1696 hujus
1595 1627 1808 1692 mundi,
1848 1640 1983 1693 quo-

451 1741 606 1793 modo
629 1735 771 1788 velut
799 1732 1034 1785 viventes
1059 1728 1111 1779 in
1138 1728 1236 1778 hoc
1264 1722 1460 1777 mundo
1481 1717 1803 1774 decernitis?
1827 1735 1846 1768 ο
1884 1716 1982 1768 Ne-

451 1827 684 1883 cessario
713 1838 840 1892 ergo
869 1821 1029 1874 etiam
1062 1817 1112 1869 in
1147 1815 1229 1867 his
1265 1810 1570 1864 declaratur
1599 1807 1720 1876 quia
1754 1804 1983 1873 perdidit

453 1920 684 1974 animam
713 1929 861 1969 suam
895 1912 947 1965 in
979 1911 1078 1962 hoc
1110 1903 1325 1964 mundo,
1355 1900 1442 1968 qui
1478 1913 1595 1952 cum
1633 1895 1839 1950 Christo
1865 1909 1982 1948 mo-

446 2011 630 2065 .ritur:
661 2015 715 2061 et
743 2006 830 2072 qui
863 2003 945 2056 hic
981 2013 1095 2052 eam
1127 1991 1453 2064 perdiderit,
1490 1987 1722 2042 inveniet
1750 1999 1868 2038 eam
1913 1983 1984 2037 ibi

451 2102 569 2155 sine
605 2095 764 2150 dubio
792 2135 806 2158 ,
849 2091 936 2145 ubi
974 2088 1100 2142 dicit
1133 2079 1414 2149 Apostolus
1440 2079 1505 2141 ",
1539 2078 1662 2146 quia
1697 2093 1716 2126 ι
1745 2075 1851 2127 vita
1892 2089 1986 2127 ve-

454 2197 561 2242 stra
587 2183 894 2239 abscondita
921 2188 1000 2232 est
1024 2189 1141 2229 eum
1165 2173 1383 2226 Christo
1412 2170 1462 2222 in
1491 2167 1625 2232 Deo;
1661 2181 1679 2215 ι
1707 2165 1791 2218 cui
1820 2163 1986 2233 gloria

456 2277 510 2329 in
541 2283 734 2328 interna
763 2269 952 2324 saecula
985 2266 1314 2320 smculorum.
1353 2261 1539 2314 Amen.

973 2392 1249 2449 HOMILIA
1299 2388 1439 2445 XIX.

834 2489 908 2541 De
944 2486 1137 2540 visione
1165 2482 1343 2550 quinta
1368 2478 1622 2544 Balaam.

531 2584 580 2637 1.
623 2582 818 2650 Quinta
849 2579 958 2632 haec
996 2575 1182 2638 nobis,
1225 2571 1510 2635 eademque
1550 2565 1734 2618 ultima
1775 2562 1991 2615 Balaam

461 2674 594 2727 visio
624 2669 904 2724 discutitur
927 2707 942 2732 ,
976 2663 1039 2718 de
1072 2676 1173 2731 qua
1204 2659 1450 2714 similiter
1479 2664 1535 2708 ut
1567 2657 1619 2708 in
1651 2653 1857 2707 caeteris
1886 2651 1990 2703 Do-

461 2761 661 2815 minum
706 2758 1052 2825 deprecemur
1078 2788 1094 2814 ,
1127 2749 1219 2817 qui
1261 2747 1314 2800 in
1340 2745 1442 2799 line
1475 2743 1584 2812 {81)
1611 2757 1714 2796 non
1741 2743 1989 2805 deserat,

455 2860 522 2904 ut
555 2845 817 2917 possimus
857 2839 1013 2908 hujus
1056 2851 1266 2907 quoque
1317 2833 1542 2888 visionis
1594 2846 1806 2886 sensum
1853 2831 1992 2884 haud

464 2905 654 3010 procul
681 2949 709 2986 a
740 2905 960 2985 veritate
987 2905 1224 2993 cap-tare.
1268 2925 1364 2978 Est
1393 2936 1522 2992 ergo
1555 2921 1762 2974 initium
1794 2918 1909 2986 ejus
1939 2905 1991 2973 in

459 2989 532 3084 iis
578 3023 794 3080 verbis:
843 3036 862 3069 ι
895 3017 961 3069 Ει
1002 3030 1122 3068 cum
1171 3015 1410 3075 videret,
1462 2989 1638 3078 inquit
1666 3009 1730 3073 ⁷⁷,
1775 3009 1991 3062 Balaam
2019 2989 2061 3044 (ἶ

463 3115 712 3176 Amalec,
740 3119 1016 3162 assumens
1041 3101 1346 3171 parabolam
1387 3115 1537 3156 suam
1566 3100 1700 3154 dixit
1728 3117 1742 3154 :
1778 3097 1990 3152 Initium

465 3204 698 3273 gentium
727 3197 966 3258 Amalec,
996 3202 1052 3247 et
1078 3205 1260 3246 semen
1291 3205 1474 3244 eorum
1503 3189 1715 3258 peribit.
1747 3206 1768 3240 ι
1802 3186 1994 3241 Neces-

466 3292 667 3348 sarium
694 3285 822 3342 mihi
848 3286 1056 3339 videtur
1081 3281 1352 3349 requirere
1382 3279 1434 3331 in
1459 3277 1752 3346 Scripturis
1778 3276 1992 3340 divinis,

467 3382 660 3451 quibus
703 3379 756 3432 in
787 3376 915 3430 locis
943 3374 1026 3427 vel
1069 3371 1252 3440 quoin
1289 3379 1523 3437 tempore
1564 3381 1755 3420 nomen
1781 3367 1996 3419 Amalec

469 3472 724 3539 scriptum
759 3467 868 3521 sit:
899 3476 1071 3534 quove
1094 3475 1155 3515 ex
1188 3473 1383 3530 genere
1414 3472 1544 3526 gens
1575 3458 1677 3511 iSta
1707 3457 1998 3510 descende.

467 3563 561 3617 rit.
584 3557 814 3616 Facilius
842 3557 983 3610 enim
1013 3551 1151 3622 quod
1178 3551 1459 3618 quteritur,
1487 3554 1822 3618 agnoscetur,
1855 3545 1899 3599 si
1931 3557 1998 3597 ex

462 3648 706 3719 pluribus
735 3646 887 3710 locis,
913 3655 1030 3711 qua:
1067 3640 1132 3694 de
1156 3640 1341 3693 eadem
1378 3650 1436 3690 re
1466 3638 1664 3704 scripta
1695 3643 1836 3696 sunt,
1874 3647 2000 3700 pro-

473 3739 729 3791 ferantur.
771 3732 936 3803 lgitur
995 3731 1049 3784 in
1093 3727 1316 3786 Genesis
1365 3725 1591 3780 lectione
1637 3724 1726 3779 ubi
1769 3723 2002 3792 quinque

472 3841 625 3896 reges
669 3830 1029 3880 convenerunt
1073 3829 1130 3875 ut
1174 3823 1538 3888 expugnarent
1589 3822 1816 3883 quatuor
1849 3827 2000 3879 reges

472 3919 565 3987 qui
594 3915 885 3985 regnabant
911 3915 961 3966 in
994 3912 1262 3973 Sodomis,
1297 3917 1413 3976 post
1441 3906 1708 3974 aliquanta
1737 3905 1805 3956 ita
1838 3903 2002 3957 refer-

467 4019 563 4061 tur
593 4021 608 4058 :
652 4023 670 4055 ι
696 4003 761 4057 Ει
810 4003 1036 4072 regressi
1063 4041 1077 4067 ,
1125 4001 1298 4069 inquit
1321 4000 1387 4064 ⁷³,
1420 4005 1676 4051 venerunt
1709 3997 1774 4049 ad
1803 3995 2001 4050 fontem

467 4095 680 4164 judicii,
707 4095 790 4148 hic
818 4103 898 4148 est
926 4094 1110 4156 Cades,
1141 4101 1194 4144 et
1221 4089 1607 4144 interfecerunt
1635 4099 1820 4139 omnes
1849 4085 2000 4152 prin-

471 4185 620 4252 cipes
640 4182 872 4244 Amalec,
893 4190 944 4235 et
962 4180 1295 4233 Amorrhazos
1311 4177 1398 4246 qui
1420 4175 1731 4230 habitabant
1746 4173 1798 4227 in
1813 4173 2005 4227 Sasan-

1875 261 2188 320 Ol‘tiGEMS

429 397 550 464 quia
587 411 605 444 ι
635 397 726 466 qui
755 395 940 462 perdet
961 372 1200 446 animam
1229 402 1378 445 suam
1403 394 1615 454 propter
1641 396 1746 445 me,
1777 379 1972 434 Salvam
2004 381 2045 435 Α
2079 383 2270 441 genere

3604 227 3695 280 ’ἷΞο

2314 363 2773 421 descenderant,
2822 353 3089 408 relertur
3145 341 3397 399 Amalec.
3447 339 3520 394 Ita
3569 341 3696 394 enim

2074 428 2338 527 scriptum
2386 463 2473 508 est
2503 453 2552 483 ’θ
2593 467 2607 502 :
2664 465 2685 498 ι
2723 447 2856 500 Ista:
2908 445 3054 496 sunt
3110 446 3305 489 autem
3354 428 3697 499 generationes

2075 517 2214 602 Esau
2252 543 2427 612 patris
2469 539 2644 593 Edom
2675 573 2692 596 ,
2726 533 2784 586 in
2819 535 3030 584 monte
3068 523 3204 577 Seir
3234 559 3252 584 ,
3284 530 3342 572 et
3369 518 3481 570 hac
3509 517 3696 570 nomina

2078 606 2312 691 ﬁlioru-m
2347 632 2494 684 Esau
2521 667 2535 690 ,
2575 625 2805 688 Eliphas
2847 619 3011 672 ﬁlius
3064 613 3193 667 Ada
3231 608 3426 663 uxoris
3460 606 3626 669 Esau,
3655 615 3700 657 et

2077 722 2287 794 Raguel
2326 721 2475 774 (ilius
2507 713 2808 770 Basemath
2847 705 2977 779 (8'5)
3024 701 3231 756 uxoris
3277 699 3446 794 Esau.
3492 693 3702 749 Fuerunt

2077 784 2256 868 aut‘ein
2289 810 2384 863 lilii
2411 808 2668 875 Eliphas,
2704 801 3006 861 Theman,
3053 790 3308 859 SOphar,
3341 786 3590 875 Gothum,
3617 784 3700 836 Ce-

2078 917 2208 955 nes:
2247 873 2532 953 Thamnas
2583 902 2776 947 autem
2828 889 2946 941 fuit
3002 878 3343 937 concubina
3379 873 3586 942 Eliphas
3625 874 3700 926 lilii

2077 993 2218 1047 Esau
2251 1031 2265 1055 ,
2292 1001 2347 1044 et
2376 990 2493 1042 lure
2521 983 2739 1054 peperit
2777 976 3028 1033 Amalec
3083 970 3195 1038 ipsi
3231 967 3458 1033 Eliphas
3481 1004 3495 1027 ,
3527 975 3576 1016 et
3629 964 3700 1015 isti

2079 1090 2206 1135 sunt
2238 1052 2333 1133 lilii
2361 1078 2476 1131 Atla
2509 1052 2703 1128 uxoris
2733 1069 2909 1124 Esau.
2951 1083 2970 1114 ι
3030 1061 3101 1114 Et
3140 1067 3273 1128 post
3308 1069 3514 1126 pauca:
3551 1070 3568 1103 t
3597 1052 3651 1106 Et
3676 1054 3702 1106 ii

2079 1177 2228 1232 sunt,
2260 1167 2460 1236 inquit,
2497 1165 2668 1218 duces
2699 1175 2768 1213 ex
2803 1157 2944 1209 (iliis
2984 1153 3170 1207 Esau.
3213 1145 3344 1200 Filii
3378 1145 3606 1211 Eliphas,
3630 1143 3703 1210 qui

2084 1259 2186 1311 fuit
2216 1233 2624 1326 primogenitus
2647 1251 2746 1304 lilii
2776 1249 2958 1300 Esau.
2998 1243 3126 1294 Dux
3163 1239 3453 1298 Theman,
3479 1233 3577 1286 dux
3598 1233 3706 1284 Clio-

2091 1361 2234 1410 tnor,
2269 1347 2376 1395 dux
2412 1344 2651 1409 Sopbar,
2689 1339 2801 1392 dux
2837 1335 3066 1393 Cenes,
3127 1330 3245 1384 dux
3287 1326 3452 1386 Core,
3495 1324 3592 1375 dux
3619 1319 3706 1374 Go-

2085 1436 2260 1494 thom,
2291 1434 2398 1486 dux
2432 1429 2682 1483 Amalec.
2722 1446 2742 1478 ι
2803 1424 2914 1476 llic
2947 1423 3136 1490 igitur
3175 1415 3433 1478 Amalec,
3473 1413 3603 1466 [ilius
3628 1410 3707 1464 fuit

2084 1522 2306 1590 Eliphas
2339 1516 2694 1588 primogeniti
2736 1514 2888 1567 Esau
2917 1551 2935 1572 ,
2981 1519 3164 1564 natus
3201 1521 3274 1560 ex
3313 1504 3605 1559 concubina
3628 1517 3705 1554 no-

2084 1614 2229 1666 mine
2267 1610 2540 1664 Thamna.
2572 1607 2685 1661 Sed
2743 1606 3066 1658 redeamus
3103 1599 3179 1652 ad
3219 1597 3459 1666 primam
3490 1595 3552 1648 de
3577 1594 3709 1646 Ama-

2014 1683 2054 1736 Β
2083 1701 2166 1754 lec
2191 1698 2780 1754 commemorationem
2803 1733 2818 1753 ,
2871 1692 2977 1745 ubi
3013 1691 3057 1742 ii
3094 1689 3200 1756 qui
3240 1686 3450 1741 reversi
3497 1693 3639 1744 sunt,
3665 1696 3707 1734 ct

2084 1795 2354 1842 venerunt
2375 1787 2446 1840 ad
2477 1785 2690 1839 fontem
2721 1780 2939 1847 judicii
2966 1816 2982 1841 ,
3018 1778 3122 1846 qui
3163 1783 3410 1829 vocatur
3437 1773 3619 1834 Cades,
3641 1771 3707 1823 in-

2089 1874 2361 1929 terficiunt
2389 1885 2582 1926 omnes
2619 1867 2926 1936 principes
2959 1863 3238 1917 Amalec.
3271 1861 3451 1916 Cades
3490 1859 3619 1914 enim
3646 1858 3709 1911 in-

2088 1973 2418 2033 terpretatur
2452 1960 2850 2028 sanctiﬁcatio,
2884 1957 2984 2012 vel
3015 1965 3286 2010 sanctum
3312 1971 3330 2017 ;
3357 1951 3572 2006 Amalec
3605 1965 3708 2002 vero

2090 2056 2473 2120 interpretatur
2502 2051 2784 2118 ablingem
2814 2048 3132 2117 populum,
3171 2044 3265 2097 vel
3296 2043 3560 2095 declinans
3575 2058 3706 2110 popu-

2088 2142 2195 2194 lum
2225 2141 2357 2209 (84).
2406 2137 2637 2208 lgiturii
2673 2136 2771 2205 qui
2813 2143 3214 2188 revertuntur
3260 2131 3329 2184 ad
3377 2141 3631 2193 sanctum,
3667 2143 3708 2180 et

2089 2237 2415 2286 convertunt
2461 2242 2521 2282 se
2551 2227 2624 2280 ad
2665 2224 3217 2280 sanetilicatinncm
3244 2259 3263 2286 ,
3318 2218 3629 2274 interﬁciunt
3667 2229 3710 2271 ct

2091 2316 2366 2386 perimunt
2410 2312 2660 2378 Amalec,
2691 2310 2855 2364 illum
2895 2310 3141 2364 scilicet
3190 2309 3288 2376 qui
3319 2307 3541 2374 ablingit
3572 2321 3710 2374 popu-

2093 2403 2199 2452 lum
2234 2399 2317 2452 vel
2350 2398 2592 2453 declinat
2624 2398 2928 2466 populum.
2967 2398 3121 2463 Quis
3152 2405 3352 2448 autem
3379 2393 3512 2448 alius
3537 2403 3610 2447 est
3635 2393 3708 2460 qui

2092 2487 2323 2542 declinat
2373 2487 2632 2556 populum
2671 2503 2702 2540 a
2739 2487 2862 2540 Deo
2892 2525 2909 2551 ,
2953 2486 3076 2540 nisi
3123 2485 3314 2539 virtus
3344 2484 3602 2539 contraria
3628 2522 3642 2544 ,
3667 2493 3705 2534 et

2093 2577 2346 2645 nequitia:
2370 2575 2694 2646 spiritales?
2720 2575 2951 2630 Horum
2985 2591 3136 2646 ergo
3160 2577 3445 2646 principes
3471 2575 3553 2644 qui
3573 2573 3709 2628 sunt?

2093 2666 2173 2720 llli
2215 2666 2336 2718 sine
2371 2665 2536 2719 dubio
2593 2665 2966 2735 principatus
3010 2668 3330 2721 adversum
3373 2681 3505 2735 quos
3535 2665 3707 2718 sanctis

2094 2764 2177 2810 est
2199 2753 2538 2809 colluctatio.
2568 2754 2899 2808 Adversum
2938 2757 3321 2824 principatus
3351 2756 3494 2808 enim
3515 2762 3564 2807 et
3589 2761 3707 2821 pote-

2095 2855 2282 2910 states,
2320 2855 2376 2900 et
2405 2845 2594 2898 mundi
2629 2845 2803 2914 hujus
2842 2856 3122 2900 rectores
3164 2854 3302 2901 sunt
3333 2847 3414 2900 eis
3439 2858 3620 2915 agones
3635 2844 3704 2893 "z

2097 2949 2230 3002 quos
2270 2944 2451 2988 tamen
2481 2947 2752 3002 superare
2783 2950 2902 2987 non
2961 2943 3337 3002 potuerunt,
3384 2932 3483 2986 nisi
3522 2944 3707 2985 conver-

2097 3032 2274 3077 tantur
2315 3022 2380 3076 ad
2410 3023 2876 3076 sanctimoniam.
2930 3022 2998 3077 ιιι
3050 3025 3183 3093 ipsa
3219 3033 3408 3078 tamen
3451 3022 3702 3076 sanctimo-

2093 3113 2203 3175 nia,
2238 3127 2360 3180 quae
2388 3121 2470 3166 est
2504 3111 2719 3177 Cadcs,
2759 3111 2896 3168 fons
2953 3125 3050 3168 est
3091 3114 3328 3184 judicii.
3379 3113 3561 3168 Omnis
3589 3110 3700 3164 enim

2091 3201 2181 3268 qui
2223 3214 2281 3254 se
2331 3201 2398 3252 ad
2448 3200 2893 3255 sanctimoniam
2929 3203 3284 3270 convertit,
3331 3204 3491 3258 habet
3530 3215 3703 3268 semper

2093 3301 2220 3346 ante
2250 3291 2437 3346 oculos
2466 3306 2596 3346 suos
2625 3291 2849 3347 fontem
2880 3294 3135 3362 judicii.
3187 3297 3463 3366 Prospicit
3485 3297 3608 3349 enim
3634 3291 3702 3358 ju-

2093 3380 2216 3434 dicii
2255 3380 2397 3433 diem
2432 3418 2448 3443 ,
2497 3388 2552 3435 et
2585 3383 2894 3450 puriﬁcato
2946 3386 3137 3440 corde
3185 3395 3301 3440 tam
3337 3384 3586 3440 malorum
3608 3395 3696 3449 pm-

2095 3481 2191 3520 nas
2228 3481 2392 3534 quam
2437 3468 2654 3536 piorum
2701 3471 3117 3528 beatitudines
3160 3482 3502 3528 contuetur:
3543 3469 3699 3523 etbaze

2097 3555 2304 3611 faciens
2336 3570 2530 3612 omnes
2584 3558 3059 3615 Amaleeitarum
3117 3563 3410 3632 principes
3451 3556 3697 3631 prosternit

2095 3655 2149 3700 et
2188 3645 2352 3717 3M
2385 3647 2590 3714 dejicit.
2621 3647 2682 3701 Si
2726 3651 2865 3717 quis
2911 3663 3120 3707 autem
3166 3669 3281 3708 non
3315 3668 3374 3708 se
3419 3648 3699 3706 converterit

2098 3733 2162 3786 ad
2197 3734 2370 3788 Cades
2398 3773 2413 3798 ,
2462 3735 2513 3788 id
2575 3745 2664 3789 cst
2711 3738 2782 3791 ad
2822 3742 3363 3797 sanctiticationem
3391 3780 3408 3806 ,
3439 3739 3700 3805 fontemque

2094 3826 2300 3892 jtnlicii,
2332 3841 2504 3894 neque
2531 3827 2784 3880 futurum
2817 3828 3034 3896 judicii
3073 3833 3482 3902 cogitatdiem,
3500 3829 3577 3882 isti
3593 3827 3694 3880 sub-

2094 3914 2220 3980 jecti
2267 3923 2394 3966 sunt
2439 3914 2784 3983 principibus
2812 3919 3093 3973 Amalec.
3125 3919 3297 3974 Hunc
3323 3922 3467 3974 enim
3492 3913 3698 3986 populum

2097 4001 2326 4070 ablingit
2367 4011 2422 4055 et
2475 4005 2801 4067 consumit,
2857 4017 2923 4060 et
2977 4009 3159 4064 talem
3212 4011 3473 4080 populum
3508 4007 3700 4061 declinat

2101 4106 2128 4141 a
2160 4091 2286 4144 Den.
2323 4090 2448 4144 llaec
2479 4091 2547 4146 ad
2597 4093 2753 4146 illum
2813 4100 3082 4163 primum
3134 4100 3464 4155 referantur
3499 4093 3695 4150 Amalec.

2101 4181 2253 4236 Nunc
2285 4191 2464 4236 autem
2495 4183 2790 4239 videamus
2821 4195 2883 4240 et
2939 4188 3122 4244 istum
3159 4191 3396 4246 Amalec
3433 4190 3582 4244 lilium
3612 4183 3696 4236 Eli-

476 4276 618 4327 thent
651 4270 781 4342 (82).
796 4287 824 4360 3
855 4271 908 4360 In
941 4270 1022 4323 his
1053 4271 1229 4338 primo
1257 4267 1390 4360 locis
1415 4264 1630 4360 Amalec
1665 4263 1878 4360 memini
1903 4277 2002 4317 no-
2032 4303 2079 4360 ο
2103 4273 2238 4338 phus
2273 4272 2622 4340 primogeniti
2675 4272 2829 4327 Esau
2874 4291 3056 4345 quem
3104 4284 3338 4350 peperit
3379 4282 3428 4334 ei
3473 4278 3698 4332 Thamnas

469 4363 754 4417 minatum.
787 4357 891 4412 Sed
932 4361 1231 4427 requiratur
1257 4354 1496 4412 iortassis
1531 4362 1704 4408 utrum
1737 4353 1853 4405 duae
1877 4367 2004 4421 gen-

478 4463 559 4509 tes
582 4451 814 4520 ejusdem
843 4450 1074 4504 nominis
1098 4451 1412 4510 habeantur,
1440 4445 1687 4513 quoniam
1713 4444 1927 4511 quidem
1951 4450 2004 4495 et

472 4547 533 4599 in
567 4543 806 4611 catalogo
837 4541 1064 4594 ﬁliorum
1113 4539 1248 4594 Esau
1270 4577 1287 4603 ,
1331 4547 1385 4591 et
1431 4536 1624 4588 ducum
1657 4533 1744 4600 qui
1790 4549 1854 4586 ex
1890 4532 2003 4599 ejus

542 4724 593 4757 ’δ
621 4721 664 4776 ll
695 4720 833 4773 Tim.
867 4733 926 4780 ιι,
980 4715 1058 4769 ll.
1129 4715 1175 4747 '"’
1200 4715 1400 4770 Coloss.
1437 4729 1494 4776 ιι,
1519 4712 1606 4765 20.

480 4807 662 4855 xxxvi,
712 4790 764 4853 9,
799 4789 882 4851 l0,
915 4778 1001 4850 ll,
1029 4784 1114 4845 12,
1145 4784 1230 4837 l5.
1314 4784 1358 4814 ⁸⁰
1393 4782 1587 4851 Ephes.
1625 4794 1696 4840 vr,
1733 4778 1816 4830 12.

552 4970 836 5041 (81)7Mss.,
857 4986 874 5018 ι
897 4968 984 5041 qui
1010 4969 1059 5021 in
1079 4968 1200 5041 line.
1223 4987 1244 5024 ο
1266 4968 1423 5041 ΜΝ)ἶ
1437 4961 1628 5039 editi,_t
1648 4973 1753 5026 quo
1774 4960 1825 5011 in
1847 4960 1999 5041 (line...

533 5027 833 5110 (ὲΞΥΜεεηξ
851 5053 868 5086 ι
898 5027 1674 5110 Sasanthemgquodnpropius
1703 5027 1909 5110 fecedit
1938 5028 2005 5080 ad

481 5092 873 5176 Αᾶἆέονθαμᾶρ
890 5146 905 5176 ,
932 5119 1090 5174 quam
1117 5092 1350 5172 prio'rut'n
1376 5092 1662 5154 editionum
1703 5092 1857 5147 lectio
1887 5109 2005 5163 quae

484 5179 644 5232 habet
677 5194 695 5226 ί
727 5175 1028 5229 sarathem.
1061 5192 1080 5225 ι

556 5227 663 5313 ζέῖέ)
695 5227 817 5297 Mss.
854 5227 884 5313 ε
898 5227 1246 5313 Basemath.__i
1265 5307 1275 5313 _
1295 5236 1447 5288 Libb.
1477 5227 1808 5313 anteanetli'li,
1853 5229 2002 5313 .1}..-

486 5295 773 5367 ειιιιιιιίίιὸιι.
800 5295 816 5363 ι
854 5295 1017 5363 Paulo
1043 5318 1178 5377 post“
1209 5307 1362 5377 iidem
1397 5315 1545 5377 mss...
1582 5317 1600 5346 ι
1631 5295 1855 5361 Sophar,
1897 5296 2004 5350 Go-

491 5384 654 5433 thum.
685 5399 704 5431 ι
737 5380 890 5434 Libb.
923 5367 1069 5441 editi',
1106 5395 1126 5427 ι
1155 5375 1386 5435 Suphar,
1418 5367 1647 5421 Cothon.
1681 5381 1699 5413 ι

563 5429 667 5513 (Si)
687 5429 889 5499 Chiis;—
909 5429 1045 5497 εἶιἶῶ
1056 5429 1069 5441 ’
1083 5429 1448 5513 interpretatur
1490 5437 1870 5483 SANCTlFlCA'l‘lO
1888 5465 1902 5483 ,
1941 5429 2021 5479 vel

495 5507 731 5572 exseruit,
754 5513 958 5565 Amalec
977 5528 1093 5564 vero
1117 5509 1484 5572 interpretatur
1504 5507 1779 5572 nunt:st
1795 5507 2022 5572 perurunt

497 5560 1179 5632 bét’hia’c’iiiliisﬁuéuiu’u.
1224 5560 1391 5627 Cades
1418 5587 1434 5618 ι
1477 5560 1818 5620 sanctiﬁcatio
1838 5600 1854 5627 ,
1889 5579 1906 5610 ι
1938 5563 2024 5616 vel

1712 4710 1759 4741 ⁷⁸
1791 4708 1992 4764 Coloss.
2031 4723 2109 4775 ιιι,
2138 4711 2193 4765 ‘5.

2110 4359 2409 4411 concubina
2441 4373 2568 4423 sua,
2614 4359 2778 4427 cujus
2808 4373 2980 4430 pater
3013 4377 3106 4422 est
3135 4369 3373 4437 Eliphas
3399 4407 3414 4431 ,
3453 4366 3538 4436 qui
3566 4365 3700 4415 inter-

2110 4455 2355 4512 pretatur
2401 4446 2540 4500 Deus
2595 4465 2677 4500 me
2733 4451 3015 4519 dispersit
3073 4455 3200 4528 (85)
3259 4471 3276 4510 :
3325 4467 3496 4510 mater
3554 4458 3697 4504 autem

2110 4533 2382 4589 Thaumas
2402 4575 2417 4598 ,
2447 4551 2567 4604 qua:
2601 4547 2656 4592 et
2685 4539 2808 4607 ipsa
2859 4543 3060 4611 primo
3093 4547 3334 4614 quidem
3363 4555 3448 4602 est
3471 4543 3696 4609 degener.

2291 4713 2338 4746 ⁷⁷
2371 4712 2529 4768 Num.
2563 4716 2838 4774 xxrv.20.
2919 4720 2969 4751 ⁷⁸
3017 4722 3166 4777 Gen.
3219 4738 3337 4779 xxv,
3386 4724 3439 4776 7,
3512 4718 3554 4750 η
3591 4715 3696 4770 Gen.

2113 4967 2390 5042 tsanetum
2404 4969 2624 5042 ηπ(
2640 4968 2886 5034 sacrari,
2903 4972 3262 5037 consecrari,
3285 4980 3526 5025 sanctum
3547 4977 3695 5020 esset!

2106 5041 2328 5124 Amalec
2373 5058 2511 5099 vero
2539 5041 2953 5124 interpretatur
3001 5071 3023 5105 ι
3051 5055 3354 5124 ablingens
3391 5049 3652 5120 populum.
3678 5061 3692 5090 ι

2107 5122 2174 5217 ξι)
2211 5133 2296 5217 εἶν
2330 5129 2565 5217 copulas
2604 5114 2804 5217 etpp'a
2851 5153 2871 5186 ε
2909 5134 3098 5201 linxit,
3142 5114 3416 5191 lambin;
3458 5114 3556 5188 Sed
3585 5127 3697 5184 unde

2105 5203 2328 5326 ἓῗέῗιθθ
2355 5203 2751 5282 ίηῑθτριειθιίιί·
2794 5234 2816 5268 ι
2853 5218 3148 5274 declinans
3186 5218 3477 5289 pupulum,
3507 5232 3526 5265 ι
3558 5212 3603 5264 id
3625 5223 3694 5261 me

2177 5343 2294 5428 (.85)
2335 5343 2563 5417 Eliphas
2597 5356 2688 5425 qui
2719 5356 3139 5428 interpretatur,
3177 5357 3320 5410 Deus
3355 5370 3435 5406 me
3465 5345 3692 5416 dispertit.

2108 5410 2333 5530 ῗιὶζβῗέέ
2368 5410 2550 5530 Ρέιιεν
2577 5410 2688 5495 δἐι
2716 5448 2810 5530 pa
2846 5410 3166 5512 (parcet.
3197 5453 3348 5499 XLIX,
3375 5410 3695 5530 agisque...

2111 5505 2262 5594 gi'lm
2300 5513 2612 5594 ίξῐιειπριθε
2641 5505 2931 5584 vei-ierunt
2963 5543 2983 5578 ι
3009 5522 3327 5584 dissolvere,
3357 5535 3376 5569 ο
3415 5513 3494 5568 vel
3524 5511 3648 5565 forte
3671 5530 3691 5556 ι.

2110 5582 2218 5649 Ἴτε
2251 5598 2270 5631 ί
2302 5582 2597 5657 dispersit.
2628 5612 2647 5646 ι
