3838 6216
131 325 232 392 7e!

1401 329 1465 382 ΙΝ
1498 327 1823 383 NUMEROS
1850 319 2133 380 llOMlLIA
2161 312 2293 367 XIX.

3313 318 3416 370 res
3452 293 3454 295 ’

147 413 781 509 ulei|“‘°_"“‘efpl‘eia“||'
812 419 1080 489 defectio
1125 447 1394 490 commota
1425 438 1572 509 (86):
1606 446 1663 490 ιιι
1696 451 1782 490 ne-
1818 441 1858 494 Α
1888 430 2085 487 Galaad
2123 425 2348 480 ducenta
2385 421 2547 478 millia
2577 428 2831 495 peditum,
2863 438 2915 480 et
2945 427 3047 481 tria
3081 427 3238 479 millia
3271 427 3412 480 viro-

159 506 396 587 cesﬁal'io
429 506 624 575 υιίιιιιθ
658 509 758 576 (ιυῐ
809 511 885 565 ab
934 513 1040 573 his
1081 521 1289 578 talibus
1326 506 1578 594 gignitur,
1619 524 1784 577 hostis

168 627 235 674 διι
273 596 437 654 “nd
465 637 484 663 ν
512 597 817 664 θδιῑηιιθιις
840 642 856 662 ο
891 606 994 659 νεὶ
1035 611 1331 668 declinans
1356 614 1621 682 populum.
1670 612 1785 664 Pri-

188 710 297 759 mus
318 688 462 743 enim
495 688 619 757 ipse
650 688 940 750 Hebrazos
975 712 1248 769 egressos
1278 718 1343 757 ex
1389 704 1616 772 IEgypto
1651 702 1784 755 bello

195 793 461 859 aggressus
489 789 578 832 εει
611 780 671 832 in
714 782 1044 854 Raphidin,
1075 800 1208 846 tunc
1234 807 1354 844 cum
1393 792 1597 860 Moyses
1621 791 1693 843 ait
1720 791 1784 844 ad

205 878 366 931 legum
386 869 464 922 In:
493 886 514 920 ι
543 869 702 939 Elige
731 872 838 925 tibi
878 875 1046 932 viros
1072 918 1087 942 ,
1111 890 1168 934 et
1197 882 1303 946 exi,
1330 891 1382 934 et
1404 880 1625 950 conflige
1665 897 1783 935 cum

215 959 414 1014 Amalec
449 959 696 1013 crastino
720 998 737 1023 ,
773 969 835 1014 et
881 977 1028 1019 ecce
1054 981 1156 1034 ego
1182 977 1265 1021 sto
1303 970 1353 1021 in
1382 969 1579 1022 vertice
1606 969 1782 1031 collis.

211 1060 266 1104 et
293 1050 429 1118 virga
454 1046 551 1102 Dei
578 1049 638 1102 in
666 1064 842 1103 manu
887 1066 1015 1105 mea
1059 1054 1186 1110 erit.
1228 1056 1290 1108 Et
1323 1054 1447 1108 fecit
1473 1056 1624 1109 Jesus
1650 1057 1788 1109 sicut

214 1139 350 1191 dixit
390 1137 436 1190 ei
464 1136 716 1205 Moyses,
750 1147 810 1193 et
837 1141 1095 1194 conflixit
1120 1157 1239 1196 eum
1282 1143 1536 1196 Amalec:
1585 1143 1788 1210 Moyses

208 1237 484 1291 autem,et
505 1229 710 1289 Aaron,
737 1237 797 1280 et
832 1228 918 1283 Ur
940 1230 1300 1285 ascenderunt
1324 1231 1374 1283 in
1401 1232 1654 1285 verticem
1678 1232 1787 1286 col-

208 1321 316 1373 lis:
361 1327 418 1370 et
449 1316 652 1372 factum
687 1327 772 1372 est
798 1357 815 1382 ,
840 1328 899 1370 ut
922 1333 1050 1372 cum
1078 1319 1279 1373 levaret
1313 1333 1500 1374 manus
1544 1321 1784 1392 Moyses,

206 1411 584 1463 invalesceret
618 1407 786 1460 Israel
819 1426 835 1463 :
882 1423 1010 1461 eum
1045 1419 1222 1462 autem
1266 1411 1549 1478 deponeret
1601 1426 1788 1465 manus

203 1513 363 1558 snas,
411 1497 784 1550 invalescebat
808 1497 1050 1550 Amalec.
1083 1514 1102 1548 ι
1144 1499 1206 1549 Ει
1243 1508 1361 1566 post
1397 1513 1559 1566 pauca
1599 1500 1786 1552 iterum

199 1586 485 1654 scriptum
516 1596 605 1638 est
631 1585 758 1651 quia
795 1584 1060 1653 fugaverit
1084 1585 1237 1641 Jesus
1261 1587 1473 1640 Amalec
1493 1627 1508 1650 ,
1535 1598 1588 1640 et
1623 1602 1789 1654 popu-

201 1677 320 1728 lum
358 1676 489 1738 eius
529 1675 717 1744 gladio
739 1673 1040 1743 deiecerit:
1079 1685 1202 1728 tunc
1241 1676 1382 1729 enim
1429 1677 1677 1730 Dominus
1704 1677 1788 1729 di-

201 1766 284 1817 xit
318 1766 395 1819 ad
431 1764 660 1834 Moysen
688 1764 764 1816 8':
804 1781 820 1812 ι
851 1763 1141 1816 Conscribe
1172 1764 1281 1816 hmc
1309 1764 1372 1816 ad
1398 1765 1704 1818 memoriam
1739 1766 1788 1817 in

199 1854 353 1907 libro
381 1891 396 1915 ,
446 1861 505 1907 et
540 1854 614 1906 da
651 1853 703 1904 in
739 1853 962 1905 auribus
1005 1851 1166 1905 Jesu:
1215 1853 1338 1920 quia
1388 1853 1569 1908 delens
1603 1854 1788 1909 delebo

202 1944 546 1996 memoriam
579 1941 806 1995 Amalec
835 1943 902 1994 de
929 1941 1027 1994 sub
1056 1941 1211 1996 coelo.
1239 1942 1302 1994 Et
1332 1943 1608 1996 aedificavit
1639 1943 1789 2012 Moy-

197 2046 296 2084 ses
328 2032 510 2084 altare
536 2070 552 2093 ,
591 2041 650 2084 et
686 2030 987 2082 nominavit
1015 2045 1205 2083 nomen
1235 2031 1348 2098 ejus
1372 2068 1387 2093 ,
1422 2032 1675 2085 Dominus
1701 2047 1787 2084 re-

202 2122 420 2188 lugium
460 2133 690 2172 meum:
723 2127 777 2172 et
805 2119 912 2171 ait:
946 2119 1080 2183 Quia
1112 2120 1160 2170 in
1191 2134 1347 2172 manu
1377 2119 1580 2173 occulta
1617 2120 1790 2174 Domi-

200 2225 318 2261 nus
344 2218 634 2276 expugnat
678 2207 900 2260 Amalec
945 2222 972 2259 a
1006 2210 1349 2275 generatione
1395 2209 1446 2259 in
1487 2209 1788 2275 generatio-

200 2313 364 2350 nem.
393 2316 414 2348 ι
451 2297 710 2362 lntellige
724 2310 791 2348 ex
821 2297 922 2350 hoc
935 2296 1236 2350 evidentius
1259 2296 1384 2364 quid
1416 2299 1606 2351 debeat
1635 2298 1788 2350 intel-

202 2389 304 2454 ligi
345 2387 610 2447 Amalec,
641 2400 806 2452 quem
841 2399 999 2437 manu
1027 2385 1232 2440 occulta
1254 2421 1272 2449 ,
1307 2386 1357 2438 id
1386 2386 1488 2450 est,
1516 2385 1787 2450 invisibili,

200 2488 544 2542 expugnare
573 2473 783 2526 dicitur
813 2473 954 2526 Deus
983 2487 1012 2525 a
1036 2473 1375 2541 generatione
1408 2474 1460 2527 in
1486 2475 1788 2542 generatio-

207 2577 363 2616 nem.
416 2561 535 2616 Sed
594 2563 649 2614 in
701 2560 1115 2614 Deuteronomio
1155 2560 1229 2614 ita
1279 2562 1531 2628 scriptum
1577 2572 1658 2614 est
1703 2561 1790 2615 ⁸³3

207 2669 232 2701 ι
259 2651 550 2706 Memento
601 2659 812 2717 quanta
855 2651 948 2703 tibi
993 2649 1182 2704 fecerit
1221 2651 1437 2704 Amalec
1466 2651 1517 2704 in
1548 2653 1627 2704 via
1669 2668 1788 2706 cum

205 2741 429 2796 exisscs
457 2742 528 2794 de
555 2740 830 2808 Egypto,
862 2741 1128 2806 quomodo
1155 2740 1362 2793 obstitit
1399 2741 1490 2794 tibi
1527 2742 1578 2794 in
1605 2743 1708 2804 via,
1741 2750 1791 2794 et

209 2831 428 2883 excidit
459 2830 705 2883 caudam
745 2837 893 2880 tuam
923 2867 940 2892 ,
988 2842 1177 2881 omnes
1207 2829 1292 2895 qui
1320 2829 1631 2884 laborabant
1676 2843 1796 2899 post

208 2929 291 2970 te.
318 2918 400 2971 Tn
428 2927 620 2972 autem
647 2915 930 2972 esuriebas
954 2926 1006 2969 et
1029 2916 1331 2980 laborabas,
1355 2928 1407 2970 et
1436 2934 1538 2972 non
1568 2920 1787 2976 timuisti

1890 535 2006 574 rum
2030 534 2098 573 ex
2126 515 2256 569 Juda
2285 553 2300 578 ,
2331 519 2383 565 et
2414 516 2556 568 venit
2595 515 2722 570 Saul
2748 515 2810 567 ad
2847 517 3110 570 civitatem
3159 512 3372 569 Amalec
3394 553 3408 577 ,

1887 621 1942 664 et
1969 609 2189 663 insidias
2223 605 2396 674 posuit
2423 606 2475 658 in
2498 608 2664 670 valle,
2697 615 2753 660 et
2779 607 2852 659 ait
2891 607 3014 660 Saul
3059 607 3122 659 ad
3148 607 3368 662 Cineum
3398 626 3410 661 :

1893 699 2036 753 Vade
2060 708 2139 762 tu,
2169 704 2222 750 et
2243 695 2451 750 discede
2480 697 2543 751 de
2569 695 2742 749 medio
2765 695 3000 760 Amalec,
3033 710 3100 750 ne
3127 695 3263 749 forte
3280 703 3333 748 et
3360 704 3412 748 tu

1890 788 2160 856 adjiciaris
2191 785 2301 854 (87)
2331 801 2450 839 cum
2479 786 2613 852 ipso.
2645 783 2720 837 Tu
2746 783 2890 836 enim
2916 782 3088 836 fecisti
3114 783 3416 836 misericor-

1890 878 2028 930 diam
2075 891 2193 929 cum
2232 874 2476 928 omnibus
2513 872 2638 926 liliis
2677 869 2840 924 Israel
2865 910 2881 936 ,
2917 885 3037 923 cum
3067 871 3415 924 ascenderent

1890 967 1954 1020 de
1985 975 2126 1019 terra
2176 964 2408 1033 Egypti.
2446 963 2510 1015 Et
2545 960 2789 1015 discessit
2819 959 3015 1013 Cineus
3048 960 3113 1013 de
3143 959 3316 1013 medio
3339 959 3413 1011 A—

1893 1054 2076 1114 malec,
2112 1061 2165 1104 et
2204 1053 2470 1119 percussit
2504 1049 2628 1102 Saul
2665 1050 2901 1109 Amalec,
2931 1049 2997 1101 ab
3045 1048 3218 1103 Evilat
3247 1053 3415 1116 usque

1892 1144 2012 1206 Sur,
2040 1158 2156 1211 quae
2189 1151 2273 1196 est
2299 1151 2484 1196 contra
2518 1139 2704 1194 faciem
2737 1139 2951 1208 {Egypti
2975 1181 2990 1206 ,
3022 1149 3073 1193 et
3103 1139 3242 1207 cepit
3271 1140 3413 1208 Agag

1893 1247 2064 1301 regem
2090 1231 2304 1284 Amalec
2328 1231 2528 1291 vivum,
2557 1238 2610 1283 et
2635 1245 2846 1286 onmem
2873 1229 3124 1298 populum
3149 1231 3268 1300 ejus
3288 1243 3416 1281 ana-

1891 1321 2253 1374 tltematizavit
2289 1321 2338 1374 in
2371 1334 2467 1374 ore
2504 1319 2705 1389 gladii,
2733 1329 2787 1372 et
2811 1319 3050 1388 pepercit
3085 1315 3208 1370 Saul
3239 1323 3293 1370 et
3321 1329 3417 1384 po-

1891 1409 2046 1477 pulus
2098 1410 2204 1476 regi
2255 1410 2400 1477 Agag
2426 1449 2440 1474 ,
2478 1418 2531 1461 et
2581 1409 2814 1463 servavit
2859 1422 3016 1461 omne
3047 1407 3184 1474 quod
3216 1405 3411 1460 bonum

1892 1505 2010 1550 erat
2038 1511 2100 1550 ex
2129 1498 2314 1550 ovibus
2341 1507 2394 1550 et
2423 1496 2609 1559 bobus,
2642 1496 2734 1548 sed
2763 1505 2817 1548 et
2844 1510 2961 1563 quae
3008 1493 3232 1548 fecunda
3261 1501 3415 1547 erant

1890 1601 1952 1640 ex
1977 1587 2223 1640 omnibus
2248 1587 2528 1654 pecoribus
2561 1585 2734 1649 bonis,
2765 1594 2819 1639 et
2845 1585 3125 1638 noluerunt
3147 1597 3208 1638 ea
3235 1592 3413 1638 exter-

1892 1675 2116 1739 minare,
2142 1676 2230 1730 sed
2254 1690 2410 1730 omne
2438 1677 2576 1743 quod
2608 1675 2704 1730 fuit
2730 1674 3122 1741 contemptibile
3148 1682 3202 1726 et
3228 1675 3416 1739 despe-

1889 1775 2051 1828 ctum,
2087 1766 2187 1819 boc
2212 1765 2815 1819 anathematizaverunt.
2844 1765 2908 1818 Et
2933 1763 3104 1818 factus
3125 1772 3207 1817 est
3235 1774 3418 1816 sermo

1889 1854 2098 1908 Domini
2127 1854 2191 1906 ad
2217 1852 2512 1907 Samuelem
2542 1856 2760 1909 dicens:
2791 1855 3016 1909 Paenitet
3043 1867 3146 1919 me,
3173 1853 3294 1920 quia
3326 1867 3417 1906 un-

1889 1944 2054 1997 xerim
2085 1942 2210 1996 Saul
2238 1945 2287 1996 in
2315 1957 2511 2012 regem.
2543 1965 2562 1996 ι
2597 1945 2660 1997 Ει
2687 1946 2770 1998 hic
2801 1959 2926 2012 ergo
2951 1944 3171 1998 observa
3197 1957 3416 2011 quomo-

1890 2031 1956 2084 do
1991 2030 2126 2083 Dens
2153 2043 2248 2097 per
2282 2031 2591 2097 prophetam
2623 2033 2730 2100 regi
2759 2033 2885 2084 Saul
2914 2031 3150 2098 praecipit
3174 2039 3230 2085 ut
3258 2045 3417 2096 expu-

1887 2126 2010 2186 gnet
2035 2117 2270 2181 Amalec,
2289 2128 2455 2172 etnon
2485 2128 2667 2187 parcat
2693 2122 2938 2188 cuiquam
2969 2135 3034 2174 ex
3064 2120 3144 2174 eis
3171 2137 3183 2172 :
3217 2129 3270 2172 et
3285 2134 3412 2188 quo-

1891 2209 2030 2260 niam
2064 2208 2298 2275 pepercit
2329 2209 2439 2276 regi
2473 2209 2687 2264 Amalec
2715 2211 2882 2278 Agag,
2911 2209 3164 2263 offensam
3196 2208 3417 2262 incurrit

1889 2295 2286 2363 inexpiabilem,
2312 2298 2383 2350 ita
2425 2306 2482 2351 ut
2507 2312 2738 2367 eousque
2767 2309 3099 2367 permoveret
3130 2301 3290 2354 Deum
3315 2339 3331 2362 ,
3358 2309 3417 2353 ut

1890 2394 2070 2438 contra
2105 2401 2260 2454 quam
2297 2389 2486 2457 recipit
2517 2389 2604 2442 illa
2635 2397 2821 2442 natura
2854 2390 3086 2443 diceret:
3131 2406 3150 2440 ι
3185 2389 3412 2442 Ρωιιίιθι

1892 2490 1974 2528 me
2002 2477 2143 2542 quod
2175 2478 2296 2530 unxi
2339 2477 2463 2531 Saul
2514 2479 2564 2530 in
2600 2493 2794 2547 regem.
2828 2497 2844 2528 ι
2883 2477 2996 2532 Νοιι
3045 2491 3174 2546 ergo
3201 2479 3416 2544 expedit

1891 2565 2042 2616 nobis
2074 2580 2290 2632 parcere
2320 2566 2414 2626 illi,
2446 2567 2533 2634 qui
2564 2567 2784 2619 declinat
2818 2568 3090 2634 populum,
3122 2566 3202 2620 vel
3243 2565 3415 2619 ablin-

1892 2655 1962 2718 git
1983 2689 1998 2713 ,
2030 2661 2081 2704 et
2117 2653 2374 2707 devorat:
2409 2652 2480 2705 illi
2522 2652 2724 2706 scilicet
2755 2653 3002 2706 invisibili
3031 2653 3245 2706 Amalec
3267 2690 3283 2716 ,
3325 2653 3415 2719 qui

1890 2741 2186 2803 volentibus
2202 2741 2498 2796 ascendere
2521 2743 2585 2795 de
2609 2740 2862 2810 Aigypto,
2885 2749 2936 2794 et
2957 2741 3022 2794 de
3052 2741 3231 2795 mundi
3263 2743 3418 2810 hujus

1891 2829 2116 2881 evadere
2156 2829 2427 2894 tenebris,
2463 2841 2622 2897 atque
2651 2831 2716 2882 ad
2753 2839 2947 2883 terram
2988 2831 3418 2899 repromissionis

1893 2918 2184 2970 ascendere
2211 2956 2228 2982 ,
2255 2918 2452 2972 resistit
2499 2919 2551 2971 in
2598 2919 2702 2980 via,
2733 2927 2784 2970 et
2832 2918 3104 2986 impugnat
3133 2934 3256 2974 nos.
3291 2931 3343 2974 et
3371 2923 3416 2975 si

211 3010 417 3062 Deum.
462 3027 482 3059 ι
538 3007 793 3061 Observa
827 3019 959 3072 ergo
995 3013 1048 3058 et
1081 3006 1132 3058 in
1165 3006 1232 3060 iis
1278 3010 1542 3074 quomodo
1574 3009 1792 3065 Amalec
1820 3039 1860 3095 ο
1894 3007 2154 3059 invenerit
2184 3021 2279 3061 nos
2311 3006 2482 3061 lassos
2503 3022 2567 3060 ac
2597 3007 2853 3073 defessos,
2880 3017 2933 3060 et
2967 3016 3110 3062 retro
3137 3010 3421 3074 respicien-

211 3096 438 3150 obstitit
483 3093 663 3149 Israel
702 3093 753 3146 in
794 3094 873 3144 via
897 3131 912 3156 ,
954 3092 1046 3144 sed
1083 3102 1256 3146 tamen
1304 3109 1406 3148 non
1433 3097 1604 3163 potuit
1639 3107 1797 3165 caput

204 3185 340 3252 ejus
385 3185 718 3240 abscindere
742 3221 758 3246 ,
810 3184 910 3236 nisi
948 3182 1171 3236 caudam
1213 3194 1455 3237 tantum:
1501 3187 1552 3239 id
1589 3195 1668 3240 est
1706 3197 1798 3240 eos

207 3271 400 3339 potuit
440 3273 710 3327 obtinere
738 3309 753 3332 ,
788 3272 879 3338 qui
917 3280 1062 3324 retro
1090 3273 1248 3339 positi
1276 3283 1467 3337 erant,
1492 3276 1582 3343 qui
1621 3275 1792 3330 ultimi

209 3363 632 3428 Sequebantur,
665 3374 768 3414 nec
796 3373 858 3412 ea
887 3374 1006 3427 qum
1033 3372 1182 3414 retro
1209 3370 1362 3415 erant
1395 3363 1792 3431 obliviscentes,

207 3451 602 3505 extendebant
657 3463 721 3503 se
769 3451 838 3503 ad
871 3464 932 3503 ea
981 3465 1101 3516 quae
1131 3450 1183 3502 in
1231 3459 1356 3503 ante
1407 3460 1548 3504 sunt.
1586 3453 1650 3505 Et
1679 3452 1796 3508 ideo

195 3547 351 3604 puto
399 3542 529 3609 quia
586 3539 855 3592 Dominus
899 3538 1238 3604 praecipiebat
1281 3541 1332 3591 in
1378 3539 1679 3606 Evangeliis
1707 3542 1798 3593 di-

176 3641 328 3679 cens
372 3629 453 3681 3‘:
501 3647 522 3678 ι
559 3627 740 3679 Nemo
791 3626 1016 3678 mittens
1051 3641 1264 3678 manum
1295 3641 1447 3680 suam
1492 3643 1650 3694 super
1679 3645 1797 3682 ara-

183 3726 394 3779 trum,
427 3726 478 3771 et
512 3725 674 3770 retro
704 3715 1023 3782 respiciens,
1053 3724 1206 3780 aptus
1235 3725 1315 3768 est
1347 3731 1510 3783 regno
1540 3718 1648 3774 Dei.
1680 3737 1698 3770 ι
1735 3718 1800 3771 Ει

203 3807 454 3860 merito:
483 3806 530 3860 si
564 3806 720 3860 enim
753 3813 902 3856 retro
927 3804 1050 3870 quis
1077 3804 1325 3856 inventus
1347 3803 1506 3858 fuerit
1530 3806 1580 3858 in
1607 3808 1794 3872 cauda,

217 3896 516 3950 abscindet
541 3909 672 3949 eum
698 3894 944 3947 Amalec.
969 3891 1074 3944 Sed
1100 3901 1152 3943 et
1178 3893 1334 3945 aliam
1362 3894 1533 3948 adhuc
1556 3897 1620 3947 de
1643 3895 1800 3946 Ama-

217 3982 309 4036 lec
340 3983 625 4038 historiam
653 3981 1004 4051 proferamus
1022 4024 1037 4046 ,
1060 3993 1118 4036 ut
1146 3998 1208 4036 ex
1240 3983 1481 4050 pluribus
1509 3983 1800 4050 Scriptura:

220 4071 378 4123 locis
416 4073 616 4126 clarius
648 4072 798 4138 quod
847 4074 1140 4138 quan-imus
1176 4073 1508 4124 advertatur.
1540 4071 1594 4124 In
1628 4072 1798 4138 primo

225 4159 540 4225 Regnorum
570 4162 716 4214 libro
747 4161 825 4212 ait
856 4160 1076 4212 Samuel
1111 4161 1175 4212 ad
1207 4161 1336 4214 Saul
1368 4161 1450 4214 ⁸⁵ς
1490 4177 1508 4210 ι
1536 4160 1675 4214 Misit
1714 4176 1797 4214 me

229 4246 489 4303 Dominus
517 4264 730 4318 ungere
771 4257 822 4302 te
857 4263 1038 4316 regem
1068 4264 1227 4316 super
1255 4250 1506 4316 populum
1537 4263 1688 4302 suum
1722 4250 1798 4303 ls-

1897 3103 2010 3155 tes,
2045 3103 2205 3161 atque
2234 3095 2286 3147 in
2316 3093 2513 3146 ultimis
2546 3102 2598 3146 et
2629 3094 2678 3146 in
2709 3093 2871 3147 cauda
2909 3093 3126 3159 positos,
3157 3093 3419 3148 abscindit

1895 3195 1988 3232 nos
2026 3189 2080 3233 et
2110 3181 2339 3248 perimit.
2383 3182 2446 3234 Et
2480 3181 2600 3235 ideo
2630 3182 2936 3235 tentandum
2970 3194 3182 3250 semper
3210 3182 3263 3234 in
3292 3191 3418 3240 ante

1893 3278 2002 3330 est,
2039 3278 2089 3322 et
2125 3269 2189 3321 ad
2222 3270 2430 3336 pr0pria
2462 3268 2832 3329 festinandum,
2867 3270 2973 3319 imo
2995 3277 3047 3320 et
3081 3270 3132 3319 in
3169 3272 3418 3323 verticem

1895 3357 2089 3410 montis
2118 3358 2508 3411 ascendendum
2535 3393 2551 3420 ,
2595 3365 2647 3408 et
2685 3367 2892 3421 semper
2934 3355 3169 3409 levanda:
3200 3367 3322 3408 sunt
3364 3357 3416 3410 in

1893 3446 2229 3500 orationibus
2254 3447 2321 3500 ad
2346 3445 2540 3500 coelum
2570 3458 2780 3506 manus,
2811 3451 2868 3495 ut
2900 3445 2971 3496 ita
3001 3445 3215 3498 demum
3247 3445 3419 3499 vinca-

1896 3545 1979 3588 tur
2001 3535 2217 3588 Amalec
2247 3544 2300 3588 et
2331 3535 2506 3590 cadat.
2538 3533 2627 3590 Vis
2661 3545 2836 3590 autem
2864 3537 3002 3590 scire
3031 3537 3282 3601 quoniam
3312 3549 3414 3588 non

1894 3624 2151 3676 transitur
2166 3625 2228 3676 ad
2248 3634 2441 3676 terram
2465 3633 2725 3689 sanctam,
2748 3639 2918 3692 neque
2938 3625 3244 3692 pervenitur
3257 3623 3321 3676 ad
3339 3638 3420 3676 re-

1894 3727 2096 3780 gnum,
2140 3712 2238 3765 nisi
2299 3713 2444 3778 prius
2487 3713 2726 3765 vincatur
2771 3713 2985 3765 Amalec
3029 3712 3052 3764 i
3094 3711 3258 3764 David
3298 3725 3416 3764 cum

1899 3802 2058 3856 tnulta
2085 3802 2216 3855 bella
2253 3802 2522 3869 gessisset,
2558 3812 2610 3854 et
2636 3809 2820 3855 contra
2857 3800 3160 3870 Allopbylos
3195 3801 3419 3854 fuissent

1893 3888 2050 3958 345
2073 3889 2119 3942 ei
2175 3889 2419 3942 acerrimi
2480 3888 2884 3955 frequentesque
2933 3887 3250 3951 conﬂictus,
3313 3899 3416 3939 non

1900 3986 2071 4028 tamen
2105 3975 2355 4029 scribitur
2379 3975 2676 4030 obtinuisse
2709 3989 2951 4043 regnum,
2985 3974 3087 4028 nisi
3121 3975 3268 4041 prius
3291 3974 3419 4027 edo-

1899 4067 2118 4118 muisset
2146 4065 2384 4118 Amalec.
2419 4065 2507 4118 Ait
2539 4065 2680 4119 enim
2711 4064 2983 4132 Scriptura
3022 4063 3110 4114 ἐς
3149 4081 3167 4113 ι
3222 4061 3289 4116 Et
3337 4076 3422 4115 reo

1897 4169 2108 4222 gressus
2136 4165 2218 4208 est
2253 4155 2416 4208 David
2478 4165 2816 4222 posteaquam
2867 4153 3059 4208 cecidit
3107 4151 3344 4212 Amalec,
3365 4160 3419 4204 et

1899 4244 2135 4312 suscepit
2164 4259 2380 4312 regnum
2411 4243 2558 4307 Saul;
2594 4262 2612 4293 ι
2675 4259 2792 4296 cum
2845 4251 3020 4295 tamen
3052 4242 3165 4308 ipse
3205 4240 3423 4294 Amalec

233 4337 355 4388 rael
386 4375 401 4399 ,
431 4349 477 4392 et
510 4354 656 4391 nunc
687 4336 814 4390 audi
854 4349 1042 4388 vocem
1077 4337 1360 4388 verborum
1381 4329 1386 4337 ’
1411 4337 1635 4389 Domini.
1678 4336 1798 4389 Haec
1832 4343 1874 4397 ι)
1904 4333 2238 4387 describatur
2263 4334 2455 4388 multas
2489 4335 2635 4402 prius
2667 4343 2873 4399 strages
2924 4332 3115 4386 fecisse
3146 4332 3196 4384 in
3232 4330 3423 4400 populo

231 4427 374 4479 dicit
423 4429 676 4482 Dominus
732 4430 994 4480 virtutum
1036 4443 1049 4478 :
1097 4427 1402 4494 Recogitavi
1454 4427 1629 4479 omnia
1678 4442 1796 4494 qua:

231 4513 373 4566 fecit
408 4517 607 4572 Amalec
653 4519 949 4571 adversum
983 4514 1150 4568 Israel
1172 4555 1188 4579 ,
1221 4517 1490 4583 quomodo
1529 4520 1798 4581 percussit

235 4618 368 4654 eum
413 4603 458 4658 in
490 4608 570 4660 via
599 4622 723 4661 cum
757 4608 1092 4660 ascenderet
1118 4621 1184 4658 ex
1218 4605 1468 4674 Egypto.
1500 4605 1645 4660 Nunc
1670 4622 1797 4674 ergo

234 4688 380 4737 vade
400 4721 414 4747 ,
453 4698 500 4742 et
529 4699 754 4758 percute
799 4689 1040 4742 Amalec
1060 4727 1074 4749 ,
1117 4697 1168 4740 et
1196 4690 1585 4743 auatbematiza
1617 4695 1793 4743 omnia

229 4788 553 4848 quaecunque
567 4781 756 4840 habet,
784 4785 842 4832 et
859 4791 972 4829 non
993 4790 1208 4843 parcas,
1225 4778 1314 4830 sed
1332 4777 1566 4830 interﬁce
1589 4794 1795 4845 omnes,

225 4875 256 4908 a
296 4863 413 4914 viro
433 4880 595 4940 usque
628 4869 699 4923 ad
733 4866 1046 4920 mulierem
1069 4901 1086 4924 .
1119 4875 1172 4917 et
1199 4864 1442 4931 parvulos
1464 4902 1477 4924 ,
1507 4875 1561 4917 et
1598 4867 1800 4920 lacten-

215 4953 319 5007 tes,
353 4956 400 5000 et
425 4970 636 5024 “mos,
667 4967 724 5011 et
753 4967 971 5024 greges
1014 4953 1220 5018 ovium,
1250 4962 1301 5007 et
1326 4952 1571 5018 camelos,
1602 4965 1657 5008 et
1693 4960 1799 5010 asi-

202 5045 314 5082 "03'
360 5035 422 5108 Et
451 5049 729 5124 praecepit
781 5044 931 5098 Saul
975 5043 1217 5109 populo,
1253 5052 1305 5096 et
1346 5043 1565 5108 inspexit
1605 5061 1702 5099 eos
1747 5049 1798 5099 in

1904 4421 2086 4484 Israel,
2120 4431 2173 4474 et
2200 4421 2358 4474 urbes
2401 4436 2584 4475 eorum
2637 4421 2936 4474 incendisse
2988 4418 3420 4488 quamplurimas.

1909 4509 2042 4562 Vere
2071 4509 2212 4562 enim
2246 4517 2366 4563 ante
2403 4510 2682 4562 adventum
2738 4512 2848 4562 veri
2879 4509 3062 4574 David,
3126 4507 3264 4562 illius
3330 4508 3422 4574 qui

1904 4606 2061 4648 natus
2091 4606 2173 4649 est
2201 4611 2263 4647 ex
2292 4597 2496 4650 semine
2523 4595 2686 4649 David
2711 4597 3000 4650 secundum
3026 4611 3266 4658 carnem,
3285 4595 3422 4648 mul-

1905 4694 1986 4737 tas
2011 4693 2218 4753 strages
2248 4685 2511 4752 spiritales
2537 4686 2842 4740 Amalecitae
2861 4726 2875 4750 ,
2905 4701 3022 4755 qua:
3047 4694 3168 4740 sunt
3203 4693 3424 4738 contra-

1907 4774 1999 4825 ria:
2027 4773 2270 4836 virtutes,
2339 4773 2576 4826 fecerunt
2621 4775 2672 4827 in
2723 4777 2914 4844 populo
2977 4774 3158 4828 Israel.
3221 4772 3324 4826 Sed
3371 4784 3426 4826 et

1904 4863 2070 4928 ipsius
2107 4862 2266 4914 David
2307 4864 2662 4931 captivarunt,
2713 4865 2881 4930 inquit
2915 4864 2980 4926 ⁸⁷,
3025 4864 3154 4915 duas
3209 4875 3422 4914 uxores.

1908 4950 2143 5004 Judmum
2179 4962 2304 5019 pulo
2333 4953 2583 5020 primum,
2619 4963 2671 5007 et
2700 4953 2988 5007 secundum
3045 4949 3290 5019 gentilem
3336 4962 3428 5015 po-

1907 5044 2086 5110 pulum
2125 5045 2226 5098 dici
2260 5056 2274 5096 :
2313 5053 2365 5096 et
2415 5041 2625 5097 Judaaos
2680 5045 2819 5094 enim
2874 5049 2928 5094 et
2973 5037 3193 5108 gentiles
3238 5048 3429 5086 omnes

164 5247 197 5294 2
239 5182 504 5298 ξ’ίιοιι.
551 5220 706 5264 xvn,
739 5200 804 5264 9,
847 5197 950 5262 to,
984 5198 1081 5249 ιι.
1155 5198 1468 5262 ⁸¹·ὶ1›ῑ‹ι,Η,
1497 5201 1588 5264 ts,
1635 5202 1724 5254 te.

195 5286 206 5298 .
276 5287 290 5298 .
451 5281 483 5298 ν
554 5277 590 5298 13
653 5273 689 5298 ’τ
753 5267 789 5298 Ω
855 5266 895 5298 0
959 5263 1036 5298 4η
1093 5265 1149 5298 II
1249 5264 1530 5298 unum.
1588 5270 1612 5298 Ι
1760 5272 1791 5298 81

1896 5205 2023 5298 :eut.
2050 5215 2170 5262 xxv,
2205 5199 2290 5262 Π,
2320 5197 2400 5251 18.
2475 5197 2522 5228 ⁸⁸
2551 5197 2676 5251 Luc.
2719 5212 2790 5257 ιιι,
2821 5194 2908 5245 62.
2978 5187 3022 5218 “
3049 5186 3066 5237 Ι
3097 5187 3223 5249 Reg.
3252 5196 3342 5244 xv,
3381 5187 3431 5248 l,

193 5263 206 5308 ὶ
241 5263 290 5310 δι
327 5263 506 5348 {:5;
552 5277 615 5337 6,
653 5263 712 5334 7,
751 5263 816 5330 8,
855 5266 918 5326 9,
959 5263 1058 5328 ‘10,
1093 5265 1177 5316 ll.
1249 5265 1291 5296 ⁸⁸
1311 5264 1347 5315 ll
1374 5264 1492 5335 Reg.
1515 5263 1645 5332 1,71.
1760 5272 1791 5302 θτ

1896 5272 2004 5336 leg.
2035 5284 2158 5330 xxx,
2188 5286 2234 5321 v.

1983 5425 2294 5496 (87)Codex
2323 5421 2657 5496 gorbeiensis
2688 5437 2704 5468 ι
2732 5411 3011 5496 adjiciat-is:
3045 5424 3062 5496 ι
3090 5401 3448 5496 Βξιιὲξῆξὶὶξιίε

1919 5511 1938 5542 σ
2515 5467 2631 5562 post
2659 5467 3008 5538 mssfbabent
3043 5490 3060 5519 ι
3089 5472 3152 5520 ab
3185 5467 3392 5522 Evilat.
3423 5487 3449 5524 ο

1913 5557 2065 5616 Libb.
2105 5562 2250 5624 editi,
2289 5577 2305 5608 t
2338 5561 2401 5610 ab
2431 5557 2597 5622 Ejttlu.
2638 5574 2654 5602 ι

373 5434 600 5493 Deinde
628 5426 1074 5493 interpretatur
1091 5432 1566 5493 nerscnoconnon.
1589 5423 1637 5475 A
1669 5436 1810 5485 ann

136 5471 821 5564 {nﬂf’fuﬁﬁmd'en'ceré
839 5525 862 5552 ,
894 5493 947 5551 λ»
998 5491 1056 5536 et
1098 5493 1180 5543 nu
1219 5503 1233 5533 t
1269 5471 1804 5559 mov’i’t’s'e";"{don?,‘

126 5549 294 5598 “’“m‘
311 5549 481 5626 6ιῖἱεῖ
512 5565 652 5618 fuit.
693 5575 712 5605 ι
