3838 6196
452 324 550 378 7'25

1861 294 2174 354 ORIGENiS

3604 270 3691 323 τιι

455 443 668 492 constat
702 435 800 490 sub
828 440 1045 502 peccato
1085 429 1251 484 fuisse
1285 425 1584 481 conclusos.
1615 422 1718 476 Sed
1777 432 1883 472 non
1935 416 1988 468 in
2019 418 2063 472 Α
2091 411 2276 473 Israel,
2309 424 2439 462 cum
2478 405 2832 461 ascenderet
2880 391 3313 502 tleIEgyplLo.Lr
3342 387 3414 502 De
3458 387 3552 484 hoc
3586 399 3694 484 ergo

455 531 538 583 his
581 541 758 581 rerum
796 525 969 577 exitus
1015 520 1231 575 mansit.
1284 516 1582 570 Adveniens
1628 512 1768 566 enim
1821 507 1988 561 David

453 615 572 668 audi
611 613 734 680 quid
772 611 951 664 faciat.
982 609 1048 662 Et
1075 608 1298 668 invenit,
1339 604 1529 672 inquit,
1564 602 1724 654 David
1781 598 1988 664 disper-

2089 512 2144 556 et
2170 515 2309 553 nunc
2341 498 2588 560 dicitur,
2629 496 2764 562 quia
2825 486 3022 542 valida
3055 483 3134 536 sit
3187 475 3452 534 habitatio
3489 475 3612 543 ejus,
3654 475 3691 527 si

2091 598 2252 661 ponat
2287 589 2489 642 nidum
2525 599 2696 641 suum
2735 582 2791 634 in
2847 586 3040 642 petra.
3108 569 3276 624 Petra
3323 565 3561 619 Christus
3606 572 3691 615 est.

450 718 540 758 sos
583 651 904 754 Ainalecitas
963 716 982 748 ι
1038 651 1445 754 manducantes,
1512 701 1564 746 et
1617 651 1878 744 bibentes:
1939 691 1995 737 et
2091 682 2148 734 Si
2186 695 2314 748 ergo
2342 686 2520 745 ponat
2551 675 2746 728 nidmn
2778 681 2953 722 suum
2995 665 3056 716 in
3097 669 3282 758 peti-:1.
3318 653 3493 758 ulla?
3517 651 3694 705 35”“-

450 792 778 846 exsultantes
797 803 893 856 pro
918 785 1093 853 praeda
1115 798 1269 851 quam
1299 782 1626 834 abstulerant
1653 797 1668 832 :
1692 787 1744 831 et
1775 775 1991 833 cecidit.

454 881 650 948 inquit,
685 892 828 932 eosa
861 877 1031 944 prima
1082 883 1236 928 nocte
1280 885 1447 936 usque
1499 871 1563 922 ad
1612 881 1885 935 vesperam
1939 864 1993 916 in

453 969 748 1021 crastinum
780 966 844 1016 ⁸⁸.
872 983 888 1015 ι
913 964 980 1018 Ει
1005 971 1123 1030 post
1160 961 1302 1014 bane
1330 959 1525 1013 caedem
1552 953 1994 1018 Amalecitarum,

457 1067 734 1122 regressus
761 1052 992 1118 suscepit
1033 1062 1275 1116 regnum.

523 1144 577 1195 2.
612 1142 764 1195 Hunc
792 1155 920 1209 ergo
953 1140 1169 1193 Amalec
1198 1137 1384 1190 videns
1409 1136 1626 1189 Balaam
1658 1134 1798 1186 filius
1836 1133 1995 1193 Beor,

462 1235 622 1286 homo
660 1245 782 1284 vere
810 1233 1016 1294 videns,
1053 1239 1105 1284 et
1128 1229 1353 1282 audiens
1379 1227 1539 1280 verba
1576 1225 1690 1286 Dei,
1751 1224 1842 1291 qui
1897 1223 2001 1276 scit

462 1321 740 1374 scientiam
758 1321 987 1380 Excelsi,
1013 1329 1064 1372 et
1089 1320 1319 1372 visiones
1342 1317 1436 1370 Dci
1470 1316 1632 1379 videt,
1664 1321 1882 1381 accepta
1907 1326 2001 1378 pa-

466 1408 647 1463 rabola
683 1425 774 1460 sua
810 1407 970 1471 (sicut
1002 1415 1056 1460 et
1103 1408 1154 1460 in
1181 1405 1446 1475 prioribus
1479 1401 1773 1455 visionibus
1827 1400 2001 1464 scrip-

463 1509 570 1550 tum
599 1496 729 1566 est),
759 1497 834 1549 ait
857 1495 902 1526 δ’
931 1517 942 1549 :
978 1515 994 1546 ι
1025 1495 1232 1548 Ιιιίιίιιιιι
1279 1495 1511 1562 gentium
1527 1490 1762 1550 Amalec,
1808 1497 1862 1541 et
1915 1502 2001 1541 se-

461 1601 584 1639 men
614 1599 798 1638 eorum
826 1583 1038 1651 peribit.
1077 1600 1094 1631 ι
1122 1582 1269 1646 Quod
1307 1581 1380 1632 ait
1409 1596 1422 1631 :
1464 1597 1482 1627 ι
1519 1577 1730 1630 Initium
1759 1575 1998 1643 gentium

459 1674 700 1734 Amalec,
737 1691 757 1723 ι
790 1681 992 1726 certum
1035 1669 1271 1738 estquia
1320 1669 1460 1720 nullo
1509 1674 1663 1734 pacto
1724 1665 1787 1716 ad
1850 1663 1998 1715 illum

2095 744 2283 824 bitatio
2312 744 2456 836 eius,
2493 767 2540 821 si
2583 774 2771 818 tamen
2803 772 2920 811 non
2954 755 3061 807 fiat
3102 751 3154 804 ei
3200 748 3346 802 Beor
3382 744 3533 798 nidus
3568 752 3694 796 astu-

2100 861 2203 912 tiae.
2247 833 2411 918 Beor,
2457 864 2622 923 pater
2645 862 2734 904 est
2766 847 3041 906 Balaam,
3089 839 3190 908 qui
3232 842 3420 905 potest
3457 833 3610 900 accipi
3654 833 3696 884 in

2099 963 2328 1016 persona
2361 944 2770 999 hmreticorum
2803 957 2818 991 :
2859 946 2924 988 ιιι
2987 934 3108 986 Itoc
3151 927 3268 984 dici
3298 926 3558 990 videatur,
3585 923 3698 990 quod

2099 1012 2284 1090 salvus
2313 1033 2490 1102 possit
2519 1045 2648 1085 esse
2687 1029 2932 1086 Cineus,
2978 1022 3028 1075 si
3069 1026 3251 1088 ponat
3281 1017 3335 1069 in
3367 1024 3514 1083 petra
3549 1012 3698 1064 nidum

2099 1141 2281 1185 suum,
2311 1126 2416 1176 hoc
2446 1130 2533 1173 est
2598 1119 2655 1171 in
2696 1116 2935 1170 Christo
2963 1109 3226 1164 collocet
3267 1116 3418 1174 spem
3479 1117 3634 1163 suam,
3661 1110 3702 1154 et

2101 1231 2207 1269 non
2239 1229 2367 1268 eum
2403 1210 2795 1265 haereticorum
2834 1201 3188 1258 circumdet
3237 1208 3296 1250 et
3327 1194 3704 1248 circumscribat

2101 1304 2324 1358 astutia.
2350 1300 2489 1353 Nam
2522 1300 2566 1354 si
2605 1300 2713 1352 hoc
2739 1296 2916 1348 fuerit
2940 1332 2959 1357 ,
3004 1289 3153 1344 nihil
3218 1288 3269 1342 ei
3310 1282 3547 1354 proderit
3589 1284 3702 1352 quod

2102 1393 2154 1444 in
2180 1400 2359 1459 petra,
2394 1390 2485 1456 qui
2517 1397 2605 1441 est
2635 1384 2906 1440 Christus
2934 1419 2952 1442 ,
3013 1377 3345 1433 collocatus
3397 1373 3612 1425 videtur.
3642 1373 3705 1422 Δο

2102 1481 2345 1550 Assyriis
2384 1479 2531 1533 enim
2563 1477 2825 1545 captivus
2886 1472 3180 1531 ducetur,
3227 1463 3487 1534 malignis
3537 1460 3707 1517 scilicet

2103 1570 2420 1630 virtutibus,
2461 1582 2582 1636 quae
2613 1579 2711 1620 eos
2750 1562 3034 1633 captivos
3060 1563 3311 1622 ducunt,
3338 1564 3392 1609 et
3422 1555 3474 1607 in
3511 1561 3706 1622 potesta-

2105 1668 2214 1713 tem
2237 1659 2537 1727 accipiunt,
2571 1670 2715 1724 quos
2757 1653 3088 1708 luereticus
3118 1662 3290 1703 error
3315 1643 3609 1698 involverit.
3639 1641 3707 1696 Vi-

465 1763 554 1828 qui
589 1771 713 1813 tunc
743 1769 858 1814 erat
889 1760 940 1812 in
970 1771 1132 1813 carne
1159 1736 1394 1817 Amalec,
1434 1754 1620 1808 referri
1651 1752 1816 1820 possit
1852 1771 1866 1804 :
1906 1766 1998 1803 ne-
2031 1736 2072 1793 Β
2106 1752 2264 1804 detur
2301 1763 2436 1804 sane
2463 1748 2776 1822 secundum
2804 1746 2964 1798 hanc
3017 1739 3449 1809 expositionem
3479 1751 3619 1803 quam
3655 1737 3707 1787 de

463 1864 566 1915 que
591 1848 731 1900 enim
757 1848 960 1914 primus
993 1856 1110 1897 erat
1144 1844 1480 1906 antiquitatis
1505 1842 1712 1909 origine
1743 1857 1754 1891 :
1784 1840 1875 1893 sed
1931 1841 2000 1892 ad

469 1939 788 1992 invisibilem
816 1936 1034 1989 Amalec
1061 1935 1248 1987 melius
1279 1934 1529 1992 refertur,
1556 1930 1644 1997 qui
1669 1945 1694 1980 a
1727 1928 2000 1980 declinan-

464 2032 532 2082 do
563 2028 784 2096 populos
821 2041 850 2078 a
877 2025 1006 2086 Deo.
1037 2034 1092 2077 et
1141 2023 1385 2076 faciendo
1407 2020 1632 2088 gentiles
1662 2032 1724 2071 ex
1762 2017 1852 2069 Dei
1885 2017 2001 2069 cnl-

467 2118 694 2181 toribus,
724 2115 942 2168 Amalec
981 2112 1304 2166 nominatur.
1336 2110 1401 2161 Et
1446 2109 1564 2161 ideo
1599 2116 1744 2160 recte
1793 2104 2000 2158 initium

467 2206 701 2272 gentium
732 2204 946 2267 dicitur,
1010 2201 1162 2269 quasi
1205 2199 1326 2253 talis
1363 2197 1603 2266 quaedam
1636 2196 1806 2248 virtus
1863 2208 1999 2248 con-

468 2295 657 2359 traria,
695 2308 811 2364 quae
828 2293 998 2361 prima
1035 2291 1242 2345 initium
1271 2288 1494 2350 dederit,
1527 2296 1584 2338 ut
1606 2285 1845 2338 homines
1877 2297 2004 2352 gen-

472 2385 594 2436 tiles
613 2385 822 2447 ﬁerent,
850 2383 1104 2435 mutando
1142 2399 1160 2432 ι
1195 2379 1415 2448 gloriam
1466 2373 1884 2442 ineorruptibilis
1911 2374 2004 2427 Dei

471 2475 522 2525 in
553 2472 952 2526 similitudinem
984 2471 1233 2540 imaginis
1256 2466 1624 2534 corruptibilis
1667 2465 1918 2530 hominis,
1954 2473 2007 2516 et

474 2562 767 2626 volucrum,
793 2571 845 2614 et
871 2561 1158 2626 pecudum,
1177 2569 1231 2612 et
1252 2555 1604 2622 serpentium,
1629 2562 1681 2606 et
1721 2553 2008 2606 serviendo

475 2659 734 2704 creatura:
755 2651 930 2716 potius
959 2663 1117 2716 quam
1145 2646 1374 2702 creatori
1406 2646 1470 2696 '°.
1508 2664 1526 2693 ι
1559 2641 1708 2696 Sicut
1760 2642 1903 2695 enim
1955 2641 2006 2694 in

479 2739 670 2806 popqu
701 2738 797 2790 Dei
842 2738 1096 2804 scriptmn
1152 2745 1233 2789 est
1276 2734 1485 2790 initium
1522 2731 1788 2793 Christus,
1850 2730 1929 2783 sic
1980 2744 2011 2784 e

477 2827 748 2882 contrario
781 2828 832 2879 in
870 2826 1060 2894 populo
1084 2827 1172 2892 qui
1200 2824 1432 2878 declinat
1471 2837 1498 2873 a
1534 2823 1661 2882 Deo,
1715 2829 1769 2874 et
1793 2819 2008 2888 gentilis

478 2913 722 2977 elicitur,
757 2914 962 2965 initium
1009 2922 1090 2967 est
1139 2912 1374 2966 Amalec.
1424 2929 1442 2962 ι
1475 2911 1540 2964 Ει
1591 2924 1772 2964 semen
1821 2923 2011 2963 eorum

477 3004 690 3072 peribit.
729 3021 748 3053 ι
792 3003 981 3056 Semen
1007 3017 1193 3056 eorum
1227 3012 1308 3056 est
1334 3001 1627 3070 persuasio,
1656 3009 1711 3054 et
1739 3000 2005 3062 doctrina,

461 3108 580 3168 .qaa
603 3092 896 3145 docuerunt
933 3091 1171 3144 homines
1201 3091 1472 3145 declinare
1492 3105 1523 3145 a
1551 3092 1682 3145 Deo.
1716 3089 1858 3143 Istud
1878 3104 2006 3158 ergo

479 3195 658 3234 tamen
695 3180 890 3233 malum
919 3190 971 3234 et
998 3181 1234 3234 doctrina
1267 3181 1516 3249 pessima,
1545 3196 1649 3234 non
1684 3180 1779 3248 ipsi
1809 3179 1861 3232 in
1893 3179 2014 3247 qui-

482 3271 582 3324 bus
612 3271 932 3324 seminatum
967 3280 1066 3332 est,
1106 3269 1376 3336 peribunt.
1407 3268 1508 3337 Ipsi
1535 3271 1678 3323 enim
1719 3284 1840 3324 cum
1881 3283 2014 3323 con-

487 3359 621 3412 versi
661 3360 1037 3426 ingemuerint,
1077 3358 1209 3412 salvi
1247 3366 1423 3412 erunt.
1466 3359 1533 3411 Et
1571 3359 1693 3413 vide
1721 3360 1766 3413 si
1806 3373 1911 3413 non
1946 3365 2017 3411 ta-

485 3445 549 3500 lis
576 3447 839 3511 expositio
871 3447 1036 3500 etiam
1079 3446 1184 3501 illis
1217 3447 1600 3502 convenienter
1626 3448 1874 3512 obsistet,
1924 3447 2015 3516 qui

489 3533 650 3588 Deum
680 3534 811 3603 legis
840 3536 981 3588 velut
1017 3537 1229 3589 duritia:
1264 3546 1317 3590 et
1355 3536 1690 3592 crudelitatis
1737 3544 2014 3600 accusant,

481 3625 571 3692 qui
597 3639 698 3678 non
731 3625 901 3678 solum
940 3634 1153 3692 gentem
1186 3625 1424 3691 Amalec,
1455 3628 1546 3680 sed
1573 3635 1630 3679 et
1679 3640 1862 3679 semen
1901 3625 2017 3692 ejus

484 3714 784 3780 pronuntiet
816 3715 1109 3782 periturum
1145 3731 1159 3767 :
1193 3731 1314 3768 cum
1356 3730 1489 3783 gens
1514 3714 1728 3783 quidem
1770 3715 1836 3766 ad
1902 3716 2012 3782 spi-

483 3803 702 3856 rituales
740 3804 1006 3870 nequitias
1041 3802 1321 3869 referatur,
1358 3818 1538 3858 semen
1571 3818 1699 3857 vero
1747 3803 1862 3870 ejus
1919 3803 2016 3856 do-

483 3893 655 3944 ctrina
687 3893 1121 3960 superstitionum
1151 3893 1448 3961 gentilium,
1510 3903 1566 3946 et
1620 3893 1796 3946 cultus
1843 3891 2013 3946 idolo-

489 3996 627 4044 rum,
667 3991 826 4048 atque
847 3983 1020 4036 omnis
1048 3993 1192 4036 secta
1223 3997 1340 4052 quae
1392 3998 1423 4034 a
1469 3983 1576 4037 Deo
1633 3980 1878 4049 populum
1919 3981 2015 4032 de-

485 4072 684 4124 clinare
714 4071 923 4138 suadet,
946 4083 1256 4142 exponatur.

555 4155 614 4214 3.
647 4159 1037 4212 Commemorat
1098 4170 1273 4212 autem
1307 4159 1582 4226 prophetia
1619 4167 1739 4225 post
1794 4156 2015 4211 Amalec

485 4245 705 4297 Cineum
739 4246 920 4299 dicens
939 4248 982 4280 °‘
1016 4265 1028 4298 :
1075 4265 1093 4297 ι
1140 4247 1206 4300 Ει
1234 4249 1417 4301 videns
1445 4246 1697 4309 Cineum,
1736 4259 2018 4300 assumens

2101 1837 2269 1891 Cineo
2299 1835 2596 1899 edidimus,
2633 1841 2693 1885 et
2715 1832 3066 1900 coniunctio
3103 1826 3489 1881 interturbare
3507 1835 3704 1875 sensum.

2105 1927 2209 1980 Sed
2235 1925 2517 1979 sciendum
2570 1931 2679 1988 est,
2725 1921 2880 1990 quod
2917 1917 3315 1972 vernaculum
3375 1922 3460 1968 est
3515 1911 3710 1964 Ilebraiz

2103 2017 2320 2083 linguae,
2353 2025 2404 2067 et
2439 2012 2839 2080 conjunctione
2873 2010 3232 2076 frequenter
3294 2005 3372 2057 uti
3396 2043 3411 2067 ,
3452 2003 3520 2054 ita
3568 2007 3618 2051 ιιι
3651 1999 3709 2049 in-

2108 2107 2319 2158 terdum
2348 2105 2612 2166 abundet,
2643 2113 2704 2156 et
2733 2103 2792 2154 in
2829 2115 2947 2154 non
2992 2097 3382 2157 necessariis,
3413 2094 3537 2146 utin
3560 2103 3707 2147 nostra

2105 2203 2328 2262 apparet
2357 2195 2566 2260 lingua,
2607 2193 2876 2246 videatur
2914 2191 3151 2245 inserta
3182 2201 3196 2236 :
3228 2188 3379 2257 quod
3421 2186 3590 2252 utique
3611 2197 3708 2236 cum

2107 2284 2263 2337 venia
2288 2283 2670 2351 accipiendum
2705 2293 2815 2337 est.
2865 2282 3067 2336 Habet
3100 2281 3260 2334 enim
3288 2290 3606 2346 unaquaeque
3628 2275 3710 2325 lic-

2107 2386 2212 2439 gua
2239 2371 2443 2440 aliquid
2479 2371 2874 2439 proprietatis,
2909 2371 3078 2439 quod
3138 2374 3294 2438 apud
3352 2367 3485 2419 alias
3539 2365 3712 2431 linguas

2108 2461 2364 2515 vitiosum
2406 2459 2688 2515 videatur.
2718 2461 2789 2514 Et
2821 2460 2921 2515 hic
2951 2475 3134 2528 ergo,
3179 2469 3232 2512 et
3260 2452 3709 2523 conjunctioquasi

2109 2549 2388 2602 abundans
2424 2550 2678 2603 habenda
2713 2559 2828 2614 est,
2863 2559 2926 2604 et
2987 2550 3316 2618 superﬂua.
3367 2547 3561 2600 Caveat
3611 2554 3711 2607 erga

2115 2638 2336 2703 Cineus,
2370 2640 2462 2707 qui
2524 2641 2949 2707 interpretatur
3007 2639 3320 2706 possidens
3353 2634 3487 2708 (88),
3538 2639 3708 2690 caveat.

2111 2726 2353 2794 inquam,
2377 2728 2594 2782 etiamsi
2652 2728 2958 2795 possideat
2992 2765 3011 2791 ,
3045 2736 3112 2780 et
3170 2733 3552 2795 promereatur
3586 2720 3709 2771 istam

2111 2817 2362 2886 gratiam,
2389 2827 2450 2871 ut
2489 2819 2544 2870 iu
2575 2816 2839 2871 Ecclesia
2877 2816 3112 2870 Christi
3161 2818 3280 2878 sit,
3314 2829 3384 2869 ne
3433 2812 3565 2868 forte
3595 2817 3711 2863 astu-

2115 2907 2186 2960 tia
2229 2905 2366 2959 Beor
2395 2904 2811 2959 circumveniat
2837 2919 2978 2958 eum
3005 2943 3023 2967 ,
3060 2914 3128 2957 et
3163 2903 3411 2958 declinet
3445 2901 3507 2953 ad
3530 2899 3712 2964 dogma-

2114 3003 2164 3048 ta
2195 3009 2360 3062 prava
2431 3005 2486 3048 et
2511 3009 2806 3062 perversa,
2842 3004 2904 3048 et
2931 2995 3011 3048 ob
3052 2993 3175 3048 hoc
3222 2995 3477 3046 tradatur
3499 2981 3710 3055 Assyriis.

2114 3085 2212 3150 Qui
2243 3085 2390 3138 enim
2425 3083 2825 3152 blasphemant
2883 3084 2946 3137 in
2990 3084 3272 3140 Ecclesia
3315 3081 3498 3152 positi,
3529 3077 3710 3131 tradun-

2118 3180 2203 3224 tur
2233 3170 2474 3236 Satanae,
2505 3172 2651 3225 sicut
2673 3171 3002 3242 Phygellus
3034 3186 3100 3231 et
3127 3175 3508 3242 Hermogenes
3533 3163 3645 3235 (89).
3663 3162 3712 3215 de

2115 3257 2305 3326 quibus
2338 3256 2541 3310 Paulus
2565 3257 2700 3311 dicit
2739 3275 2765 3310 ε·
2796 3276 2817 3310 ι
2858 3262 3026 3326 Quos
3059 3264 3306 3326 tradidi,
3343 3261 3516 3328 inquit
3544 3257 3604 3318 ”.
3637 3251 3713 3304 SI-

2123 3356 2278 3411 tanze,
2313 3358 2369 3401 ut
2391 3347 2612 3402 discant
2636 3363 2746 3402 non
2781 3351 3232 3418 blasphemare.
3274 3372 3294 3404 ι
3339 3352 3610 3420 Propterea
3641 3357 3709 3396 er-

2116 3449 2182 3502 go
2203 3434 2446 3502 Assyriis
2479 3435 2742 3500 traditur,
2784 3439 2888 3505 qui
2927 3439 3326 3494 declinaverit
3372 3441 3426 3491 in
3451 3433 3712 3490 haereticam

2119 3526 2559 3591 blasphemiam:
2617 3527 2749 3592 quia
2821 3529 3061 3600 Assyrii
3128 3532 3570 3599 interpretantur
3611 3519 3712 3572 diri-

2116 3627 2294 3684 gen‘“
2332 3613 2444 3682 (90)
2493 3631 2505 3663 ε
2551 3624 2609 3668 et
2645 3615 2720 3668 ob
2748 3617 2864 3672 hoc
2899 3621 3227 3674 traduntur
3274 3621 3364 3674 eis
3397 3618 3489 3686 qui
3534 3612 3715 3668 tradun-

2120 3714 2227 3769 tur,
2252 3719 2356 3756 non
2426 3713 2487 3757 ut
2551 3716 2811 3771 pereant,
2875 3725 2989 3764 nec
3052 3720 3120 3764 ut
3193 3712 3424 3778 penitus
3471 3708 3712 3760 intereant.

2117 3793 2280 3864 3&6
2306 3795 2398 3848 sed
2424 3805 2484 3848 ut
2525 3796 2872 3864 dirigantur,
2925 3811 2990 3854 et
3035 3802 3418 3869 corrigantur
3457 3815 3473 3849 :
3507 3807 3557 3850 et
3605 3793 3716 3846 sicut

2120 3881 2233 3948 ipse
2263 3882 2464 3936 Paulus
2504 3884 2656 3946 dicit,
2725 3901 2744 3933 ι
2781 3895 2849 3939 ιιι
2881 3888 3120 3942 discant
3148 3905 3271 3944 non
3294 3887 3667 3956 blasphemare.
3697 3894 3710 3924 ι

2187 3971 2241 4024 4.
2285 3972 2417 4026 Post
2451 3973 2568 4026 haec
2599 3987 2734 4026 vero
2767 3975 3009 4030 Balaam
3048 3979 3382 4048 prophetia:
3403 3991 3510 4032 suae
3540 3982 3713 4027 sermo-

2122 4075 2241 4114 nem
2273 4061 2326 4114 in
2353 4063 2439 4115 his
2460 4063 2742 4116 concludit
2774 4067 2988 4122 dicens
3015 4069 3068 4100 “
3107 4088 3122 4121 :
3176 4089 3197 4122 ι
3243 4071 3316 4123 Ει
3349 4073 3608 4133 assumpta
3637 4073 3712 4126 9³·

2123 4149 2303 4202 rabola
2346 4165 2440 4202 sua
2468 4151 2602 4204 dixit
2643 4167 2656 4202 :
2694 4151 2741 4206 0
2783 4155 2924 4221 quis
2975 4158 3156 4222 vivet,
3209 4173 3347 4213 cum
3392 4154 3571 4211 fecerit
3629 4151 3718 4202 ιω

2125 4237 2318 4292 Deus?
2373 4240 2439 4292 Et
2477 4241 2709 4294 exibunt
2749 4244 2824 4298 de
2867 4262 3049 4302 manu
3076 4241 3718 4312 Cithiorum,etaflligem

491 4334 794 4400 parabolam
827 4349 974 4387 suam
1004 4337 1135 4390 dixit
1166 4352 1181 4389 :
1219 4338 1400 4391 Valida
1456 4335 1715 4389 habitatio
1742 4343 1862 4396 tua,
1916 4335 2015 4388 etsi
2051 4360 2093 4413 υ
2129 4329 2317 4392 Assur,
2349 4340 2406 4383 et
2431 4329 2671 4400 allligent
2709 4332 3022 4403 Hebraeos,
3070 4349 3130 4394 et
3186 4339 3296 4409 ipsi
3346 4339 3548 4408 pariter
3607 4329 3719 4398 peri-

492 4423 734 4490 posueris
772 4422 824 4474 in
861 4436 1009 4489 petra
1079 4428 1255 4479 nidum
1323 4436 1492 4488 tuum,
1542 4427 1642 4480 etsi
1705 4425 1868 4479 fuerit
1922 4427 2017 4480 tibi

491 4514 628 4566 Beor
651 4511 806 4564 nidus
843 4515 1068 4574 astutias,
1101 4515 1302 4584 Assyrii
1335 4516 1602 4582 captivum
1635 4524 1685 4568 te
1728 4515 1946 4566 ducent.
1996 4530 2014 4562 ι

494 4602 714 4654 Videtur
745 4599 871 4652 mihi
901 4603 1039 4666 quod
1066 4602 1290 4656 Cineum
1331 4619 1436 4656 non
1477 4602 1631 4655 valde
1681 4601 2021 4668 culpabiliter

494 4689 753 4746 nominet.
786 4689 899 4756 Ipse
929 4698 1006 4742 est
1039 4691 1178 4744 enim
1202 4694 1286 4744 cui
1329 4702 1382 4745 et
1408 4691 1460 4744 in
1486 4689 1849 4758 superioribus
1879 4690 2024 4743 dice-

494 4784 585 4833 hat
607 4779 738 4832 Saul
775 4779 860 4832 ":
904 4797 920 4829 ι
960 4779 1181 4836 Discede
1205 4782 1270 4836 de
1314 4781 1488 4835 medio
1524 4779 1760 4842 Amalec,
1816 4788 1871 4832 et
1919 4793 2022 4833 non

497 4871 793 4938 percutiam
833 4881 886 4924 te
922 4889 935 4922 :
975 4874 1096 4938 quia
1149 4882 1202 4924 tu
1261 4873 1434 4926 fecisti
1486 4870 1902 4923 misericordiam
1969 4869 2022 4923 in

567 5004 655 5059 ⁸⁸1
691 5005 819 5070 Reg.
863 5020 990 5067 xxx,
1029 5005 1092 5058 16
1115 5015 1168 5058 ct
1223 5007 1306 5058 I7.
1397 5006 1440 5036 ’δ’
1473 5005 1624 5056 Νιιιιι.
1661 5018 1809 5064 xxiv,
1834 5003 1922 5056 20.

495 5072 539 5103 ⁸³
564 5074 578 5124 Ι
607 5075 744 5126 'I‘im.
774 5089 811 5136 ι,
835 5074 922 5128 20.
998 5076 1043 5105 ⁸⁸
1079 5074 1230 5126 Num.
1261 5089 1404 5136 xxiv,
1429 5074 1518 5137 εὖ,
1543 5071 1633 5122 24.

567 5183 676 5250 (88)
725 5183 911 5267 Cineas
960 5185 1047 5252 qui
1096 5185 1458 5267 interpretatur
1505 5178 1798 5248 possidens.
1851 5180 1893 5232 A
1927 5191 2035 5267 mp

501 5270 520 5301 ι
551 5254 901 5318 comparavit,
929 5253 1183 5317 possedit.
1219 5269 1237 5300 ι

567 5314 686 5385 (89f
702 5319 846 5372 Sicut
875 5314 1149 5388 Plit/yellus
1195 5327 1255 5388 et,
1289 5315 1655 5388 Hermogenes,
1701 5321 1806 5365 etc.
1851 5314 2029 5372 Codex

497 5386 836 5457 Cot'beieusis
863 5385 1142 5457 posieriori
1163 5387 1260 5457 sed
1285 5385 1475 5457 eadem
1486 5397 1652 5457 manu
1675 5395 1834 5446 supra
1861 5389 2034 5438 ascri-

539 5461 644 5502 tum
677 5453 833 5508 habet
852 5450 913 5515 .’‹
947 5458 1085 5508 sicut
1115 5454 1357 5507 Philetus
1381 5461 1434 5504 et
1460 5450 1844 5514 Hermogenes,
1876 5469 1894 5501 ι
1926 5463 2029 5508 etc.

529 5517 703 5593 lorum
732 5525 928 5575 mentio
958 5526 1015 5574 fit
1047 5523 1087 5574 ll
1114 5522 1250 5575 Tim.
1279 5537 1329 5583 ι,
1355 5520 1424 5593 l5
1454 5536 1491 5593 εΔ
1522 5519 1688 5593 c_Scis
1715 5516 1835 5579 hoc,
1887 5527 2030 5586 quod

509 5587 676 5635 M‘ersi
704 5597 823 5641 snnt
857 5607 884 5640 a
935 5604 1013 5643 me
1040 5605 1223 5645 omnes
1277 5590 1364 5658 qui
1391 5589 1444 5642 in
1467 5587 1586 5640 Asia
1617 5593 1731 5640 sunt
1755 5625 1767 5651 ,
1795 5600 1858 5641 ex
1907 5594 2027 5658 qui.

2016 5003 2062 5034 ⁹⁰
2084 5003 2240 5056 llum.
2272 5015 2313 5063 I,
2339 4999 2434 5054 25.

2131 4421 2286 4472 bunt.
2319 4439 2336 4469 ι
2367 4420 2520 4485 Quod
2557 4437 2656 4489 per
2694 4423 2928 4494 singula
2972 4443 3077 4495 per
3114 4431 3450 4499 parabolam
3491 4422 3621 4491 loqui
3656 4420 3719 4470 di-

2128 4510 2269 4561 citur
2308 4509 2553 4575 Balaam,
2585 4511 2794 4581 legenti
2829 4517 3047 4572 incutit
3073 4522 3379 4588 pudorem,
3429 4532 3497 4573 ne
3539 4512 3650 4584 quid
3679 4509 3719 4560 in

2134 4600 2200 4652 iis
2241 4613 2363 4666 qua:
2403 4601 2682 4665 dicuntur,
2720 4619 2836 4658 non
2869 4611 3038 4675 quasi
3077 4613 3131 4664 in
3167 4612 3462 4680 parabole,
3512 4605 3599 4661 sed
3654 4615 3719 4654 δε·

2131 4683 2367 4736 cundum
2399 4685 2633 4738 litteram
2660 4688 2879 4743 dictum
2926 4705 3117 4762 putet.
3148 4698 3244 4750 Ait
3267 4713 3450 4764 ergo:
3494 4711 3513 4745 ι
3545 4689 3587 4746 0
3625 4687 3722 4757 quis

2131 4770 2294 4837 vivet,
2321 4789 2445 4826 cum
2485 4775 2676 4830 fecerit
2712 4779 2839 4834 ba‘c
2875 4785 3071 4839 Deus?
3097 4807 3117 4839 ι
3153 4788 3258 4842 llic
3292 4791 3465 4841 vitam
3494 4799 3591 4838 non
3613 4783 3723 4834 hanc

2130 4875 2502 4931 communem.
2551 4869 2647 4922 sed
2686 4869 2840 4923 illam
2886 4877 3147 4932 nominat
3175 4919 3190 4941 ,
3261 4894 3394 4947 quae
3454 4870 3721 4930 secundum

2537 5003 2579 5034 θ¹
2608 5001 2941 5074 Νιιιιωιιιν,
2973 5010 3071 5075 2i,
3097 5011 3193 5064 ἓξ.
3297 5012 3347 5044 θ’
3377 5012 3397 5065 ι
3426 5011 3556 5078 Reg.
3581 5020 3658 5061 xv.
3679 5001 3720 5052 6.

2134 5179 2246 5256 bus.
2265 5185 2352 5256 est
2375 5176 2680 5256 Phygellus
2705 5181 3190 5256 et_llermogenes.
3223 5206 3242 5233 ι
3275 5187 3350 5240 Αι
3400 5186 3484 5256 (Ις
3509 5183 3615 5256 hii
3635 5193 3721 5230 "0"

2135 5247 2274 5300 dixit
2303 5247 3035 5330 Papltis'coneeptis_verbi§
3056 5274 3068 5306 :
3101 5277 3119 5303 ι
3157 5271 3298 5322 quos
3345 5250 3720 5330 ¹ἷ³ίί.ί(¹ί..δ³¹³’

2136 5331 2243 5379 ιιεν,
2268 5327 2329 5369 ιιι
2356 5318 2590 5380 discant
2640 5318 2744 5380 non
2789 5318 3192 5390 blasphemare,
3233 5342 3254 5372 ι
3291 5324 3390 5375 sed
3441 5322 3508 5374 de
3548 5320 3698 5385 llytne

2137 5399 2260 5438 uaco
2289 5395 2349 5440 et
2377 5392 2725 5450 Alexandro.
2751 5391 2890 5448 Vide
2914 5394 2935 5446 l
2958 5393 3103 5446 'l‘im.
3135 5407 3170 5451 ι,
3197 5392 3296 5445 2t).

2209 5455 2331 5540 (99)
2376 5460 2592 5540 Ajsyrii
2619 5469 3362 5540 interpretanturmnicsx'res.
3377 5460 3419 5509 A
3441 5474 3520 5510 vel
3537 5460 3598 5509 ho
3612 5458 3720 5532 ’μαι

2139 5530 2292 5588 (Ιιιυιι
2320 5529 2377 5585 iu
2407 5529 2574 5596 Ριιῑρι
2604 5529 2864 5612 significat
2903 5551 2922 5583 ι
2962 5530 3176 5593 direxit,
3201 5529 3385 5580 duxit.
3428 5546 3446 5576 ι
