3838 6254
124 367 178 440 4

205 287 319 388 ψθ

141 418 387 552 κλέ
402 418 792 552 ῗὲὶῖιεὶιξιῗο
814 440 916 535 est
955 438 1117 504 (ιιιού
1175 444 1314 500 dicit
1344 488 1358 511 ,
1415 451 1539 518 quia
1590 466 1706 505 cum
1761 451 1874 505 haec
1901 455 1946 510 Α
1975 451 2119 519 lapsu
2147 453 2348 504 motus,
2384 440 2477 494 sed
2510 447 2900 511 perseverantia
2957 447 3295 514 perduratus.
3347 447 3498 552 ρειοά

1474 334 1538 388 IN
1572 329 1893 388 NUMEROS
1927 327 2208 385 HOMILIA
2235 319 2355 381 XX.
3399 332 3500 386 7'26

162 501 585 632 ;t’2:‘“::t'
608 526 755 570 cm“
781 523 1043 632 .Ol'ietur
1075 542 1297 592 astrum
1341 556 1407 594 ex
1423 501 1626 605 ilacob,
1660 549 1714 594 et
1754 554 1874 593 sur—
1971 501 2110 593 enim
2131 536 2388 603 scriptum
2416 543 2498 587 est
2521 536 2564 567 ⁸⁷
2596 553 2608 590 :
2647 553 2665 586 ι
2709 536 2814 602 Ego
2836 535 3013 589 vivere
3061 535 3274 597 faciam,
3333 533 3499 589 ded“.

180 595 634 712 :ﬁifﬂzhomo
662 621 740 662 ex
781 611 1009 687 Israel,
1037 633 1099 676 et
1133 626 1405 685 deleverit
1453 631 1686 694 Amalec,
1707 637 1760 684 et
1786 643 1872 683 se-
1972 641 2090 681 cam
2117 627 2170 680 in
2202 622 2471 678 infernum
2497 633 2550 678 et
2583 625 2853 686 reducam,
2891 641 2908 673 ι
2945 624 3125 678 nescio
3159 625 3200 678 si
3226 624 3491 692 generali-

204 699 536 792 “,ellkflus
592 701 940 792 perdiderit
1001 727 1019 764 :
1089 715 1201 770 hoc
1247 728 1366 780 est.
1421 735 1542 774 cum
1604 719 1875 772 advenerit
1973 727 2054 771 ter
2086 729 2270 770 omnes
2295 713 2540 782 aspiciat,
2567 730 2633 768 an
2657 716 2723 767 ad
2749 727 2841 768 eos
2868 721 3066 766 tantum
3095 729 3228 781 quos
3259 714 3498 782 deceptio

222 774 615 874 ξφτῑξωεηει
671 785 989 851 idolorum
1058 804 1275 860 cultum
1327 807 1676 870 destruxerit,
1717 814 1874 874 atque

1974 805 2162 861 diaboli
2195 804 2379 858 deduci
2415 803 2538 858 fecit
2568 805 2619 857 in
2656 812 2899 856 mortem.
2951 801 3072 855 Haec
3095 802 3254 854 etiam
3282 803 3346 854 de
3376 801 3499 854 ulti-

1975 910 2058 950 ma
2085 895 2296 948 Balaam
2352 895 2624 962 prophetia
2693 910 2722 947 a
2771 894 2922 947 nobis
2977 908 3071 960 pro
3114 891 3316 944 viribus
3359 892 3497 957 dicta

1971 987 2100 1050 sint,
2126 1001 2244 1054 quae
2266 999 2361 1054 pro
2399 985 2630 1040 locorum
2661 983 2966 1037 difﬁcultate
3013 981 3329 1050 explanandi
3389 997 3500 1032 ma-

1971 1074 2072 1142 gis,
2103 1090 2261 1144 quam
2290 1076 2572 1144 perorandi
2615 1076 2740 1128 stilo
2785 1075 2987 1142 placuit
3033 1072 3306 1140 explicari.
3362 1071 3496 1137 Quid

1971 1165 2109 1217 enim
2159 1165 2376 1218 interest
2415 1165 2699 1219 dummodo
2751 1165 2928 1218 omnia
2981 1163 3044 1217 ad
3086 1162 3494 1218 aedificationem

1972 1253 2242 1317 dicantur,
2274 1263 2326 1307 et
2355 1255 2533 1307 omnia
2567 1255 2632 1306 ad
2660 1254 2884 1322 gloriam
2917 1253 3006 1307 Dei
3037 1252 3170 1306 llant
3193 1291 3209 1316 ,
3266 1252 3357 1319 qui
3419 1261 3500 1305 est

1971 1339 2280 1396 benedictus
2312 1343 2362 1394 in
2397 1342 2586 1396 saecula
2611 1342 2946 1397 sazculorum.
2977 1342 3162 1394 Amen.

2520 1451 2794 1507 nemus
2835 1451 2958 1520 xx.

253 871 496 950 o“mium
515 871 856 935 daemonum
921 889 1238 964 subiecerit
1260 903 1599 961 potestatem,
1630 894 1748 961 quis
1773 871 1874 946 erit

278 973 358 1032 itle
382 970 493 1016 tam
515 963 755 1036 beatus,
791 979 926 1028 tam’
947 977 1093 1034 felix
1123 983 1214 1050 qui
1251 983 1364 1037 haec
1387 983 1602 1046 videat;
1640 984 1740 1036 hoc
1771 991 1869 1046 est,

295 1057 376 1133 qui
409 1055 637 1126 sentiat,
667 1071 728 1115 et
770 1063 1086 1138 intelligat,
1116 1082 1172 1125 et
1206 1073 1390 1126 credat
1440 1073 1581 1139 quod
1635 1071 1746 1126 hare
1801 1071 1873 1124 ita

308 1150 490 1206 iecerit
514 1149 702 1206 Deus?
735 1171 755 1203 ‹
793 1152 867 1208 Et
894 1157 1137 1214 exibunt
1163 1162 1228 1216 de
1273 1163 1516 1215 manibus
1556 1160 1872 1223 Cithiorum,

304 1250 355 1292 et
390 1238 633 1310 aﬂligent
662 1239 950 1311 Assyrios.
988 1265 1008 1297 ι
1043 1248 1206 1302 Cithii
1266 1249 1687 1317 interpretantur
1721 1246 1873 1316 plaga

299 1329 430 1395 ﬁnis
483 1328 622 1401 (9i).
652 1329 718 1384 lli
759 1346 893 1402 ergo
927 1335 1428 1403 quiconrertuntur
1448 1336 1512 1389 ad
1547 1337 1732 1398 Deum,
1763 1342 1814 1388 et
1842 1349 1871 1387 a

294 1424 533 1479 Christo
559 1425 788 1489 eruditi,
818 1427 1037 1496 plagam
1073 1444 1194 1496 qua:
1231 1430 1282 1482 in
1313 1428 1416 1482 ﬁne
1474 1428 1650 1482 surculi
1696 1426 1871 1494 impiis

297 1514 515 1577 veniet,
559 1513 857 1584 effugiunt,
887 1516 992 1583 ipsi
1023 1515 1254 1585 allligent
1297 1517 1573 1587 Assyrios;
1616 1518 1715 1571 hoc
1767 1527 1870 1581 est,

1982 1543 2046 1596 De
2072 1559 2130 1596 eo
2155 1545 2244 1612 qui
2277 1544 2564 1611 fornicatus
2609 1553 2683 1596 est
2733 1545 2786 1596 in
2819 1515 3213 1613 ΔΜα-ἀὲιιιιξιὶᾱε,
3261 1551 3306 1592 et
3361 1538 3496 1606 quod

291 1602 384 1655 his
412 1603 508 1670 qui
543 1602 600 1655 in
635 1617 815 1672 agone
845 1605 1066 1672 pietatis
1103 1605 1258 1673 positi
1281 1616 1425 1670 sunt,
1459 1615 1696 1660 conteret
1719 1605 1868 1660 Sata-
2165 1602 2178 1612 ’
2220 1602 2546 1665 consecratus
2577 1620 2648 1664 est
2673 1610 2888 1678 papulas
2913 1602 3244 1678 Beelphegor.

291 1706 431 1744 nam
453 1693 616 1747 Deus
641 1695 746 1748 sub
778 1695 1028 1763 pedibus,
1055 1695 1154 1762 ipsi
1213 1693 1445 1763 amlgent
1473 1695 1740 1764 Assyrios,
1769 1699 1873 1749 dze-
2042 1703 2091 1755 1.
2123 1701 2314 1756 Lectio
2357 1702 2511 1755 hodie
2565 1701 2786 1754 recitata
2857 1708 2958 1765 est,
3012 1700 3238 1766 primam
3285 1698 3498 1766 quidem

288 1797 528 1837 monum
567 1784 789 1838 scilicet
823 1793 1064 1852 gentem.
1096 1783 1388 1839 Calcabunt
1425 1801 1653 1854 namque
1714 1801 1873 1855 super
1903 1783 1942 1836 Β
1974 1791 2246 1845 historiam
2269 1793 2548 1845 continens
2580 1791 2643 1845 de
2700 1789 3049 1846 fornicatione
3095 1789 3197 1842 viri
3250 1787 3499 1842 lsraelita:

286 1881 617 1938 serpenles.
664 1880 721 1926 ει
750 1871 1089 1939 scorpiones.
1117 1881 1170 1924 el
1201 1887 1362 1939 Super
1389 1888 1596 1927 omnem
1626 1874 1871 1927 virlulcm
1969 1890 2022 1934 et
2051 1881 2288 1935 mulieris
2308 1881 2660 1936 Madianitidis
2686 1899 2700 1947 ;
2735 1881 3018 1935 secundam
3047 1893 3172 1933 vero
3205 1879 3270 1933 de
3299 1879 3501 1934 visione

292 1961 540 2024 inimici,
582 1969 644 2015 et
673 1961 914 2030 allligent
941 1976 1054 2015 eos.
1087 1961 1628 2030 Aﬂligentllebraaos,
1661 1972 1714 2016 et
1773 1965 1872 2032 ipsi
1970 1971 2164 2038 populi,
2217 1967 2291 2023 in'
2317 1985 2420 2038 qua
2463 1973 2730 2025 numerari
2780 1972 2973 2024 iterum
3002 1971 3218 2039 jubetur
3261 1984 3324 2024 ex
3357 1985 3498 2037 praae

290 2049 518 2115 pariter
549 2049 840 2116 peribunt.
888 2051 1095 2104 Hebrzei
1145 2060 1471 2104 transeuntes
1520 2053 1870 2119 interpretan-
1970 2067 2124 2126 cepto
2168 2059 2403 2122 Domini,
2460 2059 2513 2113 in
2573 2060 2780 2113 irritum
2833 2059 3038 2114 scilicet
3095 2069 3342 2112 revocato
3387 2059 3499 2128 (93)

283 2148 376 2190 tur
413 2139 561 2208 (92).
598 2138 711 2193 Iste
735 2153 868 2209 ergo
896 2141 1008 2208 ipse
1058 2141 1283 2210 populus
1310 2142 1469 2194 etiam
1510 2141 1760 2196 Hebraeus
1792 2144 1871 2196 di-
1970 2147 2144 2214 priore
2173 2163 2414 2211 numero,
2463 2156 2676 2216 propter
2723 2157 2936 2216 peccata
2973 2162 3090 2215 quae
3128 2149 3502 2201 commiserant

279 2231 460 2289 citur,
493 2230 632 2296 quia
668 2230 889 2282 transiit
927 2231 994 2283 de
1033 2231 1259 2299 Egypto
1309 2232 1373 2284 ad
1439 2241 1636 2284 terram
1699 2248 1876 2302 repro-
1972 2236 2028 2298 ii,
2077 2236 2166 2304 qui
2197 2234 2343 2304 prius
2372 2234 2584 2290 fuerant
2629 2236 2726 2289 sub
2758 2235 2962 2288 numeri
3024 2235 3334 2289 definitione
3376 2251 3501 2290 cen-

281 2319 606 2378 missionis,
647 2318 722 2371 de
761 2319 1001 2372 tenebris
1025 2321 1091 2373 ad
1127 2321 1320 2384 lucem,
1353 2323 1420 2374 de
1459 2331 1630 2376 morte
1679 2325 1745 2376 ad
1792 2325 1873 2378 vi-
1975 2323 2084 2378 siti.
2113 2324 2370 2378 Cassatur
2396 2339 2524 2393 ergo
2547 2333 2597 2378 et
2623 2325 2676 2377 in
2730 2324 2937 2378 irritum
2966 2324 3244 2377 deducitur
3285 2339 3346 2378 ex
3376 2339 3499 2392 pec-

278 2419 434 2460 tam.
483 2405 598 2460 Sed
643 2409 934 2475 quoniam,
961 2419 1021 2462 ut
1045 2409 1299 2472 diximus,
1334 2410 1448 2464 haec
1475 2427 1578 2465 non
1607 2412 1722 2466 sine
1749 2427 1872 2480 ago-
1972 2413 2108 2467 catis
2166 2427 2416 2468 numerus
2459 2414 2547 2480 qui
2583 2413 2817 2481 scriptus
2843 2422 2928 2466 est
2965 2421 3056 2466 :et
3091 2422 3294 2467 tantum
3326 2414 3502 2470 valent

278 2513 383 2566 ne,
451 2514 559 2553 nec
612 2500 741 2553 sine
787 2513 983 2566 magno
1029 2500 1322 2553 certamine
1375 2501 1570 2568 poterit
1611 2501 1869 2569 obtinere,
1970 2503 2184 2565 delicta,
2217 2510 2392 2556 utnec
2419 2502 2520 2556 hoc
2549 2502 2719 2570 prosit
2743 2502 2883 2570 quod
2907 2501 2959 2555 in
3002 2517 3222 2556 numero
3244 2504 3364 2571 quis
3407 2505 3501 2558 ha~

278 2590 455 2655 (ιδεδεὶ
490 2590 545 2642 in
575 2601 759 2656 agone
792 2589 1000 2657 positus
1026 2603 1166 2640 nunc
1197 2587 1400 2657 allligit,
1433 2604 1572 2643 nunc
1603 2586 1869 2659 adﬁgitur,
1975 2589 2114 2642 bitus
2139 2590 2207 2642 sit
2258 2589 2396 2656 apud
2444 2589 2631 2652 Deum,
2681 2602 2801 2642 cum
2845 2589 3205 2644 declinaverit.
3263 2590 3388 2657 Sed,
3442 2602 3501 2646 ut

278 2690 344 2734 et
381 2695 539 2734 nunc
563 2681 734 2734 caedit
764 2679 1156 2740 adversarium,
1189 2693 1332 2733 nunc
1369 2680 1479 2747 ipse
1525 2680 1592 2733 ab
1620 2681 1868 2734 adversa-
1972 2677 2240 2745 Scriptura
2273 2678 2474 2742 refert,
2505 2677 2664 2731 etiam
2709 2686 2857 2731 artus
2906 2693 3088 2732 eorum
3121 2680 3212 2748 qui
3268 2695 3503 2736 recesse-

279 2771 374 2824 rio
418 2770 778 2823 verberatur.
836 2767 1088 2836 Allligent
1132 2782 1259 2836 ergo
1313 2768 1472 2821 etiam
1513 2767 1610 2836 ipsi
1667 2769 1872 2838 Assyrii
1975 2776 2095 2819 runt
2123 2781 2152 2820 a
2181 2767 2304 2830 Deo,
2333 2767 2642 2820 ceciderunt
2672 2767 2723 2820 in
2770 2768 3002 2822 deserto.
3059 2767 3184 2821 Duae
3211 2783 3338 2836 ergo
3377 2781 3503 2824 sunt

281 2858 584 2919 Hebraeos,
626 2857 738 2911 hoc
771 2867 855 2910 est
882 2857 1136 2925 populum
1176 2855 1407 2921 Domini,
1448 2856 1584 2910 sicut
1629 2857 1868 2925 afﬂigun-
1975 2855 2231 2918 historize,
2256 2868 2374 2922 quae
2401 2855 2634 2909 recitatae
2659 2864 2784 2909 sunt
2821 2856 2950 2910 :sed
2982 2872 3078 2910 nos
3103 2857 3170 2910 de
3195 2859 3365 2924 prima
3419 2861 3502 2913 in-

282 2961 386 3001 tur
413 2948 484 3001 ab
517 2948 644 3002 eis:
685 2947 784 3000 sed
823 2947 945 3015 ipsi,
973 2946 1024 2999 id
1053 2955 1160 3010 est,
1193 2947 1416 3016 Assyrii,
1441 2961 1560 3000 curn
1585 2947 1696 3000 haec
1728 2948 1874 3000 feee-
1975 2947 2153 3007 terim,
2179 2961 2298 3012 qua:
2340 2946 2745 3000 fornicationem
2772 2947 2947 3015 populi
2980 2947 3251 3012 describit,
3283 2949 3326 3002 si
3377 2949 3501 3017 quid

280 3040 437 3100 rint,
475 3047 532 3091 et
563 3051 698 3091 cum
730 3037 878 3090 vires
910 3050 1036 3088 suas
1075 3049 1264 3089 omnes
1303 3049 1428 3104 erga
1459 3035 1709 3090 Hebraeos
1741 3035 1872 3090 aflli-
1906 3096 1940 3106 Α
1974 3037 2253 3089 orantibus
2299 3037 2452 3090 vobis
2485 3037 2737 3091 Dominus
2783 3037 2969 3105 gratiae
3020 3037 3326 3106 dignabitur
3369 3052 3503 3104 prte-

281 3096 511 3198 gendos
549 3126 875 3188 elIuderint,
911 3125 1090 3179 statim
1119 3126 1279 3178 ctiam
1311 3096 1408 3192 ipsi
1437 3127 1702 3192 peribunt.
1723 3127 1870 3193 Quod
1899 3096 1941 3153 α
1974 3131 2140 3185 stare,
2180 3123 2442 3178 dicemus.
2474 3124 2530 3177 Si
2564 3139 2690 3179 vero
2731 3096 2848 3193 ipse
2897 3096 3258 3187 concesserit,
3303 3096 3501 3194 aliquid

281 3235 424 3288 ergo
463 3219 571 3280 ait,
611 3234 630 3267 ι
668 3224 727 3269 et
761 3214 997 3283 allligent
1033 3213 1304 3279 llebrzeos,
1338 3224 1392 3267 et
1421 3215 1518 3282 ipsi
1550 3215 1876 3282 pariterper-
1971 3213 2156 3267 etiam.
2190 3214 2256 3267 de
2300 3215 2533 3268 secunda
2600 3215 2908 3282 contingere
2973 3215 3308 3269 audebimus.
3367 3233 3386 3265 ι
3434 3214 3504 3269 Et

286 3307 458 3360 ibunt
499 3325 512 3360 :
559 3325 576 3355 ι
623 3317 740 3356 non
793 3302 867 3354 ita
928 3303 1295 3369 accipiendum
1333 3312 1436 3365 est,
1475 3302 1624 3370 quasi
1677 3304 1874 3370 pariter
1971 3301 2270 3371 applicuit,
2321 3303 2496 3371 inquit
2536 3305 2605 3369 ⁸⁸,
2663 3302 2826 3357 lsrael
2873 3303 2938 3357 ad
2987 3303 3183 3368 Sattin,
3232 3314 3286 3359 et
3331 3306 3502 3372 polln-

282 3408 418 3444 cum
447 3391 708 3446 liebrzeis
739 3391 995 3459 peribunt
1025 3399 1077 3443 et
1105 3391 1309 3460 Assyrii
1343 3407 1356 3440 :
1396 3392 1490 3444 sed
1539 3391 1758 3458 pariter,
1821 3393 1871 3445 id
1974 3402 2059 3445 tus
2105 3401 2190 3445 est
2231 3391 2484 3461 populus,
2512 3402 2567 3447 et
2610 3393 2901 3446 fornicatus
2949 3400 3031 3446 est
3077 3392 3128 3444 in
3181 3391 3501 3456 flliasMoab,

284 3492 401 3545 est,
434 3483 632 3535 statim
672 3482 876 3534 uthaec
903 3479 1150 3542 fecerint,
1183 3489 1237 3533 et
1273 3479 1526 3534 llebraaos
1570 3479 1871 3543 afﬂixerint,
1971 3489 2026 3534 et
2079 3479 2434 3534 invitaverunt
2471 3494 2564 3534 eos
2611 3481 2675 3533 ad
2737 3478 3002 3534 sacrificia
3053 3479 3315 3533 idolorum
3377 3496 3504 3534 suo-

283 3573 465 3622 etiam
498 3570 610 3639 ipsi
636 3569 918 3637 peribunt.
939 3567 1149 3619 Pariter
1177 3581 1304 3636 ergo
1326 3568 1545 3623 Grazcus
1573 3583 1751 3622 sermo
1781 3584 1873 3636 pro
1973 3582 2089 3620 rum
2119 3607 2135 3631 ,
2184 3575 2238 3622 et
2303 3568 2646 3622 manducavit
2699 3567 2926 3636 populus
2965 3567 3031 3619 de
3095 3567 3373 3621 sacrificiis
3414 3583 3505 3624 eo-

285 3661 473 3712 uatim
502 3658 692 3726 ponit.
735 3656 836 3710 llic
862 3670 993 3724 ergo
1031 3655 1135 3710 erit
1167 3656 1290 3709 finis
1317 3657 1552 3710 omnium
1575 3697 1588 3721 ,
1615 3665 1673 3710 ut
1705 3659 1875 3710 etAs-
1976 3671 2110 3719 rum,
2138 3665 2190 3710 et
2230 3658 2586 3711 adoraverunt
2610 3656 2753 3711 idola
2789 3670 2970 3711 eorum
2997 3695 3011 3718 ,
3059 3665 3112 3710 et
3155 3667 3503 3711 consecratus

283 3763 408 3811 sur,
442 3751 534 3802 cui
575 3749 946 3801 tradebantur
977 3749 1027 3800 hi
1079 3748 1168 3816 qui
1195 3746 1654 3814 delinquebantex
1685 3747 1874 3812 populo
1972 3751 2054 3795 est
2108 3743 2428 3812 Beelphegor
2457 3781 2472 3805 ,
2520 3753 2575 3795 et
2619 3743 2790 3796 iratus
2835 3753 2919 3796 est
2965 3742 3144 3795 furore
3187 3741 3347 3812 357
3396 3743 3500 3797 Do-

287 3835 416 3903 Dei,
446 3840 538 3892 vel
567 3841 628 3892 in
655 3839 936 3891 interitum
979 3839 1181 3902 carnis,
1216 3821 1272 3891 ut
1317 3839 1539 3905 spiritus
1568 3837 1748 3891 salvus
1778 3838 1871 3891 lie-
1974 3833 2144 3884 minus
2211 3841 2394 3885 contra
2460 3831 2640 3884 Israel.
2693 3849 2712 3881 ι
2774 3831 2829 3883 III
2879 3832 2962 3884 his
3001 3831 3292 3884 ostenditur
3353 3831 3502 3898 illud,

286 3934 400 3985 ret,
452 3927 548 3981 vel
608 3935 672 3979 ut
732 3926 1012 3980 discerent
1062 3942 1166 3979 non
1221 3926 1624 3993 blasphemare,
1683 3926 1871 3993 peribit
1923 3963 1925 3965 ι
1972 3919 2110 3985 quod
2169 3932 2310 3985 saepe
2365 3919 2792 3982 memoravimus,
2847 3919 2970 3986 quia
3019 3917 3229 3971 Balaam
3297 3927 3505 3986 postea-

285 4017 460 4068 etiam
486 4018 617 4083 ipse
649 4015 723 4068 ab
757 4029 822 4067 eo
844 4053 860 4078 ,
915 4015 1004 4082 qui
1043 4024 1358 4081 potestatem
1390 4015 1548 4068 habet
1575 4017 1794 4082 perdere
1823 4017 1870 4069 in

1982 4021 2128 4074 quam
2193 4007 2284 4058 Dei
2343 4006 2537 4058 virtute
2578 4006 2920 4068 constrictus,
2971 4019 3076 4058 non
3139 4013 3221 4059 est
3275 4007 3503 4073 permis-

283 4109 645 4169 gehennam.
715 4102 936 4156 Dicetur
994 4104 1138 4156 enim
1185 4103 1265 4156 eis
1319 4116 1349 4153 a
1388 4102 1532 4167 iusto
1577 4103 1753 4169 judice
1777 4103 1869 4157 '5;
1973 4109 2066 4148 sus
2104 4095 2421 4149 maledicere
2467 4095 2652 4158 Israel,
2697 4095 2878 4148 volens
2926 4105 3099 4148 tamen
3148 4094 3357 4162 placere
3393 4096 3502 4164 regi

291 4209 314 4244 ε
347 4193 431 4246 Ite
454 4195 510 4247 in
533 4194 726 4260 ignem
752 4199 1038 4256 aeternum,
1063 4204 1218 4258 quem
1249 4191 1454 4258 paravit
1482 4190 1619 4245 Deus
1644 4183 1870 4258 diabolo,

1982 4183 2190 4248 Balach,
2227 4185 2301 4236 ait
2337 4184 2402 4236 ad
2428 4199 2550 4238 eum
2583 4185 2721 4237 sicut
2763 4184 3016 4251 scriptum
3060 4191 3142 4236 est
3169 4183 3214 4214 ⁹⁹
3255 4199 3269 4235 :
3301 4202 3319 4234 ι
3353 4183 3502 4245 Veni,

287 4292 348 4336 et
381 4284 606 4353 angelis
629 4282 775 4348 ejus.
814 4299 836 4331 ι
875 4279 948 4334 lbi
976 4294 1104 4346 ergo
1129 4281 1326 4346 peribit
1354 4281 1542 4334 Assur.
1579 4281 1642 4333 Et
1663 4283 1871 4348 quidem
1974 4274 2252 4328 consilium
2275 4275 2340 4327 do
2370 4273 2486 4328 tibi.
2510 4291 2528 4324 ι
2556 4273 2622 4326 Ει
2652 4273 2778 4340 quid
2805 4272 3010 4326 consilii
3038 4272 3267 4336 dederit,
3300 4273 3372 4328 ibi
3400 4288 3504 4326 non

286 4374 460 4438 periit
489 4371 800 4439 aliquando
828 4377 884 4422 et
933 4383 1037 4421 una
1071 4369 1189 4421 ovis
1221 4381 1285 4420 ex
1325 4378 1538 4422 centum
1573 4373 1759 4425 ovibus
1788 4373 1870 4424 ’σε

1982 4365 2250 4433 apparuit,
2278 4367 2329 4419 in
2359 4365 2741 4435 posterioribus
2763 4374 2936 4420 tamen
2966 4365 3138 4434 ipsius
3166 4366 3285 4420 libri
3310 4363 3507 4420 Nume—

286 4463 391 4515 sed
423 4463 572 4515 hanc
599 4473 762 4514 ovem
795 4468 978 4526 pastor
1009 4457 1204 4519 bonus,
1229 4456 1428 4510 relictis
1473 4460 1751 4527 nonaginta
1780 4475 1876 4514 no.
1983 4469 2160 4508 rerum
2218 4456 2472 4524 scriptum
2515 4455 2765 4510 refertur.
2798 4455 2904 4510 Sed
2948 4455 3158 4523 plenius
3186 4456 3239 4509 in
3277 4453 3508 4508 Revela-

287 4564 421 4603 vem
454 4551 508 4604 in
538 4548 848 4611 montibus,
883 4546 1217 4600 descendens
1250 4547 1316 4597 ad
1346 4546 1533 4600 vallem
1582 4549 1718 4600 hanc
1750 4563 1874 4604 nos-
1981 4545 2126 4598 tione
2158 4543 2400 4611 Joannis,
2453 4546 2542 4599 ubi
2602 4546 2674 4599 ita
2723 4545 3025 4603 continetur
3061 4562 3075 4598 :
3112 4564 3132 4597 ‹
3184 4544 3376 4607 Habes,
3425 4545 3509 4597 in-

290 4647 464 4695 tmm,
516 4635 722 4688 vallem
774 4633 1162 4701 lacrymarum,
1216 4641 1266 4684 et
1331 4632 1608 4698 requirens
1649 4636 1871 4701 invenit,
1979 4633 2095 4700 quit
2128 4635 2166 4697 ί,
2205 4633 2277 4689 ibi
2305 4635 2584 4701 quosdam,
2614 4637 2704 4703 qui
2741 4643 2922 4690 tenent
2951 4637 3245 4691 doctrinam
3271 4636 3505 4698 Balaam,

289 4732 462 4789 atque
488 4723 814 4790 impositam
844 4719 1086 4773 humeris
1122 4719 1235 4772 suis
1261 4721 1573 4785 reportavit,
1603 4733 1656 4776 et
1683 4725 1754 4776 illi
1776 4740 1875 4776 nu-
1979 4721 2066 4788 qui
2098 4722 2279 4777 docuit
2322 4722 2538 4788 Balach,
2571 4733 2628 4777 ut
2665 4726 2898 4778 mitteret
2936 4725 3243 4779 scandalum
3292 4725 3344 4777 in
3379 4737 3507 4777 con-

292 4825 452 4864 mero
482 4811 580 4878 qui
609 4809 666 4860 in
705 4807 1080 4875 superioribus
1107 4806 1289 4859 salvus
1317 4807 1584 4872 manebat,
1609 4811 1869 4880 adjunxit.
1979 4825 2164 4879 spectu
2187 4813 2412 4867 ﬁliorum
2440 4815 2616 4877 lsrael,
2641 4822 2699 4867 ut
2724 4813 3106 4868 manducarent
3139 4815 3294 4870 idolis
3324 4814 3507 4867 immo-

291 4896 412 4952 iste
437 4909 626 4952 autem
659 4898 838 4950 Assur
857 4894 950 4962 qui
983 4894 1038 4946 in
1073 4893 1183 4946 line
1206 4895 1443 4948 omnium
1493 4897 1687 4952 dicitur
1731 4903 1873 4970 peri-
1979 4903 2102 4968 lata,
2137 4912 2191 4957 et
2221 4904 2634 4962 fornicarentur.
2665 4925 2684 4958 ι
2721 4907 2797 4960 Ex
2825 4908 2924 4962 hoc
2960 4922 3088 4974 ergo
3116 4911 3335 4975 apparet
3361 4902 3503 4970 quod

293 4995 475 5051 turus,
509 4987 704 5041 nescio
735 4986 780 5038 si
828 4982 1133 5051 aliquando
1158 4991 1250 5035 aut
1277 4983 1440 5049 quieri
1474 4987 1641 5050 possit
1670 5000 1759 5041 aut
1795 4991 1875 5043 in-
1981 4995 2210 5062 nequitia
2245 5011 2370 5050 usus
2397 4997 2468 5051 sit
2492 4997 2724 5064 Balaam,
2755 5009 2808 5053 et
2837 4996 3114 5053 consilium
3139 4996 3343 5050 dederit
3371 4996 3500 5060 regi,

295 5077 473 5130 veniri
508 5093 525 5130 :
562 5077 734 5144 periit
761 5074 913 5127 enim
952 5085 1065 5124 non
1123 5083 1327 5131 errore,
1375 5072 1462 5124 sed
1505 5072 1728 5140 judicio,
1778 5094 1876 5133 nec
1982 5084 2104 5137 talia
2140 5086 2379 5152 quaadam
2415 5089 2595 5144 dicens
2621 5090 2686 5143 ad
2713 5104 2834 5144 eum
2858 5085 3117 5154 :Populus
3140 5084 3227 5138 hic
3254 5097 3356 5137 non
3383 5095 3504 5148 pro-

371 5210 422 5242 οι
445 5211 804 5286 “Min-qv,
823 5209 916 5260 41.
996 5205 1201 5286 ’f-Luc.
1243 5217 1324 5267 xv,
1345 5202 1394 5265 6,
1415 5205 1462 5257 7.
1536 5207 1580 5238 "
1606 5210 1766 5266 Deut.
1796 5230 1860 5267 xx

1991 5214 2077 5279 30;
2107 5214 2194 5268 etl
2230 5217 2357 5286 Reg.
2384 5234 2442 5281 ιι,
2470 5218 2519 5270 6.
2596 5219 2640 5250 ⁸⁸
2666 5221 2816 5270 Nunt.
2841 5232 2958 5280 xxv,
2988 5218 3036 5278 l,
3065 5215 3117 5276 2,
3144 5216 3196 5267 5.
3271 5211 3316 5243 ’⁵
3345 5209 3500 5263 Num.

299 5288 452 5343 :xtv,
484 5280 572 5334 Η.
653 5281 668 5310 ¹
700 5280 880 5346 Apoc.
909 5289 977 5335 ll,
1012 5272 1105 5325 Η.

366 5394 476 5467 (91)
502 5395 670 5467 είιίιίξ
695 5383 1522 5467 δηιενρνέςειεξν,εξτλξὲξικιεοΑ
1558 5398 1680 5467 nn;
1727 5410 1747 5444 ι
1785 5403 1867 5446 ιυ-

300 5448 389 5540 Ξὲξί
433 5448 724 5520 t-lorttrivil.
765 5475 787 5507 ι
818 5448 875 5506 et
906 5457 1059 5506 anan
1097 5464 1114 5494 ‘
1150 5448 1372 5508 θυευίνίν
1414 5457 1690 5522 εοιυινίενὶο
1750 5477 1871 5529 νυν·

279 5527 460 5656 “83'.
495 5596 720 5654 Ηιψιιιινι
746 5576 1534 5641 τκΑδεεωετεδἱηιενριβιαηιαν.
1575 5591 1620 5644 Α
1695 5597 1870 5652 verbo

1973 5403 2085 5456 ’Ὃν
2114 5411 2130 5444 ι
2169 5402 2428 5448 lransmt.
2466 5412 2482 5442 ι

2045 5450 2152 5530 (95)
2180 5461 2325 5528 Mssa,
2377 5478 2394 5512 ι
2429 5467 2690 5514 revocato.
2723 5474 2738 5505 ι
2795 5453 2944 5506 Libb.
2991 5451 3156 5507 editi,
3215 5465 3234 5498 ‹
3277 5450 3506 5504 devoca-

1979 5539 2050 5582 lu.
2079 5549 2095 5581 ι
