3838 6210
393 308 486 357 7‘27

389 420 518 488 priis
541 417 762 475 viribus,
791 415 878 466 sed
902 414 1062 466 Dcum
1098 413 1316 468 colendo
1336 412 1527 476 vincit,
1545 421 1596 466 et
1617 411 1927 479 pudicitiam

389 505 772 561 conservando.
809 503 863 555 Si
898 502 975 554 vis
1001 516 1122 554 eum
1151 502 1385 563 vincere,
1419 500 1588 568 primo
1617 513 1797 553 eorum
1833 512 1928 564 pu-

391 597 630 647 dicitiam
664 592 854 658 dejice,
887 601 940 646 et
963 601 1148 659 sponte
1179 591 1478 644 vincentur.
1513 589 1616 644 Sed
1646 589 1927 641 adversum

389 689 501 739 h:ec
529 699 633 737 non
663 684 860 737 virtute
891 684 1139 747 militum,
1166 684 1258 736 sed
1293 682 1575 735 mulierum
1601 681 1792 733 decore
1827 691 1929 743 pu~

391 773 657 841 guanduni
687 781 789 834 est,
828 786 923 825 nec
965 781 1293 824 armatorum
1348 771 1554 838 vigore,
1583 768 1674 820 sed
1707 766 1928 819 mollitie

394 861 730 913 feminarum.
780 859 971 913 Procul
1013 874 1200 913 amove
1231 867 1556 912 armatorum
1603 871 1838 918 manum,
1878 862 1931 909 et

391 950 614 1000 electam
649 963 911 1017 congrege
945 948 1176 1017 speciem
1206 949 1530 1018 puellarum,
1557 947 1801 1000 ludentes
1838 960 1929 1012 pe—

395 1039 547 1091 dibus
575 1047 722 1101 eant,
754 1039 1106 1105 manibusque
1150 1039 1464 1105 plaudentes
1509 1053 1520 1087 :
1556 1036 1724 1090 forma
1765 1034 1931 1086 vincit

396 1137 648 1190 armatos,
689 1127 890 1181 ferrum
939 1128 1286 1194 pulchritudo
1339 1127 1598 1195 captivat,
1649 1126 1929 1177 vincentur

396 1217 575 1282 specie
600 1216 688 1284 qui
719 1232 822 1269 non
865 1219 1148 1271 vincuntur
1172 1218 1376 1284 prarlio.
1410 1216 1603 1270 Verum
1629 1217 1716 1270 ubi
1743 1229 1930 1270 sense-

394 1307 502 1358 rint
534 1321 627 1360 eos
663 1307 914 1361 mulieres
949 1306 1266 1361 Moabitides
1299 1306 1375 1359 vel
1401 1305 1776 1360 Madianitides
1819 1319 1931 1356 ma-

397 1412 501 1447 nus
536 1396 748 1449 dedisse
767 1397 996 1460 libidini,
1029 1406 1082 1449 et
1116 1404 1332 1464 peccato
1353 1394 1637 1448 inclinasse
1657 1397 1914 1455 cervices,

396 1500 499 1537 non
533 1486 677 1551 prius
709 1486 1024 1551 semctipsas
1069 1483 1398 1553 cupientibus
1436 1483 1725 1550 prtebeant,
1770 1495 1929 1548 quam

397 1570 463 1623 de
497 1569 774 1625 sacrificiis
823 1571 1083 1624 idolorum
1120 1569 1484 1638 acquieverint
1513 1569 1796 1636 degustare
1828 1583 1840 1617 :
1877 1576 1934 1619 ut

397 1667 620 1726 cogente
658 1659 902 1722 libidine,
929 1659 1170 1713 consiliis
1193 1660 1560 1725 obtemperent
1586 1656 1927 1718 feminarum,

398 1756 450 1794 et
481 1755 862 1798 consecrentur
885 1746 1030 1812 prius
1070 1744 1414 1812 Beelphegor,
1445 1746 1584 1813 quod
1617 1754 1696 1798 est
1732 1744 1930 1796 idolum

400 1833 762 1900 turpitudinis.
789 1832 907 1886 Hatc
934 1833 1146 1886 fuerunt
1175 1833 1399 1886 consilia
1438 1832 1652 1887 Balaam
1689 1850 1702 1885 :
1739 1833 1934 1902 quibus

400 1921 636 1987 acceptis
675 1936 764 1973 rex
800 1921 992 1974 Balacb
1035 1929 1188 1987 parat
1216 1923 1470 1975 continuo
1501 1921 1792 1976 exercitum
1829 1936 1933 1975 non

400 2011 565 2064 armis
594 2009 854 2071 virilibus,
901 2011 992 2062 sed
1049 2009 1283 2063 femineo
1346 2011 1521 2064 nitore
1561 2010 1932 2079 compositum,

401 2113 504 2151 non
541 2101 718 2153 fin-ore
744 2099 956 2161 bellico,
989 2099 1081 2152 sed
1113 2098 1344 2152 libidinis
1367 2098 1576 2151 ﬂamma
1598 2113 1934 2152 succensum.

399 2184 603 2239 Nullam
645 2187 874 2241 refrenat
902 2188 1089 2252 pudor,
1121 2185 1315 2238 nullam
1339 2187 1577 2256 prohibet
1599 2187 1932 2240 verecundia.

401 2278 561 2328 Amor
587 2277 770 2342 patriar
809 2283 864 2328 et
890 2275 1076 2326 vitium
1112 2275 1284 2342 gentis
1313 2276 1622 2344 conspirant
1661 2275 1860 2342 pariter
1884 2277 1935 2326 in

401 2363 696 2429 lasciviam,
719 2375 771 2419 et
800 2367 866 2419 ad
901 2364 1271 2433 decipiendum
1302 2365 1461 2434 proba
1502 2366 1710 2418 exsistit
1743 2365 1938 2433 impro-

405 2456 562 2508 bitas.
594 2456 696 2510 Pro
723 2458 891 2520 nefas,
927 2460 1010 2510 vix
1038 2458 1351 2526 prohibetur
1381 2457 1545 2510 libido
1571 2457 1740 2524 legum
1759 2455 1935 2516 minis,

405 2546 487 2598 vix
541 2547 701 2614 gladii
761 2558 968 2603 terrore
1013 2548 1353 2620 reprimitur!
1400 2546 1524 2613 quid
1578 2545 1792 2598 sceleris
1835 2559 1936 2598 non

405 2644 688 2702 perpetret,
729 2639 814 2690 ubi
858 2639 1091 2692 facinore
1142 2655 1237 2693 suo
1302 2637 1609 2706 placituram
1652 2649 1712 2688 se
1748 2635 1939 2688 mulier

406 2728 515 2795 regi
553 2728 798 2790 credidit,
819 2741 868 2781 et
894 2730 1115 2783 salutem
1152 2729 1335 2797 patriae
1357 2726 1735 2793 qumsituram?
1761 2726 1940 2792 Capti-

405 2825 598 2868 vantur
619 2831 746 2884 ergo
773 2818 1046 2884 Israelitte,
1074 2833 1181 2871 non
1213 2818 1372 2880 ferro,
1406 2817 1498 2870 sed
1532 2816 1676 2880 luxu,
1708 2831 1804 2868 nec
1828 2817 1937 2867 vir-

409 2915 538 2972 tute,
561 2909 650 2960 sed
682 2907 921 2970 libidine,
952 2920 1004 2962 et
1035 2908 1367 2962 fornicantur
1398 2907 1449 2958 iu
1472 2905 1719 2958 mulieres
1740 2904 1940 2957 Mallia-

410 2996 622 3062 nitidas,
648 3009 696 3051 et
730 2999 804 3050 ira
839 2998 931 3052 Dei
969 2999 1195 3066 insurgit
1222 3011 1380 3063 super
1407 3010 1516 3049 eos.
1552 2996 1688 3048 Sunt
1727 2995 1937 3062 quidem

412 3086 463 3138 in
493 3086 558 3139 iis
583 3097 634 3140 et
674 3089 903 3158 mystica
934 3089 1196 3156 quaedam,
1244 3086 1707 3153 atque-interioris
1744 3085 1941 3138 intelli-

409 3179 600 3244 gentia:
634 3188 837 3233 secreta
865 3198 878 3231 :
909 3179 999 3232 sed
1025 3193 1123 3231 nos
1162 3177 1332 3244 primo
1360 3178 1470 3243 ipse
1504 3177 1740 3230 historia:
1769 3184 1946 3230 textus

340 3251 342 3253 i
408 3266 656 3331 azdilicet,
693 3279 750 3322 ut
789 3271 1058 3322 discamus
1105 3283 1170 3322 ex
1219 3268 1341 3330 hoc,
1387 3267 1636 3333 quoniam
1687 3266 1945 3320 adversus

411 3369 512 3407 nos
539 3354 846 3420 jacnlantur
889 3359 988 3411 tela
1031 3357 1273 3413 luxuriat.
1316 3357 1418 3408 Sed
1454 3358 1496 3408 si
1528 3355 1683 3408 nobis
1713 3370 1819 3408 non
1850 3356 1945 3408 de-

411 3446 518 3494 sint
545 3459 712 3508 arma,
755 3449 946 3514 quibus
980 3461 1077 3500 nos
1123 3447 1316 3499 armari
1368 3444 1520 3513 jubet
1573 3445 1862 3514 Apostolus
1903 3448 1944 3506 ‘,

413 3534 710 3602 huiusmodi
744 3538 916 3605 jacula
948 3553 1044 3592 nos
1074 3538 1345 3591 terebrare
1377 3551 1480 3590 non
1513 3545 1784 3604 poterunt,
1809 3536 1850 3588 si
1879 3536 1948 3588 sit

410 3625 568 3680 uehis
595 3627 758 3682 lorica
801 3626 1048 3693 iustitim,
1091 3629 1134 3682 si
1165 3628 1456 3682 habeamus
1496 3626 1699 3693 galeam
1738 3625 1944 3686 salutis,

413 3720 466 3766 et
508 3715 740 3782 gladiqu
796 3717 1040 3783 spiritus,
1076 3731 1239 3785 super
1271 3716 1450 3769 omnia
1482 3723 1688 3767 scutum
1719 3713 1862 3775 lidei,
1897 3726 1950 3767 et

410 3799 632 3854 calceati
658 3801 825 3855 simus
852 3805 1013 3869 pedes
1047 3804 1098 3856 in
1125 3803 1514 3872 praeparatione
1538 3801 1804 3870 Evangelii
1851 3817 1947 3869 pa-

413 3890 509 3942 eis.
550 3891 649 3942 Ista
675 3901 796 3944 sunt
814 3907 961 3946 arma
989 3908 1106 3960 quae
1136 3910 1232 3948 nos
1259 3892 1552 3946 defendunt
1574 3893 1628 3946 in
1645 3892 1948 3959 hujusmodi

411 3979 584 4034 bellis.
611 3982 665 4034 Si
701 3994 875 4034 antem
903 3983 1024 4036 talia
1053 3999 1196 4037 arma
1216 3985 1550 4052 projicimus,
1578 3983 1753 4036 statim
1776 3981 1948 4034 locum

414 4069 677 4122 diabolico
710 4071 921 4122 vulneri
951 4073 1138 4126 dannts
1165 4072 1297 4142 (94),
1329 4081 1383 4125 et
1415 4071 1651 4138 captivos
1681 4085 1776 4122 nos
1802 4070 1949 4122 ducit

413 4161 586 4212 omnis
617 4160 914 4212 dazmonum
949 4163 1182 4216 chorus:
1209 4174 1369 4231 atque
1398 4164 1466 4216 ob
1501 4163 1603 4214 huc
1634 4161 1710 4212 ira
1745 4159 1842 4217 Dei
1872 4159 1948 4210 in-

414 4250 586 4314 surgit
615 4263 774 4315 super
798 4265 910 4311 nos,
940 4259 993 4303 et
1021 4267 1121 4305 non
1169 4254 1340 4306 solum
1377 4255 1427 4305 in
1471 4250 1717 4320 praesenti
1755 4248 1949 4302 saeculo

414 4341 713 4407 puuiemur,
743 4354 922 4394 verum
946 4344 1104 4395 etiam
1135 4345 1186 4396 in
1217 4347 1417 4398 futuro.
1475 4344 1624 4409 Quod
1654 4357 1783 4412 ergo
1813 4342 1937 4395 facit

415 4444 516 4483 nos
549 4431 763 4482 vincere
798 4431 849 4483 in
884 4432 949 4484 iis
987 4435 1182 4499 pra-liis
1225 4451 1343 4502 quae
1380 4437 1660 4490 adversum
1705 4449 1804 4489 nos
1837 4435 1947 4488 dia-

413 4518 568 4571 bolus
599 4528 916 4582 commovet,
953 4523 1208 4586 pudicitia
1243 4535 1344 4588 est,
1384 4534 1439 4578 et
1478 4525 1710 4593 justitia,
1740 4533 1793 4579 et
1820 4539 1948 4592 pru-

414 4608 613 4672 dentia,
643 4617 700 4661 et
747 4609 932 4676 pietas,
961 4621 1270 4681 exterasque
1311 4615 1551 4667 virtutes.
1599 4614 1727 4678 Quae
1767 4623 1948 4667 autem

417 4698 618 4751 faciunt
648 4711 743 4750 nos
778 4697 944 4759 vinci,
975 4698 1183 4754 luxuria
1207 4711 1393 4776 est,et
1423 4702 1610 4767 libido,
1635 4703 1856 4756 avaritia
1895 4711 1950 4756 et

417 4788 682 4854 impietas,
740 4788 1018 4855 omnisque
1048 4791 1268 4845 malitia.
1320 4775 1444 4845 Haec
1491 4804 1618 4858 ergo
1653 4800 1798 4854 sunt,
1833 4806 1950 4859 qua:

418 4893 516 4931 nos
555 4877 790 4931 historiae
823 4886 998 4934 textus
1031 4882 1263 4935 edocuit.
1288 4879 1484 4934 Verum
1507 4880 1756 4947 quoniam
1787 4880 1948 4934 Joan-

420 4982 514 5022 nes
552 4969 602 5020 iu
637 4968 976 5023 ltevelatione
1015 4987 1132 5038 sua,
1173 4991 1233 5027 ea
1268 4988 1386 5041 qua:
1423 4972 1476 5022 in
1518 4970 1631 5034 lege
1659 4969 1950 5022 secundum

417 5059 697 5112 historiam
731 5061 923 5129 scripta
967 5073 1094 5116 sunt
1126 5066 1340 5118 adducit
1372 5062 1436 5114 ad
1462 5057 1710 5126 mysteria
1748 5058 1948 5121 divina,

415 5156 469 5200 et
502 5159 833 5204 sacramenta
856 5154 1095 5220 qumdam
1129 5155 1178 5205 in
1216 5155 1281 5206 iis
1315 5153 1501 5207 edocet
1529 5147 1816 5206 contineri,
1855 5162 1951 5200 nc-

416 5239 706 5291 cessarium
735 5241 942 5294 videtur
972 5243 1130 5295 etiam
1159 5241 1446 5294 secundum
1476 5237 1525 5289 id
1561 5235 1698 5302 quod
1727 5235 1816 5286 ille
1841 5249 1957 5289 sen-

420 5323 513 5386 sit,
546 5341 642 5378 nos
667 5341 874 5394 quoque
898 5331 966 5381 ab
993 5327 1082 5381 illo
1111 5330 1292 5381 datam
1320 5323 1668 5392 expositionis
1716 5323 1952 5390 regulam

421 5413 592 5476 sequi,
624 5423 678 5466 et
704 5417 876 5481 primo
901 5431 1199 5471 memorare
1220 5431 1306 5481 ea,
1335 5428 1452 5484 quae
1483 5412 1547 5466 ad
1578 5412 1819 5480 angelum
1850 5413 1952 5466 Ec-

497 5522 518 5551 '
545 5523 1147 5595 Ephes.vr,il,16,i7.
1207 5531 1413 5596 8Apoc.
1451 5526 1612 5590 ".14.
1673 5525 1877 5581 ‘lCor.
1903 5546 1954 5583 vi

1805 292 2120 349 ORIGENIS

3501 277 3585 330 728

1958 414 2000 468 Α
2031 407 2213 460 clesiaz
2241 403 2534 469 cujusdam
2569 401 2831 456 scribens
2865 400 3002 454 dicit
3033 399 3086 451 ³;
3114 416 3132 448 ι
3170 395 3334 448 llabcs
3376 393 3439 444 ibi
3457 409 3588 461 quos-

2032 495 2182 559 dam,
2219 496 2312 563 qui
2346 501 2540 547 tenent.
2597 490 2920 544 doctrinam
2949 486 3190 548 Balaam,
3215 484 3302 551 qni
3331 483 3488 536 docuit
3508 482 3590 535 Ba-

2032 583 2153 636 lach
2187 584 2413 636 mittere
2434 580 2771 636 scandalum
2789 578 2845 630 iu
2877 582 3176 642 conspectu
3202 574 3417 625 ﬁliorum
3441 571 3588 636 Israel,

2031 682 2088 724 ut
2122 673 2526 726 manducareut
2559 667 2858 722 immolata
2894 665 3082 728 idolis,
3111 671 3165 716 et
3189 660 3588 714 fornicarentur.i

2033 762 2179 830 Ergo
2204 763 2545 829 temporibus
2569 757 2817 812 Joannis
2864 753 3108 823 apostoli
3152 761 3308 806 erant
3331 751 3520 815 quidam
3551 751 3593 802 in

2028 852 2270 906 Ecclesia
2291 852 2387 904 illa
2418 851 2483 904 ad
2514 865 2688 919 qnam
2720 847 3037 906 scribebat,
3070 845 3324 896 docentes
3345 841 3596 895 doctrinam

2028 941 2271 1000 Balaam.
2329 939 2576 994 Putasne
2610 939 2689 990 ita
2725 925 3122 1003 accipiendum
3157 931 3400 998 estquod
3441 929 3599 981 fuerint

2033 1031 2086 1084 in
2125 1032 2234 1085 illis
2257 1031 2448 1085 diebus
2477 1030 2571 1098 qui
2604 1029 2870 1082 dicerent
2902 1039 2964 1078 se
2995 1025 3196 1076 docere
3211 1035 3273 1074 ea
3287 1035 3397 1088 quae
3423 1019 3600 1072 Balaam

2035 1121 2242 1185 docuit,
2280 1130 2337 1174 et
2365 1120 2458 1188 qui
2491 1118 2910 1186 profiterentur
2945 1128 3006 1167 se
3046 1113 3353 1179 dogmatum
3389 1117 3438 1162 et
3469 1109 3600 1160 trauli-

2030 1212 2242 1265 tiouum
2274 1210 2423 1264 illius
2450 1224 2573 1264 esse
2610 1205 2934 1263 doctores?
2982 1204 3069 1256 Au
3108 1201 3238 1254 illud
3279 1199 3446 1266 potius
3468 1198 3598 1252 debe-

2030 1315 2151 1354 mus
2182 1302 2496 1363 advertere,
2526 1301 2680 1363 quod
2714 1297 2762 1350 si
2805 1295 2938 1361 quis
2978 1292 3149 1346 faciat
3182 1304 3316 1358 opus
3348 1289 3474 1356 quod
3503 1289 3600 1341 fecit

2041 1390 2288 1455 Balaam,
2312 1391 2359 1443 is
2392 1390 2716 1444 doctrinam
2754 1385 2990 1439 Balaam
3020 1384 3225 1437 docere
3256 1377 3503 1432 videatur?
3521 1376 3602 1429 Sic-

2033 1489 2091 1534 ut
2149 1489 2205 1535 et
2243 1482 2310 1536 de
2355 1481 2610 1534 doctrina
2663 1478 2908 1533 Jezabel
2968 1475 3254 1554 ineadem
3304 1468 3599 1525 Revelatione

2029 1581 2389 1633 memoratur,
2420 1587 2526 1624 non
2566 1573 2721 1640 quod
2770 1571 2985 1637 aliquis
3031 1582 3101 1622 ex
3134 1561 3408 1630 discipulis
3426 1555 3598 1613 Jezaliel

2034 1661 2223 1714 doceat
2253 1676 2374 1729 quae
2406 1661 2494 1714 illa
2549 1661 2888 1719 tradiderit,
2924 1657 3022 1712 sed
3073 1654 3214 1724 quod
3257 1653 3299 1706 si
3324 1651 3451 1719 quis,
3476 1649 3594 1702 verbi

1969 1726 2009 1780 Β
2039 1764 2224 1812 causa,
2259 1726 2351 1802 aut
2382 1751 2696 1818 prophetas
2725 1750 2824 1802 Dei
2857 1753 3251 1815 persequatur,
3290 1750 3346 1793 nt
3376 1738 3451 1791 illa
3477 1737 3596 1803 fecit,

2041 1852 2132 1893 aut
2165 1841 2232 1893 ad
2269 1842 2410 1895 idola
2439 1842 2663 1910 aliquos
2705 1839 2984 1906 decipiat,
3021 1839 3103 1890 vel
3136 1833 3286 1888 falsis
3307 1827 3595 1886 circumscri-

2041 1931 2318 1997 ptiouibus
2346 1933 2583 2000 perimat
2633 1933 3006 1992 innocentes,
3043 1927 3149 1981 iste
3195 1921 3400 1978 Iezabel
3426 1920 3594 1972 dicetur

2044 2030 2226 2074 tenere
2273 2023 2601 2075 doctrinam.
2659 2021 2725 2076 Si
2786 2035 2927 2089 ergo
2965 2016 3170 2084 aliquis
3219 2013 3368 2068 malis
3399 2008 3590 2064 consiliis

2043 2109 2352 2163 scandalum
2404 2121 2640 2177 generet
2696 2108 2912 2176 populo
2950 2106 3070 2168 Dei,
3108 2114 3164 2158 et
3191 2100 3508 2156 offensionem
3531 2095 3593 2145 di-

2044 2200 2244 2262 vinam,
2278 2209 2438 2266 atque
2465 2200 2830 2253 iracundiam
2863 2198 3154 2252 caelestem
3195 2199 3428 2261 provocet
3464 2185 3592 2255 plebi.

2042 2290 2123 2342 vel
2164 2289 2432 2340 idolorum
2473 2288 2789 2340 sacrificiis
2823 2283 3303 2341 communicando,
3337 2278 3409 2331 vel
3435 2273 3589 2342 stupris

2044 2386 2135 2430 aut
2183 2377 2394 2432 libidini
2454 2377 2796 2439 serviendo,
2832 2379 2926 2431 hie
2961 2375 3264 2429 doctrinam
3306 2368 3488 2422 Balaam
3526 2375 3584 2417 te-

2044 2482 2171 2520 nere
2199 2469 2457 2522 dicendus
2496 2478 2602 2521 est.
2652 2469 2763 2522 Est
2813 2483 2952 2536 ergo
3005 2461 3354 2519 exsecrabilis
3391 2454 3588 2522 corporis

2043 2557 2202 2609 etiam
2233 2555 2546 2612 fornicatio.
2585 2559 2731 2624 Quid
2778 2560 2936 2613 enim
2977 2558 3052 2610 ita
3097 2549 3435 2612 exsecrabile,
3461 2558 3588 2613 quam

2052 2646 2308 2714 templum
2338 2647 2430 2701 Dei
2467 2647 2704 2712 violare,
2741 2663 2820 2701 ac
2856 2647 3055 2700 tollere
3077 2643 3312 2699 membra
3341 2635 3580 2696 Christi,t't

2045 2737 2218 2791 facere
2245 2737 2485 2791 membra
2515 2737 2848 2790 meretricis
2888 2737 2952 2789 εἰ)

2113 2827 2168 2879 2.
2199 2826 2371 2880 Multo
2412 2835 2596 2880 tamen
2658 2828 2854 2894 magis
2883 2822 3247 2880 exsecrabilis
3271 2827 3348 2873 est
3374 2811 3584 2885 generalis

2047 2917 2137 2970 illa
2169 2917 2480 2980 foruicatio,
2519 2917 2576 2970 in
2609 2932 2722 2983 qua
2785 2931 2968 2972 omne
2999 2929 3173 2984 genus
3209 2907 3402 2980 peccati
3430 2903 3588 2974 pariter

2046 3009 2372 3060 continetur.
2412 3005 2702 3059 Generalis
2729 3015 2937 3061 autem
2967 3003 3259 3058 farnicatio
3283 2999 3473 3055 dicitur,
3499 3006 3591 3045 CIIII

2044 3101 2220 3152 anima
2260 3113 2378 3165 qua:
2418 3099 2472 3151 in
2504 3099 2874 3152 consortium
2909 3097 3080 3152 Verbi
3129 3095 3223 3148 Dei
3258 3090 3412 3145 ascita
3442 3094 3530 3146 est,
3553 3092 3595 3134 et

2047 3185 2396 3241 matrimonio
2417 3185 2536 3254 ejus
2561 3185 3004 3252 quodammodo
3025 3184 3256 3246 sociata,
3274 3180 3339 3233 ab
3357 3176 3451 3230 ullo
3465 3172 3598 3226 alieno

2047 3274 2271 3337 scilicet,
2301 3282 2358 3327 et
2413 3273 2743 3327 adversario
2779 3274 2951 3328 illius
2987 3274 3094 3326 viri
3126 3272 3216 3338 qui
3257 3284 3368 3323 eam
3415 3262 3498 3317 sibi
3526 3260 3598 3312 de.

2047 3363 2260 3430 spondit
2308 3361 2361 3414 in
2401 3361 2530 3420 fide,
2575 3364 2983 3430 corrumpitur
3019 3372 3078 3417 et
3108 3359 3364 3414 violatur.
3397 3354 3484 3408 Est
3510 3362 3608 3416 (ἔνθα

2046 3466 2272 3519 sponsus
2317 3459 2372 3503 et
2406 3451 2490 3503 vir
2517 3451 2719 3504 anima:
2767 3454 3012 3507 munda:
3063 3464 3122 3507 et
3171 3443 3604 3520 pudicaz,Ver|mm

2049 3540 2168 3602 Dei,
2197 3539 2287 3608 qui
2320 3549 2402 3592 est
2425 3539 2684 3592 Christus
2717 3540 3037 3607 Dominus,
3077 3542 3226 3595 sicut
3250 3536 3414 3608 358
3439 3542 3487 3587 εὶ
3507 3532 3616 3596 590°

2046 3633 2217 3682 stulus
2262 3627 2398 3681 dicit
2441 3628 2461 3658 ⁸
2494 3647 2506 3682 :
2544 3647 2562 3678 ι
2615 3629 2754 3682 Volo
2795 3640 3001 3684 autem
3055 3644 3256 3685 omnes
3291 3642 3381 3678 vos
3415 3621 3496 3674 uni
3529 3618 3619 3666 viro

2048 3718 2306 3783 virginem
2333 3726 2542 3770 castam
2565 3718 2846 3772 exhibere
2875 3720 3138 3774 Christo.
3175 3719 3364 3772 Timeo
3392 3720 3550 3765 autem
3575 3718 3628 3756 ne

2050 3804 2185 3855 forte
2208 3844 2225 3868 ,
2250 3803 2393 3856 sicut
2417 3818 2647 3872 serpens
2679 3807 2916 3863 seduxit
2958 3812 3141 3864 Evam
3191 3806 3393 3862 astutia
3434 3815 3535 3862 sua,
3567 3797 3628 3847 sic

2048 3904 2458 3959 corrumpantur
2487 3909 2684 3950 sensus
2716 3901 2904 3954 vestri
2943 3917 2981 3955 a
3026 3898 3410 3970 simplicitate,
3433 3903 3541 3960 quae
3570 3893 3637 3937 est

2051 3987 2101 4036 in
2151 3983 2368 4036 Christo
2415 3983 2564 4037 Jesu.
2629 4004 2648 4035 ι
2698 3986 2895 4045 Donec
2952 3993 3137 4062 igitur
3203 3988 3386 4043 anima
3435 3981 3638 4034 adhaeret

2049 4089 2250 4142 sponso
2281 4089 2400 4136 suo,
2433 4084 2488 4128 et
2509 4077 2662 4128 audit
2688 4081 2930 4134 verbum
2959 4083 3114 4149 ejus,
3153 4092 3212 4135 et
3241 4082 3414 4146 ipsum
3436 4067 3641 4132 ςοιηιιὶε-

2049 4167 2234 4229 ctitur,
2288 4167 2407 4218 sine
2439 4165 2606 4220 dubio
2656 4170 2728 4220 ab
2772 4171 2902 4237 ipso
2958 4187 3165 4227 semen
3221 4168 3453 4234 suscipit
3479 4157 3644 4214 verbi:

2048 4264 2103 4309 ct
2128 4257 2267 4308 sicut
2295 4254 2380 4306 ille
2412 4255 2550 4308 dixit
2586 4257 2606 4286 ⁸
2641 4274 2656 4308 :
2697 4276 2715 4308 ι
2779 4260 2859 4314 De
2897 4263 3111 4317 timore
3157 4272 3279 4322 tuo,
3317 4254 3544 4310 Domine.
3587 4245 3631 4293 in

1969 4345 2011 4398 D
2041 4353 2192 4397 utero
2232 4344 2474 4411 concepi,
2505 4363 2527 4394 ι
2557 4345 2627 4396 ita
2661 4356 2718 4397 et
2751 4347 2875 4402 haec
2909 4351 3070 4411 dicit,
3104 4355 3190 4406 De
3227 4347 3403 4399 verbo
3427 4350 3528 4400 tuo,
3553 4333 3639 4386 θο-
3685 4375 3690 4378 -

2051 4437 2221 4500 mine,
2248 4435 2302 4487 in
2335 4443 2525 4487 ventre
2557 4437 2816 4502 concepi,
2857 4449 2917 4492 et
2959 4439 3271 4508 parturivi,
3322 4443 3378 4489 et
3416 4425 3636 4495 spiritum

2047 4525 2236 4578 salutis
2267 4535 2370 4576 tute
2403 4521 2504 4576 feci
2533 4537 2700 4589 super
2733 4534 2948 4580 terras.
2984 4529 3045 4582 Si
3073 4542 3219 4596 ergo
3248 4539 3333 4578 src
3360 4521 3426 4573 de
3453 4512 3642 4596 Christo

2048 4614 2297 4680 concepit
2339 4613 2541 4671 anima.
2577 4610 2718 4665 fecit
2771 4615 2926 4669 filios
2959 4632 3062 4686 pro
3101 4594 3320 4683 quibus
3355 4610 3556 4664 dicatur
3591 4594 3645 4647 ad

2048 4721 2166 4759 eam
2200 4705 2387 4772 ",qnia
2421 4722 2440 4754 ι
2471 4702 2620 4756 salva
2639 4706 2751 4757 erit
2784 4722 2894 4774 per
2931 4710 3187 4764 filiorum
3220 4697 3638 4776 procreationem.

2048 4796 2092 4848 si
2126 4794 2486 4861 permanserit
2517 4793 2570 4845 in
2610 4792 2741 4856 ﬁde,
2781 4806 2843 4849 et
2899 4799 3199 4857 aharitate,
3254 4803 3310 4847 et
3362 4784 3636 4843 sanctitate.

2051 4901 2170 4938 cum
2200 4884 2520 4945 sobrietate,
2555 4901 2574 4932 ι
2620 4886 2850 4939 etiamsi
2904 4891 3069 4955 prius
3112 4889 3264 4942 sicut
3314 4883 3421 4936 Eva
3444 4873 3629 4931 sedum

2051 4973 2222 5026 fuisse
2257 4975 2434 5027 anima
2473 4976 2766 5031 videatur;
2787 4977 2891 5031 Est
2921 4980 3109 5048 itaque
3144 4983 3275 5032 ver'e
3307 4977 3453 5028 beata
3490 4961 3623 5018 sobo-

2053 5062 2158 5124 les,
2201 5065 2286 5116 ubi
2319 5064 2642 5118 concubitus
2667 5065 2856 5124 factus
2891 5069 3066 5124 fuerit
3089 5068 3290 5123 anima:
3328 5074 3445 5116 cum
3474 5048 3617 5108 verba

2057 5155 2172 5216 Dei,
2206 5163 2263 5205 et
2317 5155 2405 5206 ubi
2453 5155 2782 5224 complexus
2830 5161 2903 5214 ad
2955 5164 3192 5218 invicem
3227 5152 3476 5210 dederint.
3505 5138 3606 5194 Inde

2059 5250 2311 5293 nascetur
2337 5256 2602 5309 generosa
2637 5251 2965 5316 progenies,
3002 5253 3131 5307 inde
3157 5241 3402 5320 pudicitia
3417 5233 3598 5289 orietur,

2057 5331 2180 5384 inde
2203 5332 2442 5401 justitia,
2477 5335 2607 5392 inde
2649 5341 2958 5407 patientia,
3016 5346 3144 5399 inde
3182 5329 3505 5394 mansuetudo.
3542 5323 3582 5368 εί

2057 5421 2321 5489 Charitas,
2395 5435 2559 5495 atque
2615 5429 2866 5483 omnium
2928 5434 3192 5488 virtutum
3248 5425 3407 5497 proles
3451 5421 3576 5467 vene'

1961 5533 2092 5593 .15.
2146 5535 2630 5612 'll.Cor.n,‘2,5.
2690 5547 2841 5605 ‘Isa.
2875 5551 3145 5616 xxv-1,18.
3209 5520 3557 5596 ’l'l‘imdliﬁo

498 5610 605 5674 (94)
639 5616 808 5671 Codex
840 5622 892 5674 S.
927 5623 1242 5678 Theoderici
1279 5619 1578 5680 Remensis.
1611 5637 1626 5670 ι
1663 5619 1833 5673 locum
1863 5623 2074 5678 diabolo
2099 5627 2352 5685 vulneris
2389 5610 2594 5693 damus,
2617 5657 2647 5690 ιι
