3838 6226
1585 352 1652 406 IN
1690 353 2015 409 NUMEROS
2042 352 2314 408 HOMILIA
2356 346 2475 403 XX.

1153 463 1368 524 infelix
1411 468 1594 525 anima
1627 472 1807 533 divini.
1831 474 1987 538 Verbi
2017 476 2058 530 Α
2088 472 2214 539 quid
2246 466 2467 525 remedii
2498 465 2674 533 detur,
2702 484 2765 526 ex
2792 472 2982 530 divinis
3004 475 3358 531 voluminibus
3382 474 3620 544 requira-

98 464 146 522 m
398 424 753 487 «cumm-
798 442 1007 509 QIIOd
1042 457 1103 511 si

195 546 207 548 -
236 506 587 548 lacuna-:-
623 534 816 548 ...-_--

236 514 868 625 ἲζξῗῗηξυξιοξτι
927 555 1311 625 connubia,
1338 569 1392 615 et
1432 561 1486 613 in
1532 563 1864 618 adulterinos

96 546 868 704 ςιρῖξξηάῗωωιξί
927 555 1311 625 eo‘mubia,
1338 569 1392 615 et
1432 561 1486 613 in
1532 563 1864 618 adulterinos
1925 578 1981 617 se

111 658 125 703 t
164 602 453 797 ’βω
516 616 549 655 ⁸
632 616 873 724 ’θδξηιν
915 633 1350 718 aliorumque
1381 651 1682 707 daemonum
1719 653 1981 708 illecebris

113 749 179 784 un
249 699 518 797 Ini“
590 710 993 792 ‘md‘de’i‘a
1066 743 1403 797 generabit
1450 744 1569 797 sine
1614 745 1775 797 dubio
1821 746 1978 797 etiam

113 693 518 878 ωιῖρ
590 710 993 792 "admeri‘.
1066 693 1403 800 geue‘rabit
1450 744 1629 799 sinet

132 818 152 865 δ
410 868 424 878 .
474 798 601 846 10³⁸
654 803 776 855 sed
842 808 1030 878 “1“3.
1094 824 1186 878 de
1247 819 1448 878 nuian
1494 834 1629 878 scrin

680 708 683 709 ,
747 712 763 724 .
1116 693 1349 718 ~---....v
1382 693 1681 707 νυν-..νηωυ
1720 693 1977 708 "meum...

461 706 993 840 ῖξὶθςηθὼίίεξτῖις
1066 743 1403 825 generabit
1450 744 1569 797 sine
1614 745 1775 799 dubio
1821 746 1977 817 etiam

540 828 601 846 ’⁸
654 803 776 855 sed
842 809 1030 878 ¹ι¹θ³ι
1094 824 1186 878 de
1247 832 1448 878 nuian
1494 834 1749 878 scr-intum
1796 841 1877 878 est
1909 834 1976 878 δε

132 803 316 878 Μ’
334 803 601 919 /.u"°s‘
654 803 776 855 sed
842 808 1030 882 “1“3.
1094 824 1186 879 de
1247 819 1448 898 quibus
1494 834 1749 901 scriptum
1796 810 1878 888 est
1909 834 1976 885 δε

137 899 224 944 '\\\\\e
340 884 426 944 4'
466 888 689 939 “item
744 899 1230 944 ετηὶιιιιμηι...η..
1271 920 1574 944 :..._-_r---.:
1616 932 1761 944 --___.
1838 932 1881 944 -.
1920 937 1976 944 --

141 912 224 947 \\\\\%

225 972 269 997 ’ί
466 888 709 997 :‘iem-
739 899 1233 997 adulterorum
1266 882 1575 990 imperfecti
1605 882 1740 977 'erun

466 888 709 997 Tim“.
739 899 1233 997 fidulterorum
1266 882 1575 990 imperfecti
1605 882 1786 987 erunt,
1833 932 1886 976 et
1915 937 1977 976 ex

172 972 442 1104 Ϊῖῠξόρ
474 981 841 1042 εὶ(⁵¹”’(³¹³11ῑιιι
912 1012 1155 1060 semen
1223 1013 1694 1067 exterminabitur.
1732 1032 1750 1064 ι
1791 1013 1980 1068 Omnia

179 1060 269 1104 \\\\u
406 1073 681 1104 (tneo-sm
712 1076 832 1104 my:
864 1099 931 1104 -__
1002 1100 1013 1104 -
1122 1095 1137 1104 .
1192 1098 1208 1104 -
1492 1103 1521 1104 η
1558 1103 1563 1104 ,
1600 1102 1610 1104 Α
1824 1103 1829 1104 ,
1915 1102 1922 1104 Α

179 1073 332 1197 Ἓξ
712 1076 835 1197 fuit
862 1099 1025 1142 sunt
1052 1095 1367 1167 adulterii,
1394 1112 1447 1156 et
1473 1103 1569 1156 ﬁlii
1591 1102 1977 1157 fornicationis.

249 1164 405 1261 ξξὲφ
457 1164 529 1209 ει
556 1170 952 1262 05leuditur.
994 1188 1176 1248 quod
1229 1164 1579 1262 per—singula
1608 1206 1761 1260 quteq

461 1164 529 1209 et
556 1170 952 1262 oStenditur,
994 1188 1176 1248 quod
1229 1204 1332 1258 per
1355 1164 1579 1262 singula
1608 1206 1829 1260 qumec
1861 1200 1977 1256 (Ιυίε

287 1266 578 1359 ὶεςχτθῆξν
602 1260 771 1324 ικιιτῑι
802 1268 1022 1326 anima
1058 1288 1298 1345 nostra,
1328 1290 1382 1335 et
1418 1260 1630 1350 general
1672 1281 1827 1339 ﬁlios.
1857 1294 1979 1333 scn-

327 1345 420 1419 se.
437 1345 672 1419 sema“
700 1364 762 1408 εὶ
786 1370 984 1426 ονετιι
1010 1380 1151 1433 qua:
1178 1372 1342 1440 gerit.
1376 1345 1444 1424 Et
1463 1371 1507 1424 si
1549 1372 1760 1438 quidem
1788 1384 1945 1423 secun
1962 1399 1977 1410 -

348 1455 476 1506 dum
508 1441 698 1510 \t‘gem
754 1458 850 1503 est
907 1456 1083 1519 quod
1142 1460 1314 1527 gerit,
1342 1467 1395 1513 et
1433 1460 1717 1513 secundum
1761 1458 1975 1512 verbum

370 1534 772 1604 Νκνςνῑτῑωπι
803 1542 967 1608 parit
1002 1546 1236 1612 salutis,
1275 1557 1330 1601 et
1377 1559 1656 1617 propterea
1691 1548 1978 1602 salvabitur

368 1641 475 1695 per
503 1627 741 1682 ﬁliorum
771 1635 1237 1700 generationem,
1257 1646 1313 1691 et
1342 1638 1430 1691 isti
1455 1648 1577 1692 sunt
1609 1638 1722 1700 ﬁlii,
1747 1638 1813 1690 de
1852 1637 1973 1703 qui-

375 1720 487 1773 bus
518 1718 802 1791 Pr0pheta
838 1723 977 1779 dicit
1000 1726 1025 1757 '
1058 1742 1073 1777 :
1112 1741 1135 1776 ι
1180 1726 1302 1780 Filii
1331 1728 1406 1781 tui
1445 1729 1581 1782 sicut
1621 1727 1838 1782 novella:
1870 1727 1971 1779 oli-

352 1824 583 1865 varum
616 1813 673 1867 in
697 1815 933 1869 circuitu
982 1833 1194 1873 mensa:
1233 1827 1353 1871 tute.
1387 1835 1406 1869 ι
1459 1818 1513 1871 Si
1554 1833 1677 1873 vero
1703 1819 1839 1886 quod
1863 1818 1972 1886 agit

355 1912 586 1955 contra
642 1904 817 1973 legem
866 1918 975 1973 est,
1019 1923 1075 1962 et
1108 1920 1389 1977 peccatum
1425 1918 1526 1970 est,
1559 1908 1676 1961 sine
1721 1909 1881 1962 dubio
1906 1922 1968 1960 ex

343 1995 772 2060 conceptione
815 1998 1081 2050 contrarii
1131 1998 1354 2066 spiritus
1401 1996 1687 2066 malignam
1733 1997 1997 2053 sobolem.

341 2081 586 2148 gignit.
626 2081 780 2135 Parit
808 2085 956 2137 enim
990 2085 1134 2138 ﬁlios
1160 2086 1388 2153 peccati.
1414 2085 1477 2139 Et
1506 2086 1620 2139 ista:
1646 2095 1767 2139 sunt
1810 2085 1969 2138 male-

332 2168 544 2221 dictze
582 2173 987 2237 generationes
1015 2176 1067 2226 itt
1098 2174 1291 2240 quibus
1314 2189 1344 2227 a
1370 2174 1634 2229 nonnullis
1661 2183 1966 2228 sanctorum

341 2258 764 2313 maledicitur
787 2265 958 2314 etiam
984 2263 1100 2316 dies
1139 2265 1192 2316 in
1227 2278 1333 2331 quo
1380 2263 1487 2316 nati
1537 2272 1664 2318 sunt
1706 2264 1771 2318 “.
1820 2263 1969 2317 Nun—

326 2355 546 2409 quam
582 2355 681 2399 est
722 2359 862 2412 ergo
895 2349 1116 2416 quando
1160 2364 1264 2402 non
1319 2350 1494 2416 pariat
1545 2350 1748 2404 anima.
1778 2351 1968 2405 Anima

329 2447 615 2502 semper
661 2438 842 2503 parit,
873 2452 1093 2506 semper
1115 2448 1334 2507 generat
1359 2439 1512 2493 ﬁlios.
1563 2440 1668 2493 Sed
1718 2440 1808 2492 illa
1851 2440 1969 2508 qui-

331 2524 499 2576 dem
534 2526 846 2596 benedicta
877 2528 1161 2596 generatio
1182 2536 1283 2589 est,
1316 2541 1431 2593 qua:
1454 2527 1516 2580 de
1542 2529 1704 2582 verbo
1731 2528 1821 2582 Dei
1849 2544 1968 2582 con-

326 2622 540 2680 cepta
570 2594 914 2682 generatur",
940 2621 993 2667 et
1018 2613 1116 2666 ista
1146 2621 1226 2666 est
1265 2611 1492 2667 ﬁliorum
1532 2616 1822 2684 generatio,
1872 2630 1967 2683 per

328 2716 549 2767 quam
577 2702 742 2756 salva
784 2700 904 2756 ﬁet.
930 2700 987 2756 Si
1008 2713 1207 2764 autem,
1235 2712 1294 2755 ut
1320 2702 1568 2766 diximus,
1597 2718 1660 2758 ex
1691 2707 1964 2759 contrario

329 2792 585 2858 Spiritu
608 2791 934 2858 concipiat,
962 2798 1168 2845 certum
1209 2794 1434 2860 estquia
1480 2794 1650 2861 pariat
1690 2794 1825 2849 ﬁlios
1850 2795 1959 2859 iras,

292 2942 309 2951 ὁ
331 2889 543 2947 aptos
563 2882 631 2934 ad
672 2880 997 2934 interitum.
1039 2879 1103 2931 Et
1127 2877 1266 2933 forte
1289 2880 1351 2932 ad
1379 2890 1626 2949 utrasque.
1649 2881 1779 2936 istas
1803 2897 1961 2950 gene-

332 2968 628 3023 rationes
652 2967 877 3020 aniuta
923 2966 1143 3032 respicit
1177 2964 1324 3028 illttd,
1351 2966 1489 3033 quod
1528 2969 1727 3022 dictum
1767 2983 1848 3023 est
1875 2972 1912 3001 “
1942 2990 1954 3024 :

3518 355 3621 412 750

2081 574 2221 613 mus.
2251 558 2561 612 Invenimus
2575 570 2701 626 ergo
2728 561 2778 614 in
2807 562 3029 618 Psalmis
3050 567 3115 618 de
3139 566 3238 618 hoc
3263 564 3517 631 scriptum
3542 562 3615 617 “z

2090 668 2110 701 α
2144 649 2277 704 Filia
2310 648 2601 718 Babylonis
2633 651 2848 716 misera,
2892 653 3079 707 beatus
3111 652 3200 722 qui
3236 651 3495 706 retribuet
3521 651 3615 704 tibi

2081 740 2488 795 retributionem
2519 756 2679 809 quam
2727 743 3022 797 retribuisti
3072 741 3248 795 nobis.
3283 739 3480 795 Beatus
3521 737 3614 807 qui

2080 832 2281 887 tenebit
2321 842 2374 885 et
2420 831 2601 887 allidct
2649 833 2899 897 parvulos
2924 840 3040 886 tuos
3064 832 3128 885 ad
3171 838 3400 899 petram.
3428 845 3447 877 ι
3475 828 3614 882 Etsi

2079 922 2316 974 nondum
2349 920 2547 989 aliquid
2583 924 2760 990 eperis
2804 923 2973 991 gessit
3017 919 3334 989 Babylonius
3360 916 3413 970 in
3460 917 3616 971 nobis

2080 1010 2181 1064 iste
2201 1021 2514 1077 conceptus,
2538 1011 2661 1063 dum
2686 1013 2863 1065 adhuc
2896 1012 3150 1080 parvulus
3174 1017 3276 1072 est,
3311 1023 3418 1061 non
3450 1007 3611 1059 mise-

2077 1100 2248 1153 rearis
2271 1099 2405 1167 ejus,
2432 1113 2531 1154 nec
2556 1113 2745 1168 parcas
2765 1103 2836 1161 ei,
2860 1102 2953 1155 sed
2984 1100 3161 1154 statim
3187 1098 3447 1152 interﬁce.
3482 1096 3611 1151 0di-

2080 1185 2203 1239 bilis
2253 1187 2398 1239 enim
2441 1196 2544 1251 est,
2590 1187 2817 1254 perime,
2843 1187 3026 1241 occide
3055 1186 3261 1240 elidens
3290 1187 3353 1238 ad
3381 1193 3606 1252 petram.

2075 1273 2233 1328 Petra
2271 1285 2447 1328 autem
2477 1283 2555 1329 est
2577 1275 2845 1329 Christus.
2875 1276 3005 1341 Quis
3032 1289 3161 1344 ergo
3191 1283 3371 1328 tantus
3399 1290 3459 1327 ac
3488 1274 3610 1327 talis

2075 1369 2177 1425 est,
2204 1370 2261 1414 ut
2285 1376 2387 1416 non
2422 1373 2696 1432 exspectet
2743 1365 2962 1416 omnino
2991 1377 3265 1430 usquequo
3290 1369 3501 1416 crescat
3548 1362 3603 1415 iu

2075 1465 2139 1502 eo
2163 1451 2448 1520 Babylonia
2500 1451 2726 1514 soboles,
2776 1466 2873 1505 nec
2919 1460 3215 1519 augeantur
3247 1451 3300 1503 in
3349 1464 3415 1504 eo
3447 1464 3607 1517 opera

2075 1539 2423 1605 confusionis,
2451 1541 2544 1594 sed
2572 1542 2622 1596 in
2669 1542 2856 1610 primis
2887 1543 3064 1596 statim
3107 1540 3294 1604 initiis,
3327 1539 3416 1593 ubi
3439 1540 3605 1607 .nasci

2074 1628 2358 1695 coeperint,
2384 1639 2437 1681 et
2473 1644 2538 1682 ex
2571 1629 2864 1684 voluntatis
2911 1630 3141 1684 motibus
3186 1629 3506 1691 coalescere,
3529 1636 3611 1681 ate

2074 1728 2198 1780 que,
2231 1723 2287 1766 ut
2313 1714 2380 1766 ita
2403 1713 2701 1775 dicam,ubi
2735 1725 2894 1783 caput
2915 1716 3175 1784 ceperint
3203 1716 3268 1769 de
3300 1715 3454 1767 vulva
3493 1714 3609 1769 ani-

2073 1816 2172 1855 mat
2200 1802 2436 1871 proferre
2471 1804 2767 1871 perniciosa
2807 1805 3074 1859 desideria
3125 1806 3336 1859 maligni
3388 1803 3608 1873 spiritus

2070 1892 2422 1961 inspiratione
2450 1903 2725 1962 concepta,
2766 1896 2990 1962 arripiat
3024 1897 3203 1949 statim
3250 1904 3304 1950 et
3350 1896 3511 1955 elidat
3536 1894 3603 1946 ad

2069 1990 2272 2049 petram
2297 1997 2312 2036 :
2338 1982 2389 2036 id
2412 1991 2514 2045 est,
2539 1983 2768 2037 adducat
2796 1987 2860 2039 ad
2886 1983 3183 2048 Christum,
3209 1995 3267 2038 ut
3293 1985 3346 2038 in
3381 1997 3607 2052 conspe-

2068 2081 2154 2124 ctu
2193 2072 2447 2126 tremendi
2488 2070 2673 2137 jndicii
2718 2074 2833 2141 ejus
2869 2075 3044 2143 posita
3071 2073 3399 2136 exolescant,
3419 2084 3599 2144 etper-

2067 2160 2233 2216 eant?
2300 2162 2421 2215 llaec
2448 2160 2587 2214 dicta
2632 2172 2754 2216 sunt
2792 2163 2946 2218 nobis
2986 2165 3052 2217 de
3098 2162 3332 2230 generali
3380 2160 3605 2213 fornica~

2068 2249 2228 2313 tione,
2264 2266 2380 2318 quae
2418 2253 2623 2320 species
2667 2253 2825 2306 habet
2880 2252 3135 2321 plurimas
3188 2269 3202 2303 :
3240 2263 3462 2318 quantm
3492 2262 3600 2300 una

2066 2346 2145 2391 est
2171 2339 2283 2394 haec
2306 2355 2423 2407 quae
2457 2344 2509 2395 itt
2536 2342 2925 2397 consuetudine
2953 2341 3023 2394 ob
3051 2339 3328 2407 corporale
3356 2346 3597 2405 stuprum

2066 2429 2345 2485 fornicatio
2370 2433 2688 2485 nominatur.
2724 2433 2835 2500 Ego
2870 2445 2995 2485 vero
3024 2429 3204 2498 legens
3255 2427 3588 2493 Apostoluut,

2065 2534 2183 2572 cum
2211 2520 2472 2574 venissem
2498 2522 2561 2574 ad
2586 2534 2704 2573 eum
2732 2521 2906 2572 locum
2935 2518 2989 2572 in
3019 2531 3128 2586 quo
3156 2516 3285 2570 dicit
3308 2517 3351 2548 ³⁸
3383 2532 3399 2568 :
3443 2533 3463 2567 ί
3492 2515 3592 2577 Qui

2010 2600 2015 2605 ”
2064 2623 2121 2663 se
2147 2610 2321 2678 jungit
2354 2610 2594 2674 Domino,
2626 2624 2765 2663 unus
2787 2608 3009 2677 spiritus
3037 2615 3143 2673 est,
3167 2625 3186 2656 ι
3220 2614 3273 2659 et
3306 2606 3350 2636 ¹⁸
3377 2620 3391 2658 :
3425 2621 3443 2655 ι
3487 2603 3593 2668 Qui

2062 2718 2119 2758 se
2138 2701 2311 2770 jungit
2338 2703 2603 2757 meretrici
2631 2715 2798 2754 unum
2835 2698 3031 2767 corpus
3056 2707 3177 2757 est:
3235 2716 3254 2749 ι
3289 2696 3596 2765 quaerebam

2061 2794 2103 2849 si
2146 2804 2232 2847 est
2274 2792 2471 2860 aliquid
2519 2790 2659 2843 aliud
2712 2789 2940 2843 medium
2988 2796 3183 2856 praeter
3234 2787 3357 2849 hoc,
3403 2794 3462 2838 ut
3511 2793 3604 2839 aut

2060 2888 2282 2942 Domino
2308 2886 2426 2955 quis
2470 2885 2746 2953 jungatur,
2796 2892 2888 2936 aut
2939 2880 3208 2964 meretrici
3244 2896 3258 2932 :
3298 2889 3351 2932 et
3398 2893 3493 2946 pro
3527 2879 3606 2931 vi-

2058 2976 2205 3029 ribus
2247 2975 2380 3028 meis
2422 2972 2733 3033 discutiens,
2779 2969 3102 3037 profundum
3151 2966 3281 3020 satis
3315 2974 3369 3020 et
3407 2980 3604 3020 recon-

338 3073 365 3103 σ
421 3055 579 3110 Cum
603 3058 778 3111 enim
808 3055 1052 3109 nondum
1079 3055 1187 3106 nati
1216 3054 1466 3122 fuissent,
1490 3068 1578 3111 aut
1605 3058 1803 3126 aliquid
1831 3062 1968 3129 egis-
1991 3067 2039 3127 α
2072 3065 2237 3118 ditum
2264 3064 2316 3116 in
2345 3063 2408 3117 iis
2446 3060 2622 3114 verbis
2667 3060 2918 3113 intuebar
2967 3057 3203 3125 Apostoli
3243 3070 3476 3118 sensum,
3510 3056 3606 3125 qtti

324 3154 505 3197 scut
536 3146 667 3201 boni
707 3145 806 3198 vel
841 3144 993 3207 ntali,
1021 3151 1076 3195 ut
1110 3145 1434 3212 propositum
1466 3145 1581 3206 Dei,
1609 3148 1750 3215 quod
1775 3164 1963 3202 secun-

330 3231 521 3284 dum
544 3235 904 3291 electionem
950 3233 1149 3285 factum
1183 3242 1286 3294 est,
1318 3243 1547 3300 maneat,
1573 3251 1675 3288 non
1696 3251 1759 3290 ex
1786 3237 1962 3306 Operi-

311 3320 499 3385 bus,
534 3328 625 3380 sed
673 3340 759 3379 ex
787 3332 1045 3388 vocante,
1070 3323 1272 3375 dictum
1312 3334 1397 3376 est
1421 3326 1542 3391 quia
1577 3327 1749 3393 major
1772 3326 1965 3380 serviet

312 3411 590 3482 minori,
669 3416 841 3470 sicut
891 3415 1153 3483 scriptum
1210 3424 1291 3470 cst
1331 3431 1345 3467 :
1390 3412 1557 3468 Jacob
1600 3415 1780 3480 dilexi,
1826 3415 1960 3471 Esau

303 3510 552 3554 autem
576 3504 736 3558 odio
793 3502 990 3556 habui.
1022 3521 1041 3555 ι
1087 3504 1204 3558 Ista:
1250 3505 1388 3558 enim
1444 3504 1575 3558 tales
1598 3507 1963 3573 generationes

306 3588 564 3647 anima
589 3594 794 3648 etiam
824 3591 1142 3660 priusquam
1171 3592 1373 3646 faciant
1396 3592 1521 3646 boni
1550 3592 1768 3661 aliquid,
1801 3595 1964 3661 siqui-

295 3677 498 3730 dem
520 3696 568 3735 ex
592 3691 829 3736 sancto
853 3682 1057 3747 Spiritu
1082 3691 1346 3751 generata:
1362 3689 1503 3742 sunt,
1526 3681 1635 3747 jaut
1652 3684 1960 3750 diliguntur.

300 3763 394 3817 Si
442 3782 587 3824 vero
616 3787 702 3826 ex
733 3771 946 3836 spiritu
976 3771 1227 3838 maligno,
1254 3772 1415 3824 etiam
1457 3774 1765 3841 priusquam
1804 3786 1964 3839 opere

300 3853 640 3923 impleant
668 3857 903 3925 aliquid
931 3857 1075 3924 mali,
1115 3858 1215 3911 hoc
1232 3859 1345 3926 ipso
1383 3867 1562 3912 tamen
1600 3860 1737 3927 quod
1780 3859 1963 3927 hujus-

296 3946 528 3999 πιοαὶ
553 3950 924 4004 voluntatem
961 3948 1168 4016 peperit
1192 3949 1395 4012 anima,
1458 3950 1615 4018 digne
1657 3951 1708 4002 in
1748 3965 1810 4004 ea
1842 3952 1963 4004 odio

304 4033 610 4092 habetur
636 4035 820 4089 malae
849 4037 1143 4089 voluntatis
1158 4035 1488 4090 exsecranda
1511 4038 1804 4106 conceptio.
1835 4038 1963 4092 Pro-

304 4129 565 4188 pterea
583 4122 867 4178 fortassis
911 4124 963 4175 in
1014 4123 1171 4192 hujus
1212 4124 1538 4201 sacramenti
1593 4124 1761 4193 ﬁgura
1804 4126 1961 4179 etiam

311 4210 673 4266 Chanaam
717 4227 864 4280 puer
914 4221 1202 4279 antequam
1250 4220 1570 4267 nasceretur
1614 4212 1959 4267 maledicitur.

312 4296 565 4350 Chatti
589 4313 840 4366 namque
867 4308 1183 4366 peccaverat
1211 4308 1369 4366 pater
1391 4298 1508 4367 ejus
1531 4317 1545 4352 :
1566 4308 1617 4353 et
1643 4302 1963 4369 praphetans

2068 3154 2141 3206 ita
2192 3151 2504 3216 deﬁnierit,
2580 3152 2719 3218 quod
2772 3148 2945 3202 omnis
2998 3148 3173 3200 anima
3244 3155 3334 3198 aut
3380 3143 3605 3198 Domino

2064 3240 2349 3306 conjuncta
2406 3238 2497 3305 sit,
2539 3247 2634 3292 aut
2689 3237 2952 3291 meretrici
3014 3254 3027 3289 :
3086 3242 3140 3289 ct
3194 3234 3421 3289 intellexi
3464 3233 3603 3303 quod

2067 3329 2347 3384 Dominum
2398 3326 2613 3395 quidem
2661 3325 2855 3380 dixerit
2909 3325 3138 3377 virtutes
3197 3338 3313 3392 quae.
3357 3323 3604 3377 Christus

2066 3425 2166 3481 est,
2197 3415 2248 3468 id
2293 3424 2375 3468 est
2416 3413 2658 3478 verbum,
2705 3412 3044 3479 sapientiam,
3103 3412 3401 3474 veritatem,
3443 3407 3609 3480 359

2060 3506 2315 3574 justitiam
2336 3544 2352 3570 ,
2376 3511 2671 3569 ceteraque
2729 3499 3032 3566 huiusmodi
3067 3520 3079 3553 :
3110 3500 3440 3567 meretricem
3475 3513 3608 3551 vero

2069 3609 2252 3647 omnes
2310 3589 2609 3646 econtrario
2672 3588 2887 3642 malitiae
2939 3587 3163 3655 species.
3255 3586 3365 3640 Hoc
3438 3588 3600 3640 etiam

2068 3684 2206 3749 apud
2258 3679 2594 3733 Salomoncm
2641 3678 2745 3731 dici
2791 3677 3027 3744 intelligo
3064 3677 3115 3728 in
3154 3688 3217 3729 eo
3249 3676 3388 3741 quod
3430 3675 3505 3727 ait
3537 3676 3606 3728 de

2067 3771 2347 3824 meretrice
2383 3768 2459 3831 ⁸⁸,
2485 3767 2610 3835 quia
2640 3782 2659 3816 ι
2694 3780 2791 3833 per
2824 3764 3086 3819 fenestras
3119 3764 3372 3832 prospicit
3401 3762 3451 3814 in
3483 3761 3598 3830 pla-

2067 3869 2179 3912 teas
2207 3895 2223 3920 ,
2256 3865 2310 3911 et
2345 3857 2389 3910 si
2422 3870 2576 3922 quem
2610 3854 2807 3907 viderit
2838 3851 3198 3920 insipientium
3231 3850 3599 3904 adolescentu-

2066 3948 2270 4012 lorum,
2301 3954 2356 3999 et
2394 3946 2603 4012 inepem
2642 3957 2892 3998 sensuum
2930 3948 3288 3995 transeuntem
3327 3939 3473 4008 juxta
3506 3954 3608 3991 an—

2066 4037 2216 4105 gulos
2242 4036 2434 4089 domus.
2461 4047 2589 4098 suae,
2623 4044 2676 4087 et
2710 4033 3011 4100 loquentem
3043 4023 3096 4085 in
3122 4031 3356 4085 tenebris
3382 4045 3596 4098 vesper-

2066 4128 2229 4190 tinis,
2268 4140 2387 4179 cum
2422 4124 2686 4178 silentium
2723 4123 2882 4176 fuerit
2920 4131 3237 4174 nocturnum
3263 4161 3277 4184 ,
3315 4118 3397 4173 vel
3426 4121 3610 4190 caligo

2068 4224 2240 4270 noctts
2274 4231 2287 4266 :
2322 4214 2514 4267 mulier
2547 4221 2724 4265 autem
2766 4212 3004 4266 occurrit
3034 4212 3083 4264 ei
3127 4200 3326 4267 habens
3367 4214 3607 4279 speciem

2071 4298 2392 4361 meretricis,
2416 4311 2531 4365 quae
2560 4296 2687 4351 facit
2705 4296 2956 4362 jttvenum
2982 4296 3194 4351 evolare
3215 4299 3395 4353 corda.
3430 4316 3450 4349 ι
3481 4297 3605 4352 Ητρε

322 4378 547 4443 Noe,
565 4395 682 4434 cum
707 4382 1008 4449 unicuique
1035 4383 1266 4437 ﬁliorum
1287 4398 1508 4438 suorum
1534 4386 1730 4453 eptima
1744 4400 1961 4454 qua-que
1991 4379 2036 4433 Β
2064 4400 2193 4455 ergo
2224 4401 2345 4455 qua:
2373 4386 2567 4439 dicitur
2596 4386 2845 4439 meretrix
2868 4426 2884 4448 ,
2916 4387 3026 4453 ipsa
3055 4396 3139 4441 est
3166 4388 3365 4441 malitia
3393 4406 3406 4441 :
3435 4398 3489 4441 et
3510 4390 3606 4456 qui

326 4467 663 4534 signaret,
696 4470 787 4522 ubi
833 4471 904 4523 ad
936 4471 1106 4523 Citam
1155 4482 1379 4525 ventum
1415 4479 1516 4533 est,
1567 4490 1586 4521 t
1635 4470 1959 4537 Maledictus,

332 4554 583 4618 inquit
603 4556 664 4618 ³³,
693 4555 973 4609 Chanaam
1003 4572 1155 4623 puer.
1186 4576 1207 4608 ι
1234 4557 1407 4611 Chatn
1434 4560 1692 4625 peccavit,
1738 4569 1788 4612 et
1817 4561 1956 4614 Cha-

342 4652 571 4690 naalu
599 4642 880 4708 progenies
910 4644 1031 4708 ejus
1051 4643 1421 4704 maledicitur,
1448 4651 1501 4695 et
1544 4646 1823 4699 maledicta
1854 4661 1956 4703 est.

340 4730 449 4778 ει
501 4728 622 4783 ideo
642 4732 816 4785 acrius
867 4732 1027 4784 nobis
1074 4732 1469 4785 intendendum
1508 4743 1606 4798 est,
1651 4746 1704 4788 et
1754 4742 1963 4807 prospi-

354 4817 674 4885 ciendum,
713 4836 780 4874 ne
806 4821 947 4875 forte
977 4831 1206 4890 generet
1243 4822 1452 4888 aliquid
1476 4824 1651 4877 anima
1684 4831 1823 4894 quod
1856 4846 1966 4883 nta-

355 4903 602 4958 ledicto
624 4910 840 4978 dignum
872 4909 969 4973 sit,
1003 4918 1065 4961 ut
1088 4908 1311 4961 etiamsi
1344 4909 1576 4962 nondum
1597 4925 1760 4976 opere
1785 4917 1966 4985 imple-

358 4990 570 5052 verit,
592 4996 642 5049 in
674 4998 794 5066 ipsa
828 5006 1017 5051 tamen
1059 4996 1347 5047 voluntate
1368 5004 1426 5046 et
1454 4999 1721 5065 proposito
1754 5003 1869 5071 ejus
1898 5006 1968 5059 sit

359 5075 691 5144 hujnsmodi
739 5088 1044 5141 maledicta
1084 5083 1403 5151 progenies.
1446 5083 1590 5149 Quod
1627 5097 1682 5141 et
1733 5092 1780 5143 si
1834 5094 1970 5149 forte

347 5161 662 5250 aiittttando
691 5176 946 5235 evenerit
984 5174 1138 5242 (quis
1171 5173 1317 5225 enim
1363 5171 1662 5229 invenietur
1689 5177 1853 5233 facile
1879 5183 1967 5250 qui

340 5248 441 5338 ξιξ
464 5246 769 5334 ᾖαῙυεηιοιιξ
792 5263 1201 5338 generatione.
1231 5260 1282 5311 id
1306 5269 1391 5312 est
1413 5268 1655 5326 peccandi
1683 5246 1969 5328 voluntate

315 5328 625 5419 babea'mr
650 5328 925 5416 immunis
944 5353 1010 5419 ἵ)
1032 5398 1053 5422 ,
1067 5351 1117 5403 si
1143 5362 1275 5417 ergo
1307 5348 1551 5407 aCciderit
1577 5356 1688 5410 tale
1736 5359 1966 5431 aliquid,

824 5594 841 5606 ,
933 5549 959 5578 9
1008 5540 1180 5596 Psal.
1210 5553 1396 5595 cxxvn,
1427 5542 1478 5592 5.

931 5615 996 5675 8'
1042 5611 1105 5659 9.
1196 5607 1231 5634 “
1261 5606 1418 5656 Hier.
1455 5625 1517 5677 vt,
1554 5618 1635 5670 t7,

1571 5530 1612 5620 ‘1’
1634 5552 1756 5605 δαὶ)
1787 5572 1885 5618 ηις
1916 5560 2110 5620 Jrrent.
2138 5582 2226 5617 XV.
2300 5569 2349 5597 πει
2381 5565 2527 5617 Rom.
2566 5577 2638 5615 ις.
2670 5562 2746 5619 tt,
2784 5559 2866 5617 ιε.
2900 5559 2977 5620 l5,
3008 5556 3070 5606 lt

1734 5622 1950 5694 "tl-till,
1986 5634 2070 5687 16.
2146 5635 2189 5667 ⁸⁸
2219 5635 2374 5688 Prov.
2426 5649 2515 5696 \‘ll,
2549 5634 2600 5692 ti,
2638 5630 2687 5688 7,
2712 5627 2955 5691 8,9,10.
3035 5624 3072 5653 "’
3101 5620 3254 5673 Nutu.
3288 5635 3410 5684 xxv,
3443 5623 3489 5670 ἱ.

2065 4493 2124 4532 se
2158 4476 2394 4544 junxerit
2446 4477 2567 4530 huic
2619 4478 2924 4543 meretrici,
2966 4493 3127 4530 unum
3164 4492 3357 4546 corpus
3385 4478 3608 4531 malitis

2067 4565 2308 4619 efﬁcitur.
2344 4566 2493 4619 Sicut
2535 4581 2664 4634 ergo
2692 4566 2868 4633 quise
2890 4565 3061 4635 jungit
3088 4567 3305 4621 Christo
3336 4567 3562 4620 Domino
3585 4606 3603 4627 ,

2060 4653 2233 4721 jungit
2259 4669 2319 4708 se
2342 4655 2638 4721 sapientiae,
2665 4655 2838 4723 jungit
2859 4670 2916 4709 se
2940 4655 3182 4722 justiti-a3,
3203 4658 3379 4725 jungit
3408 4672 3466 4710 se
3491 4657 3607 4723 pie-

2066 4747 2158 4796 tati
2185 4784 2198 4807 ,
2229 4752 2281 4796 et
2311 4744 2518 4797 veritati
2547 4783 2563 4809 ,
2592 4753 2646 4796 et
2672 4758 2790 4796 cum
2819 4747 2900 4799 his
2924 4747 3171 4801 omnibus
3204 4762 3340 4800 unus
3373 4745 3602 4798 efﬁcitur

2064 4833 2286 4900 spiritus
2318 4850 2332 4886 :
2368 4833 2439 4884 ita
2471 4842 2524 4885 ct
2549 4833 2639 4899 qui
2668 4846 2727 4902 se
2751 4832 2928 4902 jungit
2955 4834 3079 4888 huic
3108 4833 3404 4897 meretrici,
3432 4834 3601 4901 jungit

2065 4935 2124 4974 se
2155 4921 2525 4989 impudicitia},
2557 4923 2815 4989 itnpietati
2837 4961 2852 4987 ,
2884 4922 3186 4989 iniquitati,
3218 4922 3525 4985 mendacio,
3550 4930 3600 4971 et

2072 5011 2226 5064 simul
2247 5011 2492 5064 omnibus
2513 5021 2850 5077 peccatorum
2878 5010 3053 5075 malis,
3079 5024 3201 5064 cum
3221 5009 3416 5077 quibus
3439 5023 3598 5061 unum

2073 5113 2268 5166 corpus
2293 5099 2536 5153 efﬁcitur.

2143 5190 2195 5243 ὅ.
2234 5188 2603 5243 Verumtamen
2653 5208 2670 5239 ι
2713 5188 2967 5256 applicuit
3001 5186 3159 5240 Israel
3191 5186 3245 5239 in
3271 5184 3446 5236 Sattin
3473 5182 3537 5232 ".
3576 5199 3595 5232 ι

2072 5278 2127 5331 In
2164 5279 2601 5345 interpretatione
2623 5275 3001 5329 chraieorum
3027 5274 3296 5326 nominum
3322 5270 3491 5322 Saltin
3523 5269 3602 5319 iu-

2071 5367 2312 5421 vcnimus
2339 5368 2389 5420 in
2419 5366 2594 5434 lingua
2630 5373 2809 5418 nostra
2843 5361 3240 5429 responsionem,
3287 5357 3371 5411 vel
3399 5356 3604 5424 refutao

3168 5554 3212 5579 “
3241 5551 3375 5605 Gen.
3400 5569 3476 5611 tx,
3502 5548 3591 5606 ΞΒ.
