3838 6202
461 329 556 384 7.3!
1882 300 2048 359 ORIGI

2149 300 2197 351 .S
3521 283 3601 338 75%

462 443 659 495 tionem
705 437 806 491 dici
851 436 981 505 (93).
1036 431 1306 501 Applicuit
1333 443 1462 497 ergo
1487 427 1648 482 lsrael
1689 426 1754 480 ad
1782 437 2004 490 respon-
2032 423 2079 478 Α
2109 416 2254 471 forte
2284 395 2558 468 fornicari
2593 415 2647 505 te
2673 403 2884 505 faciant
2906 417 2936 456 a
2969 401 3210 505 Decius.
3243 397 3368 505 illis
3384 412 3488 467 ergo
3510 416 3601 504 cum

465 531 690 591 sionem,
721 527 803 580 vel
841 491 1230 578 refutationem.
1264 491 1541 573 Noubene
1567 515 1845 584 applicuit.
1873 512 2006 565 Vide
2107 514 2256 564 esset
2280 499 2760 573 sapientissimus,
2793 506 2850 551 et
2871 495 3105 563 ingentis
3131 491 3436 591 apud-Deum.
3452 493 3603 558 meriti,

466 581 692 682 denique
720 615 844 682 quid
877 613 1100 665 incurrit
1128 611 1178 663 in
1203 611 1302 662 hac
1325 605 1534 676 positus
1559 581 1851 657 mansione.
1879 599 2010 653 For-
2112 609 2296 654 tamen
2329 594 2459 663 quia
2497 605 2559 646 se
2593 581 3386 682 tradiditmultis-mulieribus,
3410 581 3606 682 deceptus

468 707 678 764 nicatus
703 713 786 757 est
820 717 939 754 cum
973 699 1286 753 mulieribus
1311 695 1718 749 Madianitarum
1740 731 1754 753 ,
1784 699 1836 744 et
1867 687 2012 743 refu-

471 803 614 847 tatus
646 800 723 846 est
757 807 786 843 a
821 790 927 843 Deo
957 807 969 841 :
1001 789 1120 856 quia
1151 802 1257 840 non
1290 785 1458 839 solum
1498 784 1810 842 fornicatus,
1842 781 1933 832 sed
1960 786 2014 831 et

471 883 624 938 idolis
675 881 911 950 gentium
957 888 1300 932 consecratus
1345 887 1460 936 est,
1493 883 1546 929 et
1576 873 1806 926 comedit
1842 886 1907 923 ex
1950 871 2015 924 iis

471 987 590 1038 quae
624 971 837 1024 fuerant
865 967 1019 1021 idolis
1060 966 1326 1019 immolata
1351 1003 1366 1028 ,
1404 978 1522 1031 qure
1555 965 1734 1029 utique
1770 973 2017 1014 exsecra-

472 1059 599 1112 bilia
639 1068 763 1112 sunt
819 1058 882 1110 ad
940 1056 1127 1110 Deum.
1176 1055 1275 1120 Qui
1323 1056 1462 1106 enim
1501 1065 1794 1106 consensus
1822 1048 2018 1115 templo

477 1151 568 1203 Dei
601 1163 718 1200 cum
751 1147 942 1200 idolis?
964 1145 1158 1199 Verum
1193 1158 1289 1211 ego
1316 1142 1478 1196 etiam
1509 1141 1573 1194 de
1602 1141 1666 1193 iis
1687 1178 1701 1204 ,
1734 1153 1851 1207 quae
1880 1139 2020 1204 Apo-

477 1237 648 1292 stolus
699 1236 764 1288 ad
813 1234 1120 1290 Corinthios
1163 1231 1354 1286 scribit
1385 1231 1566 1284 dicens
1616 1229 1658 1259 ¹⁸
1701 1242 1715 1280 :
1753 1245 1770 1277 ι
1811 1227 1865 1280 Si
1900 1225 2021 1294 quis

480 1336 657 1379 autem
723 1323 915 1377 viderit
961 1321 1240 1376 scientiam
1283 1319 1561 1373 habentem
1623 1319 1674 1370 in
1731 1316 1890 1370 idolio
1939 1329 2023 1368 re-

478 1415 732 1468 cumbere
755 1453 768 1476 ,
827 1425 1002 1465 nonne
1045 1409 1376 1464 conscientia
1407 1407 1520 1474 ejus
1556 1421 1676 1461 cum
1713 1407 1782 1460 sit
1812 1405 2023 1458 infirma

483 1502 834 1556 :edificabitur
879 1499 943 1552 ad
991 1495 1420 1551 manducandum
1461 1495 1775 1549 immolata?
1812 1511 1830 1544 ι
1871 1492 2026 1546 valde

485 1593 712 1644 miratus
754 1604 892 1642 sum.
945 1587 1164 1641 Videtur
1221 1588 1360 1640 enim
1401 1603 1506 1642 non
1557 1597 1660 1639 tam
1708 1600 1818 1638 rem
1855 1584 2026 1648 ipsam

485 1694 700 1749 gravem
729 1678 1094 1745 pronuntiare,
1123 1691 1284 1744 quam
1315 1676 1458 1730 illius
1483 1675 1765 1736 oﬂensam,
1794 1673 1883 1740 qui
1916 1672 2030 1723 ltzec

486 1768 671 1822 videns
702 1767 862 1821 simili
896 1775 1217 1834 provocatur
1258 1767 1532 1834 exemplo.
1571 1779 1689 1818 cum
1731 1777 1834 1816 non
1869 1761 2028 1815 simili

490 1858 715 1912 scientia
747 1856 1041 1919 muniatur,
1071 1856 1144 1908 ita
1177 1864 1234 1910 ιιι
1265 1857 1510 1910 ostendat
1543 1868 1662 1907 eum
1704 1853 1792 1921 qui
1828 1852 2032 1906 habens

493 1948 774 2003 scientiam
807 1946 1070 1999 recumbit
1096 1946 1147 1998 in
1177 1946 1356 2008 idolio,
1389 1959 1490 1996 non
1521 1955 1626 1996 tam
1661 1943 1741 1997 sui
1770 1957 1927 2008 quam
1955 1941 2033 1994 al-

493 2037 660 2090 terius
712 2037 890 2090 damni
945 2035 1084 2089 effici
1136 2050 1304 2088 reum.
1353 2033 1472 2102 Sed,
1499 2033 1619 2086 vide
1656 2048 1719 2086 ne
1761 2032 1896 2086 forte
1928 2046 2034 2083 non

495 2125 596 2178 hoc
641 2124 811 2178 solum
857 2124 1020 2177 fiebat
1049 2124 1182 2190 apud
1217 2122 1558 2187 Corinthios,
1586 2130 1640 2173 ut
1673 2122 1723 2174 in
1764 2121 1922 2173 idolio
1955 2134 2038 2172 re-

495 2212 846 2274 cumberent,
881 2221 934 2265 et
969 2211 1240 2264 immolata
1281 2209 1439 2264 idolis
1487 2209 1892 2262 manducarent.
1932 2208 2038 2262 Sed

497 2305 635 2358 forte
681 2303 929 2372 quoniam
984 2301 1209 2356 studiosi
1259 2300 1562 2354 litterarum
1594 2298 1902 2354 Graecarum
1944 2302 2038 2352 lio-

499 2393 668 2446 mines
705 2399 882 2452 erant,
931 2402 984 2444 et
1029 2399 1296 2444 amatores
1339 2387 1688 2458 philosophia:
1715 2427 1730 2452 ,
1773 2387 2042 2441 desiderio

499 2480 672 2533 adhuc
711 2480 1009 2533 studiorum
1050 2487 1285 2531 veterum
1331 2477 1687 2539 tenebantur,
1717 2483 1768 2530 et
1808 2476 2045 2544 philoso-

498 2570 724 2638 phorum
758 2569 1001 2635 dogmata
1029 2605 1046 2631 ,
1075 2567 1225 2634 quasi
1261 2565 1413 2619 idolis
1455 2564 1726 2618 immolata
1768 2566 1994 2619 edebant
2029 2585 2041 2618 ε

508 2674 629 2726 qua:
670 2665 851 2710 tamen
901 2656 1093 2710 laedere
1131 2655 1364 2710 fortasse
1394 2669 1495 2720 non
1527 2665 1770 2721 poterant
1797 2669 1890 2709 eos
1911 2692 1926 2718 ,
1956 2653 2046 2720 qui

502 2747 714 2814 plenam
768 2747 1044 2801 scientiam
1090 2746 1336 2799 veritatis
1381 2754 1720 2812 acceperant.
1759 2744 1823 2798 lli
1868 2755 2047 2798 autem

507 2842 596 2909 qui
634 2841 686 2894 in
718 2840 934 2895 Christo
963 2840 1137 2894 minus
1171 2838 1486 2893 eruditionis
1513 2838 1818 2901 habebant,
1847 2838 1890 2891 si
1922 2838 2046 2890 imi-

509 2939 749 2983 tarentur
795 2945 886 2984 eos
930 2931 1168 2998 legentes
1219 2929 1385 2994 talia,
1425 2936 1480 2982 et
1514 2927 1616 2980 illis
1648 2927 1822 2980 adhuc
1859 2925 2048 2981 studiis

2112 694 2215 740 est.
2250 683 2366 750 Ego
2395 688 2530 749 puto
2555 678 2705 747 quod
2738 673 2922 728 multa:
2945 672 3220 750 mulieres,
3251 668 3400 722 multa
3419 668 3606 736 dogmata

2113 785 2169 828 et
2217 748 2520 826 multarum
2577 766 2826 836 gentium
2877 748 3107 815 diversa:
3143 756 3458 827 philosophia:
3484 759 3608 810 nomi-

2116 872 2337 919 nentur.
2396 860 2532 925 Qua:
2583 871 2711 911 cum
2759 853 2972 920 singula
3016 856 3610 918 agnoscere,etperscru-

2120 951 2223 1005 tari
2271 957 2459 1017 utpote
2516 952 2576 998 et
2620 939 3024 998 scientissimus
3063 943 3118 990 et
3154 931 3528 1002 sapientissimus
3546 944 3612 982 vo.

2119 1042 2350 1103 luisset,
2381 1036 2746 1103 semetipsum
2791 1032 2934 1084 intra
2969 1028 3103 1095 legis
3130 1025 3312 1078 divinas
3339 1021 3536 1091 regulam
3559 1029 3612 1075 te-

2122 1143 2255 1184 nere
2301 1142 2411 1182 non
2463 1124 2670 1193 potuit.
2725 1119 2952 1188 Decepit
2988 1130 3110 1170 eum
3149 1112 3413 1167 Moabitica
3437 1109 3614 1178 philoso-

2123 1215 2249 1286 phia
2266 1253 2281 1278 ,
2307 1224 2368 1268 et
2397 1211 2680 1281 persuasit
2701 1219 2763 1262 ut
2795 1206 2939 1262 idolo
2963 1203 3243 1259 Moabitico
3269 1199 3547 1264 immolaret,
3565 1199 3614 1250 si-

2126 1306 2332 1359 militer
2377 1312 2435 1358 et
2474 1299 2924 1355 Ammonitarum
2951 1335 2970 1360 ,
3010 1295 3102 1348 sed
3131 1301 3184 1347 et
3215 1291 3500 1358 reliquarum
3521 1303 3613 1356 geu—

2128 1397 2260 1448 tium
2281 1433 2299 1460 ,
2330 1406 2566 1462 quarum
2604 1389 2872 1444 mulieres
2913 1385 3110 1442 dicitur
3145 1381 3426 1450 recepisse,
3461 1388 3504 1431 et
3527 1377 3616 1429 adio

2128 1488 2324 1542 ficasse
2341 1484 2566 1554 templa,
2591 1483 2681 1538 vel
2704 1478 3022 1534 immolasse
3038 1473 3192 1530 idolis
3205 1487 3374 1527 earum
3388 1471 3444 1523 ".
3463 1468 3618 1523 Grande

2129 1588 2213 1632 est
2246 1590 2377 1645 ergo
2421 1585 2478 1630 et
2522 1586 2657 1628 vere
2691 1584 2832 1640 opus
2865 1567 3002 1632 Dei,
3029 1574 3134 1620 tam
3170 1561 3342 1615 multis
3363 1558 3623 1627 dogmatibus

2131 1666 2284 1736 quasi
2318 1664 2647 1719 mulieribus
2677 1659 2937 1724 misceri,
2972 1671 3070 1711 nec
3101 1664 3272 1708 tamen
3301 1667 3327 1704 a
3352 1649 3547 1704 veritatis
3565 1663 3622 1702 re-

2135 1756 2258 1828 gula
2322 1755 2606 1810 declinare
2630 1791 2646 1816 ,
2699 1749 2800 1805 sed
2839 1755 3153 1803 constanter
3177 1744 3348 1797 dicere
3380 1740 3419 1771 "
3453 1755 3465 1790 :
3503 1738 3626 1791 Sexa-

2138 1848 2286 1918 ginta
2319 1855 2448 1899 sunt
2481 1843 2712 1912 reginae,
2742 1848 2803 1894 et
2827 1837 3102 1905 octoginta
3137 1829 3451 1890 concubinas,
3474 1836 3517 1880 et
3534 1827 3625 1879 δάος

2139 1935 2450 1992 lescentulte
2497 1945 2736 2000 quarunt
2785 1943 2896 1982 non
2939 1935 3026 1981 est
3069 1934 3354 1977 numerus:
3387 1931 3472 1970 una
3499 1925 3623 1968 tamen

2138 2037 2222 2082 est
2246 2025 2496 2080 columba
2531 2036 2678 2084 mea,
2705 2018 2948 2089 perfecta
2973 2027 3112 2076 mea,
3135 2025 3236 2065 una
3261 2017 3336 2064 est
3362 2004 3516 2060 matris
3534 2015 3630 2063 sua,

2139 2128 2245 2167 una
2282 2121 2364 2165 est
2395 2109 2688 2179 genitricis
2723 2121 2860 2160 suae.
2895 2105 3004 2160 Sed
3035 2103 3124 2156 isti
3153 2100 3479 2154 adoraverunt
3497 2092 3630 2150 idola,

2145 2213 2200 2257 et
2224 2200 2537 2257 consecrati
2569 2206 2704 2253 sunt
2733 2195 3089 2262 Beelphegor.
3127 2188 3424 2258 Beelphegor
3446 2182 3542 2236 idoli
3563 2193 3628 2232 no-

2143 2306 2265 2345 men
2299 2297 2384 2344 est
2406 2327 2420 2350 ,
2453 2290 2603 2356 quod
2639 2285 2788 2355 apud
2819 2282 3144 2338 Madianitas
3168 2277 3412 2348 praecipue
3442 2287 3466 2326 a
3493 2269 3628 2324 mulie-

2141 2380 2292 2434 ribus
2325 2377 2634 2432 colebatur.
2689 2375 2750 2428 ln
2781 2371 2948 2442 hujus
2983 2383 3112 2439 ergo
3143 2367 3262 2421 idoli
3291 2361 3520 2433 mysteriis
3539 2372 3627 2412 cou-

2143 2480 2386 2524 secratus
2437 2476 2522 2522 est
2565 2465 2762 2520 Israel.
2802 2461 3310 2532 luterpretationem
3355 2454 3542 2509 nominis
3574 2451 3628 2515 ip-
3690 2447 3692 2450 ’

2143 2560 2255 2614 sius
2291 2573 2414 2612 cum
2449 2558 2873 2625 requireremus
2905 2553 3164 2607 attentius
3205 2550 3334 2603 inter
3359 2544 3538 2599 Hebraea
3561 2553 3627 2592 no-

2146 2646 2293 2701 mina
2315 2683 2330 2708 ,
2365 2645 2468 2698 hoc
2503 2652 2729 2698 tantum
2758 2641 3070 2696 invenimus
3094 2639 3339 2706 scriptum
3357 2674 3371 2699 ,
3397 2633 3498 2701 quia
3527 2626 3628 2681 Beel-

2146 2737 2352 2806 phegor
2399 2733 2617 2802 species
2651 2733 2728 2786 sit
2773 2729 3127 2799 turpitudinis
3161 2727 3286 2797 (96).
3322 2722 3472 2777 Noluit
3503 2727 3628 2771 tamen

2149 2826 2428 2880 declarare
2476 2837 2604 2891 quae
2654 2822 2744 2876 vel
2795 2820 2976 2890 qualis
3022 2813 3365 2890 species,vel
3389 2810 3510 2877 cuius
3529 2812 3630 2860 esset

2151 2913 2534 2982 turpitudinis,
2572 2911 2856 2966 honestati
2900 2908 3066 2965 credo
3099 2906 3386 2966 consulens,
3415 2897 3540 2968 350
3566 2891 3631 2960 qui

507 3032 722 3086 operam
758 3019 949 3072 dantes
974 2984 1290 3080 ,Uvnlnerari
1317 2984 1592 3084 poterant,
1627 3024 1682 3068 et
1719 3015 2047 3068 diversorum
2076 3039 2118 3096 ο
2154 3004 2540 3070 ἱηιετρτθιειυε
2568 3010 2696 3066 θεῖν
2731 3001 2815 3054 illi
2849 3013 2919 3052 ηε
2946 2997 3185 3052 animum
3213 2993 3446 3093 Ρ⁰¹¹ξ¹θτ⁰ί
3472 2984 3632 3082 “diem

507 3108 815 3177 dogmatttm
845 3107 1008 3160 variis
1037 3106 1312 3160 erroribus
1350 3103 1632 3173 implicari.
1665 3103 1756 3156 Sic
1784 3117 1912 3172 ergo
1953 3103 2048 3158 lie-

509 3198 622 3263 bat,
648 3207 706 3252 ut
739 3197 1021 3252 laederetur
1045 3197 1197 3262 alius,
1231 3197 1369 3249 unde
1391 3196 1434 3248 is
1462 3195 1549 3262 qui
1582 3193 1814 3248 habebat
1842 3195 2050 3262 plenam

511 3287 787 3340 scientiam
824 3287 1101 3351 veritatis,
1127 3286 1243 3340 laedi
1268 3301 1371 3340 non
1399 3293 1632 3354 poterat.
1665 3283 1768 3338 Sed
1803 3285 2052 3350 quoniam

513 3376 752 3431 charitas
781 3391 888 3430 non
923 3377 1148 3444 requirit
1176 3376 1317 3444 quod
1344 3374 1443 3429 sibi
1475 3374 1605 3427 utile
1635 3382 1753 3438 est,
1786 3374 1880 3427 sed
1916 3375 2054 3442 quod

515 3465 716 3527 multis,
741 3467 1030 3519 observare
1052 3473 1262 3532 oportet
1285 3463 1444 3517 talem
1467 3462 1615 3516 verbi
1641 3475 1834 3528 capere
1857 3461 2053 3526 cibum,

515 3555 604 3620 qui
655 3569 757 3607 non
809 3554 980 3608 solum
1021 3569 1117 3607 nos
1145 3551 1369 3606 :edificet
1397 3559 1449 3605 et
1479 3550 1737 3608 delectet.
1765 3549 1856 3602 sed
1886 3557 1940 3601 et
1968 3550 2058 3616 qui

518 3645 756 3697 videntes
790 3658 893 3696 non
925 3641 1187 3704 offendat,
1218 3649 1309 3693 aut
1346 3639 1520 3694 laedat.
1553 3639 1647 3692 Est
1675 3653 1804 3707 ergo
1835 3653 1937 3691 non
1969 3653 2059 3692 so-

519 3731 624 3785 lum
654 3733 704 3784 in
732 3731 864 3784 cibis
885 3730 1038 3784 idolis
1061 3729 1413 3792 immolatum,
1435 3727 1525 3781 sed
1551 3736 1602 3780 et
1635 3729 1685 3780 in
1718 3727 1916 3781 verbis.
1951 3725 2060 3792 Ego

518 3831 646 3888 puto
671 3859 685 3884 ,
717 3821 840 3888 quia
883 3821 1020 3874 sicut
1047 3819 1220 3873 omnis
1243 3832 1418 3872 sermo
1452 3817 1540 3885 qui
1571 3818 1840 3885 pietatem,
1884 3825 1936 3868 et
1977 3815 2064 3882 ju-

519 3911 737 3975 stitiam,
765 3919 818 3963 et
852 3909 1130 3963 veritatem
1160 3909 1336 3971 docet,
1364 3906 1468 3959 Deo
1493 3915 1838 3960 consecratus
1867 3915 1949 3960 est
1971 3948 1984 3967 ,
2013 3913 2064 3960 et

523 3999 629 4051 Deo
667 3997 966 4050 immolatus
1008 4014 1022 4048 :
1069 3998 1140 4049 ita
1170 4005 1224 4050 et
1255 3998 1432 4051 omnis
1465 4012 1644 4051 sermo
1669 3996 1761 4062 qui
1793 3995 1859 4048 ad
1891 3995 2064 4060 impu-

527 4086 791 4148 dicitiam,
833 4084 914 4136 vel
949 4083 1301 4151 injustitiam,
1332 4085 1413 4139 vel
1446 4086 1772 4153 impietatem
1815 4082 2064 4150 respicit,

526 4173 678 4228 idolis
697 4171 1004 4226 immolatus
1026 4173 1118 4235 sit,
1145 4183 1192 4226 et
1219 4175 1308 4242 qui
1335 4189 1455 4228 eum
1485 4173 1704 4241 recipit,
1731 4172 1883 4237 quasi
1911 4171 2066 4225 idolis

526 4261 798 4313 immolata
846 4261 1148 4315 manducet.
1192 4263 1530 4316 Manducavit
1571 4277 1702 4331 ergo
1746 4260 1971 4330 populus
2003 4261 2066 4314 de

2151 3093 2303 3147 tium.
2340 3092 2506 3160 Igitur
2540 3105 2674 3144 cum
2710 3089 2899 3143 multae
2932 3089 3046 3141 sint
3076 3083 3438 3152 turpitudinum
3461 3072 3629 3160 speciei.

2153 3196 2256 3234 una
2283 3157 2529 3248 quasdam
2567 3195 2637 3233 ex
2673 3179 2929 3248 pluribus
2955 3173 3294 3244 turpitudinis
3324 3167 3499 3238 species

2155 3241 2358 3336 phegor
2385 3241 2724 3336 appellatur.
2759 3265 2918 3320 Unde
2946 3241 3220 3318 sciendum
3248 3271 3350 3320 est,
3379 3251 3492 3324 quod
3513 3241 3634 3302 on‘mis

2156 3357 2246 3427 qui
2280 3355 2480 3424 aliquid
2513 3363 2683 3423 turpe
2714 3353 3052 3419 committit,
3079 3363 3132 3407 et
3165 3351 3215 3405 in
3244 3349 3450 3416 aliquam
3470 3337 3632 3409 speciem

2159 3446 2506 3513 turpitudinis
2528 3445 2805 3509 declinat,
2837 3445 3180 3514 Beelpbegor
3199 3437 3544 3495 Madianitarum
3563 3427 3632 3479 dt

2160 3537 2342 3591 monio
2373 3544 2761 3590 consecratur.
2802 3533 2913 3588 Sed
2945 3541 3000 3588 et
3026 3547 3121 3602 per
3145 3529 3339 3599 singula
3363 3531 3537 3595 peccata
3557 3526 3634 3584 ῆυτ

2162 3626 2552 3682 committimus
2581 3665 2598 3690 ,
2644 3623 2889 3678 maxime
2924 3624 2968 3677 si
3005 3623 3116 3690 jam
3148 3638 3248 3676 non
3275 3605 3634 3683 subreptioneali-

2161 3733 2287 3787 qua,
2319 3717 2413 3770 sed
2438 3716 2627 3770 studio
2659 3716 2976 3783 all'ectuque
3002 3726 3298 3782 peccamus,
3325 3709 3389 3762 illi
3413 3707 3506 3760 sine
3527 3696 3636 3753 dubio

2162 3807 2414 3872 dtemoni,
2447 3806 2531 3859 cui
2567 3817 2867 3873 peccatum
2901 3807 3034 3860 illud
3064 3807 3203 3874 quod
3229 3799 3538 3857 commisimus
3559 3790 3635 3840 ino-

2166 3896 2348 3967 perari
2387 3909 2533 3949 cura:
2579 3905 2700 3960 est,
2739 3909 3148 3951 consecramur.
3186 3893 3248 3946 Et
3282 3889 3477 3943 fortasse
3496 3877 3638 3934 contin-

2167 3996 2256 4055 get
2286 3986 2442 4039 nobis
2464 3993 2544 4038 tot
2571 3986 2922 4041 diemonibus
2945 4000 3067 4040 esse
3091 3989 3426 4038 consecratos,
3446 3977 3639 4055 quot

2167 4053 2286 4130 cata
2314 4075 2717 4130 committimus
2735 4115 2751 4139 ,
2777 4085 2834 4130 et
2866 4076 2922 4129 in
2951 4073 3176 4142 singulis
3207 4069 3474 4140 quibusque
3496 4053 3637 4113 delictis

2168 4165 2313 4220 velut
2341 4165 2600 4234 mysteria
2641 4166 2828 4233 illius,
2865 4176 2959 4221 aut
2988 4167 3128 4220 illius
3156 4162 3274 4218 idoli
3298 4154 3572 4221 suscipimus.
3597 4142 3638 4193 Ει

2169 4257 2402 4311 fortasse
2445 4268 2678 4325 promer
2723 4259 2831 4311 hoc
2878 4257 3098 4312 dicebat
3140 4248 3401 4320 Apostolus
3425 4234 3637 4292 "till!"

526 4349 803 4402 sacrificiis
829 4363 1036 4414 eorum,
1064 4360 1118 4405 et
1155 4352 1510 4408 adoraverunt
1538 4328 1677 4406 idola
1711 4328 1917 4405 eorum.
1951 4349 2066 4403 Non
2097 4353 2146 4411 D
2170 4347 2316 4400 enim
2347 4347 2672 4416 mysterium
2705 4347 3020 4416 iniquitatis
3049 4353 3309 4413 operatur.
3340 4359 3358 4390 ι
3385 4328 3638 4390 υῐηυιηθωιί

530 4439 700 4492 solum
754 4439 1239 4504 manducaverunt,
1278 4444 1372 4497 sed
1414 4452 1470 4498 et
1517 4445 1890 4497 adoraverunt.
1934 4441 2068 4494 Vide

528 4528 768 4582 ordinem
824 4526 947 4579 mali
1002 4545 1015 4579 :
1065 4543 1248 4582 servos
1309 4533 1516 4586 Domini
1580 4532 1750 4598 prima
1808 4529 2065 4597 concupi-

531 4617 752 4678 scentia,
788 4615 909 4668 inde
943 4616 1142 4669 ventris
1175 4616 1450 4686 ingluvies,
1490 4630 1756 4689 postrema
1784 4618 2072 4687 captivavit

536 4708 802 4775 impietas.
838 4703 1128 4772 lmpielatis
1170 4717 1345 4761 autem
1383 4723 1590 4761 merces
1623 4708 1915 4761 exsolvitur
1958 4709 2068 4762 for-

536 4795 750 4848 nicatio.
789 4792 844 4847 Si
881 4793 1082 4862 relegas
1109 4809 1226 4863 qua:
1254 4797 1451 4864 scripta
1493 4803 1618 4849 sunt
1648 4795 1712 4847 de
1748 4793 2033 4850 Salomone
2053 4836 2068 4861 ,

536 4886 772 4940 invenies
801 4899 943 4947 eum,
972 4895 1026 4938 et
1053 4886 1264 4954 quidem
1294 4901 1412 4940 eum
1444 4893 1589 4938 esset
1621 4884 2070 4950 sapientissimus,

536 4977 714 5030 multis
765 4974 1072 5030 mulieribus
1117 4979 1400 5032 inclinasse
1447 4977 1612 5029 latera
1658 4987 1785 5032 sua,
1827 4987 1950 5024 cum
1986 4974 2072 5027 lex

536 5067 628 5121 Dei
661 5067 799 5120 dicat
836 5067 877 5098 ¹⁹
914 5083 926 5119 :
964 5085 982 5117 ι
1019 5065 1130 5120 Νοη
1162 5055 1535 5135 multiplicabis
1569 5061 1660 5114 tibi
1702 5059 1971 5122 mulieres,
2010 5079 2077 5119 ne

1701 5193 1746 5224 ’θ
1770 5194 1831 5246 Ill
1860 5197 2077 5266 Reg.xt.

608 5204 650 5234 ¹⁸
685 5203 968 5265 lCor.vut,
989 5204 1070 5255 10.

609 5313 720 5382 (95)
775 5312 844 5365 In
901 5315 1322 5382 interpretatione
1376 5310 1751 5364 Hebraicorum
1808 5309 2074 5382 nominum

1147 5206 1187 5234 ¹⁹
1215 5204 1364 5255 Deut.
1387 5215 1512 5263 xvtt,
1545 5197 1627 5250 17.

546 5381 720 5431 Sattin
745 5379 1043 5434 invenimus
1069 5388 1123 5435 in
1164 5382 1342 5449 lingua
1380 5387 1553 5432 nostra
1586 5387 1965 5449 RESPQNSIonEM
1999 5379 2076 5430 uel

550 5459 933 5501 aerumnosam
953 5452 1079 5505 dici.
1109 5444 1259 5505 Unde
1299 5449 1470 5502 Sattin
1514 5444 1789 5511 responsio
1819 5444 1896 5494 vel
1932 5459 2067 5496 reru-

555 5514 680 5580 m}?
705 5515 806 5565 δίεῖ
837 5520 1020 5580 Possit,
1069 5535 1170 5572 non
1213 5520 1390 5580 video,
1427 5515 1527 5571 nisi
1566 5513 1702 5565 forte
1734 5525 1762 5563 a
1809 5519 1965 5569 unm
1989 5511 2079 5580 lla—

556 5577 711 5639 εειιο.
747 5597 762 5629 ι
800 5577 934 5647 quod
973 5577 1157 5654 inepta:
1201 5577 1426 5640 rationes
1451 5583 1767 5638 refutatione
1800 5581 1950 5646 quasi
1981 5579 2075 5630 lla-

2171 4451 2301 4504 ergo
2335 4436 2562 4504 spiritus
2596 4437 2831 4506 maligni
2857 4476 2870 4499 ,
2899 4445 2950 4490 et
2994 4441 3236 4504 quaerunt
3263 4424 3489 4498 quomodo
3510 4427 3640 4470 unum-

2173 4544 2440 4600 quemque
2469 4529 2791 4598 decipiant,
2825 4539 2880 4586 et
2912 4545 3008 4597 per
3033 4512 3638 4600 illecebrampeccatiml:

2177 4619 2358 4673 steriis
2385 4626 2729 4685 consecrent,
2754 4629 2810 4673 et
2839 4633 3017 4687 neque
3041 4616 3363 4672 sentientem,
3386 4615 3522 4673 neque
3542 4590 3641 4648 ίη¹θ¹⁵

2176 4709 2458 4778 ¹ί88ηῑεπι.
2493 4708 2644 4763 verbi
2683 4723 2850 4762 causa
2873 4749 2890 4772 ,
2934 4724 3030 4777 per
3064 4699 3412 4763 fornicationis
3442 4693 3640 4762 poculum

2177 4795 2534 4850 introducunt
2572 4795 2640 4848 ad
2683 4797 3011 4850 dmmonium
3052 4791 3455 4848 Madianitarum.
3489 4783 3640 4869 690""

2181 4896 2399 4940 secrant
2442 4885 2785 4955 Beelphegor
2805 4925 2822 4950 ,
2860 4893 3183 4942 consecrant
3215 4870 3503 4948 turpitudini.
3528 4864 3641 4916 Simi-

2184 4978 2305 5030 liter
2347 4988 2404 5030 et
2453 4993 2549 5044 per
2578 4977 2685 5030 alia
2719 4987 2940 5046 peccata
2966 5016 2980 5039 ,
3013 4986 3072 5029 ut
3102 4974 3340 5030 diximus,
3378 4961 3478 5016 aliis
3500 4957 3641 5046 dteutfl'

2185 5067 2345 5120 nibus
2388 5034 2639 5120 lto-mines
2679 5034 3089 5120 consecrantur.
3134 5060 3233 5116 Sed
3271 5067 3320 5109 tu
3358 5053 3540 5107 observa
3563 5034 3640 5091 dili-

2157 5201 2200 5233 ¹¹
2229 5199 2468 5259 Cant.v1,
2495 5196 2546 5258 7,
2581 5195 2637 5249 8.
2713 5199 2758 5229 ²¹
2792 5195 2832 5248 ll
2867 5194 3061 5248 Thess.
3088 5206 3147 5256 tt,
3193 5188 3242 5239 ’1.

2184 5310 2325 5379 gallo
2349 5319 2660 5373 arceantur,
2705 5309 2792 5364 vel
2837 5309 2998 5379 quod
3024 5305 3177 5374 paulo
3212 5289 3504 5352 verisimilius
3528 5285 3641 5342 esui

2178 5376 2305 5438 tam?
2341 5398 2361 5431 ί
2404 5379 2666 5443 circuire,
2689 5379 2908 5440 iterare,
2949 5376 3258 5443 discurrere.
3296 5384 3313 5416 ι
3368 5431 3377 5440 1

2255 5447 2367 5517 (96)
2398 5448 2539 5511 Quin
2578 5438 2903 5514 Beelphegor'
2923 5442 3110 5510 species
3152 5440 3212 5492 sit
3255 5438 3424 5517 ιιξξρέιξι

2177 5500 2296 5578 Ηυξ-,ὴ
2323 5500 2365 5568 ἰ’
2403 5500 2712 5576 Dominus:
2761 5500 2881 5566 rvet
3068 5528 3085 5560 α
3133 5502 3351 5576 aperuit,
3395 5513 3412 5546 ι
3453 5502 3530 5543 €00

2185 5600 2380 5640 nomen
2422 5606 2438 5637 ε
2484 5585 2832 5655 Beelpltegor.
2871 5600 2891 5634 ι

3429 5419 3553 5475 diuis.
3592 5409 3640 5460 Ει

3533 5483 3640 5536 altu
