  <div class='ocr_page' id='page_1' title='image "/cluster/home/n/w/nwhite01/storage/ocr_20150623/12 (Origen; pt. 2)/nyp.33433081862272/374.png"; bbox 0 0 3838 6260; ppageno 0'>
   <div class='ocr_carea' id='block_1_1' title="bbox 191 451 266 492">
    <p class='ocr_par' dir='ltr' id='par_1_1' title="bbox 191 451 266 492">
     <span class='ocr_line' id='line_1_1' title="bbox 191 451 266 492; baseline 0 0"><span class='ocrx_word' id='word_1_1' title='bbox 191 451 266 492; x_wconf 60' lang='grc' dir='ltr'><em>θ</em></span> 
     </span>
    </p>
   </div>
   <div class='ocr_carea' id='block_1_2' title="bbox 117 492 200 532">
    <p class='ocr_par' dir='ltr' id='par_1_2' title="bbox 117 492 200 532">
     <span class='ocr_line' id='line_1_2' title="bbox 117 492 200 532; baseline 0 0"><span class='ocrx_word' id='word_1_2' title='bbox 117 492 200 532; x_wconf 55' lang='grc' dir='ltr'><em>ὥσ</em></span> 
     </span>
    </p>
   </div>
   <div class='ocr_carea' id='block_1_3' title="bbox 165 535 240 588">
    <p class='ocr_par' dir='ltr' id='par_1_3' title="bbox 165 535 240 588">
     <span class='ocr_line' id='line_1_3' title="bbox 165 535 240 588; baseline 0 0"><span class='ocrx_word' id='word_1_3' title='bbox 165 535 240 588; x_wconf 64' lang='grc' dir='ltr'><em>ί</em></span> 
     </span>
    </p>
   </div>
   <div class='ocr_carea' id='block_1_4' title="bbox 243 499 1276 591">
    <p class='ocr_par' dir='ltr' id='par_1_4' title="bbox 243 499 1276 591">
     <span class='ocr_line' id='line_1_4' title="bbox 243 499 1276 591; baseline 0.054 -51"><span class='ocrx_word' id='word_1_4' title='bbox 243 499 364 554; x_wconf 68' lang='lat' dir='ltr'><strong>oga</strong></span> <span class='ocrx_word' id='word_1_5' title='bbox 413 507 549 562; x_wconf 74' lang='lat' dir='ltr'><strong>qua:</strong></span> <span class='ocrx_word' id='word_1_6' title='bbox 596 507 726 565; x_wconf 78' lang='lat' dir='ltr'><strong>sint</strong></span> <span class='ocrx_word' id='word_1_7' title='bbox 773 521 894 576; x_wconf 72' lang='lat' dir='ltr'><strong>viae</strong></span> <span class='ocrx_word' id='word_1_8' title='bbox 932 499 1183 590; x_wconf 75' lang='lat' dir='ltr'><strong>Domini</strong></span> <span class='ocrx_word' id='word_1_9' title='bbox 1216 499 1276 591; x_wconf 35' lang='lat' dir='ltr'><strong>va:</strong></span> 
     </span>
    </p>
   </div>
   <div class='ocr_carea' id='block_1_5' title="bbox 1520 337 2432 397">
    <p class='ocr_par' dir='ltr' id='par_1_5' title="bbox 1520 337 2432 397">
     <span class='ocr_line' id='line_1_5' title="bbox 1520 337 2432 397; baseline 0.005 -8"><span class='ocrx_word' id='word_1_10' title='bbox 1520 337 1582 389; x_wconf 80' lang='lat' dir='ltr'><strong>IN</strong></span> <span class='ocrx_word' id='word_1_11' title='bbox 1618 337 1945 396; x_wconf 70' lang='lat' dir='ltr'><strong>NUMEROS</strong></span> <span class='ocrx_word' id='word_1_12' title='bbox 1982 342 2255 397; x_wconf 75' lang='lat' dir='ltr'><strong>HOMILIA</strong></span> <span class='ocrx_word' id='word_1_13' title='bbox 2317 345 2432 397; x_wconf 74' lang='lat' dir='ltr'><strong>XX.</strong></span> 
     </span>
    </p>
   </div>
   <div class='ocr_carea' id='block_1_6' title="bbox 3449 353 3548 405">
    <p class='ocr_par' dir='ltr' id='par_1_6' title="bbox 3449 353 3548 405">
     <span class='ocr_line' id='line_1_6' title="bbox 3449 353 3548 405; baseline 0.01 -1"><span class='ocrx_word' id='word_1_14' title='bbox 3449 353 3548 405; x_wconf 66' lang='lat'><strong>731</strong></span> 
     </span>
    </p>
   </div>
   <div class='ocr_carea' id='block_1_7' title="bbox 1157 453 3543 524">
    <p class='ocr_par' dir='ltr' id='par_1_7' title="bbox 1157 453 3543 524">
     <span class='ocr_line' id='line_1_7' title="bbox 1157 453 3543 524; baseline 0.004 -21"><span class='ocrx_word' id='word_1_15' title='bbox 1157 487 1174 511; x_wconf 88' lang='lat'><strong>,</strong></span> <span class='ocrx_word' id='word_1_16' title='bbox 1209 459 1267 503; x_wconf 85' lang='lat' dir='ltr'><strong>et</strong></span> <span class='ocrx_word' id='word_1_17' title='bbox 1305 460 1385 505; x_wconf 87' lang='lat' dir='ltr'><strong>sta</strong></span> <span class='ocrx_word' id='word_1_18' title='bbox 1433 453 1495 505; x_wconf 75' lang='lat' dir='ltr'><strong>in</strong></span> <span class='ocrx_word' id='word_1_19' title='bbox 1518 453 1641 516; x_wconf 90' lang='lat' dir='ltr'><strong>viis,</strong></span> <span class='ocrx_word' id='word_1_20' title='bbox 1671 463 1724 506; x_wconf 88' lang='lat' dir='ltr'><strong>et</strong></span> <span class='ocrx_word' id='word_1_21' title='bbox 1756 455 1919 508; x_wconf 86' lang='lat' dir='ltr'><strong>inter—</strong></span> <span class='ocrx_word' id='word_1_22' title='bbox 1951 463 1991 516; x_wconf 72' lang='grc' dir='ltr'><strong>Α</strong></span> <span class='ocrx_word' id='word_1_23' title='bbox 2024 459 2073 510; x_wconf 94' lang='lat' dir='ltr'><strong>in</strong></span> <span class='ocrx_word' id='word_1_24' title='bbox 2102 471 2258 524; x_wconf 89' lang='lat' dir='ltr'><strong>quam</strong></span> <span class='ocrx_word' id='word_1_25' title='bbox 2287 457 2510 510; x_wconf 85' lang='lat' dir='ltr'><strong>voluerit</strong></span> <span class='ocrx_word' id='word_1_26' title='bbox 2546 469 2745 524; x_wconf 85' lang='lat' dir='ltr'><strong>partem</strong></span> <span class='ocrx_word' id='word_1_27' title='bbox 2784 469 2862 512; x_wconf 85' lang='lat' dir='ltr'><strong>est</strong></span> <span class='ocrx_word' id='word_1_28' title='bbox 2893 460 2940 513; x_wconf 90' lang='lat' dir='ltr'><strong>ei</strong></span> <span class='ocrx_word' id='word_1_29' title='bbox 2978 460 3196 515; x_wconf 88' lang='lat' dir='ltr'><strong>liberum</strong></span> <span class='ocrx_word' id='word_1_30' title='bbox 3225 458 3491 514; x_wconf 81' lang='lat' dir='ltr'><strong>declinare</strong></span> <span class='ocrx_word' id='word_1_31' title='bbox 3527 474 3543 512; x_wconf 91' lang='lat'><strong>:</strong></span> 
     </span>
    </p>
   </div>
   <div class='ocr_carea' id='block_1_8' title="bbox 1282 543 1915 609">
    <p class='ocr_par' dir='ltr' id='par_1_8' title="bbox 1282 543 1915 609">
     <span class='ocr_line' id='line_1_8' title="bbox 1282 543 1915 609; baseline 0.006 -17"><span class='ocrx_word' id='word_1_32' title='bbox 1282 547 1464 604; x_wconf 68' lang='lat' dir='ltr'><strong>ternm,</strong></span> <span class='ocrx_word' id='word_1_33' title='bbox 1501 553 1552 594; x_wconf 88' lang='lat' dir='ltr'><strong>et</strong></span> <span class='ocrx_word' id='word_1_34' title='bbox 1585 557 1700 609; x_wconf 68' lang='lat' dir='ltr'><strong>quae</strong></span> <span class='ocrx_word' id='word_1_35' title='bbox 1736 543 1805 596; x_wconf 89' lang='lat' dir='ltr'><strong>sit</strong></span> <span class='ocrx_word' id='word_1_36' title='bbox 1837 545 1915 596; x_wconf 80' lang='lat' dir='ltr'><strong>via</strong></span> 
     </span>
    </p>
   </div>
   <div class='ocr_carea' id='block_1_9' title="bbox 167 588 1918 698">
    <p class='ocr_par' dir='ltr' id='par_1_9' title="bbox 167 588 1918 698">
     <span class='ocr_line' id='line_1_9' title="bbox 576 588 1915 609; baseline -0.011 1"><span class='ocrx_word' id='word_1_37' title='bbox 576 593 592 605; x_wconf 87' lang='lat'><strong>.</strong></span> <span class='ocrx_word' id='word_1_38' title='bbox 1504 588 1552 594; x_wconf 72' lang='lat'><strong>--</strong></span> <span class='ocrx_word' id='word_1_39' title='bbox 1587 588 1696 609; x_wconf 56' lang='grc' dir='ltr'><strong>ν..</strong></span> <span class='ocrx_word' id='word_1_40' title='bbox 1736 588 1805 596; x_wconf 81' lang='lat'><strong>-.-</strong></span> <span class='ocrx_word' id='word_1_41' title='bbox 1847 588 1915 596; x_wconf 81' lang='lat'><strong>.._</strong></span> 
     </span>
     <span class='ocr_line' id='line_1_10' title="bbox 167 588 1918 698; baseline 0.001 -14"><span class='ocrx_word' id='word_1_42' title='bbox 167 588 441 698; x_wconf 40' lang='lat'><strong>’3</strong></span> <span class='ocrx_word' id='word_1_43' title='bbox 471 599 535 698; x_wconf 51' lang='grc' dir='ltr'><strong>ῗι</strong></span> <span class='ocrx_word' id='word_1_44' title='bbox 577 606 808 698; x_wconf 54' lang='grc' dir='ltr'><strong>ξξὶξδθδθ</strong></span> <span class='ocrx_word' id='word_1_45' title='bbox 863 612 933 667; x_wconf 66' lang='lat' dir='ltr'><strong>in</strong></span> <span class='ocrx_word' id='word_1_46' title='bbox 978 636 1056 674; x_wconf 68' lang='lat' dir='ltr'><strong>ea</strong></span> <span class='ocrx_word' id='word_1_47' title='bbox 1086 663 1104 687; x_wconf 71' lang='grc' dir='ltr'><strong>ς</strong></span> <span class='ocrx_word' id='word_1_48' title='bbox 1153 637 1208 680; x_wconf 89' lang='lat' dir='ltr'><strong>et</strong></span> <span class='ocrx_word' id='word_1_49' title='bbox 1245 643 1347 682; x_wconf 92' lang='lat' dir='ltr'><strong>non</strong></span> <span class='ocrx_word' id='word_1_50' title='bbox 1382 631 1604 683; x_wconf 76' lang='lat' dir='ltr'><strong>accedas</strong></span> <span class='ocrx_word' id='word_1_51' title='bbox 1635 633 1699 684; x_wconf 86' lang='lat' dir='ltr'><strong>ad</strong></span> <span class='ocrx_word' id='word_1_52' title='bbox 1725 631 1918 698; x_wconf 89' lang='lat' dir='ltr'><strong>jannas</strong></span> 
     </span>
    </p>
   </div>
   <div class='ocr_carea' id='block_1_10' title="bbox 189 671 926 776">
    <p class='ocr_par' dir='ltr' id='par_1_10' title="bbox 189 671 926 776">
     <span class='ocr_line' id='line_1_11' title="bbox 189 671 926 776; baseline 0.058 -59"><span class='ocrx_word' id='word_1_53' title='bbox 189 671 260 776; x_wconf 55' lang='lat' dir='ltr'><strong>&#39;l</strong></span> <span class='ocrx_word' id='word_1_54' title='bbox 279 671 447 732; x_wconf 61' lang='lat' dir='ltr'><strong>loanus</strong></span> <span class='ocrx_word' id='word_1_55' title='bbox 479 685 753 752; x_wconf 62' lang='lat' dir='ltr'><strong>malitiae.</strong></span> <span class='ocrx_word' id='word_1_56' title='bbox 793 698 926 758; x_wconf 85' lang='lat' dir='ltr'><strong>Sed</strong></span> 
     </span>
    </p>
   </div>
   <div class='ocr_carea' id='block_1_11' title="bbox 976 711 1915 788">
    <p class='ocr_par' dir='ltr' id='par_1_11' title="bbox 976 711 1915 788">
     <span class='ocr_line' id='line_1_12' title="bbox 976 711 1915 788; baseline 0.013 -26"><span class='ocrx_word' id='word_1_57' title='bbox 976 711 1050 764; x_wconf 64' lang='lat' dir='ltr'><strong>si&#39;</strong></span> <span class='ocrx_word' id='word_1_58' title='bbox 1075 719 1316 771; x_wconf 88' lang='lat' dir='ltr'><strong>senseris</strong></span> <span class='ocrx_word' id='word_1_59' title='bbox 1347 719 1636 786; x_wconf 86' lang='lat' dir='ltr'><strong>malignum</strong></span> <span class='ocrx_word' id='word_1_60' title='bbox 1669 723 1915 788; x_wconf 86' lang='lat' dir='ltr'><strong>spiritum</strong></span> 
     </span>
    </p>
   </div>
   <div class='ocr_carea' id='block_1_12' title="bbox 217 770 1916 878">
    <p class='ocr_par' dir='ltr' id='par_1_12' title="bbox 217 770 1916 878">
     <span class='ocr_line' id='line_1_13' title="bbox 217 770 1916 878; baseline 0.026 -55"><span class='ocrx_word' id='word_1_61' title='bbox 217 791 264 864; x_wconf 59' lang='grc' dir='ltr'><strong><em>ι</em></strong></span> <span class='ocrx_word' id='word_1_62' title='bbox 285 784 416 878; x_wconf 56' lang='lat' dir='ltr'><strong>oqttt</strong></span> <span class='ocrx_word' id='word_1_63' title='bbox 440 771 505 876; x_wconf 59' lang='lat' dir='ltr'><strong>in</strong></span> <span class='ocrx_word' id='word_1_64' title='bbox 543 782 732 878; x_wconf 61' lang='lat' dir='ltr'><strong>corde</strong></span> <span class='ocrx_word' id='word_1_65' title='bbox 762 798 896 857; x_wconf 80' lang='lat' dir='ltr'><strong>tuo,</strong></span> <span class='ocrx_word' id='word_1_66' title='bbox 934 809 1009 852; x_wconf 86' lang='lat' dir='ltr'><strong>ut</strong></span> <span class='ocrx_word' id='word_1_67' title='bbox 1039 812 1095 858; x_wconf 89' lang='lat' dir='ltr'><strong>te</strong></span> <span class='ocrx_word' id='word_1_68' title='bbox 1125 806 1284 860; x_wconf 89' lang='lat' dir='ltr'><strong>ducat</strong></span> <span class='ocrx_word' id='word_1_69' title='bbox 1307 809 1372 860; x_wconf 92' lang='lat' dir='ltr'><strong>ad</strong></span> <span class='ocrx_word' id='word_1_70' title='bbox 1401 770 1612 877; x_wconf 56' lang='lat' dir='ltr'><strong>aliquod</strong></span> <span class='ocrx_word' id='word_1_71' title='bbox 1645 770 1775 878; x_wconf 58' lang='lat' dir='ltr'><strong>oprus</strong></span> <span class='ocrx_word' id='word_1_72' title='bbox 1798 827 1916 878; x_wconf 86' lang='lat' dir='ltr'><strong>pec-</strong></span> 
     </span>
    </p>
   </div>
   <div class='ocr_carea' id='block_1_13' title="bbox 255 863 1914 959">
    <p class='ocr_par' dir='ltr' id='par_1_13' title="bbox 255 863 1914 959">
     <span class='ocr_line' id='line_1_14' title="bbox 255 863 1914 959; baseline 0.02 -39"><span class='ocrx_word' id='word_1_73' title='bbox 255 863 735 959; x_wconf 49' lang='lat' dir='ltr'><strong>patiﬂntellige</strong></span> <span class='ocrx_word' id='word_1_74' title='bbox 777 884 924 948; x_wconf 85' lang='lat' dir='ltr'><strong>quia</strong></span> <span class='ocrx_word' id='word_1_75' title='bbox 969 896 1031 942; x_wconf 88' lang='lat' dir='ltr'><strong>te</strong></span> <span class='ocrx_word' id='word_1_76' title='bbox 1066 891 1267 948; x_wconf 85' lang='lat' dir='ltr'><strong>ducere</strong></span> <span class='ocrx_word' id='word_1_77' title='bbox 1302 895 1447 959; x_wconf 88' lang='lat' dir='ltr'><strong>vult,</strong></span> <span class='ocrx_word' id='word_1_78' title='bbox 1474 863 1531 949; x_wconf 69' lang='lat' dir='ltr'><strong>ut</strong></span> <span class='ocrx_word' id='word_1_79' title='bbox 1554 863 1828 952; x_wconf 66' lang='lat' dir='ltr'><strong>consecret</strong></span> <span class='ocrx_word' id='word_1_80' title='bbox 1866 908 1914 953; x_wconf 91' lang='lat' dir='ltr'><strong>te</strong></span> 
     </span>
    </p>
   </div>
   <div class='ocr_carea' id='block_1_14' title="bbox 293 957 1908 1056">
    <p class='ocr_par' dir='ltr' id='par_1_14' title="bbox 293 957 1908 1056">
     <span class='ocr_line' id='line_1_15' title="bbox 293 957 1908 1056; baseline 0.01 -34"><span class='ocrx_word' id='word_1_81' title='bbox 293 957 770 1056; x_wconf 42' lang='lat' dir='ltr'><strong>abctlidtnmoni.</strong></span> <span class='ocrx_word' id='word_1_82' title='bbox 809 971 1046 1033; x_wconf 85' lang='lat' dir='ltr'><strong>Ducere</strong></span> <span class='ocrx_word' id='word_1_83' title='bbox 1077 990 1133 1035; x_wconf 89' lang='lat' dir='ltr'><strong>te</strong></span> <span class='ocrx_word' id='word_1_84' title='bbox 1163 984 1273 1036; x_wconf 86' lang='lat' dir='ltr'><strong>vnlt</strong></span> <span class='ocrx_word' id='word_1_85' title='bbox 1298 995 1351 1037; x_wconf 91' lang='lat' dir='ltr'><strong>nt</strong></span> <span class='ocrx_word' id='word_1_86' title='bbox 1377 987 1642 1053; x_wconf 84' lang='lat' dir='ltr'><strong>suscipias</strong></span> <span class='ocrx_word' id='word_1_87' title='bbox 1663 988 1908 1056; x_wconf 83' lang='lat' dir='ltr'><strong>mysteria</strong></span> 
     </span>
    </p>
   </div>
   <div class='ocr_carea' id='block_1_15' title="bbox 309 1050 1913 1144">
    <p class='ocr_par' dir='ltr' id='par_1_15' title="bbox 309 1050 1913 1144">
     <span class='ocr_line' id='line_1_16' title="bbox 309 1050 1913 1144; baseline 0.013 -36"><span class='ocrx_word' id='word_1_88' title='bbox 309 1050 626 1116; x_wconf 84' lang='lat' dir='ltr'><strong>diabolica,</strong></span> <span class='ocrx_word' id='word_1_89' title='bbox 669 1064 950 1128; x_wconf 85' lang='lat' dir='ltr'><strong>mysteria</strong></span> <span class='ocrx_word' id='word_1_90' title='bbox 1008 1068 1328 1137; x_wconf 72' lang='lat' dir='ltr'><strong>iniquitatis.</strong></span> <span class='ocrx_word' id='word_1_91' title='bbox 1381 1074 1444 1126; x_wconf 87' lang='lat' dir='ltr'><strong>Et</strong></span> <span class='ocrx_word' id='word_1_92' title='bbox 1489 1050 1588 1128; x_wconf 78' lang='lat' dir='ltr'><strong>hoc</strong></span> <span class='ocrx_word' id='word_1_93' title='bbox 1629 1050 1742 1128; x_wconf 81' lang='lat' dir='ltr'><strong>esse</strong></span> <span class='ocrx_word' id='word_1_94' title='bbox 1790 1085 1913 1144; x_wconf 88' lang='lat' dir='ltr'><strong>puto</strong></span> 
     </span>
    </p>
   </div>
   <div class='ocr_carea' id='block_1_16' title="bbox 323 1144 1907 1232">
    <p class='ocr_par' dir='ltr' id='par_1_16' title="bbox 323 1144 1907 1232">
     <span class='ocr_line' id='line_1_17' title="bbox 323 1144 1907 1232; baseline 0.016 -39"><span class='ocrx_word' id='word_1_95' title='bbox 323 1144 473 1210; x_wconf 76' lang='lat' dir='ltr'><strong>quod</strong></span> <span class='ocrx_word' id='word_1_96' title='bbox 504 1147 697 1202; x_wconf 88' lang='lat' dir='ltr'><strong>scribit</strong></span> <span class='ocrx_word' id='word_1_97' title='bbox 725 1150 1032 1217; x_wconf 76' lang='lat' dir='ltr'><strong>Apostolus</strong></span> <span class='ocrx_word' id='word_1_98' title='bbox 1064 1159 1112 1189; x_wconf 82' lang='lat'>”</span> <span class='ocrx_word' id='word_1_99' title='bbox 1145 1176 1158 1210; x_wconf 92' lang='lat'><strong>:</strong></span> <span class='ocrx_word' id='word_1_100' title='bbox 1195 1179 1212 1210; x_wconf 73' lang='grc' dir='ltr'><strong>ι</strong></span> <span class='ocrx_word' id='word_1_101' title='bbox 1250 1160 1380 1214; x_wconf 89' lang='lat' dir='ltr'><strong>Cum</strong></span> <span class='ocrx_word' id='word_1_102' title='bbox 1406 1173 1580 1217; x_wconf 86' lang='lat' dir='ltr'><strong>autem</strong></span> <span class='ocrx_word' id='word_1_103' title='bbox 1607 1173 1792 1232; x_wconf 91' lang='lat' dir='ltr'><strong>gentes</strong></span> <span class='ocrx_word' id='word_1_104' title='bbox 1823 1179 1907 1218; x_wconf 85' lang='lat' dir='ltr'><strong>es-</strong></span> 
     </span>
    </p>
   </div>
   <div class='ocr_carea' id='block_1_17' title="bbox 327 1237 1903 1321">
    <p class='ocr_par' dir='ltr' id='par_1_17' title="bbox 327 1237 1903 1321">
     <span class='ocr_line' id='line_1_18' title="bbox 327 1237 1903 1321; baseline 0.014 -33"><span class='ocrx_word' id='word_1_105' title='bbox 327 1237 490 1301; x_wconf 80' lang='lat' dir='ltr'><strong>setis,</strong></span> <span class='ocrx_word' id='word_1_106' title='bbox 517 1239 582 1292; x_wconf 90' lang='lat' dir='ltr'><strong>ad</strong></span> <span class='ocrx_word' id='word_1_107' title='bbox 609 1239 907 1297; x_wconf 88' lang='lat' dir='ltr'><strong>simulacra</strong></span> <span class='ocrx_word' id='word_1_108' title='bbox 940 1258 1091 1301; x_wconf 88' lang='lat' dir='ltr'><strong>muta</strong></span> <span class='ocrx_word' id='word_1_109' title='bbox 1119 1260 1303 1306; x_wconf 89' lang='lat' dir='ltr'><strong>cnntes</strong></span> <span class='ocrx_word' id='word_1_110' title='bbox 1327 1254 1848 1321; x_wconf 84' lang='lat' dir='ltr'><strong>proutdncebamini.</strong></span> <span class='ocrx_word' id='word_1_111' title='bbox 1883 1277 1903 1309; x_wconf 73' lang='grc' dir='ltr'><strong>ι</strong></span> 
     </span>
    </p>
   </div>
   <div class='ocr_carea' id='block_1_18' title="bbox 329 1327 1908 1413">
    <p class='ocr_par' dir='ltr' id='par_1_18' title="bbox 329 1327 1908 1413">
     <span class='ocr_line' id='line_1_19' title="bbox 329 1327 1908 1413; baseline 0.015 -35"><span class='ocrx_word' id='word_1_112' title='bbox 329 1327 388 1378; x_wconf 66' lang='grc' dir='ltr'><strong>Δ·</strong></span> <span class='ocrx_word' id='word_1_113' title='bbox 410 1343 527 1394; x_wconf 87' lang='lat' dir='ltr'><strong>quo</strong></span> <span class='ocrx_word' id='word_1_114' title='bbox 549 1330 637 1383; x_wconf 93' lang='lat' dir='ltr'><strong>vel</strong></span> <span class='ocrx_word' id='word_1_115' title='bbox 668 1346 697 1384; x_wconf 89' lang='lat' dir='ltr'><strong>a</strong></span> <span class='ocrx_word' id='word_1_116' title='bbox 722 1334 926 1400; x_wconf 86' lang='lat' dir='ltr'><strong>quibus</strong></span> <span class='ocrx_word' id='word_1_117' title='bbox 959 1338 1337 1395; x_wconf 81' lang='lat' dir='ltr'><strong>ducebamini?</strong></span> <span class='ocrx_word' id='word_1_118' title='bbox 1361 1357 1390 1394; x_wconf 84' lang='lat' dir='ltr'><strong>a</strong></span> <span class='ocrx_word' id='word_1_119' title='bbox 1422 1344 1695 1410; x_wconf 89' lang='lat' dir='ltr'><strong>spiritibus</strong></span> <span class='ocrx_word' id='word_1_120' title='bbox 1721 1361 1908 1413; x_wconf 86' lang='lat' dir='ltr'><strong>nempe</strong></span> 
     </span>
    </p>
   </div>
   <div class='ocr_carea' id='block_1_19' title="bbox 333 1417 1908 1499">
    <p class='ocr_par' dir='ltr' id='par_1_19' title="bbox 333 1417 1908 1499">
     <span class='ocr_line' id='line_1_20' title="bbox 333 1417 1908 1499; baseline 0.015 -33"><span class='ocrx_word' id='word_1_121' title='bbox 333 1417 604 1486; x_wconf 76' lang='lat' dir='ltr'><strong>malignis</strong></span> <span class='ocrx_word' id='word_1_122' title='bbox 659 1423 1008 1480; x_wconf 89' lang='lat' dir='ltr'><strong>ducehamini</strong></span> <span class='ocrx_word' id='word_1_123' title='bbox 1067 1429 1133 1482; x_wconf 88' lang='lat' dir='ltr'><strong>ad</strong></span> <span class='ocrx_word' id='word_1_124' title='bbox 1183 1444 1341 1498; x_wconf 86' lang='lat' dir='ltr'><strong>opera</strong></span> <span class='ocrx_word' id='word_1_125' title='bbox 1387 1443 1742 1499; x_wconf 85' lang='lat' dir='ltr'><strong>peccatorum.</strong></span> <span class='ocrx_word' id='word_1_126' title='bbox 1786 1435 1908 1490; x_wconf 66' lang='lat' dir='ltr'><strong>Haec</strong></span> 
     </span>
    </p>
   </div>
   <div class='ocr_carea' id='block_1_20' title="bbox 321 1508 1902 1586">
    <p class='ocr_par' dir='ltr' id='par_1_20' title="bbox 321 1508 1902 1586">
     <span class='ocr_line' id='line_1_21' title="bbox 321 1508 1902 1586; baseline 0.015 -30"><span class='ocrx_word' id='word_1_127' title='bbox 321 1508 570 1563; x_wconf 87' lang='lat' dir='ltr'><strong>audiens</strong></span> <span class='ocrx_word' id='word_1_128' title='bbox 619 1513 864 1581; x_wconf 87' lang='lat' dir='ltr'><strong>vigilans</strong></span> <span class='ocrx_word' id='word_1_129' title='bbox 903 1519 1138 1586; x_wconf 87' lang='lat' dir='ltr'><strong>quisque</strong></span> <span class='ocrx_word' id='word_1_130' title='bbox 1185 1523 1394 1575; x_wconf 88' lang='lat' dir='ltr'><strong>auditor</strong></span> <span class='ocrx_word' id='word_1_131' title='bbox 1441 1525 1583 1577; x_wconf 86' lang='lat' dir='ltr'><strong>dicet</strong></span> <span class='ocrx_word' id='word_1_132' title='bbox 1624 1523 1847 1579; x_wconf 80' lang='lat' dir='ltr'><strong>fortasse</strong></span> <span class='ocrx_word' id='word_1_133' title='bbox 1891 1547 1902 1580; x_wconf 92' lang='lat'>:</span> 
     </span>
    </p>
   </div>
   <div class='ocr_carea' id='block_1_21' title="bbox 319 1595 1903 1682">
    <p class='ocr_par' dir='ltr' id='par_1_21' title="bbox 319 1595 1903 1682">
     <span class='ocr_line' id='line_1_22' title="bbox 319 1595 1903 1682; baseline 0.012 -36"><span class='ocrx_word' id='word_1_134' title='bbox 319 1595 479 1659; x_wconf 83' lang='lat' dir='ltr'><strong>Quid</strong></span> <span class='ocrx_word' id='word_1_135' title='bbox 509 1612 643 1666; x_wconf 88' lang='lat' dir='ltr'><strong>ergo</strong></span> <span class='ocrx_word' id='word_1_136' title='bbox 672 1599 977 1657; x_wconf 77' lang='lat' dir='ltr'><strong>facieinus?</strong></span> <span class='ocrx_word' id='word_1_137' title='bbox 1007 1607 1050 1658; x_wconf 87' lang='lat' dir='ltr'><strong>si</strong></span> <span class='ocrx_word' id='word_1_138' title='bbox 1078 1607 1411 1662; x_wconf 87' lang='lat' dir='ltr'><strong>circumeunt</strong></span> <span class='ocrx_word' id='word_1_139' title='bbox 1438 1610 1658 1678; x_wconf 89' lang='lat' dir='ltr'><strong>spiritus</strong></span> <span class='ocrx_word' id='word_1_140' title='bbox 1688 1613 1903 1682; x_wconf 75' lang='lat' dir='ltr'><strong>maligni</strong></span> 
     </span>
    </p>
   </div>
   <div class='ocr_carea' id='block_1_22' title="bbox 317 1695 1905 1766">
    <p class='ocr_par' dir='ltr' id='par_1_22' title="bbox 317 1695 1905 1766">
     <span class='ocr_line' id='line_1_23' title="bbox 317 1695 1905 1766; baseline 0.012 -33"><span class='ocrx_word' id='word_1_141' title='bbox 317 1698 792 1754; x_wconf 82' lang='lat' dir='ltr'><strong>unumquemque</strong></span> <span class='ocrx_word' id='word_1_142' title='bbox 829 1699 1093 1754; x_wconf 85' lang='lat' dir='ltr'><strong>nostrum,</strong></span> <span class='ocrx_word' id='word_1_143' title='bbox 1124 1701 1176 1746; x_wconf 90' lang='lat' dir='ltr'><strong>et</strong></span> <span class='ocrx_word' id='word_1_144' title='bbox 1205 1695 1438 1756; x_wconf 85' lang='lat' dir='ltr'><strong>ducunt,</strong></span> <span class='ocrx_word' id='word_1_145' title='bbox 1489 1710 1550 1750; x_wconf 90' lang='lat' dir='ltr'><strong>ac</strong></span> <span class='ocrx_word' id='word_1_146' title='bbox 1590 1699 1905 1766; x_wconf 82' lang='lat' dir='ltr'><strong>pertrahunt</strong></span> 
     </span>
    </p>
   </div>
   <div class='ocr_carea' id='block_1_23' title="bbox 312 1773 800 1840">
    <p class='ocr_par' dir='ltr' id='par_1_23' title="bbox 312 1773 800 1840">
     <span class='ocr_line' id='line_1_24' title="bbox 312 1773 800 1840; baseline 0.014 -17"><span class='ocrx_word' id='word_1_147' title='bbox 312 1773 403 1823; x_wconf 76' lang='lat' dir='ltr'><strong>ad</strong></span> <span class='ocrx_word' id='word_1_148' title='bbox 443 1785 744 1840; x_wconf 86' lang='lat' dir='ltr'><strong>peceatum</strong></span> <span class='ocrx_word' id='word_1_149' title='bbox 785 1797 800 1830; x_wconf 89' lang='lat'><strong>:</strong></span> 
     </span>
    </p>
   </div>
   <div class='ocr_carea' id='block_1_24' title="bbox 317 1860 1904 1942">
    <p class='ocr_par' dir='ltr' id='par_1_24' title="bbox 317 1860 1904 1942">
     <span class='ocr_line' id='line_1_25' title="bbox 317 1860 1904 1942; baseline 0.012 -32"><span class='ocrx_word' id='word_1_150' title='bbox 317 1860 470 1912; x_wconf 84' lang='lat' dir='ltr'><strong>tiam</strong></span> <span class='ocrx_word' id='word_1_151' title='bbox 506 1865 743 1929; x_wconf 88' lang='lat' dir='ltr'><strong>trahat,</strong></span> <span class='ocrx_word' id='word_1_152' title='bbox 775 1868 868 1933; x_wconf 88' lang='lat' dir='ltr'><strong>qui</strong></span> <span class='ocrx_word' id='word_1_153' title='bbox 905 1868 1090 1922; x_wconf 83' lang='lat' dir='ltr'><strong>invitet</strong></span> <span class='ocrx_word' id='word_1_154' title='bbox 1119 1878 1173 1923; x_wconf 90' lang='lat' dir='ltr'><strong>et</strong></span> <span class='ocrx_word' id='word_1_155' title='bbox 1199 1872 1360 1926; x_wconf 62' lang='lat' dir='ltr'><strong>ducat.</strong></span> <span class='ocrx_word' id='word_1_156' title='bbox 1383 1873 1447 1926; x_wconf 89' lang='lat' dir='ltr'><strong>ad</strong></span> <span class='ocrx_word' id='word_1_157' title='bbox 1479 1873 1808 1942; x_wconf 87' lang='lat' dir='ltr'><strong>pudicitiam,</strong></span> <span class='ocrx_word' id='word_1_158' title='bbox 1839 1876 1904 1929; x_wconf 88' lang='lat' dir='ltr'><strong>ad</strong></span> 
     </span>
    </p>
   </div>
   <div class='ocr_carea' id='block_1_25' title="bbox 309 1951 1902 2030">
    <p class='ocr_par' dir='ltr' id='par_1_25' title="bbox 309 1951 1902 2030">
     <span class='ocr_line' id='line_1_26' title="bbox 309 1951 1902 2030; baseline 0.011 -32"><span class='ocrx_word' id='word_1_159' title='bbox 309 1951 641 2018; x_wconf 76' lang='lat' dir='ltr'><strong>pietatem,</strong></span> <span class='ocrx_word' id='word_1_160' title='bbox 697 1957 972 2020; x_wconf 90' lang='lat' dir='ltr'><strong>quomodo</strong></span> <span class='ocrx_word' id='word_1_161' title='bbox 1019 1973 1124 2012; x_wconf 91' lang='lat' dir='ltr'><strong>non</strong></span> <span class='ocrx_word' id='word_1_162' title='bbox 1168 1960 1432 2014; x_wconf 84' lang='lat' dir='ltr'><strong>videbitur</strong></span> <span class='ocrx_word' id='word_1_163' title='bbox 1475 1962 1540 2014; x_wconf 91' lang='lat' dir='ltr'><strong>ad</strong></span> <span class='ocrx_word' id='word_1_164' title='bbox 1581 1964 1902 2030; x_wconf 88' lang='lat' dir='ltr'><strong>pereundum</strong></span> 
     </span>
    </p>
   </div>
   <div class='ocr_carea' id='block_1_26' title="bbox 306 2038 1902 2120">
    <p class='ocr_par' dir='ltr' id='par_1_26' title="bbox 306 2038 1902 2120">
     <span class='ocr_line' id='line_1_27' title="bbox 306 2038 1902 2120; baseline 0.011 -33"><span class='ocrx_word' id='word_1_165' title='bbox 306 2038 554 2104; x_wconf 80' lang='lat' dir='ltr'><strong>quidem</strong></span> <span class='ocrx_word' id='word_1_166' title='bbox 605 2040 730 2094; x_wconf 88' lang='lat' dir='ltr'><strong>lata</strong></span> <span class='ocrx_word' id='word_1_167' title='bbox 765 2044 847 2095; x_wconf 83' lang='lat' dir='ltr'><strong>via</strong></span> <span class='ocrx_word' id='word_1_168' title='bbox 884 2053 1106 2111; x_wconf 89' lang='lat' dir='ltr'><strong>patere,</strong></span> <span class='ocrx_word' id='word_1_169' title='bbox 1137 2048 1202 2100; x_wconf 91' lang='lat' dir='ltr'><strong>ad</strong></span> <span class='ocrx_word' id='word_1_170' title='bbox 1230 2048 1452 2103; x_wconf 87' lang='lat' dir='ltr'><strong>salutem</strong></span> <span class='ocrx_word' id='word_1_171' title='bbox 1484 2064 1608 2104; x_wconf 81' lang='lat' dir='ltr'><strong>vero</strong></span> <span class='ocrx_word' id='word_1_172' title='bbox 1641 2067 1902 2120; x_wconf 84' lang='lat' dir='ltr'><strong>nusquam</strong></span> 
     </span>
    </p>
   </div>
   <div class='ocr_carea' id='block_1_27' title="bbox 307 2127 1901 2207">
    <p class='ocr_par' dir='ltr' id='par_1_27' title="bbox 307 2127 1901 2207">
     <span class='ocr_line' id='line_1_28' title="bbox 307 2127 1901 2207; baseline 0.009 -28"><span class='ocrx_word' id='word_1_173' title='bbox 307 2127 481 2181; x_wconf 86' lang='lat' dir='ltr'><strong>ullus</strong></span> <span class='ocrx_word' id='word_1_174' title='bbox 526 2131 720 2185; x_wconf 90' lang='lat' dir='ltr'><strong>aditus</strong></span> <span class='ocrx_word' id='word_1_175' title='bbox 761 2132 907 2186; x_wconf 87' lang='lat' dir='ltr'><strong>dari?</strong></span> <span class='ocrx_word' id='word_1_176' title='bbox 944 2135 1055 2188; x_wconf 90' lang='lat' dir='ltr'><strong>lmo</strong></span> <span class='ocrx_word' id='word_1_177' title='bbox 1095 2152 1220 2190; x_wconf 89' lang='lat' dir='ltr'><strong>vero</strong></span> <span class='ocrx_word' id='word_1_178' title='bbox 1264 2139 1478 2193; x_wconf 88' lang='lat' dir='ltr'><strong>adverte</strong></span> <span class='ocrx_word' id='word_1_179' title='bbox 1505 2139 1832 2207; x_wconf 83' lang='lat' dir='ltr'><strong>diligentius,</strong></span> <span class='ocrx_word' id='word_1_180' title='bbox 1859 2143 1901 2194; x_wconf 91' lang='lat' dir='ltr'><strong>si</strong></span> 
     </span>
    </p>
   </div>
   <div class='ocr_carea' id='block_1_28' title="bbox 302 2224 1901 2289">
    <p class='ocr_par' dir='ltr' id='par_1_28' title="bbox 302 2224 1901 2289">
     <span class='ocr_line' id='line_1_29' title="bbox 302 2224 1901 2289; baseline 0.011 -24"><span class='ocrx_word' id='word_1_181' title='bbox 302 2225 530 2280; x_wconf 70' lang='lat' dir='ltr'><strong>potes,</strong></span> <span class='ocrx_word' id='word_1_182' title='bbox 584 2227 644 2270; x_wconf 91' lang='lat' dir='ltr'><strong>et</strong></span> <span class='ocrx_word' id='word_1_183' title='bbox 695 2229 889 2286; x_wconf 89' lang='lat' dir='ltr'><strong>aperto</strong></span> <span class='ocrx_word' id='word_1_184' title='bbox 938 2224 1118 2277; x_wconf 89' lang='lat' dir='ltr'><strong>cordis</strong></span> <span class='ocrx_word' id='word_1_185' title='bbox 1171 2225 1360 2289; x_wconf 90' lang='lat' dir='ltr'><strong>oculo,</strong></span> <span class='ocrx_word' id='word_1_186' title='bbox 1412 2226 1660 2282; x_wconf 88' lang='lat' dir='ltr'><strong>interiora</strong></span> <span class='ocrx_word' id='word_1_187' title='bbox 1699 2243 1901 2282; x_wconf 90' lang='lat' dir='ltr'><strong>mecum</strong></span> 
     </span>
    </p>
   </div>
   <div class='ocr_carea' id='block_1_29' title="bbox 297 2304 1904 2379">
    <p class='ocr_par' dir='ltr' id='par_1_29' title="bbox 297 2304 1904 2379">
     <span class='ocr_line' id='line_1_30' title="bbox 297 2304 1904 2379; baseline 0.009 -25"><span class='ocrx_word' id='word_1_188' title='bbox 297 2304 629 2358; x_wconf 80' lang='lat' dir='ltr'><strong>considera</strong></span> <span class='ocrx_word' id='word_1_189' title='bbox 661 2308 927 2375; x_wconf 87' lang='lat' dir='ltr'><strong>mysteria</strong></span> <span class='ocrx_word' id='word_1_190' title='bbox 954 2325 968 2372; x_wconf 92' lang='lat'><strong>;</strong></span> <span class='ocrx_word' id='word_1_191' title='bbox 999 2319 1052 2363; x_wconf 88' lang='lat' dir='ltr'><strong>et</strong></span> <span class='ocrx_word' id='word_1_192' title='bbox 1075 2311 1504 2379; x_wconf 30' lang='lat' dir='ltr'><strong>videlziquuanlo</strong></span> <span class='ocrx_word' id='word_1_193' title='bbox 1536 2311 1705 2379; x_wconf 87' lang='lat' dir='ltr'><strong>major</strong></span> <span class='ocrx_word' id='word_1_194' title='bbox 1735 2314 1786 2366; x_wconf 93' lang='lat' dir='ltr'><strong>in</strong></span> <span class='ocrx_word' id='word_1_195' title='bbox 1819 2329 1904 2368; x_wconf 90' lang='lat' dir='ltr'><strong>se-</strong></span> 
     </span>
    </p>
   </div>
   <div class='ocr_carea' id='block_1_30' title="bbox 295 2395 1903 2468">
    <p class='ocr_par' dir='ltr' id='par_1_30' title="bbox 295 2395 1903 2468">
     <span class='ocr_line' id='line_1_31' title="bbox 295 2395 1903 2468; baseline 0.007 -23"><span class='ocrx_word' id='word_1_196' title='bbox 295 2395 498 2448; x_wconf 83' lang='lat' dir='ltr'><strong>cretis</strong></span> <span class='ocrx_word' id='word_1_197' title='bbox 540 2397 749 2450; x_wconf 80' lang='lat' dir='ltr'><strong>salutis</strong></span> <span class='ocrx_word' id='word_1_198' title='bbox 793 2407 988 2452; x_wconf 70' lang='lat' dir='ltr'><strong>nostrae</strong></span> <span class='ocrx_word' id='word_1_199' title='bbox 1025 2414 1152 2451; x_wconf 89' lang='lat' dir='ltr'><strong>cura</strong></span> <span class='ocrx_word' id='word_1_200' title='bbox 1185 2410 1410 2468; x_wconf 87' lang='lat' dir='ltr'><strong>geratur</strong></span> <span class='ocrx_word' id='word_1_201' title='bbox 1439 2440 1454 2462; x_wconf 87' lang='lat'><strong>.</strong></span> <span class='ocrx_word' id='word_1_202' title='bbox 1489 2415 1646 2468; x_wconf 87' lang='lat' dir='ltr'><strong>quam</strong></span> <span class='ocrx_word' id='word_1_203' title='bbox 1678 2401 1903 2456; x_wconf 82' lang='lat' dir='ltr'><strong>facultas</strong></span> 
     </span>
    </p>
   </div>
   <div class='ocr_carea' id='block_1_31' title="bbox 299 2484 1900 2557">
    <p class='ocr_par' dir='ltr' id='par_1_31' title="bbox 299 2484 1900 2557">
     <span class='ocr_line' id='line_1_32' title="bbox 299 2484 1900 2557; baseline 0.007 -23"><span class='ocrx_word' id='word_1_204' title='bbox 299 2484 403 2535; x_wconf 78' lang='lat' dir='ltr'><strong>ad</strong></span> <span class='ocrx_word' id='word_1_205' title='bbox 468 2484 858 2552; x_wconf 89' lang='lat' dir='ltr'><strong>decipiendum</strong></span> <span class='ocrx_word' id='word_1_206' title='bbox 907 2487 1225 2553; x_wconf 82' lang='lat' dir='ltr'><strong>pra-beatur.</strong></span> <span class='ocrx_word' id='word_1_207' title='bbox 1263 2489 1425 2543; x_wconf 86' lang='lat' dir='ltr'><strong>Adest</strong></span> <span class='ocrx_word' id='word_1_208' title='bbox 1474 2490 1752 2557; x_wconf 88' lang='lat' dir='ltr'><strong>unicuique</strong></span> <span class='ocrx_word' id='word_1_209' title='bbox 1805 2507 1900 2546; x_wconf 83' lang='lat' dir='ltr'><strong>no-</strong></span> 
     </span>
    </p>
   </div>
   <div class='ocr_carea' id='block_1_32' title="bbox 293 2572 1898 2645">
    <p class='ocr_par' dir='ltr' id='par_1_32' title="bbox 293 2572 1898 2645">
     <span class='ocr_line' id='line_1_33' title="bbox 293 2572 1898 2645; baseline 0.004 -19"><span class='ocrx_word' id='word_1_210' title='bbox 293 2583 506 2626; x_wconf 67' lang='lat' dir='ltr'><strong>sarum</strong></span> <span class='ocrx_word' id='word_1_211' title='bbox 527 2572 646 2641; x_wconf 89' lang='lat'><strong>(97)</strong></span> <span class='ocrx_word' id='word_1_212' title='bbox 671 2613 686 2634; x_wconf 93' lang='lat'><strong>,</strong></span> <span class='ocrx_word' id='word_1_213' title='bbox 712 2573 878 2627; x_wconf 88' lang='lat' dir='ltr'><strong>etiam</strong></span> <span class='ocrx_word' id='word_1_214' title='bbox 909 2575 1144 2631; x_wconf 87' lang='lat' dir='ltr'><strong>minimis</strong></span> <span class='ocrx_word' id='word_1_215' title='bbox 1171 2579 1258 2645; x_wconf 87' lang='lat' dir='ltr'><strong>qui</strong></span> <span class='ocrx_word' id='word_1_216' title='bbox 1290 2588 1413 2632; x_wconf 91' lang='lat' dir='ltr'><strong>sunt</strong></span> <span class='ocrx_word' id='word_1_217' title='bbox 1441 2578 1493 2631; x_wconf 93' lang='lat' dir='ltr'><strong>in</strong></span> <span class='ocrx_word' id='word_1_218' title='bbox 1528 2578 1756 2632; x_wconf 83' lang='lat' dir='ltr'><strong>Ecclesia</strong></span> <span class='ocrx_word' id='word_1_219' title='bbox 1786 2579 1898 2644; x_wconf 91' lang='lat' dir='ltr'><strong>Dei,</strong></span> 
     </span>
    </p>
   </div>
   <div class='ocr_carea' id='block_1_33' title="bbox 298 2661 1898 2737">
    <p class='ocr_par' dir='ltr' id='par_1_33' title="bbox 298 2661 1898 2737">
     <span class='ocr_line' id='line_1_34' title="bbox 298 2661 1898 2737; baseline 0.006 -25"><span class='ocrx_word' id='word_1_220' title='bbox 298 2661 562 2730; x_wconf 80' lang='lat' dir='ltr'><strong>angelus</strong></span> <span class='ocrx_word' id='word_1_221' title='bbox 598 2663 818 2728; x_wconf 88' lang='lat' dir='ltr'><strong>bonus,</strong></span> <span class='ocrx_word' id='word_1_222' title='bbox 853 2666 1077 2734; x_wconf 83' lang='lat' dir='ltr'><strong>angelus</strong></span> <span class='ocrx_word' id='word_1_223' title='bbox 1109 2667 1315 2721; x_wconf 87' lang='lat' dir='ltr'><strong>Domini</strong></span> <span class='ocrx_word' id='word_1_224' title='bbox 1343 2670 1430 2737; x_wconf 87' lang='lat' dir='ltr'><strong>qui</strong></span> <span class='ocrx_word' id='word_1_225' title='bbox 1458 2676 1638 2736; x_wconf 87' lang='lat' dir='ltr'><strong>regat,</strong></span> <span class='ocrx_word' id='word_1_226' title='bbox 1668 2669 1755 2736; x_wconf 90' lang='lat' dir='ltr'><strong>qui</strong></span> <span class='ocrx_word' id='word_1_227' title='bbox 1787 2685 1898 2722; x_wconf 90' lang='lat' dir='ltr'><strong>mo-</strong></span> 
     </span>
    </p>
   </div>
   <div class='ocr_carea' id='block_1_34' title="bbox 301 2751 1901 2822">
    <p class='ocr_par' dir='ltr' id='par_1_34' title="bbox 301 2751 1901 2822">
     <span class='ocr_line' id='line_1_35' title="bbox 301 2751 1901 2822; baseline 0.006 -22"><span class='ocrx_word' id='word_1_228' title='bbox 301 2763 482 2816; x_wconf 81' lang='lat' dir='ltr'><strong>neat,</strong></span> <span class='ocrx_word' id='word_1_229' title='bbox 518 2751 615 2818; x_wconf 89' lang='lat' dir='ltr'><strong>qui</strong></span> <span class='ocrx_word' id='word_1_230' title='bbox 655 2752 925 2818; x_wconf 82' lang='lat' dir='ltr'><strong>gubernet</strong></span> <span class='ocrx_word' id='word_1_231' title='bbox 948 2792 963 2816; x_wconf 92' lang='lat'><strong>,</strong></span> <span class='ocrx_word' id='word_1_232' title='bbox 995 2755 1082 2821; x_wconf 89' lang='lat' dir='ltr'><strong>qui</strong></span> <span class='ocrx_word' id='word_1_233' title='bbox 1118 2770 1212 2822; x_wconf 92' lang='lat' dir='ltr'><strong>pro</strong></span> <span class='ocrx_word' id='word_1_234' title='bbox 1254 2757 1460 2810; x_wconf 87' lang='lat' dir='ltr'><strong>actibus</strong></span> <span class='ocrx_word' id='word_1_235' title='bbox 1501 2757 1697 2810; x_wconf 87' lang='lat' dir='ltr'><strong>nostris</strong></span> <span class='ocrx_word' id='word_1_236' title='bbox 1735 2759 1901 2810; x_wconf 89' lang='lat' dir='ltr'><strong>corri-</strong></span> 
     </span>
    </p>
   </div>
   <div class='ocr_carea' id='block_1_35' title="bbox 295 2840 1899 2913">
    <p class='ocr_par' dir='ltr' id='par_1_35' title="bbox 295 2840 1899 2913">
     <span class='ocr_line' id='line_1_36' title="bbox 295 2840 1899 2913; baseline 0.004 -22"><span class='ocrx_word' id='word_1_237' title='bbox 295 2840 524 2906; x_wconf 76' lang='lat' dir='ltr'><strong>gendis</strong></span> <span class='ocrx_word' id='word_1_238' title='bbox 543 2879 560 2904; x_wconf 91' lang='lat'><strong>,</strong></span> <span class='ocrx_word' id='word_1_239' title='bbox 591 2849 650 2895; x_wconf 91' lang='lat' dir='ltr'><strong>et</strong></span> <span class='ocrx_word' id='word_1_240' title='bbox 682 2841 1123 2897; x_wconf 86' lang='lat' dir='ltr'><strong>miserationibus</strong></span> <span class='ocrx_word' id='word_1_241' title='bbox 1149 2845 1499 2913; x_wconf 74' lang='lat' dir='ltr'><strong>exposcendis</strong></span> <span class='ocrx_word' id='word_1_242' title='bbox 1519 2882 1536 2908; x_wconf 90' lang='lat'><strong>,</strong></span> <span class='ocrx_word' id='word_1_243' title='bbox 1563 2843 1794 2912; x_wconf 91' lang='lat' dir='ltr'><strong>quotidie</strong></span> <span class='ocrx_word' id='word_1_244' title='bbox 1822 2845 1899 2899; x_wconf 89' lang='lat' dir='ltr'><strong>vi-</strong></span> 
     </span>
    </p>
   </div>
   <div class='ocr_carea' id='block_1_36' title="bbox 295 2928 1898 2998">
    <p class='ocr_par' dir='ltr' id='par_1_36' title="bbox 295 2928 1898 2998">
     <span class='ocr_line' id='line_1_37' title="bbox 295 2928 1898 2998; baseline 0.004 -18"><span class='ocrx_word' id='word_1_245' title='bbox 295 2928 457 2982; x_wconf 84' lang='lat' dir='ltr'><strong>deat</strong></span> <span class='ocrx_word' id='word_1_246' title='bbox 484 2928 690 2983; x_wconf 79' lang='lat' dir='ltr'><strong>faciem</strong></span> <span class='ocrx_word' id='word_1_247' title='bbox 726 2928 909 2983; x_wconf 84' lang='lat' dir='ltr'><strong>Patris</strong></span> <span class='ocrx_word' id='word_1_248' title='bbox 947 2933 1034 2998; x_wconf 87' lang='lat' dir='ltr'><strong>qui</strong></span> <span class='ocrx_word' id='word_1_249' title='bbox 1058 2933 1109 2984; x_wconf 92' lang='lat' dir='ltr'><strong>in</strong></span> <span class='ocrx_word' id='word_1_250' title='bbox 1140 2933 1289 2987; x_wconf 80' lang='lat' dir='ltr'><strong>ccelis</strong></span> <span class='ocrx_word' id='word_1_251' title='bbox 1315 2943 1396 2987; x_wconf 87' lang='lat' dir='ltr'><strong>est</strong></span> <span class='ocrx_word' id='word_1_252' title='bbox 1427 2951 1440 2987; x_wconf 90' lang='lat'><strong>:</strong></span> <span class='ocrx_word' id='word_1_253' title='bbox 1475 2933 1612 2987; x_wconf 88' lang='lat' dir='ltr'><strong>sicut</strong></span> <span class='ocrx_word' id='word_1_254' title='bbox 1648 2934 1898 2988; x_wconf 90' lang='lat' dir='ltr'><strong>Dominus</strong></span> 
     </span>
    </p>
   </div>
   <div class='ocr_carea' id='block_1_37' title="bbox 295 3016 1892 3083">
    <p class='ocr_par' dir='ltr' id='par_1_37' title="bbox 295 3016 1892 3083">
     <span class='ocr_line' id='line_1_38' title="bbox 295 3016 1892 3083; baseline 0.004 -16"><span class='ocrx_word' id='word_1_255' title='bbox 295 3016 581 3083; x_wconf 80' lang='lat' dir='ltr'><strong>designat</strong></span> <span class='ocrx_word' id='word_1_256' title='bbox 631 3017 688 3070; x_wconf 91' lang='lat' dir='ltr'><strong>in</strong></span> <span class='ocrx_word' id='word_1_257' title='bbox 732 3017 1038 3082; x_wconf 83' lang='lat' dir='ltr'><strong>Evangeliis</strong></span> <span class='ocrx_word' id='word_1_258' title='bbox 1071 3018 1135 3074; x_wconf 73' lang='lat'><strong>&quot;.</strong></span> <span class='ocrx_word' id='word_1_259' title='bbox 1173 3019 1238 3073; x_wconf 87' lang='lat' dir='ltr'><strong>Et</strong></span> <span class='ocrx_word' id='word_1_260' title='bbox 1278 3021 1470 3074; x_wconf 89' lang='lat' dir='ltr'><strong>iterum</strong></span> <span class='ocrx_word' id='word_1_261' title='bbox 1511 3021 1800 3075; x_wconf 91' lang='lat' dir='ltr'><strong>secundum</strong></span> <span class='ocrx_word' id='word_1_262' title='bbox 1831 3037 1892 3074; x_wconf 88' lang='lat' dir='ltr'><strong>ea</strong></span> 
     </span>
    </p>
   </div>
   <div class='ocr_carea' id='block_1_38' title="bbox 297 3103 1892 3178">
    <p class='ocr_par' dir='ltr' id='par_1_38' title="bbox 297 3103 1892 3178">
     <span class='ocr_line' id='line_1_39' title="bbox 297 3103 1892 3178; baseline 0.006 -24"><span class='ocrx_word' id='word_1_263' title='bbox 297 3118 455 3171; x_wconf 68' lang='lat' dir='ltr'><strong>quae</strong></span> <span class='ocrx_word' id='word_1_264' title='bbox 479 3103 729 3159; x_wconf 80' lang='lat' dir='ltr'><strong>Joannes</strong></span> <span class='ocrx_word' id='word_1_265' title='bbox 758 3105 811 3158; x_wconf 91' lang='lat' dir='ltr'><strong>in</strong></span> <span class='ocrx_word' id='word_1_266' title='bbox 836 3107 1158 3178; x_wconf 85' lang='lat' dir='ltr'><strong>Apocalypsi</strong></span> <span class='ocrx_word' id='word_1_267' title='bbox 1188 3109 1372 3163; x_wconf 85' lang='lat' dir='ltr'><strong>scribit</strong></span> <span class='ocrx_word' id='word_1_268' title='bbox 1397 3111 1462 3172; x_wconf 79' lang='grc'><strong>³⁸,</strong></span> <span class='ocrx_word' id='word_1_269' title='bbox 1490 3109 1770 3177; x_wconf 86' lang='lat' dir='ltr'><strong>unicuique</strong></span> <span class='ocrx_word' id='word_1_270' title='bbox 1797 3110 1892 3164; x_wconf 84' lang='lat' dir='ltr'><strong>Ec-</strong></span> 
     </span>
    </p>
   </div>
   <div class='ocr_carea' id='block_1_39' title="bbox 293 3192 1898 3265">
    <p class='ocr_par' dir='ltr' id='par_1_39' title="bbox 293 3192 1898 3265">
     <span class='ocr_line' id='line_1_40' title="bbox 293 3192 1898 3265; baseline 0.001 -17"><span class='ocrx_word' id='word_1_271' title='bbox 293 3192 510 3248; x_wconf 68' lang='lat' dir='ltr'><strong>clesiae</strong></span> <span class='ocrx_word' id='word_1_272' title='bbox 532 3194 870 3262; x_wconf 84' lang='lat' dir='ltr'><strong>generaliter</strong></span> <span class='ocrx_word' id='word_1_273' title='bbox 892 3196 1114 3262; x_wconf 80' lang='lat' dir='ltr'><strong>angelus</strong></span> <span class='ocrx_word' id='word_1_274' title='bbox 1140 3207 1332 3264; x_wconf 69' lang='lat' dir='ltr'><strong>prmest</strong></span> <span class='ocrx_word' id='word_1_275' title='bbox 1350 3197 1436 3265; x_wconf 89' lang='lat' dir='ltr'><strong>qui</strong></span> <span class='ocrx_word' id='word_1_276' title='bbox 1466 3197 1544 3250; x_wconf 84' lang='lat' dir='ltr'><strong>vel</strong></span> <span class='ocrx_word' id='word_1_277' title='bbox 1572 3198 1898 3252; x_wconf 85' lang='lat' dir='ltr'><strong>collaudatur</strong></span> 
     </span>
    </p>
   </div>
   <div class='ocr_carea' id='block_1_40' title="bbox 297 3280 1894 3355">
    <p class='ocr_par' dir='ltr' id='par_1_40' title="bbox 297 3280 1894 3355">
     <span class='ocr_line' id='line_1_41' title="bbox 297 3280 1894 3355; baseline 0.004 -22"><span class='ocrx_word' id='word_1_278' title='bbox 297 3296 429 3349; x_wconf 86' lang='lat' dir='ltr'><strong>pro</strong></span> <span class='ocrx_word' id='word_1_279' title='bbox 465 3280 606 3334; x_wconf 89' lang='lat' dir='ltr'><strong>bene</strong></span> <span class='ocrx_word' id='word_1_280' title='bbox 649 3281 828 3348; x_wconf 83' lang='lat' dir='ltr'><strong>gestis</strong></span> <span class='ocrx_word' id='word_1_281' title='bbox 860 3283 1076 3350; x_wconf 87' lang='lat' dir='ltr'><strong>populi;</strong></span> <span class='ocrx_word' id='word_1_282' title='bbox 1102 3284 1184 3338; x_wconf 87' lang='lat' dir='ltr'><strong>vel</strong></span> <span class='ocrx_word' id='word_1_283' title='bbox 1217 3287 1375 3338; x_wconf 90' lang='lat' dir='ltr'><strong>etiam</strong></span> <span class='ocrx_word' id='word_1_284' title='bbox 1412 3301 1506 3353; x_wconf 90' lang='lat' dir='ltr'><strong>pro</strong></span> <span class='ocrx_word' id='word_1_285' title='bbox 1546 3286 1749 3340; x_wconf 85' lang='lat' dir='ltr'><strong>delictis</strong></span> <span class='ocrx_word' id='word_1_286' title='bbox 1779 3287 1894 3355; x_wconf 91' lang='lat' dir='ltr'><strong>ejus</strong></span> 
     </span>
    </p>
   </div>
   <div class='ocr_carea' id='block_1_41' title="bbox 297 3367 1894 3442">
    <p class='ocr_par' dir='ltr' id='par_1_41' title="bbox 297 3367 1894 3442">
     <span class='ocr_line' id='line_1_42' title="bbox 297 3367 1894 3442; baseline 0.004 -22"><span class='ocrx_word' id='word_1_287' title='bbox 297 3367 600 3436; x_wconf 83' lang='lat' dir='ltr'><strong>culpatur.</strong></span> <span class='ocrx_word' id='word_1_288' title='bbox 652 3369 712 3420; x_wconf 89' lang='lat' dir='ltr'><strong>In</strong></span> <span class='ocrx_word' id='word_1_289' title='bbox 749 3383 858 3435; x_wconf 91' lang='lat' dir='ltr'><strong>quo</strong></span> <span class='ocrx_word' id='word_1_290' title='bbox 897 3370 1058 3422; x_wconf 88' lang='lat' dir='ltr'><strong>etiam</strong></span> <span class='ocrx_word' id='word_1_291' title='bbox 1099 3373 1344 3440; x_wconf 89' lang='lat' dir='ltr'><strong>stupendi</strong></span> <span class='ocrx_word' id='word_1_292' title='bbox 1388 3374 1630 3442; x_wconf 86' lang='lat' dir='ltr'><strong>mysterii</strong></span> <span class='ocrx_word' id='word_1_293' title='bbox 1663 3375 1894 3428; x_wconf 87' lang='lat' dir='ltr'><strong>admira-</strong></span> 
     </span>
    </p>
   </div>
   <div class='ocr_carea' id='block_1_42' title="bbox 301 3457 1896 3528">
    <p class='ocr_par' dir='ltr' id='par_1_42' title="bbox 301 3457 1896 3528">
     <span class='ocr_line' id='line_1_43' title="bbox 301 3457 1896 3528; baseline 0.007 -22"><span class='ocrx_word' id='word_1_294' title='bbox 301 3457 475 3510; x_wconf 69' lang='lat' dir='ltr'><strong>tione</strong></span> <span class='ocrx_word' id='word_1_295' title='bbox 507 3473 873 3525; x_wconf 89' lang='lat' dir='ltr'><strong>permoveor,</strong></span> <span class='ocrx_word' id='word_1_296' title='bbox 922 3460 1059 3528; x_wconf 92' lang='lat' dir='ltr'><strong>quod</strong></span> <span class='ocrx_word' id='word_1_297' title='bbox 1105 3461 1366 3514; x_wconf 89' lang='lat' dir='ltr'><strong>intantum</strong></span> <span class='ocrx_word' id='word_1_298' title='bbox 1402 3461 1509 3516; x_wconf 93' lang='lat' dir='ltr'><strong>Deo</strong></span> <span class='ocrx_word' id='word_1_299' title='bbox 1538 3477 1664 3516; x_wconf 90' lang='lat' dir='ltr'><strong>cura</strong></span> <span class='ocrx_word' id='word_1_300' title='bbox 1696 3463 1760 3517; x_wconf 87' lang='lat' dir='ltr'><strong>de</strong></span> <span class='ocrx_word' id='word_1_301' title='bbox 1802 3480 1896 3517; x_wconf 88' lang='lat' dir='ltr'><strong>no-</strong></span> 
     </span>
    </p>
   </div>
   <div class='ocr_carea' id='block_1_43' title="bbox 299 3546 1892 3620">
    <p class='ocr_par' dir='ltr' id='par_1_43' title="bbox 299 3546 1892 3620">
     <span class='ocr_line' id='line_1_44' title="bbox 299 3546 1892 3620; baseline 0.006 -24"><span class='ocrx_word' id='word_1_302' title='bbox 299 3546 410 3598; x_wconf 70' lang='lat' dir='ltr'><strong>his</strong></span> <span class='ocrx_word' id='word_1_303' title='bbox 433 3547 543 3610; x_wconf 92' lang='lat' dir='ltr'><strong>sit,</strong></span> <span class='ocrx_word' id='word_1_304' title='bbox 592 3557 653 3601; x_wconf 86' lang='lat' dir='ltr'><strong>ut</strong></span> <span class='ocrx_word' id='word_1_305' title='bbox 696 3550 864 3601; x_wconf 88' lang='lat' dir='ltr'><strong>etiam</strong></span> <span class='ocrx_word' id='word_1_306' title='bbox 901 3551 1115 3616; x_wconf 91' lang='lat' dir='ltr'><strong>angelos</strong></span> <span class='ocrx_word' id='word_1_307' title='bbox 1148 3565 1274 3605; x_wconf 90' lang='lat' dir='ltr'><strong>suos</strong></span> <span class='ocrx_word' id='word_1_308' title='bbox 1302 3552 1502 3620; x_wconf 85' lang='lat' dir='ltr'><strong>culpari</strong></span> <span class='ocrx_word' id='word_1_309' title='bbox 1535 3567 1630 3619; x_wconf 89' lang='lat' dir='ltr'><strong>pro</strong></span> <span class='ocrx_word' id='word_1_310' title='bbox 1664 3554 1814 3606; x_wconf 89' lang='lat' dir='ltr'><strong>nobis</strong></span> <span class='ocrx_word' id='word_1_311' title='bbox 1841 3564 1892 3607; x_wconf 93' lang='lat' dir='ltr'><strong>et</strong></span> 
     </span>
    </p>
   </div>
   <div class='ocr_carea' id='block_1_44' title="bbox 294 3635 1892 3710">
    <p class='ocr_par' dir='ltr' id='par_1_44' title="bbox 294 3635 1892 3710">
     <span class='ocr_line' id='line_1_45' title="bbox 294 3635 1892 3710; baseline 0.005 -24"><span class='ocrx_word' id='word_1_312' title='bbox 294 3635 598 3688; x_wconf 79' lang='lat' dir='ltr'><strong>confutari</strong></span> <span class='ocrx_word' id='word_1_313' title='bbox 651 3637 915 3703; x_wconf 88' lang='lat' dir='ltr'><strong>patiatur.</strong></span> <span class='ocrx_word' id='word_1_314' title='bbox 957 3638 1050 3692; x_wconf 91' lang='lat' dir='ltr'><strong>Sic</strong></span> <span class='ocrx_word' id='word_1_315' title='bbox 1081 3641 1221 3692; x_wconf 89' lang='lat' dir='ltr'><strong>enim</strong></span> <span class='ocrx_word' id='word_1_316' title='bbox 1261 3656 1378 3693; x_wconf 90' lang='lat' dir='ltr'><strong>cum</strong></span> <span class='ocrx_word' id='word_1_317' title='bbox 1409 3642 1690 3710; x_wconf 67' lang='lat' dir='ltr'><strong>paedagogo</strong></span> <span class='ocrx_word' id='word_1_318' title='bbox 1723 3643 1892 3694; x_wconf 88' lang='lat' dir='ltr'><strong>tradi-</strong></span> 
     </span>
    </p>
   </div>
   <div class='ocr_carea' id='block_1_45' title="bbox 298 3725 1894 3796">
    <p class='ocr_par' dir='ltr' id='par_1_45' title="bbox 298 3725 1894 3796">
     <span class='ocr_line' id='line_1_46' title="bbox 298 3725 1894 3796; baseline 0.004 -20"><span class='ocrx_word' id='word_1_319' title='bbox 298 3734 413 3776; x_wconf 84' lang='grc' dir='ltr'><strong><em>ιιιι·</em></strong></span> <span class='ocrx_word' id='word_1_320' title='bbox 441 3740 616 3792; x_wconf 92' lang='lat' dir='ltr'><strong>puer,</strong></span> <span class='ocrx_word' id='word_1_321' title='bbox 653 3725 701 3779; x_wconf 94' lang='lat' dir='ltr'><strong>si</strong></span> <span class='ocrx_word' id='word_1_322' title='bbox 741 3725 881 3780; x_wconf 86' lang='lat' dir='ltr'><strong>forte</strong></span> <span class='ocrx_word' id='word_1_323' title='bbox 913 3727 1089 3780; x_wconf 92' lang='lat' dir='ltr'><strong>minus</strong></span> <span class='ocrx_word' id='word_1_324' title='bbox 1121 3729 1295 3796; x_wconf 79' lang='lat' dir='ltr'><strong>dignis</strong></span> <span class='ocrx_word' id='word_1_325' title='bbox 1335 3744 1432 3782; x_wconf 89' lang='lat' dir='ltr'><strong>nec</strong></span> <span class='ocrx_word' id='word_1_326' title='bbox 1467 3730 1758 3782; x_wconf 90' lang='lat' dir='ltr'><strong>secundum</strong></span> <span class='ocrx_word' id='word_1_327' title='bbox 1801 3744 1894 3796; x_wconf 89' lang='lat' dir='ltr'><strong>pa-</strong></span> 
     </span>
    </p>
   </div>
   <div class='ocr_carea' id='block_1_46' title="bbox 298 3813 1888 3884">
    <p class='ocr_par' dir='ltr' id='par_1_46' title="bbox 298 3813 1888 3884">
     <span class='ocr_line' id='line_1_47' title="bbox 298 3813 1888 3884; baseline 0.003 -20"><span class='ocrx_word' id='word_1_328' title='bbox 298 3822 539 3866; x_wconf 67' lang='lat' dir='ltr'><strong>ternam</strong></span> <span class='ocrx_word' id='word_1_329' title='bbox 594 3813 940 3867; x_wconf 85' lang='lat' dir='ltr'><strong>nobilitatem</strong></span> <span class='ocrx_word' id='word_1_330' title='bbox 990 3816 1223 3870; x_wconf 81' lang='lat' dir='ltr'><strong>imbutus</strong></span> <span class='ocrx_word' id='word_1_331' title='bbox 1261 3827 1512 3884; x_wconf 85' lang='lat' dir='ltr'><strong>appareat</strong></span> <span class='ocrx_word' id='word_1_332' title='bbox 1554 3816 1888 3884; x_wconf 90' lang='lat' dir='ltr'><strong>disciplinis,</strong></span> 
     </span>
    </p>
   </div>
   <div class='ocr_carea' id='block_1_47' title="bbox 295 3902 1890 3972">
    <p class='ocr_par' dir='ltr' id='par_1_47' title="bbox 295 3902 1890 3972">
     <span class='ocr_line' id='line_1_48' title="bbox 295 3902 1890 3972; baseline 0.003 -17"><span class='ocrx_word' id='word_1_333' title='bbox 295 3903 587 3955; x_wconf 76' lang='lat' dir='ltr'><strong>continuo</strong></span> <span class='ocrx_word' id='word_1_334' title='bbox 643 3902 808 3969; x_wconf 88' lang='lat' dir='ltr'><strong>culpa</strong></span> <span class='ocrx_word' id='word_1_335' title='bbox 862 3903 927 3954; x_wconf 89' lang='lat' dir='ltr'><strong>ad</strong></span> <span class='ocrx_word' id='word_1_336' title='bbox 977 3905 1316 3972; x_wconf 63' lang='lat' dir='ltr'><strong>paedagogum</strong></span> <span class='ocrx_word' id='word_1_337' title='bbox 1365 3907 1628 3966; x_wconf 90' lang='lat' dir='ltr'><strong>refertur,</strong></span> <span class='ocrx_word' id='word_1_338' title='bbox 1676 3920 1773 3958; x_wconf 90' lang='lat' dir='ltr'><strong>nec</strong></span> <span class='ocrx_word' id='word_1_339' title='bbox 1818 3905 1890 3959; x_wconf 88' lang='lat' dir='ltr'><strong>ita</strong></span> 
     </span>
    </p>
   </div>
   <div class='ocr_carea' id='block_1_48' title="bbox 297 3993 1891 4061">
    <p class='ocr_par' dir='ltr' id='par_1_48' title="bbox 297 3993 1891 4061">
     <span class='ocr_line' id='line_1_49' title="bbox 297 3993 1891 4061; baseline 0.006 -24"><span class='ocrx_word' id='word_1_340' title='bbox 297 4004 456 4056; x_wconf 68' lang='lat' dir='ltr'><strong>puer</strong></span> <span class='ocrx_word' id='word_1_341' title='bbox 495 4006 526 4043; x_wconf 90' lang='lat' dir='ltr'><strong>a</strong></span> <span class='ocrx_word' id='word_1_342' title='bbox 574 3998 743 4058; x_wconf 88' lang='lat' dir='ltr'><strong>patre</strong></span> <span class='ocrx_word' id='word_1_343' title='bbox 795 3999 854 4042; x_wconf 93' lang='lat' dir='ltr'><strong>ut</strong></span> <span class='ocrx_word' id='word_1_344' title='bbox 902 3994 1216 4061; x_wconf 65' lang='lat' dir='ltr'><strong>paedagogus</strong></span> <span class='ocrx_word' id='word_1_345' title='bbox 1247 3994 1531 4061; x_wconf 87' lang='lat' dir='ltr'><strong>arguitur,</strong></span> <span class='ocrx_word' id='word_1_346' title='bbox 1573 3993 1670 4046; x_wconf 91' lang='lat' dir='ltr'><strong>nisi</strong></span> <span class='ocrx_word' id='word_1_347' title='bbox 1707 3994 1891 4047; x_wconf 90' lang='lat' dir='ltr'><strong>durior</strong></span> 
     </span>
    </p>
   </div>
   <div class='ocr_carea' id='block_1_49' title="bbox 296 4077 1890 4151">
    <p class='ocr_par' dir='ltr' id='par_1_49' title="bbox 296 4077 1890 4151">
     <span class='ocr_line' id='line_1_50' title="bbox 296 4077 1890 4151; baseline 0.002 -19"><span class='ocrx_word' id='word_1_348' title='bbox 296 4077 518 4142; x_wconf 67' lang='lat' dir='ltr'><strong>fuerit,</strong></span> <span class='ocrx_word' id='word_1_349' title='bbox 572 4089 630 4132; x_wconf 91' lang='lat' dir='ltr'><strong>et</strong></span> <span class='ocrx_word' id='word_1_350' title='bbox 669 4079 946 4148; x_wconf 68' lang='lat' dir='ltr'><strong>paedagogi</strong></span> <span class='ocrx_word' id='word_1_351' title='bbox 981 4083 1176 4136; x_wconf 87' lang='lat' dir='ltr'><strong>monita</strong></span> <span class='ocrx_word' id='word_1_352' title='bbox 1212 4083 1500 4150; x_wconf 87' lang='lat' dir='ltr'><strong>spreverit,</strong></span> <span class='ocrx_word' id='word_1_353' title='bbox 1539 4092 1695 4151; x_wconf 90' lang='lat' dir='ltr'><strong>atque</strong></span> <span class='ocrx_word' id='word_1_354' title='bbox 1722 4084 1772 4135; x_wconf 94' lang='lat' dir='ltr'><strong>in</strong></span> <span class='ocrx_word' id='word_1_355' title='bbox 1811 4083 1890 4135; x_wconf 92' lang='lat' dir='ltr'><strong>la-</strong></span> 
     </span>
    </p>
   </div>
   <div class='ocr_carea' id='block_1_50' title="bbox 293 4166 1888 4237">
    <p class='ocr_par' dir='ltr' id='par_1_50' title="bbox 293 4166 1888 4237">
     <span class='ocr_line' id='line_1_51' title="bbox 293 4166 1888 4237; baseline 0.004 -18"><span class='ocrx_word' id='word_1_356' title='bbox 293 4166 544 4220; x_wconf 76' lang='lat' dir='ltr'><strong>sciviam</strong></span> <span class='ocrx_word' id='word_1_357' title='bbox 596 4181 807 4236; x_wconf 89' lang='lat' dir='ltr'><strong>pronus</strong></span> <span class='ocrx_word' id='word_1_358' title='bbox 853 4182 915 4221; x_wconf 85' lang='lat' dir='ltr'><strong>ac</strong></span> <span class='ocrx_word' id='word_1_359' title='bbox 946 4170 1265 4234; x_wconf 89' lang='lat' dir='ltr'><strong>proterviam</strong></span> <span class='ocrx_word' id='word_1_360' title='bbox 1293 4170 1542 4223; x_wconf 88' lang='lat' dir='ltr'><strong>salutaria</strong></span> <span class='ocrx_word' id='word_1_361' title='bbox 1585 4169 1695 4237; x_wconf 90' lang='lat' dir='ltr'><strong>ejus</strong></span> <span class='ocrx_word' id='word_1_362' title='bbox 1731 4173 1888 4226; x_wconf 85' lang='lat' dir='ltr'><strong>verba</strong></span> 
     </span>
    </p>
   </div>
   <div class='ocr_carea' id='block_1_51' title="bbox 295 4256 1886 4329">
    <p class='ocr_par' dir='ltr' id='par_1_51' title="bbox 295 4256 1886 4329">
     <span class='ocr_line' id='line_1_52' title="bbox 295 4256 1886 4329; baseline 0.004 -22"><span class='ocrx_word' id='word_1_363' title='bbox 295 4256 742 4324; x_wconf 69' lang='lat' dir='ltr'><strong>contempserit,</strong></span> <span class='ocrx_word' id='word_1_364' title='bbox 773 4257 877 4310; x_wconf 91' lang='lat' dir='ltr'><strong>illis</strong></span> <span class='ocrx_word' id='word_1_365' title='bbox 908 4259 1076 4325; x_wconf 88' lang='lat' dir='ltr'><strong>magis</strong></span> <span class='ocrx_word' id='word_1_366' title='bbox 1106 4260 1488 4328; x_wconf 89' lang='lat' dir='ltr'><strong>obtemperans</strong></span> <span class='ocrx_word' id='word_1_367' title='bbox 1513 4262 1600 4329; x_wconf 90' lang='lat' dir='ltr'><strong>qui</strong></span> <span class='ocrx_word' id='word_1_368' title='bbox 1623 4262 1886 4314; x_wconf 83' lang='lat' dir='ltr'><strong>luxuriam</strong></span> 
     </span>
    </p>
   </div>
   <div class='ocr_carea' id='block_1_52' title="bbox 2016 546 3544 619">
    <p class='ocr_par' dir='ltr' id='par_1_52' title="bbox 2016 546 3544 619">
     <span class='ocr_line' id='line_1_53' title="bbox 2016 546 3544 619; baseline 0.003 -22"><span class='ocrx_word' id='word_1_369' title='bbox 2016 556 2070 597; x_wconf 88' lang='lat' dir='ltr'><strong>et</strong></span> <span class='ocrx_word' id='word_1_370' title='bbox 2115 546 2230 600; x_wconf 87' lang='lat' dir='ltr'><strong>ideo</strong></span> <span class='ocrx_word' id='word_1_371' title='bbox 2255 547 2460 614; x_wconf 86' lang='lat' dir='ltr'><strong>justum</strong></span> <span class='ocrx_word' id='word_1_372' title='bbox 2504 547 2590 600; x_wconf 93' lang='lat' dir='ltr'><strong>Dei</strong></span> <span class='ocrx_word' id='word_1_373' title='bbox 2631 547 2884 616; x_wconf 86' lang='lat' dir='ltr'><strong>judicium</strong></span> <span class='ocrx_word' id='word_1_374' title='bbox 2919 558 3033 613; x_wconf 88' lang='lat' dir='ltr'><strong>est,</strong></span> <span class='ocrx_word' id='word_1_375' title='bbox 3072 551 3196 617; x_wconf 88' lang='lat' dir='ltr'><strong>quia</strong></span> <span class='ocrx_word' id='word_1_376' title='bbox 3234 562 3419 619; x_wconf 87' lang='lat' dir='ltr'><strong>sponte</strong></span> <span class='ocrx_word' id='word_1_377' title='bbox 3451 563 3544 602; x_wconf 86' lang='lat' dir='ltr'><strong>sua</strong></span> 
     </span>
    </p>
   </div>
   <div class='ocr_carea' id='block_1_53' title="bbox 2017 634 3544 703">
    <p class='ocr_par' dir='ltr' id='par_1_53' title="bbox 2017 634 3544 703">
     <span class='ocr_line' id='line_1_54' title="bbox 2017 634 3544 703; baseline 0.004 -20"><span class='ocrx_word' id='word_1_378' title='bbox 2017 635 2127 687; x_wconf 86' lang='lat' dir='ltr'><strong>sive</strong></span> <span class='ocrx_word' id='word_1_379' title='bbox 2160 634 2312 688; x_wconf 90' lang='lat' dir='ltr'><strong>bonis</strong></span> <span class='ocrx_word' id='word_1_380' title='bbox 2340 635 2450 688; x_wconf 91' lang='lat' dir='ltr'><strong>sive</strong></span> <span class='ocrx_word' id='word_1_381' title='bbox 2483 635 2728 702; x_wconf 85' lang='lat' dir='ltr'><strong>pessimis</strong></span> <span class='ocrx_word' id='word_1_382' title='bbox 2757 635 3106 689; x_wconf 79' lang='lat' dir='ltr'><strong>monitoribus</strong></span> <span class='ocrx_word' id='word_1_383' title='bbox 3133 647 3298 703; x_wconf 86' lang='lat' dir='ltr'><strong>paret.</strong></span> <span class='ocrx_word' id='word_1_384' title='bbox 3332 636 3422 690; x_wconf 88' lang='lat' dir='ltr'><strong>Vis</strong></span> <span class='ocrx_word' id='word_1_385' title='bbox 3451 636 3544 689; x_wconf 82' lang='lat' dir='ltr'><strong>tibi</strong></span> 
     </span>
    </p>
   </div>
   <div class='ocr_carea' id='block_1_54' title="bbox 2018 721 3538 791">
    <p class='ocr_par' dir='ltr' id='par_1_54' title="bbox 2018 721 3538 791">
     <span class='ocr_line' id='line_1_55' title="bbox 2018 721 3538 791; baseline 0.003 -19"><span class='ocrx_word' id='word_1_386' title='bbox 2018 721 2191 774; x_wconf 89' lang='lat' dir='ltr'><strong>adhuc</strong></span> <span class='ocrx_word' id='word_1_387' title='bbox 2217 722 2442 789; x_wconf 88' lang='lat' dir='ltr'><strong>amplius</strong></span> <span class='ocrx_word' id='word_1_388' title='bbox 2469 723 2592 789; x_wconf 91' lang='lat' dir='ltr'><strong>quid</strong></span> <span class='ocrx_word' id='word_1_389' title='bbox 2621 736 2685 774; x_wconf 85' lang='lat' dir='ltr'><strong>ex</strong></span> <span class='ocrx_word' id='word_1_390' title='bbox 2718 722 3008 789; x_wconf 89' lang='lat' dir='ltr'><strong>Scripturis</strong></span> <span class='ocrx_word' id='word_1_391' title='bbox 3023 723 3215 778; x_wconf 89' lang='lat' dir='ltr'><strong>divinis</strong></span> <span class='ocrx_word' id='word_1_392' title='bbox 3242 727 3538 791; x_wconf 88' lang='lat' dir='ltr'><strong>ostendam,</strong></span> 
     </span>
    </p>
   </div>
   <div class='ocr_carea' id='block_1_55' title="bbox 2015 809 3540 882">
    <p class='ocr_par' dir='ltr' id='par_1_55' title="bbox 2015 809 3540 882">
     <span class='ocr_line' id='line_1_56' title="bbox 2015 809 3540 882; baseline 0.005 -23"><span class='ocrx_word' id='word_1_393' title='bbox 2015 810 2277 875; x_wconf 91' lang='lat' dir='ltr'><strong>quomodo</strong></span> <span class='ocrx_word' id='word_1_394' title='bbox 2307 811 2474 880; x_wconf 87' lang='lat' dir='ltr'><strong>major</strong></span> <span class='ocrx_word' id='word_1_395' title='bbox 2508 825 2637 882; x_wconf 85' lang='lat' dir='ltr'><strong>cura</strong></span> <span class='ocrx_word' id='word_1_396' title='bbox 2665 809 2856 862; x_wconf 87' lang='lat' dir='ltr'><strong>salutis</strong></span> <span class='ocrx_word' id='word_1_397' title='bbox 2885 825 3008 877; x_wconf 87' lang='lat' dir='ltr'><strong>erga</strong></span> <span class='ocrx_word' id='word_1_398' title='bbox 3040 811 3278 866; x_wconf 90' lang='lat' dir='ltr'><strong>homines</strong></span> <span class='ocrx_word' id='word_1_399' title='bbox 3309 816 3412 866; x_wconf 85' lang='lat' dir='ltr'><strong>Deo</strong></span> <span class='ocrx_word' id='word_1_400' title='bbox 3436 825 3540 876; x_wconf 77' lang='lat' dir='ltr'><strong>est,</strong></span> 
     </span>
    </p>
   </div>
   <div class='ocr_carea' id='block_1_56' title="bbox 2013 898 3540 970">
    <p class='ocr_par' dir='ltr' id='par_1_56' title="bbox 2013 898 3540 970">
     <span class='ocr_line' id='line_1_57' title="bbox 2013 898 3540 970; baseline 0.007 -24"><span class='ocrx_word' id='word_1_401' title='bbox 2013 911 2168 963; x_wconf 89' lang='lat' dir='ltr'><strong>quam</strong></span> <span class='ocrx_word' id='word_1_402' title='bbox 2199 898 2407 951; x_wconf 88' lang='lat' dir='ltr'><strong>diabolo</strong></span> <span class='ocrx_word' id='word_1_403' title='bbox 2436 898 2792 967; x_wconf 86' lang='lat' dir='ltr'><strong>perditionis?</strong></span> <span class='ocrx_word' id='word_1_404' title='bbox 2821 898 3066 970; x_wconf 82' lang='lat' dir='ltr'><strong>Nunquid</strong></span> <span class='ocrx_word' id='word_1_405' title='bbox 3107 915 3211 953; x_wconf 90' lang='lat' dir='ltr'><strong>non</strong></span> <span class='ocrx_word' id='word_1_406' title='bbox 3250 900 3540 958; x_wconf 81' lang='lat' dir='ltr'><strong>suﬂlciehat</strong></span> 
     </span>
    </p>
   </div>
   <div class='ocr_carea' id='block_1_57' title="bbox 2013 986 3534 1056">
    <p class='ocr_par' dir='ltr' id='par_1_57' title="bbox 2013 986 3534 1056">
     <span class='ocr_line' id='line_1_58' title="bbox 2013 986 3534 1056; baseline 0.006 -21"><span class='ocrx_word' id='word_1_407' title='bbox 2013 986 2315 1053; x_wconf 83' lang='lat' dir='ltr'><strong>angelorum</strong></span> <span class='ocrx_word' id='word_1_408' title='bbox 2364 989 2634 1056; x_wconf 84' lang='lat' dir='ltr'><strong>diligentia</strong></span> <span class='ocrx_word' id='word_1_409' title='bbox 2683 989 2938 1043; x_wconf 83' lang='lat' dir='ltr'><strong>adversus</strong></span> <span class='ocrx_word' id='word_1_410' title='bbox 2979 991 3198 1044; x_wconf 83' lang='lat' dir='ltr'><strong>insidias</strong></span> <span class='ocrx_word' id='word_1_411' title='bbox 3241 991 3534 1045; x_wconf 63' lang='lat' dir='ltr'><strong>dmmonum</strong></span> 
     </span>
    </p>
   </div>
   <div class='ocr_carea' id='block_1_58' title="bbox 2010 1074 3540 1146">
    <p class='ocr_par' dir='ltr' id='par_1_58' title="bbox 2010 1074 3540 1146">
     <span class='ocr_line' id='line_1_59' title="bbox 2010 1074 3540 1146; baseline 0.005 -19"><span class='ocrx_word' id='word_1_412' title='bbox 2010 1083 2064 1127; x_wconf 90' lang='lat' dir='ltr'><strong>et</strong></span> <span class='ocrx_word' id='word_1_413' title='bbox 2100 1074 2378 1132; x_wconf 83' lang='lat' dir='ltr'><strong>adversum</strong></span> <span class='ocrx_word' id='word_1_414' title='bbox 2419 1092 2512 1131; x_wconf 88' lang='lat' dir='ltr'><strong>eos</strong></span> <span class='ocrx_word' id='word_1_415' title='bbox 2545 1077 2632 1145; x_wconf 90' lang='lat' dir='ltr'><strong>qui</strong></span> <span class='ocrx_word' id='word_1_416' title='bbox 2680 1079 2745 1130; x_wconf 91' lang='lat' dir='ltr'><strong>ad</strong></span> <span class='ocrx_word' id='word_1_417' title='bbox 2793 1079 3118 1146; x_wconf 89' lang='lat' dir='ltr'><strong>peccandum</strong></span> <span class='ocrx_word' id='word_1_418' title='bbox 3153 1079 3393 1133; x_wconf 88' lang='lat' dir='ltr'><strong>homines</strong></span> <span class='ocrx_word' id='word_1_419' title='bbox 3433 1090 3540 1135; x_wconf 88' lang='lat' dir='ltr'><strong>tra-</strong></span> 
     </span>
    </p>
   </div>
   <div class='ocr_carea' id='block_1_59' title="bbox 2010 1162 3536 1236">
    <p class='ocr_par' dir='ltr' id='par_1_59' title="bbox 2010 1162 3536 1236">
     <span class='ocr_line' id='line_1_60' title="bbox 2010 1162 3536 1236; baseline 0.006 -20"><span class='ocrx_word' id='word_1_420' title='bbox 2010 1163 2180 1216; x_wconf 82' lang='lat' dir='ltr'><strong>hunt?</strong></span> <span class='ocrx_word' id='word_1_421' title='bbox 2231 1162 2349 1231; x_wconf 82' lang='lat' dir='ltr'><strong>Ipse</strong></span> <span class='ocrx_word' id='word_1_422' title='bbox 2384 1165 2734 1234; x_wconf 86' lang='lat' dir='ltr'><strong>Unigenitus,</strong></span> <span class='ocrx_word' id='word_1_423' title='bbox 2781 1169 2913 1236; x_wconf 89' lang='lat' dir='ltr'><strong>ipse,</strong></span> <span class='ocrx_word' id='word_1_424' title='bbox 2943 1169 3171 1236; x_wconf 85' lang='lat' dir='ltr'><strong>inquam</strong></span> <span class='ocrx_word' id='word_1_425' title='bbox 3194 1207 3211 1234; x_wconf 94' lang='lat'><strong>,</strong></span> <span class='ocrx_word' id='word_1_426' title='bbox 3247 1170 3410 1224; x_wconf 87' lang='lat' dir='ltr'><strong>Filius</strong></span> <span class='ocrx_word' id='word_1_427' title='bbox 3446 1171 3536 1225; x_wconf 87' lang='lat' dir='ltr'><strong>Dei</strong></span> 
     </span>
    </p>
   </div>
   <div class='ocr_carea' id='block_1_60' title="bbox 2010 1251 3537 1322">
    <p class='ocr_par' dir='ltr' id='par_1_60' title="bbox 2010 1251 3537 1322">
     <span class='ocr_line' id='line_1_61' title="bbox 2010 1251 3537 1322; baseline 0.005 -19"><span class='ocrx_word' id='word_1_428' title='bbox 2010 1251 2179 1316; x_wconf 90' lang='lat' dir='ltr'><strong>adest,</strong></span> <span class='ocrx_word' id='word_1_429' title='bbox 2225 1251 2336 1319; x_wconf 90' lang='lat' dir='ltr'><strong>ipse</strong></span> <span class='ocrx_word' id='word_1_430' title='bbox 2373 1253 2640 1318; x_wconf 83' lang='lat' dir='ltr'><strong>defendit,</strong></span> <span class='ocrx_word' id='word_1_431' title='bbox 2678 1255 2791 1321; x_wconf 84' lang='lat' dir='ltr'><strong>ipse</strong></span> <span class='ocrx_word' id='word_1_432' title='bbox 2821 1256 3081 1317; x_wconf 87' lang='lat' dir='ltr'><strong>custodit,</strong></span> <span class='ocrx_word' id='word_1_433' title='bbox 3122 1256 3230 1322; x_wconf 93' lang='lat' dir='ltr'><strong>ipse</strong></span> <span class='ocrx_word' id='word_1_434' title='bbox 3264 1271 3358 1308; x_wconf 92' lang='lat' dir='ltr'><strong>nos</strong></span> <span class='ocrx_word' id='word_1_435' title='bbox 3387 1255 3454 1310; x_wconf 89' lang='lat' dir='ltr'><strong>ad</strong></span> <span class='ocrx_word' id='word_1_436' title='bbox 3481 1272 3537 1310; x_wconf 90' lang='lat' dir='ltr'><strong>se</strong></span> 
     </span>
    </p>
   </div>
   <div class='ocr_carea' id='block_1_61' title="bbox 2009 1338 3536 1412">
    <p class='ocr_par' dir='ltr' id='par_1_61' title="bbox 2009 1338 3536 1412">
     <span class='ocr_line' id='line_1_62' title="bbox 2009 1338 3536 1412; baseline 0.005 -24"><span class='ocrx_word' id='word_1_437' title='bbox 2009 1338 2190 1390; x_wconf 87' lang='lat' dir='ltr'><strong>trahit.</strong></span> <span class='ocrx_word' id='word_1_438' title='bbox 2231 1338 2365 1390; x_wconf 86' lang='lat' dir='ltr'><strong>Audi</strong></span> <span class='ocrx_word' id='word_1_439' title='bbox 2400 1339 2661 1406; x_wconf 87' lang='lat' dir='ltr'><strong>quomodo</strong></span> <span class='ocrx_word' id='word_1_440' title='bbox 2697 1341 2809 1407; x_wconf 90' lang='lat' dir='ltr'><strong>ipse</strong></span> <span class='ocrx_word' id='word_1_441' title='bbox 2835 1341 2964 1394; x_wconf 90' lang='lat' dir='ltr'><strong>dicit</strong></span> <span class='ocrx_word' id='word_1_442' title='bbox 2995 1344 3038 1373; x_wconf 81' lang='grc'><strong>¹⁹</strong></span> <span class='ocrx_word' id='word_1_443' title='bbox 3076 1361 3087 1394; x_wconf 91' lang='lat'>:</span> <span class='ocrx_word' id='word_1_444' title='bbox 3129 1359 3148 1392; x_wconf 67' lang='grc' dir='ltr'>ς</span> <span class='ocrx_word' id='word_1_445' title='bbox 3188 1343 3252 1396; x_wconf 83' lang='lat' dir='ltr'><strong>Et</strong></span> <span class='ocrx_word' id='word_1_446' title='bbox 3283 1357 3406 1398; x_wconf 89' lang='lat' dir='ltr'><strong>ecce</strong></span> <span class='ocrx_word' id='word_1_447' title='bbox 3437 1357 3536 1412; x_wconf 88' lang='lat' dir='ltr'><strong>ego</strong></span> 
     </span>
    </p>
   </div>
   <div class='ocr_carea' id='block_1_62' title="bbox 2007 1426 3533 1497">
    <p class='ocr_par' dir='ltr' id='par_1_62' title="bbox 2007 1426 3533 1497">
     <span class='ocr_line' id='line_1_63' title="bbox 2007 1426 3533 1497; baseline 0.005 -21"><span class='ocrx_word' id='word_1_448' title='bbox 2007 1426 2278 1479; x_wconf 87' lang='lat' dir='ltr'><strong>vobiscum</strong></span> <span class='ocrx_word' id='word_1_449' title='bbox 2321 1441 2438 1479; x_wconf 89' lang='lat' dir='ltr'><strong>sum</strong></span> <span class='ocrx_word' id='word_1_450' title='bbox 2468 1429 2715 1482; x_wconf 86' lang='lat' dir='ltr'><strong>omnibus</strong></span> <span class='ocrx_word' id='word_1_451' title='bbox 2755 1429 2942 1482; x_wconf 89' lang='lat' dir='ltr'><strong>diebus</strong></span> <span class='ocrx_word' id='word_1_452' title='bbox 2972 1444 3136 1497; x_wconf 88' lang='lat' dir='ltr'><strong>usque</strong></span> <span class='ocrx_word' id='word_1_453' title='bbox 3175 1431 3240 1482; x_wconf 89' lang='lat' dir='ltr'><strong>ad</strong></span> <span class='ocrx_word' id='word_1_454' title='bbox 3291 1446 3533 1484; x_wconf 85' lang='lat' dir='ltr'><strong>consum-</strong></span> 
     </span>
    </p>
   </div>
   <div class='ocr_carea' id='block_1_63' title="bbox 2007 1514 3534 1572">
    <p class='ocr_par' dir='ltr' id='par_1_63' title="bbox 2007 1514 3534 1572">
     <span class='ocr_line' id='line_1_64' title="bbox 2007 1514 3534 1572; baseline 0.004 -6"><span class='ocrx_word' id='word_1_455' title='bbox 2007 1514 2286 1568; x_wconf 90' lang='lat' dir='ltr'><strong>mationem</strong></span> <span class='ocrx_word' id='word_1_456' title='bbox 2321 1514 2513 1567; x_wconf 64' lang='lat' dir='ltr'><strong>saeculi.</strong></span> <span class='ocrx_word' id='word_1_457' title='bbox 2546 1533 2565 1567; x_wconf 85' lang='grc'><strong><em>›</em></strong></span> <span class='ocrx_word' id='word_1_458' title='bbox 2590 1514 2689 1568; x_wconf 89' lang='lat' dir='ltr'><strong>Sed</strong></span> <span class='ocrx_word' id='word_1_459' title='bbox 2720 1531 2815 1568; x_wconf 77' lang='lat' dir='ltr'><strong>nec</strong></span> <span class='ocrx_word' id='word_1_460' title='bbox 2845 1517 3170 1572; x_wconf 82' lang='lat' dir='ltr'><strong>sufficiteum</strong></span> <span class='ocrx_word' id='word_1_461' title='bbox 3207 1532 3324 1572; x_wconf 92' lang='lat' dir='ltr'><strong>esse</strong></span> <span class='ocrx_word' id='word_1_462' title='bbox 3358 1519 3534 1572; x_wconf 88' lang='lat' dir='ltr'><strong>nobis-</strong></span> 
     </span>
    </p>
   </div>
   <div class='ocr_carea' id='block_1_64' title="bbox 2005 1603 3531 1675">
    <p class='ocr_par' dir='ltr' id='par_1_64' title="bbox 2005 1603 3531 1675">
     <span class='ocr_line' id='line_1_65' title="bbox 2005 1603 3531 1675; baseline 0.004 -21"><span class='ocrx_word' id='word_1_463' title='bbox 2005 1615 2146 1663; x_wconf 86' lang='lat' dir='ltr'><strong>cum,</strong></span> <span class='ocrx_word' id='word_1_464' title='bbox 2175 1603 2267 1655; x_wconf 89' lang='lat' dir='ltr'><strong>sed</strong></span> <span class='ocrx_word' id='word_1_465' title='bbox 2295 1603 2684 1670; x_wconf 88' lang='lat' dir='ltr'><strong>quodammodo</strong></span> <span class='ocrx_word' id='word_1_466' title='bbox 2715 1605 2816 1656; x_wconf 88' lang='lat' dir='ltr'><strong>vim</strong></span> <span class='ocrx_word' id='word_1_467' title='bbox 2841 1605 2995 1659; x_wconf 92' lang='lat' dir='ltr'><strong>nobis</strong></span> <span class='ocrx_word' id='word_1_468' title='bbox 3025 1606 3172 1670; x_wconf 87' lang='lat' dir='ltr'><strong>facit,</strong></span> <span class='ocrx_word' id='word_1_469' title='bbox 3207 1615 3263 1658; x_wconf 94' lang='lat' dir='ltr'><strong>ut</strong></span> <span class='ocrx_word' id='word_1_470' title='bbox 3290 1622 3385 1660; x_wconf 92' lang='lat' dir='ltr'><strong>nos</strong></span> <span class='ocrx_word' id='word_1_471' title='bbox 3415 1623 3531 1675; x_wconf 90' lang='lat' dir='ltr'><strong>per-</strong></span> 
     </span>
    </p>
   </div>
   <div class='ocr_carea' id='block_1_65' title="bbox 2007 1691 3526 1748">
    <p class='ocr_par' dir='ltr' id='par_1_65' title="bbox 2007 1691 3526 1748">
     <span class='ocr_line' id='line_1_66' title="bbox 2007 1691 3526 1748; baseline 0.004 -7"><span class='ocrx_word' id='word_1_472' title='bbox 2007 1691 2180 1745; x_wconf 88' lang='lat' dir='ltr'><strong>trahat</strong></span> <span class='ocrx_word' id='word_1_473' title='bbox 2210 1692 2275 1745; x_wconf 87' lang='lat' dir='ltr'><strong>ad</strong></span> <span class='ocrx_word' id='word_1_474' title='bbox 2309 1693 2550 1746; x_wconf 91' lang='lat' dir='ltr'><strong>salutem.</strong></span> <span class='ocrx_word' id='word_1_475' title='bbox 2580 1693 2664 1745; x_wconf 83' lang='lat' dir='ltr'><strong>Ait</strong></span> <span class='ocrx_word' id='word_1_476' title='bbox 2693 1694 2833 1745; x_wconf 90' lang='lat' dir='ltr'><strong>enim</strong></span> <span class='ocrx_word' id='word_1_477' title='bbox 2862 1693 2911 1745; x_wconf 91' lang='lat' dir='ltr'><strong>in</strong></span> <span class='ocrx_word' id='word_1_478' title='bbox 2943 1695 3045 1747; x_wconf 86' lang='lat' dir='ltr'><strong>alio</strong></span> <span class='ocrx_word' id='word_1_479' title='bbox 3068 1695 3183 1747; x_wconf 94' lang='lat' dir='ltr'><strong>loco</strong></span> <span class='ocrx_word' id='word_1_480' title='bbox 3212 1695 3256 1725; x_wconf 77' lang='grc' dir='ltr'><strong>³ο</strong></span> <span class='ocrx_word' id='word_1_481' title='bbox 3285 1713 3297 1746; x_wconf 91' lang='lat'>:</span> <span class='ocrx_word' id='word_1_482' title='bbox 3340 1712 3358 1744; x_wconf 72' lang='grc' dir='ltr'><strong>ι</strong></span> <span class='ocrx_word' id='word_1_483' title='bbox 3397 1695 3526 1748; x_wconf 87' lang='lat' dir='ltr'><strong>Cum</strong></span> 
     </span>
    </p>
   </div>
   <div class='ocr_carea' id='block_1_66' title="bbox 849 1776 3523 1853">
    <p class='ocr_par' dir='ltr' id='par_1_66' title="bbox 849 1776 3523 1853">
     <span class='ocr_line' id='line_1_67' title="bbox 849 1776 3523 1853; baseline 0.002 -28"><span class='ocrx_word' id='word_1_484' title='bbox 849 1795 1007 1834; x_wconf 80' lang='lat' dir='ltr'><strong>nemo</strong></span> <span class='ocrx_word' id='word_1_485' title='bbox 1033 1791 1210 1834; x_wconf 72' lang='lat' dir='ltr'><strong>autem</strong></span> <span class='ocrx_word' id='word_1_486' title='bbox 1247 1783 1381 1838; x_wconf 70' lang='lat' dir='ltr'><strong>alius</strong></span> <span class='ocrx_word' id='word_1_487' title='bbox 1417 1793 1500 1839; x_wconf 65' lang='lat' dir='ltr'><strong>es;</strong></span> <span class='ocrx_word' id='word_1_488' title='bbox 1531 1787 1618 1852; x_wconf 82' lang='lat' dir='ltr'><strong>qui</strong></span> <span class='ocrx_word' id='word_1_489' title='bbox 1657 1787 1720 1839; x_wconf 70' lang='lat' dir='ltr'><strong>ad</strong></span> <span class='ocrx_word' id='word_1_490' title='bbox 1753 1788 1907 1853; x_wconf 69' lang='grc' dir='ltr'><strong>μιειῑ..</strong></span> <span class='ocrx_word' id='word_1_491' title='bbox 1937 1776 1980 1829; x_wconf 89' lang='grc' dir='ltr'><strong>Β</strong></span> <span class='ocrx_word' id='word_1_492' title='bbox 2005 1788 2178 1831; x_wconf 92' lang='lat' dir='ltr'><strong>autem</strong></span> <span class='ocrx_word' id='word_1_493' title='bbox 2232 1779 2494 1834; x_wconf 84' lang='lat' dir='ltr'><strong>exaltatus</strong></span> <span class='ocrx_word' id='word_1_494' title='bbox 2532 1779 2683 1832; x_wconf 86' lang='lat' dir='ltr'><strong>fuero</strong></span> <span class='ocrx_word' id='word_1_495' title='bbox 2707 1817 2722 1843; x_wconf 93' lang='lat'><strong>,</strong></span> <span class='ocrx_word' id='word_1_496' title='bbox 2762 1781 2940 1832; x_wconf 91' lang='lat' dir='ltr'><strong>omnia</strong></span> <span class='ocrx_word' id='word_1_497' title='bbox 2988 1781 3054 1834; x_wconf 90' lang='lat' dir='ltr'><strong>ad</strong></span> <span class='ocrx_word' id='word_1_498' title='bbox 3096 1796 3181 1835; x_wconf 90' lang='lat' dir='ltr'><strong>me</strong></span> <span class='ocrx_word' id='word_1_499' title='bbox 3225 1781 3450 1834; x_wconf 89' lang='lat' dir='ltr'><strong>traham.</strong></span> <span class='ocrx_word' id='word_1_500' title='bbox 3505 1800 3523 1831; x_wconf 71' lang='grc' dir='ltr'><strong>ι</strong></span> 
     </span>
    </p>
   </div>
   <div class='ocr_carea' id='block_1_67' title="bbox 2006 1865 3531 1934">
    <p class='ocr_par' dir='ltr' id='par_1_67' title="bbox 2006 1865 3531 1934">
     <span class='ocr_line' id='line_1_68' title="bbox 2006 1865 3531 1934; baseline 0.002 -16"><span class='ocrx_word' id='word_1_501' title='bbox 2006 1865 2163 1920; x_wconf 84' lang='lat' dir='ltr'><strong>Vides</strong></span> <span class='ocrx_word' id='word_1_502' title='bbox 2201 1869 2465 1934; x_wconf 90' lang='lat' dir='ltr'><strong>quomodo</strong></span> <span class='ocrx_word' id='word_1_503' title='bbox 2498 1883 2600 1921; x_wconf 92' lang='lat' dir='ltr'><strong>non</strong></span> <span class='ocrx_word' id='word_1_504' title='bbox 2637 1869 2808 1921; x_wconf 88' lang='lat' dir='ltr'><strong>solum</strong></span> <span class='ocrx_word' id='word_1_505' title='bbox 2843 1869 3030 1921; x_wconf 87' lang='lat' dir='ltr'><strong>invitat</strong></span> <span class='ocrx_word' id='word_1_506' title='bbox 3057 1870 3326 1932; x_wconf 89' lang='lat' dir='ltr'><strong>volentes,</strong></span> <span class='ocrx_word' id='word_1_507' title='bbox 3357 1869 3446 1923; x_wconf 90' lang='lat' dir='ltr'><strong>sed</strong></span> <span class='ocrx_word' id='word_1_508' title='bbox 3477 1879 3531 1921; x_wconf 87' lang='lat' dir='ltr'><strong>et</strong></span> 
     </span>
    </p>
   </div>
   <div class='ocr_carea' id='block_1_68' title="bbox 2003 1953 3528 2023">
    <p class='ocr_par' dir='ltr' id='par_1_68' title="bbox 2003 1953 3528 2023">
     <span class='ocr_line' id='line_1_69' title="bbox 2003 1953 3528 2023; baseline 0 -17"><span class='ocrx_word' id='word_1_509' title='bbox 2003 1962 2314 2006; x_wconf 89' lang='lat' dir='ltr'><strong>cunctantes</strong></span> <span class='ocrx_word' id='word_1_510' title='bbox 2350 1955 2530 2008; x_wconf 87' lang='lat' dir='ltr'><strong>trahit.</strong></span> <span class='ocrx_word' id='word_1_511' title='bbox 2569 1953 2660 2007; x_wconf 88' lang='lat' dir='ltr'><strong>Vis</strong></span> <span class='ocrx_word' id='word_1_512' title='bbox 2689 1965 2864 2008; x_wconf 88' lang='lat' dir='ltr'><strong>autem</strong></span> <span class='ocrx_word' id='word_1_513' title='bbox 2897 1956 3079 2010; x_wconf 90' lang='lat' dir='ltr'><strong>audire</strong></span> <span class='ocrx_word' id='word_1_514' title='bbox 3108 1956 3374 2023; x_wconf 89' lang='lat' dir='ltr'><strong>quomodo</strong></span> <span class='ocrx_word' id='word_1_515' title='bbox 3415 1965 3528 2010; x_wconf 88' lang='lat' dir='ltr'><strong>tra-</strong></span> 
     </span>
    </p>
   </div>
   <div class='ocr_carea' id='block_1_69' title="bbox 2004 2041 3531 2113">
    <p class='ocr_par' dir='ltr' id='par_1_69' title="bbox 2004 2041 3531 2113">
     <span class='ocr_line' id='line_1_70' title="bbox 2004 2041 3531 2113; baseline 0.003 -21"><span class='ocrx_word' id='word_1_516' title='bbox 2004 2041 2094 2092; x_wconf 88' lang='lat' dir='ltr'><strong>hat</strong></span> <span class='ocrx_word' id='word_1_517' title='bbox 2124 2042 2284 2094; x_wconf 90' lang='lat' dir='ltr'><strong>etiam</strong></span> <span class='ocrx_word' id='word_1_518' title='bbox 2315 2044 2652 2096; x_wconf 78' lang='lat' dir='ltr'><strong>cunctantes?</strong></span> <span class='ocrx_word' id='word_1_519' title='bbox 2680 2045 2792 2098; x_wconf 87' lang='lat' dir='ltr'><strong>Non</strong></span> <span class='ocrx_word' id='word_1_520' title='bbox 2819 2045 3083 2098; x_wconf 88' lang='lat' dir='ltr'><strong>concessit</strong></span> <span class='ocrx_word' id='word_1_521' title='bbox 3108 2045 3181 2096; x_wconf 92' lang='lat' dir='ltr'><strong>illi</strong></span> <span class='ocrx_word' id='word_1_522' title='bbox 3207 2045 3296 2113; x_wconf 91' lang='lat' dir='ltr'><strong>qui</strong></span> <span class='ocrx_word' id='word_1_523' title='bbox 3321 2043 3531 2098; x_wconf 89' lang='lat' dir='ltr'><strong>volebat</strong></span> 
     </span>
    </p>
   </div>
   <div class='ocr_carea' id='block_1_70' title="bbox 2004 2130 3526 2202">
    <p class='ocr_par' dir='ltr' id='par_1_70' title="bbox 2004 2130 3526 2202">
     <span class='ocr_line' id='line_1_71' title="bbox 2004 2130 3526 2202; baseline 0.003 -22"><span class='ocrx_word' id='word_1_524' title='bbox 2004 2130 2100 2192; x_wconf 91' lang='lat' dir='ltr'><strong>ire,</strong></span> <span class='ocrx_word' id='word_1_525' title='bbox 2123 2139 2176 2184; x_wconf 93' lang='lat' dir='ltr'><strong>et</strong></span> <span class='ocrx_word' id='word_1_526' title='bbox 2198 2131 2420 2198; x_wconf 87' lang='lat' dir='ltr'><strong>sepelire</strong></span> <span class='ocrx_word' id='word_1_527' title='bbox 2445 2143 2646 2199; x_wconf 90' lang='lat' dir='ltr'><strong>patrem</strong></span> <span class='ocrx_word' id='word_1_528' title='bbox 2681 2148 2857 2198; x_wconf 87' lang='lat' dir='ltr'><strong>suum,</strong></span> <span class='ocrx_word' id='word_1_529' title='bbox 2891 2149 2988 2187; x_wconf 90' lang='lat' dir='ltr'><strong>nec</strong></span> <span class='ocrx_word' id='word_1_530' title='bbox 3016 2135 3241 2202; x_wconf 89' lang='lat' dir='ltr'><strong>spatium</strong></span> <span class='ocrx_word' id='word_1_531' title='bbox 3275 2133 3526 2200; x_wconf 90' lang='lat' dir='ltr'><strong>temporis</strong></span> 
     </span>
    </p>
   </div>
   <div class='ocr_carea' id='block_1_71' title="bbox 2001 2219 3525 2288">
    <p class='ocr_par' dir='ltr' id='par_1_71' title="bbox 2001 2219 3525 2288">
     <span class='ocr_line' id='line_1_72' title="bbox 2001 2219 3525 2288; baseline 0 -17"><span class='ocrx_word' id='word_1_532' title='bbox 2001 2219 2160 2283; x_wconf 90' lang='lat' dir='ltr'><strong>dedit,</strong></span> <span class='ocrx_word' id='word_1_533' title='bbox 2191 2223 2281 2273; x_wconf 91' lang='lat' dir='ltr'><strong>sed</strong></span> <span class='ocrx_word' id='word_1_534' title='bbox 2308 2221 2382 2272; x_wconf 88' lang='lat' dir='ltr'><strong>ait</strong></span> <span class='ocrx_word' id='word_1_535' title='bbox 2414 2221 2488 2274; x_wconf 92' lang='lat' dir='ltr'><strong>illi</strong></span> <span class='ocrx_word' id='word_1_536' title='bbox 2523 2222 2564 2252; x_wconf 82' lang='grc'><strong>³¹</strong></span> <span class='ocrx_word' id='word_1_537' title='bbox 2604 2237 2616 2272; x_wconf 91' lang='lat'>:</span> <span class='ocrx_word' id='word_1_538' title='bbox 2652 2240 2670 2272; x_wconf 76' lang='grc' dir='ltr'><strong>ι</strong></span> <span class='ocrx_word' id='word_1_539' title='bbox 2703 2221 2828 2274; x_wconf 91' lang='lat' dir='ltr'><strong>Sine</strong></span> <span class='ocrx_word' id='word_1_540' title='bbox 2855 2233 3090 2275; x_wconf 90' lang='lat' dir='ltr'><strong>mortuos</strong></span> <span class='ocrx_word' id='word_1_541' title='bbox 3123 2221 3358 2288; x_wconf 82' lang='lat' dir='ltr'><strong>sepelire</strong></span> <span class='ocrx_word' id='word_1_542' title='bbox 3379 2235 3525 2274; x_wconf 88' lang='lat' dir='ltr'><strong>mor-</strong></span> 
     </span>
    </p>
   </div>
   <div class='ocr_carea' id='block_1_72' title="bbox 2005 2310 3524 2378">
    <p class='ocr_par' dir='ltr' id='par_1_72' title="bbox 2005 2310 3524 2378">
     <span class='ocr_line' id='line_1_73' title="bbox 2005 2310 3524 2378; baseline 0.004 -21"><span class='ocrx_word' id='word_1_543' title='bbox 2005 2317 2118 2361; x_wconf 89' lang='lat' dir='ltr'><strong>tuos</strong></span> <span class='ocrx_word' id='word_1_544' title='bbox 2147 2322 2302 2371; x_wconf 88' lang='lat' dir='ltr'><strong>suos,</strong></span> <span class='ocrx_word' id='word_1_545' title='bbox 2335 2318 2388 2361; x_wconf 91' lang='lat' dir='ltr'><strong>tu</strong></span> <span class='ocrx_word' id='word_1_546' title='bbox 2417 2319 2591 2363; x_wconf 88' lang='lat' dir='ltr'><strong>autem</strong></span> <span class='ocrx_word' id='word_1_547' title='bbox 2621 2324 2841 2378; x_wconf 86' lang='lat' dir='ltr'><strong>sequere</strong></span> <span class='ocrx_word' id='word_1_548' title='bbox 2869 2325 2971 2364; x_wconf 92' lang='lat' dir='ltr'><strong>me.</strong></span> <span class='ocrx_word' id='word_1_549' title='bbox 3008 2329 3027 2361; x_wconf 69' lang='grc' dir='ltr'><strong>ι</strong></span> <span class='ocrx_word' id='word_1_550' title='bbox 3058 2310 3121 2362; x_wconf 87' lang='lat' dir='ltr'><strong>Et</strong></span> <span class='ocrx_word' id='word_1_551' title='bbox 3139 2311 3260 2362; x_wconf 88' lang='lat' dir='ltr'><strong>alibi</strong></span> <span class='ocrx_word' id='word_1_552' title='bbox 3282 2310 3409 2363; x_wconf 89' lang='lat' dir='ltr'><strong>dicit</strong></span> <span class='ocrx_word' id='word_1_553' title='bbox 3434 2310 3479 2340; x_wconf 80' lang='grc'>³³</span> <span class='ocrx_word' id='word_1_554' title='bbox 3505 2325 3524 2363; x_wconf 87' lang='lat'><strong>:</strong></span> 
     </span>
    </p>
   </div>
   <div class='ocr_carea' id='block_1_73' title="bbox 2006 2395 3528 2466">
    <p class='ocr_par' dir='ltr' id='par_1_73' title="bbox 2006 2395 3528 2466">
     <span class='ocr_line' id='line_1_74' title="bbox 2006 2395 3528 2466; baseline 0.004 -20"><span class='ocrx_word' id='word_1_555' title='bbox 2006 2413 2023 2446; x_wconf 71' lang='grc' dir='ltr'>ς</span> <span class='ocrx_word' id='word_1_556' title='bbox 2071 2395 2233 2450; x_wconf 87' lang='lat' dir='ltr'><strong>Nemo</strong></span> <span class='ocrx_word' id='word_1_557' title='bbox 2276 2399 2487 2452; x_wconf 91' lang='lat' dir='ltr'><strong>mittens</strong></span> <span class='ocrx_word' id='word_1_558' title='bbox 2532 2414 2741 2452; x_wconf 89' lang='lat' dir='ltr'><strong>manum</strong></span> <span class='ocrx_word' id='word_1_559' title='bbox 2770 2413 2937 2462; x_wconf 55' lang='lat' dir='ltr'><strong>,snam</strong></span> <span class='ocrx_word' id='word_1_560' title='bbox 2971 2413 3130 2466; x_wconf 87' lang='lat' dir='ltr'><strong>super</strong></span> <span class='ocrx_word' id='word_1_561' title='bbox 3165 2409 3432 2463; x_wconf 87' lang='lat' dir='ltr'><strong>aratrum,</strong></span> <span class='ocrx_word' id='word_1_562' title='bbox 3473 2407 3528 2452; x_wconf 88' lang='lat' dir='ltr'><strong>et</strong></span> 
     </span>
    </p>
   </div>
   <div class='ocr_carea' id='block_1_74' title="bbox 2001 2485 3521 2552">
    <p class='ocr_par' dir='ltr' id='par_1_74' title="bbox 2001 2485 3521 2552">
     <span class='ocr_line' id='line_1_75' title="bbox 2001 2485 3521 2552; baseline 0.002 -18"><span class='ocrx_word' id='word_1_563' title='bbox 2001 2492 2142 2536; x_wconf 91' lang='lat' dir='ltr'><strong>retro</strong></span> <span class='ocrx_word' id='word_1_564' title='bbox 2189 2485 2497 2552; x_wconf 90' lang='lat' dir='ltr'><strong>respiciens,</strong></span> <span class='ocrx_word' id='word_1_565' title='bbox 2550 2494 2708 2552; x_wconf 86' lang='lat' dir='ltr'><strong>aptus</strong></span> <span class='ocrx_word' id='word_1_566' title='bbox 2741 2494 2823 2540; x_wconf 86' lang='lat' dir='ltr'><strong>est</strong></span> <span class='ocrx_word' id='word_1_567' title='bbox 2867 2498 3026 2552; x_wconf 90' lang='lat' dir='ltr'><strong>regno</strong></span> <span class='ocrx_word' id='word_1_568' title='bbox 3059 2485 3174 2538; x_wconf 90' lang='lat' dir='ltr'><strong>Dei.</strong></span> <span class='ocrx_word' id='word_1_569' title='bbox 3227 2503 3246 2534; x_wconf 75' lang='grc' dir='ltr'><strong>ι</strong></span> <span class='ocrx_word' id='word_1_570' title='bbox 3288 2485 3438 2550; x_wconf 83' lang='lat' dir='ltr'><strong>Quod</strong></span> <span class='ocrx_word' id='word_1_571' title='bbox 3477 2485 3521 2538; x_wconf 89' lang='lat' dir='ltr'><strong>si</strong></span> 
     </span>
    </p>
   </div>
   <div class='ocr_carea' id='block_1_75' title="bbox 1997 2571 3522 2641">
    <p class='ocr_par' dir='ltr' id='par_1_75' title="bbox 1997 2571 3522 2641">
     <span class='ocr_line' id='line_1_76' title="bbox 1997 2571 3522 2641; baseline 0.002 -19"><span class='ocrx_word' id='word_1_572' title='bbox 1997 2571 2222 2639; x_wconf 86' lang='lat' dir='ltr'><strong>amplius</strong></span> <span class='ocrx_word' id='word_1_573' title='bbox 2288 2573 2460 2627; x_wconf 88' lang='lat' dir='ltr'><strong>adhuc</strong></span> <span class='ocrx_word' id='word_1_574' title='bbox 2523 2575 2604 2627; x_wconf 90' lang='lat' dir='ltr'><strong>vis</strong></span> <span class='ocrx_word' id='word_1_575' title='bbox 2665 2575 2731 2628; x_wconf 92' lang='lat' dir='ltr'><strong>de</strong></span> <span class='ocrx_word' id='word_1_576' title='bbox 2803 2575 2901 2627; x_wconf 90' lang='lat' dir='ltr'><strong>hoc</strong></span> <span class='ocrx_word' id='word_1_577' title='bbox 2961 2587 3284 2641; x_wconf 81' lang='lat' dir='ltr'><strong>cognoscere</strong></span> <span class='ocrx_word' id='word_1_578' title='bbox 3341 2587 3522 2626; x_wconf 88' lang='lat' dir='ltr'><strong>sacra-</strong></span> 
     </span>
    </p>
   </div>
   <div class='ocr_carea' id='block_1_76' title="bbox 2000 2660 3522 2729">
    <p class='ocr_par' dir='ltr' id='par_1_76' title="bbox 2000 2660 3522 2729">
     <span class='ocr_line' id='line_1_77' title="bbox 2000 2660 3522 2729; baseline 0 -17"><span class='ocrx_word' id='word_1_579' title='bbox 2000 2669 2202 2724; x_wconf 90' lang='lat' dir='ltr'><strong>mento,</strong></span> <span class='ocrx_word' id='word_1_580' title='bbox 2231 2664 2503 2714; x_wconf 89' lang='lat' dir='ltr'><strong>ostendam</strong></span> <span class='ocrx_word' id='word_1_581' title='bbox 2549 2661 2640 2715; x_wconf 88' lang='lat' dir='ltr'><strong>tibi</strong></span> <span class='ocrx_word' id='word_1_582' title='bbox 2680 2663 2746 2715; x_wconf 90' lang='lat' dir='ltr'><strong>de</strong></span> <span class='ocrx_word' id='word_1_583' title='bbox 2801 2661 3130 2729; x_wconf 89' lang='lat' dir='ltr'><strong>Scripturis,</strong></span> <span class='ocrx_word' id='word_1_584' title='bbox 3181 2660 3320 2728; x_wconf 90' lang='lat' dir='ltr'><strong>quod</strong></span> <span class='ocrx_word' id='word_1_585' title='bbox 3361 2660 3522 2713; x_wconf 84' lang='lat' dir='ltr'><strong>etiam</strong></span> 
     </span>
    </p>
   </div>
   <div class='ocr_carea' id='block_1_77' title="bbox 1999 2749 3522 2819">
    <p class='ocr_par' dir='ltr' id='par_1_77' title="bbox 1999 2749 3522 2819">
     <span class='ocr_line' id='line_1_78' title="bbox 1999 2749 3522 2819; baseline 0.001 -19"><span class='ocrx_word' id='word_1_586' title='bbox 1999 2749 2108 2817; x_wconf 88' lang='lat' dir='ltr'><strong>ipse</strong></span> <span class='ocrx_word' id='word_1_587' title='bbox 2151 2751 2398 2804; x_wconf 90' lang='lat' dir='ltr'><strong>Dominus</strong></span> <span class='ocrx_word' id='word_1_588' title='bbox 2451 2751 2606 2804; x_wconf 83' lang='lat' dir='ltr'><strong>Pater</strong></span> <span class='ocrx_word' id='word_1_589' title='bbox 2664 2751 3112 2819; x_wconf 79' lang='lat' dir='ltr'><strong>dispensationem</strong></span> <span class='ocrx_word' id='word_1_590' title='bbox 3173 2750 3362 2804; x_wconf 89' lang='lat' dir='ltr'><strong>salutis</strong></span> <span class='ocrx_word' id='word_1_591' title='bbox 3424 2765 3522 2802; x_wconf 84' lang='lat' dir='ltr'><strong>no-</strong></span> 
     </span>
    </p>
   </div>
   <div class='ocr_carea' id='block_1_78' title="bbox 1996 2837 3522 2910">
    <p class='ocr_par' dir='ltr' id='par_1_78' title="bbox 1996 2837 3522 2910">
     <span class='ocr_line' id='line_1_79' title="bbox 1996 2837 3522 2910; baseline -0.004 -17"><span class='ocrx_word' id='word_1_592' title='bbox 1996 2850 2123 2893; x_wconf 80' lang='lat' dir='ltr'><strong>stra:</strong></span> <span class='ocrx_word' id='word_1_593' title='bbox 2170 2855 2270 2893; x_wconf 92' lang='lat' dir='ltr'><strong>non</strong></span> <span class='ocrx_word' id='word_1_594' title='bbox 2314 2840 2570 2910; x_wconf 73' lang='lat' dir='ltr'><strong>negligit,</strong></span> <span class='ocrx_word' id='word_1_595' title='bbox 2603 2840 2693 2893; x_wconf 91' lang='lat' dir='ltr'><strong>sed</strong></span> <span class='ocrx_word' id='word_1_596' title='bbox 2722 2848 2773 2892; x_wconf 89' lang='lat' dir='ltr'><strong>et</strong></span> <span class='ocrx_word' id='word_1_597' title='bbox 2812 2841 2923 2908; x_wconf 91' lang='lat' dir='ltr'><strong>ipse</strong></span> <span class='ocrx_word' id='word_1_598' title='bbox 2954 2854 3048 2892; x_wconf 90' lang='lat' dir='ltr'><strong>nos</strong></span> <span class='ocrx_word' id='word_1_599' title='bbox 3078 2842 3140 2890; x_wconf 89' lang='lat' dir='ltr'><strong>ad</strong></span> <span class='ocrx_word' id='word_1_600' title='bbox 3170 2837 3389 2891; x_wconf 90' lang='lat' dir='ltr'><strong>salutem</strong></span> <span class='ocrx_word' id='word_1_601' title='bbox 3419 2850 3522 2888; x_wconf 92' lang='lat' dir='ltr'><strong>non</strong></span> 
     </span>
    </p>
   </div>
   <div class='ocr_carea' id='block_1_79' title="bbox 1995 2924 3525 2995">
    <p class='ocr_par' dir='ltr' id='par_1_79' title="bbox 1995 2924 3525 2995">
     <span class='ocr_line' id='line_1_80' title="bbox 1995 2924 3525 2995; baseline -0.003 -15"><span class='ocrx_word' id='word_1_602' title='bbox 1995 2927 2162 2980; x_wconf 89' lang='lat' dir='ltr'><strong>solum</strong></span> <span class='ocrx_word' id='word_1_603' title='bbox 2196 2937 2380 2992; x_wconf 90' lang='lat' dir='ltr'><strong>vocat,</strong></span> <span class='ocrx_word' id='word_1_604' title='bbox 2410 2928 2502 2981; x_wconf 89' lang='lat' dir='ltr'><strong>sed</strong></span> <span class='ocrx_word' id='word_1_605' title='bbox 2529 2937 2582 2981; x_wconf 87' lang='lat' dir='ltr'><strong>et</strong></span> <span class='ocrx_word' id='word_1_606' title='bbox 2625 2927 2904 2995; x_wconf 88' lang='lat' dir='ltr'><strong>pertrahit.</strong></span> <span class='ocrx_word' id='word_1_607' title='bbox 2954 2927 3044 2980; x_wconf 88' lang='lat' dir='ltr'><strong>Sic</strong></span> <span class='ocrx_word' id='word_1_608' title='bbox 3090 2926 3230 2978; x_wconf 89' lang='lat' dir='ltr'><strong>enim</strong></span> <span class='ocrx_word' id='word_1_609' title='bbox 3270 2924 3525 2978; x_wconf 90' lang='lat' dir='ltr'><strong>Dominus</strong></span> 
     </span>
    </p>
   </div>
   <div class='ocr_carea' id='block_1_80' title="bbox 1994 3016 3516 3087">
    <p class='ocr_par' dir='ltr' id='par_1_80' title="bbox 1994 3016 3516 3087">
     <span class='ocr_line' id='line_1_81' title="bbox 1994 3016 3516 3087; baseline -0.003 -15"><span class='ocrx_word' id='word_1_610' title='bbox 1994 3017 2123 3072; x_wconf 90' lang='lat' dir='ltr'><strong>dicit</strong></span> <span class='ocrx_word' id='word_1_611' title='bbox 2182 3019 2232 3072; x_wconf 94' lang='lat' dir='ltr'><strong>in</strong></span> <span class='ocrx_word' id='word_1_612' title='bbox 2286 3019 2567 3087; x_wconf 85' lang='lat' dir='ltr'><strong>Evangelio</strong></span> <span class='ocrx_word' id='word_1_613' title='bbox 2618 3019 2662 3050; x_wconf 84' lang='grc'><em>³³</em></span> <span class='ocrx_word' id='word_1_614' title='bbox 2711 3037 2726 3073; x_wconf 87' lang='lat'><strong>:</strong></span> <span class='ocrx_word' id='word_1_615' title='bbox 2788 3036 2808 3070; x_wconf 74' lang='grc' dir='ltr'><strong>ι</strong></span> <span class='ocrx_word' id='word_1_616' title='bbox 2865 3017 3031 3072; x_wconf 80' lang='lat' dir='ltr'><strong>Nemo</strong></span> <span class='ocrx_word' id='word_1_617' title='bbox 3089 3017 3229 3070; x_wconf 87' lang='lat' dir='ltr'><strong>venit</strong></span> <span class='ocrx_word' id='word_1_618' title='bbox 3283 3016 3350 3068; x_wconf 90' lang='lat' dir='ltr'><strong>ad</strong></span> <span class='ocrx_word' id='word_1_619' title='bbox 3401 3029 3516 3075; x_wconf 86' lang='lat' dir='ltr'><strong>me,</strong></span> 
     </span>
    </p>
   </div>
   <div class='ocr_carea' id='block_1_81' title="bbox 1994 3103 3517 3174">
    <p class='ocr_par' dir='ltr' id='par_1_81' title="bbox 1994 3103 3517 3174">
     <span class='ocr_line' id='line_1_82' title="bbox 1994 3103 3517 3174; baseline -0.003 -15"><span class='ocrx_word' id='word_1_620' title='bbox 1994 3105 2147 3174; x_wconf 80' lang='lat'><strong>351</strong></span> <span class='ocrx_word' id='word_1_621' title='bbox 2179 3107 2277 3159; x_wconf 86' lang='lat' dir='ltr'><strong>nisi</strong></span> <span class='ocrx_word' id='word_1_622' title='bbox 2326 3121 2477 3173; x_wconf 89' lang='lat' dir='ltr'><strong>quem</strong></span> <span class='ocrx_word' id='word_1_623' title='bbox 2506 3105 2662 3160; x_wconf 87' lang='lat' dir='ltr'><strong>Pater</strong></span> <span class='ocrx_word' id='word_1_624' title='bbox 2696 3119 2844 3160; x_wconf 88' lang='lat' dir='ltr'><strong>meus</strong></span> <span class='ocrx_word' id='word_1_625' title='bbox 2891 3105 3119 3159; x_wconf 66' lang='lat' dir='ltr'><strong>caalestis</strong></span> <span class='ocrx_word' id='word_1_626' title='bbox 3157 3103 3453 3158; x_wconf 77' lang='lat' dir='ltr'><strong>attraxerit.</strong></span> <span class='ocrx_word' id='word_1_627' title='bbox 3497 3121 3517 3155; x_wconf 77' lang='grc' dir='ltr'>ο</span> 
     </span>
    </p>
   </div>
   <div class='ocr_carea' id='block_1_82' title="bbox 1996 3191 3522 3260">
    <p class='ocr_par' dir='ltr' id='par_1_82' title="bbox 1996 3191 3522 3260">
     <span class='ocr_line' id='line_1_83' title="bbox 1996 3191 3522 3260; baseline 0 -16"><span class='ocrx_word' id='word_1_628' title='bbox 1996 3193 2098 3244; x_wconf 79' lang='lat' dir='ltr'><strong>Sed</strong></span> <span class='ocrx_word' id='word_1_629' title='bbox 2128 3200 2180 3245; x_wconf 92' lang='lat' dir='ltr'><strong>et</strong></span> <span class='ocrx_word' id='word_1_630' title='bbox 2207 3193 2607 3258; x_wconf 86' lang='lat' dir='ltr'><strong>paterfamilias,</strong></span> <span class='ocrx_word' id='word_1_631' title='bbox 2637 3193 2727 3260; x_wconf 92' lang='lat' dir='ltr'><strong>qui</strong></span> <span class='ocrx_word' id='word_1_632' title='bbox 2759 3193 3116 3246; x_wconf 90' lang='lat' dir='ltr'><strong>mittitservos</strong></span> <span class='ocrx_word' id='word_1_633' title='bbox 3143 3205 3266 3244; x_wconf 88' lang='lat' dir='ltr'><strong>suos</strong></span> <span class='ocrx_word' id='word_1_634' title='bbox 3300 3191 3522 3244; x_wconf 87' lang='lat' dir='ltr'><strong>invitare</strong></span> 
     </span>
    </p>
   </div>
   <div class='ocr_carea' id='block_1_83' title="bbox 1996 3281 3523 3348">
    <p class='ocr_par' dir='ltr' id='par_1_83' title="bbox 1996 3281 3523 3348">
     <span class='ocr_line' id='line_1_84' title="bbox 1996 3281 3523 3348; baseline -0.001 -16"><span class='ocrx_word' id='word_1_635' title='bbox 1996 3281 2195 3334; x_wconf 88' lang='lat' dir='ltr'><strong>amicos</strong></span> <span class='ocrx_word' id='word_1_636' title='bbox 2218 3283 2282 3332; x_wconf 90' lang='lat' dir='ltr'><strong>ad</strong></span> <span class='ocrx_word' id='word_1_637' title='bbox 2303 3282 2508 3348; x_wconf 78' lang='lat' dir='ltr'><strong>nuptias</strong></span> <span class='ocrx_word' id='word_1_638' title='bbox 2530 3281 2622 3332; x_wconf 84' lang='lat' dir='ltr'><strong>lilii</strong></span> <span class='ocrx_word' id='word_1_639' title='bbox 2642 3281 2744 3345; x_wconf 88' lang='lat' dir='ltr'><strong>sui,</strong></span> <span class='ocrx_word' id='word_1_640' title='bbox 2768 3290 3112 3348; x_wconf 86' lang='lat' dir='ltr'><strong>posteaquam</strong></span> <span class='ocrx_word' id='word_1_641' title='bbox 3133 3289 3523 3334; x_wconf 73' lang='lat' dir='ltr'><strong>excusaverui.t</strong></span> 
     </span>
    </p>
   </div>
   <div class='ocr_carea' id='block_1_84' title="bbox 1995 3368 3518 3437">
    <p class='ocr_par' dir='ltr' id='par_1_84' title="bbox 1995 3368 3518 3437">
     <span class='ocr_line' id='line_1_85' title="bbox 1995 3368 3518 3437; baseline 0 -17"><span class='ocrx_word' id='word_1_642' title='bbox 1995 3368 2066 3420; x_wconf 89' lang='lat' dir='ltr'><strong>illi</strong></span> <span class='ocrx_word' id='word_1_643' title='bbox 2117 3369 2205 3434; x_wconf 90' lang='lat' dir='ltr'><strong>qui</strong></span> <span class='ocrx_word' id='word_1_644' title='bbox 2251 3369 2456 3437; x_wconf 90' lang='lat' dir='ltr'><strong>priores</strong></span> <span class='ocrx_word' id='word_1_645' title='bbox 2505 3369 2712 3422; x_wconf 85' lang='lat' dir='ltr'><strong>fuerant</strong></span> <span class='ocrx_word' id='word_1_646' title='bbox 2753 3368 2985 3431; x_wconf 86' lang='lat' dir='ltr'><strong>invitati,</strong></span> <span class='ocrx_word' id='word_1_647' title='bbox 3033 3369 3161 3422; x_wconf 87' lang='lat' dir='ltr'><strong>dicit</strong></span> <span class='ocrx_word' id='word_1_648' title='bbox 3201 3369 3370 3422; x_wconf 88' lang='lat' dir='ltr'><strong>servis</strong></span> <span class='ocrx_word' id='word_1_649' title='bbox 3410 3369 3455 3400; x_wconf 76' lang='lat'><strong>“</strong></span> <span class='ocrx_word' id='word_1_650' title='bbox 3503 3385 3518 3420; x_wconf 87' lang='lat'><strong>:</strong></span> 
     </span>
    </p>
   </div>
   <div class='ocr_carea' id='block_1_85' title="bbox 2001 3458 3519 3526">
    <p class='ocr_par' dir='ltr' id='par_1_85' title="bbox 2001 3458 3519 3526">
     <span class='ocr_line' id='line_1_86' title="bbox 2001 3458 3519 3526; baseline 0 -15"><span class='ocrx_word' id='word_1_651' title='bbox 2001 3480 2018 3511; x_wconf 78' lang='grc' dir='ltr'><strong>ι</strong></span> <span class='ocrx_word' id='word_1_652' title='bbox 2067 3459 2219 3512; x_wconf 76' lang='lat' dir='ltr'><strong>Exite</strong></span> <span class='ocrx_word' id='word_1_653' title='bbox 2248 3459 2312 3512; x_wconf 90' lang='lat' dir='ltr'><strong>ad</strong></span> <span class='ocrx_word' id='word_1_654' title='bbox 2345 3461 2456 3512; x_wconf 89' lang='lat' dir='ltr'><strong>vias</strong></span> <span class='ocrx_word' id='word_1_655' title='bbox 2483 3469 2537 3511; x_wconf 88' lang='lat' dir='ltr'><strong>et</strong></span> <span class='ocrx_word' id='word_1_656' title='bbox 2560 3458 2888 3526; x_wconf 87' lang='lat' dir='ltr'><strong>angiportus,</strong></span> <span class='ocrx_word' id='word_1_657' title='bbox 2919 3466 2972 3510; x_wconf 89' lang='lat' dir='ltr'><strong>et</strong></span> <span class='ocrx_word' id='word_1_658' title='bbox 2994 3472 3338 3526; x_wconf 85' lang='lat' dir='ltr'><strong>quoscunque</strong></span> <span class='ocrx_word' id='word_1_659' title='bbox 3377 3459 3519 3511; x_wconf 87' lang='lat' dir='ltr'><strong>inve-</strong></span> 
     </span>
    </p>
   </div>
   <div class='ocr_carea' id='block_1_86' title="bbox 1995 3543 3522 3612">
    <p class='ocr_par' dir='ltr' id='par_1_86' title="bbox 1995 3543 3522 3612">
     <span class='ocr_line' id='line_1_87' title="bbox 1995 3543 3522 3612; baseline -0.002 -13"><span class='ocrx_word' id='word_1_660' title='bbox 1995 3547 2204 3609; x_wconf 88' lang='lat' dir='ltr'><strong>neritis,</strong></span> <span class='ocrx_word' id='word_1_661' title='bbox 2233 3547 2404 3612; x_wconf 86' lang='lat' dir='ltr'><strong>c0gite</strong></span> <span class='ocrx_word' id='word_1_662' title='bbox 2433 3545 2672 3599; x_wconf 89' lang='lat' dir='ltr'><strong>introire.</strong></span> <span class='ocrx_word' id='word_1_663' title='bbox 2707 3562 2728 3594; x_wconf 72' lang='grc' dir='ltr'><strong>ι</strong></span> <span class='ocrx_word' id='word_1_664' title='bbox 2765 3543 2854 3596; x_wconf 89' lang='lat' dir='ltr'><strong>Sic</strong></span> <span class='ocrx_word' id='word_1_665' title='bbox 2881 3558 3008 3612; x_wconf 91' lang='lat' dir='ltr'><strong>ergo</strong></span> <span class='ocrx_word' id='word_1_666' title='bbox 3058 3559 3159 3598; x_wconf 91' lang='lat' dir='ltr'><strong>non</strong></span> <span class='ocrx_word' id='word_1_667' title='bbox 3190 3544 3359 3596; x_wconf 91' lang='lat' dir='ltr'><strong>solum</strong></span> <span class='ocrx_word' id='word_1_668' title='bbox 3388 3545 3522 3596; x_wconf 77' lang='lat' dir='ltr'><strong>inri-</strong></span> 
     </span>
    </p>
   </div>
   <div class='ocr_carea' id='block_1_87' title="bbox 1995 3633 3522 3701">
    <p class='ocr_par' dir='ltr' id='par_1_87' title="bbox 1995 3633 3522 3701">
     <span class='ocr_line' id='line_1_88' title="bbox 1995 3633 3522 3701; baseline -0.002 -13"><span class='ocrx_word' id='word_1_669' title='bbox 1995 3647 2169 3688; x_wconf 82' lang='lat' dir='ltr'><strong>tantur</strong></span> <span class='ocrx_word' id='word_1_670' title='bbox 2197 3650 2226 3687; x_wconf 91' lang='lat' dir='ltr'><strong>a</strong></span> <span class='ocrx_word' id='word_1_671' title='bbox 2263 3635 2392 3697; x_wconf 89' lang='lat' dir='ltr'><strong>Deo,</strong></span> <span class='ocrx_word' id='word_1_672' title='bbox 2427 3635 2518 3688; x_wconf 87' lang='lat' dir='ltr'><strong>sed</strong></span> <span class='ocrx_word' id='word_1_673' title='bbox 2561 3644 2620 3688; x_wconf 90' lang='lat' dir='ltr'><strong>et</strong></span> <span class='ocrx_word' id='word_1_674' title='bbox 2662 3633 2940 3696; x_wconf 87' lang='lat' dir='ltr'><strong>trahimur,</strong></span> <span class='ocrx_word' id='word_1_675' title='bbox 2968 3642 3021 3686; x_wconf 91' lang='lat' dir='ltr'><strong>et</strong></span> <span class='ocrx_word' id='word_1_676' title='bbox 3071 3634 3309 3701; x_wconf 83' lang='lat' dir='ltr'><strong>cogimur</strong></span> <span class='ocrx_word' id='word_1_677' title='bbox 3342 3633 3408 3686; x_wconf 89' lang='lat' dir='ltr'><strong>ad</strong></span> <span class='ocrx_word' id='word_1_678' title='bbox 3434 3648 3522 3687; x_wconf 89' lang='lat' dir='ltr'><strong>sa-</strong></span> 
     </span>
    </p>
   </div>
   <div class='ocr_carea' id='block_1_88' title="bbox 1992 3725 3516 3795">
    <p class='ocr_par' dir='ltr' id='par_1_88' title="bbox 1992 3725 3516 3795">
     <span class='ocr_line' id='line_1_89' title="bbox 1992 3725 3516 3795; baseline -0.001 -16"><span class='ocrx_word' id='word_1_679' title='bbox 1992 3727 2173 3779; x_wconf 91' lang='lat' dir='ltr'><strong>lutem.</strong></span> <span class='ocrx_word' id='word_1_680' title='bbox 2202 3725 2305 3778; x_wconf 91' lang='lat' dir='ltr'><strong>Sed</strong></span> <span class='ocrx_word' id='word_1_681' title='bbox 2337 3739 2432 3777; x_wconf 91' lang='lat' dir='ltr'><strong>nec</strong></span> <span class='ocrx_word' id='word_1_682' title='bbox 2457 3733 2671 3778; x_wconf 81' lang='lat' dir='ltr'><strong>sanctus</strong></span> <span class='ocrx_word' id='word_1_683' title='bbox 2696 3727 2906 3795; x_wconf 89' lang='lat' dir='ltr'><strong>quidem</strong></span> <span class='ocrx_word' id='word_1_684' title='bbox 2933 3728 3150 3794; x_wconf 91' lang='lat' dir='ltr'><strong>spiritus</strong></span> <span class='ocrx_word' id='word_1_685' title='bbox 3181 3728 3232 3779; x_wconf 94' lang='lat' dir='ltr'><strong>in</strong></span> <span class='ocrx_word' id='word_1_686' title='bbox 3267 3728 3516 3795; x_wconf 51' lang='lat' dir='ltr'><strong>hujusce&quot;</strong></span> 
     </span>
    </p>
   </div>
   <div class='ocr_carea' id='block_1_89' title="bbox 1993 3813 3517 3882">
    <p class='ocr_par' dir='ltr' id='par_1_89' title="bbox 1993 3813 3517 3882">
     <span class='ocr_line' id='line_1_90' title="bbox 1993 3813 3517 3882; baseline 0 -16"><span class='ocrx_word' id='word_1_687' title='bbox 1993 3815 2129 3868; x_wconf 92' lang='lat' dir='ltr'><strong>modi</strong></span> <span class='ocrx_word' id='word_1_688' title='bbox 2175 3813 2658 3882; x_wconf 91' lang='lat' dir='ltr'><strong>dispensationibus</strong></span> <span class='ocrx_word' id='word_1_689' title='bbox 2707 3815 2876 3867; x_wconf 90' lang='lat' dir='ltr'><strong>deest.</strong></span> <span class='ocrx_word' id='word_1_690' title='bbox 2929 3815 3041 3882; x_wconf 90' lang='lat' dir='ltr'><strong>lpse</strong></span> <span class='ocrx_word' id='word_1_691' title='bbox 3069 3815 3208 3866; x_wconf 90' lang='lat' dir='ltr'><strong>enim</strong></span> <span class='ocrx_word' id='word_1_692' title='bbox 3255 3814 3383 3866; x_wconf 89' lang='lat' dir='ltr'><strong>dicit</strong></span> <span class='ocrx_word' id='word_1_693' title='bbox 3425 3813 3517 3866; x_wconf 77' lang='lat'><strong>&quot;:</strong></span> 
     </span>
    </p>
   </div>
   <div class='ocr_carea' id='block_1_90' title="bbox 1996 3901 3520 3972">
    <p class='ocr_par' dir='ltr' id='par_1_90' title="bbox 1996 3901 3520 3972">
     <span class='ocr_line' id='line_1_91' title="bbox 1996 3901 3520 3972; baseline -0.001 -17"><span class='ocrx_word' id='word_1_694' title='bbox 1996 3923 2014 3955; x_wconf 72' lang='grc' dir='ltr'><strong>ι</strong></span> <span class='ocrx_word' id='word_1_695' title='bbox 2051 3904 2334 3972; x_wconf 85' lang='lat' dir='ltr'><strong>Segregate</strong></span> <span class='ocrx_word' id='word_1_696' title='bbox 2359 3902 2482 3954; x_wconf 91' lang='lat' dir='ltr'><strong>mihi</strong></span> <span class='ocrx_word' id='word_1_697' title='bbox 2524 3901 2742 3954; x_wconf 89' lang='lat' dir='ltr'><strong>Paulum</strong></span> <span class='ocrx_word' id='word_1_698' title='bbox 2772 3909 2826 3955; x_wconf 94' lang='lat' dir='ltr'><strong>et</strong></span> <span class='ocrx_word' id='word_1_699' title='bbox 2871 3901 3164 3954; x_wconf 87' lang='lat' dir='ltr'><strong>Barnabam</strong></span> <span class='ocrx_word' id='word_1_700' title='bbox 3189 3901 3240 3952; x_wconf 89' lang='lat' dir='ltr'><strong>in</strong></span> <span class='ocrx_word' id='word_1_701' title='bbox 3282 3901 3520 3954; x_wconf 86' lang='lat' dir='ltr'><strong>ministe-</strong></span> 
     </span>
    </p>
   </div>
   <div class='ocr_carea' id='block_1_91' title="bbox 1994 3989 3518 4056">
    <p class='ocr_par' dir='ltr' id='par_1_91' title="bbox 1994 3989 3518 4056">
     <span class='ocr_line' id='line_1_92' title="bbox 1994 3989 3518 4056; baseline -0.001 -12"><span class='ocrx_word' id='word_1_702' title='bbox 1994 3993 2152 4053; x_wconf 87' lang='lat' dir='ltr'><strong>rium,</strong></span> <span class='ocrx_word' id='word_1_703' title='bbox 2183 3991 2247 4042; x_wconf 88' lang='lat' dir='ltr'><strong>ad</strong></span> <span class='ocrx_word' id='word_1_704' title='bbox 2284 3993 2423 4056; x_wconf 89' lang='lat' dir='ltr'><strong>quod</strong></span> <span class='ocrx_word' id='word_1_705' title='bbox 2455 3989 2716 4056; x_wconf 87' lang='lat' dir='ltr'><strong>assumpsi</strong></span> <span class='ocrx_word' id='word_1_706' title='bbox 2749 4003 2860 4043; x_wconf 91' lang='lat' dir='ltr'><strong>eos.</strong></span> <span class='ocrx_word' id='word_1_707' title='bbox 2900 4008 2918 4039; x_wconf 76' lang='grc' dir='ltr'><strong>ι</strong></span> <span class='ocrx_word' id='word_1_708' title='bbox 2950 3989 3012 4040; x_wconf 81' lang='lat' dir='ltr'><strong>Et</strong></span> <span class='ocrx_word' id='word_1_709' title='bbox 3043 3989 3232 4040; x_wconf 89' lang='lat' dir='ltr'><strong>iterum</strong></span> <span class='ocrx_word' id='word_1_710' title='bbox 3278 3989 3518 4055; x_wconf 86' lang='lat' dir='ltr'><strong>prohibet</strong></span> 
     </span>
    </p>
   </div>
   <div class='ocr_carea' id='block_1_92' title="bbox 1991 4073 3514 4144">
    <p class='ocr_par' dir='ltr' id='par_1_92' title="bbox 1991 4073 3514 4144">
     <span class='ocr_line' id='line_1_93' title="bbox 1991 4073 3514 4144; baseline -0.001 -16"><span class='ocrx_word' id='word_1_711' title='bbox 1991 4075 2208 4128; x_wconf 86' lang='lat' dir='ltr'><strong>Paulum</strong></span> <span class='ocrx_word' id='word_1_712' title='bbox 2249 4076 2326 4127; x_wconf 91' lang='lat' dir='ltr'><strong>ire</strong></span> <span class='ocrx_word' id='word_1_713' title='bbox 2361 4075 2411 4126; x_wconf 90' lang='lat' dir='ltr'><strong>in</strong></span> <span class='ocrx_word' id='word_1_714' title='bbox 2439 4073 2642 4138; x_wconf 89' lang='lat' dir='ltr'><strong>Asiam,</strong></span> <span class='ocrx_word' id='word_1_715' title='bbox 2694 4084 2748 4126; x_wconf 91' lang='lat' dir='ltr'><strong>et</strong></span> <span class='ocrx_word' id='word_1_716' title='bbox 2779 4090 2986 4127; x_wconf 88' lang='lat' dir='ltr'><strong>rursum</strong></span> <span class='ocrx_word' id='word_1_717' title='bbox 3013 4077 3152 4144; x_wconf 84' lang='lat' dir='ltr'><strong>cogit</strong></span> <span class='ocrx_word' id='word_1_718' title='bbox 3183 4089 3306 4127; x_wconf 90' lang='lat' dir='ltr'><strong>eum</strong></span> <span class='ocrx_word' id='word_1_719' title='bbox 3327 4104 3338 4110; x_wconf 90' lang='lat'><strong>-</strong></span> <span class='ocrx_word' id='word_1_720' title='bbox 3361 4075 3436 4128; x_wconf 88' lang='lat' dir='ltr'><strong>ire</strong></span> <span class='ocrx_word' id='word_1_721' title='bbox 3463 4076 3514 4127; x_wconf 92' lang='lat' dir='ltr'><strong>in</strong></span> 
     </span>
    </p>
   </div>
   <div class='ocr_carea' id='block_1_93' title="bbox 1988 4164 3517 4234">
    <p class='ocr_par' dir='ltr' id='par_1_93' title="bbox 1988 4164 3517 4234">
     <span class='ocr_line' id='line_1_94' title="bbox 1988 4164 3517 4234; baseline 0.001 -15"><span class='ocrx_word' id='word_1_722' title='bbox 1988 4164 2388 4234; x_wconf 81' lang='lat' dir='ltr'><strong>Jcrosolymam,</strong></span> <span class='ocrx_word' id='word_1_723' title='bbox 2422 4164 2712 4231; x_wconf 65' lang='lat' dir='ltr'><strong>praedicens</strong></span> <span class='ocrx_word' id='word_1_724' title='bbox 2739 4164 2809 4226; x_wconf 89' lang='lat' dir='ltr'><strong>ei,</strong></span> <span class='ocrx_word' id='word_1_725' title='bbox 2856 4167 2978 4232; x_wconf 86' lang='lat' dir='ltr'><strong>quia</strong></span> <span class='ocrx_word' id='word_1_726' title='bbox 3010 4164 3216 4218; x_wconf 87' lang='lat' dir='ltr'><strong>vincula</strong></span> <span class='ocrx_word' id='word_1_727' title='bbox 3255 4175 3308 4218; x_wconf 90' lang='lat' dir='ltr'><strong>et</strong></span> <span class='ocrx_word' id='word_1_728' title='bbox 3337 4181 3517 4220; x_wconf 86' lang='lat' dir='ltr'><strong>carce-</strong></span> 
     </span>
    </p>
   </div>
   <div class='ocr_carea' id='block_1_94' title="bbox 1991 4252 3515 4320">
    <p class='ocr_par' dir='ltr' id='par_1_94' title="bbox 1991 4252 3515 4320">
     <span class='ocr_line' id='line_1_95' title="bbox 1991 4252 3515 4320; baseline -0.002 -11"><span class='ocrx_word' id='word_1_729' title='bbox 1991 4271 2076 4309; x_wconf 90' lang='lat' dir='ltr'><strong>res</strong></span> <span class='ocrx_word' id='word_1_730' title='bbox 2111 4269 2231 4309; x_wconf 90' lang='lat' dir='ltr'><strong>eum</strong></span> <span class='ocrx_word' id='word_1_731' title='bbox 2285 4255 2355 4307; x_wconf 91' lang='lat' dir='ltr'><strong>ibi</strong></span> <span class='ocrx_word' id='word_1_732' title='bbox 2406 4263 2650 4305; x_wconf 89' lang='lat' dir='ltr'><strong>maneant</strong></span> <span class='ocrx_word' id='word_1_733' title='bbox 2681 4253 2747 4306; x_wconf 80' lang='grc'><strong>³⁸.</strong></span> <span class='ocrx_word' id='word_1_734' title='bbox 2803 4253 2950 4318; x_wconf 83' lang='lat' dir='ltr'><strong>Quod</strong></span> <span class='ocrx_word' id='word_1_735' title='bbox 2989 4253 3033 4306; x_wconf 92' lang='lat' dir='ltr'><strong>si</strong></span> <span class='ocrx_word' id='word_1_736' title='bbox 3085 4252 3256 4320; x_wconf 83' lang='lat' dir='ltr'><strong>angeli</strong></span> <span class='ocrx_word' id='word_1_737' title='bbox 3310 4253 3515 4306; x_wconf 90' lang='lat' dir='ltr'><strong>Domini</strong></span> 
     </span>
    </p>
   </div>
   <div class='ocr_carea' id='block_1_95' title="bbox 297 4343 3518 4420">
    <p class='ocr_par' dir='ltr' id='par_1_95' title="bbox 297 4343 3518 4420">
     <span class='ocr_line' id='line_1_96' title="bbox 297 4343 3518 4420; baseline -0.001 -23"><span class='ocrx_word' id='word_1_738' title='bbox 297 4346 568 4409; x_wconf 74' lang='lat' dir='ltr'><strong>suadent,</strong></span> <span class='ocrx_word' id='word_1_739' title='bbox 607 4355 668 4398; x_wconf 89' lang='lat' dir='ltr'><strong>et</strong></span> <span class='ocrx_word' id='word_1_740' title='bbox 702 4345 772 4397; x_wconf 90' lang='lat' dir='ltr'><strong>ad</strong></span> <span class='ocrx_word' id='word_1_741' title='bbox 817 4345 1090 4400; x_wconf 82' lang='lat' dir='ltr'><strong>lasciviam</strong></span> <span class='ocrx_word' id='word_1_742' title='bbox 1139 4359 1452 4417; x_wconf 85' lang='lat' dir='ltr'><strong>provocant.</strong></span> <span class='ocrx_word' id='word_1_743' title='bbox 1499 4350 1632 4415; x_wconf 85' lang='lat' dir='ltr'><strong>Quid</strong></span> <span class='ocrx_word' id='word_1_744' title='bbox 1679 4353 1770 4405; x_wconf 85' lang='lat' dir='ltr'><strong>fiat</strong></span> <span class='ocrx_word' id='word_1_745' title='bbox 1812 4352 1884 4406; x_wconf 86' lang='lat' dir='ltr'><strong>illi</strong></span> <span class='ocrx_word' id='word_1_746' title='bbox 1918 4368 1960 4420; x_wconf 78' lang='grc' dir='ltr'><strong><em>ι)</em></strong></span> <span class='ocrx_word' id='word_1_747' title='bbox 1990 4345 2314 4397; x_wconf 88' lang='lat' dir='ltr'><strong>circumdant</strong></span> <span class='ocrx_word' id='word_1_748' title='bbox 2347 4343 2398 4396; x_wconf 91' lang='lat' dir='ltr'><strong>in</strong></span> <span class='ocrx_word' id='word_1_749' title='bbox 2429 4343 2650 4396; x_wconf 90' lang='lat' dir='ltr'><strong>circuitu</strong></span> <span class='ocrx_word' id='word_1_750' title='bbox 2681 4343 2979 4395; x_wconf 88' lang='lat' dir='ltr'><strong>timentium</strong></span> <span class='ocrx_word' id='word_1_751' title='bbox 3009 4357 3150 4408; x_wconf 89' lang='lat' dir='ltr'><strong>eum,</strong></span> <span class='ocrx_word' id='word_1_752' title='bbox 3211 4352 3266 4394; x_wconf 91' lang='lat' dir='ltr'><strong>ut</strong></span> <span class='ocrx_word' id='word_1_753' title='bbox 3293 4343 3518 4409; x_wconf 88' lang='lat' dir='ltr'><strong>eripiant</strong></span> 
     </span>
    </p>
   </div>
   <div class='ocr_carea' id='block_1_96' title="bbox 300 4435 1881 4508">
    <p class='ocr_par' dir='ltr' id='par_1_96' title="bbox 300 4435 1881 4508">
     <span class='ocr_line' id='line_1_97' title="bbox 300 4435 1881 4508; baseline 0.005 -22"><span class='ocrx_word' id='word_1_754' title='bbox 300 4435 513 4488; x_wconf 73' lang='lat' dir='ltr'><strong>anima:</strong></span> <span class='ocrx_word' id='word_1_755' title='bbox 568 4435 856 4502; x_wconf 74' lang='lat' dir='ltr'><strong>propheta:</strong></span> <span class='ocrx_word' id='word_1_756' title='bbox 905 4437 1126 4490; x_wconf 87' lang='lat' dir='ltr'><strong>vocibus</strong></span> <span class='ocrx_word' id='word_1_757' title='bbox 1168 4439 1330 4492; x_wconf 90' lang='lat' dir='ltr'><strong>disce.</strong></span> <span class='ocrx_word' id='word_1_758' title='bbox 1368 4457 1386 4488; x_wconf 78' lang='grc' dir='ltr'><strong>ι</strong></span> <span class='ocrx_word' id='word_1_759' title='bbox 1442 4440 1881 4508; x_wconf 89' lang='lat' dir='ltr'><strong>Derelinquctur,</strong></span> 
     </span>
    </p>
   </div>
   <div class='ocr_carea' id='block_1_97' title="bbox 300 4521 1881 4592">
    <p class='ocr_par' dir='ltr' id='par_1_97' title="bbox 300 4521 1881 4592">
     <span class='ocr_line' id='line_1_98' title="bbox 300 4521 1881 4592; baseline 0.004 -18"><span class='ocrx_word' id='word_1_760' title='bbox 300 4523 489 4590; x_wconf 87' lang='lat' dir='ltr'><strong>inquit</strong></span> <span class='ocrx_word' id='word_1_761' title='bbox 529 4524 615 4584; x_wconf 77' lang='grc'><strong>⁸⁸,</strong></span> <span class='ocrx_word' id='word_1_762' title='bbox 662 4523 772 4573; x_wconf 87' lang='lat' dir='ltr'><strong>filia</strong></span> <span class='ocrx_word' id='word_1_763' title='bbox 808 4521 936 4576; x_wconf 91' lang='lat' dir='ltr'><strong>Sion</strong></span> <span class='ocrx_word' id='word_1_764' title='bbox 974 4524 1115 4576; x_wconf 90' lang='lat' dir='ltr'><strong>sicut</strong></span> <span class='ocrx_word' id='word_1_765' title='bbox 1153 4525 1547 4579; x_wconf 85' lang='lat' dir='ltr'><strong>tabernaculum</strong></span> <span class='ocrx_word' id='word_1_766' title='bbox 1589 4527 1640 4579; x_wconf 93' lang='lat' dir='ltr'><strong>in</strong></span> <span class='ocrx_word' id='word_1_767' title='bbox 1690 4529 1841 4582; x_wconf 90' lang='lat' dir='ltr'><strong>vinea</strong></span> <span class='ocrx_word' id='word_1_768' title='bbox 1866 4569 1881 4592; x_wconf 91' lang='lat'><strong>,</strong></span> 
     </span>
    </p>
   </div>
   <div class='ocr_carea' id='block_1_98' title="bbox 297 4612 1884 4678">
    <p class='ocr_par' dir='ltr' id='par_1_98' title="bbox 297 4612 1884 4678">
     <span class='ocr_line' id='line_1_99' title="bbox 297 4612 1884 4678; baseline 0.004 -13"><span class='ocrx_word' id='word_1_769' title='bbox 297 4623 358 4665; x_wconf 84' lang='lat' dir='ltr'><strong>et</strong></span> <span class='ocrx_word' id='word_1_770' title='bbox 387 4613 538 4666; x_wconf 82' lang='lat' dir='ltr'><strong>sicut</strong></span> <span class='ocrx_word' id='word_1_771' title='bbox 568 4627 702 4664; x_wconf 84' lang='lat' dir='ltr'><strong>casa</strong></span> <span class='ocrx_word' id='word_1_772' title='bbox 727 4612 1054 4664; x_wconf 89' lang='lat' dir='ltr'><strong>custodiaria</strong></span> <span class='ocrx_word' id='word_1_773' title='bbox 1083 4613 1136 4665; x_wconf 92' lang='lat' dir='ltr'><strong>in</strong></span> <span class='ocrx_word' id='word_1_774' title='bbox 1161 4615 1544 4678; x_wconf 90' lang='lat' dir='ltr'><strong>cucnmcrario,</strong></span> <span class='ocrx_word' id='word_1_775' title='bbox 1565 4625 1617 4669; x_wconf 88' lang='lat' dir='ltr'><strong>et</strong></span> <span class='ocrx_word' id='word_1_776' title='bbox 1644 4617 1781 4670; x_wconf 90' lang='lat' dir='ltr'><strong>sicut</strong></span> <span class='ocrx_word' id='word_1_777' title='bbox 1808 4619 1884 4671; x_wconf 90' lang='lat' dir='ltr'><strong>ci-</strong></span> 
     </span>
    </p>
   </div>
   <div class='ocr_carea' id='block_1_99' title="bbox 302 4701 1884 4769">
    <p class='ocr_par' dir='ltr' id='par_1_99' title="bbox 302 4701 1884 4769">
     <span class='ocr_line' id='line_1_100' title="bbox 302 4701 1884 4769; baseline 0.006 -19"><span class='ocrx_word' id='word_1_778' title='bbox 302 4703 452 4755; x_wconf 82' lang='lat' dir='ltr'><strong>vitas</strong></span> <span class='ocrx_word' id='word_1_779' title='bbox 485 4716 615 4769; x_wconf 76' lang='lat' dir='ltr'><strong>qua:</strong></span> <span class='ocrx_word' id='word_1_780' title='bbox 653 4709 962 4768; x_wconf 82' lang='lat' dir='ltr'><strong>expugnata</strong></span> <span class='ocrx_word' id='word_1_781' title='bbox 994 4711 1099 4754; x_wconf 90' lang='lat' dir='ltr'><strong>est.</strong></span> <span class='ocrx_word' id='word_1_782' title='bbox 1148 4718 1166 4750; x_wconf 74' lang='grc' dir='ltr'><strong>ι</strong></span> <span class='ocrx_word' id='word_1_783' title='bbox 1216 4701 1276 4754; x_wconf 84' lang='lat' dir='ltr'><strong>Et</strong></span> <span class='ocrx_word' id='word_1_784' title='bbox 1319 4703 1508 4756; x_wconf 89' lang='lat' dir='ltr'><strong>iterum</strong></span> <span class='ocrx_word' id='word_1_785' title='bbox 1545 4705 1586 4735; x_wconf 76' lang='grc'><strong>⁸⁷</strong></span> <span class='ocrx_word' id='word_1_786' title='bbox 1619 4722 1632 4758; x_wconf 89' lang='lat'><strong>:</strong></span> <span class='ocrx_word' id='word_1_787' title='bbox 1669 4723 1689 4756; x_wconf 72' lang='grc' dir='ltr'><strong>ι</strong></span> <span class='ocrx_word' id='word_1_788' title='bbox 1725 4705 1884 4760; x_wconf 83' lang='lat' dir='ltr'><strong>Aufe—</strong></span> 
     </span>
    </p>
   </div>
   <div class='ocr_carea' id='block_1_100' title="bbox 300 4786 1884 4857">
    <p class='ocr_par' dir='ltr' id='par_1_100' title="bbox 300 4786 1884 4857">
     <span class='ocr_line' id='line_1_101' title="bbox 300 4786 1884 4857; baseline 0.004 -14"><span class='ocrx_word' id='word_1_789' title='bbox 300 4798 459 4843; x_wconf 84' lang='lat' dir='ltr'><strong>retur</strong></span> <span class='ocrx_word' id='word_1_790' title='bbox 507 4789 758 4842; x_wconf 86' lang='lat' dir='ltr'><strong>maceria</strong></span> <span class='ocrx_word' id='word_1_791' title='bbox 803 4786 940 4854; x_wconf 87' lang='lat' dir='ltr'><strong>ejus,</strong></span> <span class='ocrx_word' id='word_1_792' title='bbox 979 4797 1034 4840; x_wconf 94' lang='lat' dir='ltr'><strong>et</strong></span> <span class='ocrx_word' id='word_1_793' title='bbox 1081 4789 1185 4840; x_wconf 91' lang='lat' dir='ltr'><strong>erit</strong></span> <span class='ocrx_word' id='word_1_794' title='bbox 1220 4790 1270 4842; x_wconf 94' lang='lat' dir='ltr'><strong>in</strong></span> <span class='ocrx_word' id='word_1_795' title='bbox 1296 4792 1746 4847; x_wconf 90' lang='lat' dir='ltr'><strong>conculcationem</strong></span> <span class='ocrx_word' id='word_1_796' title='bbox 1771 4833 1788 4857; x_wconf 93' lang='lat'><strong>,</strong></span> <span class='ocrx_word' id='word_1_797' title='bbox 1830 4808 1884 4849; x_wconf 89' lang='lat' dir='ltr'><strong>et</strong></span> 
     </span>
    </p>
   </div>
   <div class='ocr_carea' id='block_1_101' title="bbox 300 4877 1872 4946">
    <p class='ocr_par' dir='ltr' id='par_1_101' title="bbox 300 4877 1872 4946">
     <span class='ocr_line' id='line_1_102' title="bbox 300 4877 1872 4946; baseline 0.004 -16"><span class='ocrx_word' id='word_1_798' title='bbox 300 4879 575 4946; x_wconf 88' lang='lat' dir='ltr'><strong>diripient</strong></span> <span class='ocrx_word' id='word_1_799' title='bbox 609 4891 735 4930; x_wconf 89' lang='lat' dir='ltr'><strong>eam</strong></span> <span class='ocrx_word' id='word_1_800' title='bbox 769 4890 966 4928; x_wconf 87' lang='lat' dir='ltr'><strong>omnes</strong></span> <span class='ocrx_word' id='word_1_801' title='bbox 1003 4877 1093 4942; x_wconf 90' lang='lat' dir='ltr'><strong>qui</strong></span> <span class='ocrx_word' id='word_1_802' title='bbox 1135 4887 1406 4930; x_wconf 90' lang='lat' dir='ltr'><strong>transeunt</strong></span> <span class='ocrx_word' id='word_1_803' title='bbox 1431 4879 1566 4932; x_wconf 83' lang='lat' dir='ltr'><strong>viain</strong></span> <span class='ocrx_word' id='word_1_804' title='bbox 1603 4897 1662 4945; x_wconf 70' lang='lat' dir='ltr'><strong>t;</strong></span> <span class='ocrx_word' id='word_1_805' title='bbox 1701 4893 1754 4936; x_wconf 91' lang='lat' dir='ltr'><strong>et</strong></span> <span class='ocrx_word' id='word_1_806' title='bbox 1781 4884 1826 4914; x_wconf 79' lang='lat'>“</span> <span class='ocrx_word' id='word_1_807' title='bbox 1858 4900 1872 4935; x_wconf 88' lang='lat'><strong>:</strong></span> 
     </span>
    </p>
   </div>
   <div class='ocr_carea' id='block_1_102' title="bbox 305 4963 1879 5035">
    <p class='ocr_par' dir='ltr' id='par_1_102' title="bbox 305 4963 1879 5035">
     <span class='ocr_line' id='line_1_103' title="bbox 305 4963 1879 5035; baseline 0.004 -18"><span class='ocrx_word' id='word_1_808' title='bbox 305 4983 327 5017; x_wconf 74' lang='grc' dir='ltr'><strong>ι</strong></span> <span class='ocrx_word' id='word_1_809' title='bbox 365 4965 691 5034; x_wconf 77' lang='lat' dir='ltr'><strong>Singularis</strong></span> <span class='ocrx_word' id='word_1_810' title='bbox 730 4963 882 5016; x_wconf 87' lang='lat' dir='ltr'><strong>ferus</strong></span> <span class='ocrx_word' id='word_1_811' title='bbox 915 4965 1172 5029; x_wconf 82' lang='lat' dir='ltr'><strong>depascet</strong></span> <span class='ocrx_word' id='word_1_812' title='bbox 1206 4979 1341 5018; x_wconf 91' lang='lat' dir='ltr'><strong>eam.</strong></span> <span class='ocrx_word' id='word_1_813' title='bbox 1377 4984 1394 5015; x_wconf 77' lang='grc' dir='ltr'><strong>ι</strong></span> <span class='ocrx_word' id='word_1_814' title='bbox 1432 4966 1547 5020; x_wconf 67' lang='grc' dir='ltr'><strong>ΙΙωο</strong></span> <span class='ocrx_word' id='word_1_815' title='bbox 1579 4971 1808 5035; x_wconf 89' lang='lat' dir='ltr'><strong>patietur</strong></span> <span class='ocrx_word' id='word_1_816' title='bbox 1837 4974 1879 5024; x_wconf 92' lang='lat' dir='ltr'><strong>si</strong></span> 
     </span>
    </p>
   </div>
   <div class='ocr_carea' id='block_1_103' title="bbox 302 5051 1884 5125">
    <p class='ocr_par' dir='ltr' id='par_1_103' title="bbox 302 5051 1884 5125">
     <span class='ocr_line' id='line_1_104' title="bbox 302 5051 1884 5125; baseline 0.004 -18"><span class='ocrx_word' id='word_1_817' title='bbox 302 5071 405 5107; x_wconf 85' lang='lat' dir='ltr'><strong>nun</strong></span> <span class='ocrx_word' id='word_1_818' title='bbox 456 5054 792 5120; x_wconf 83' lang='lat' dir='ltr'><strong>acquiescat</strong></span> <span class='ocrx_word' id='word_1_819' title='bbox 839 5051 1074 5103; x_wconf 83' lang='lat' dir='ltr'><strong>monitis</strong></span> <span class='ocrx_word' id='word_1_820' title='bbox 1115 5053 1313 5119; x_wconf 85' lang='lat' dir='ltr'><strong>angeli,</strong></span> <span class='ocrx_word' id='word_1_821' title='bbox 1350 5055 1437 5120; x_wconf 88' lang='lat' dir='ltr'><strong>qui</strong></span> <span class='ocrx_word' id='word_1_822' title='bbox 1473 5056 1574 5108; x_wconf 86' lang='lat' dir='ltr'><strong>sibi</strong></span> <span class='ocrx_word' id='word_1_823' title='bbox 1612 5061 1884 5125; x_wconf 85' lang='lat' dir='ltr'><strong>appositus</strong></span> 
     </span>
    </p>
   </div>
   <div class='ocr_carea' id='block_1_104' title="bbox 301 5139 1884 5210">
    <p class='ocr_par' dir='ltr' id='par_1_104' title="bbox 301 5139 1884 5210">
     <span class='ocr_line' id='line_1_105' title="bbox 301 5139 1884 5210; baseline 0.004 -15"><span class='ocrx_word' id='word_1_824' title='bbox 301 5153 380 5195; x_wconf 68' lang='lat' dir='ltr'><strong>Cal.</strong></span> <span class='ocrx_word' id='word_1_825' title='bbox 421 5144 493 5195; x_wconf 89' lang='lat' dir='ltr'><strong>ad</strong></span> <span class='ocrx_word' id='word_1_826' title='bbox 538 5141 810 5194; x_wconf 86' lang='lat' dir='ltr'><strong>salutem.</strong></span> <span class='ocrx_word' id='word_1_827' title='bbox 844 5139 947 5191; x_wconf 87' lang='lat' dir='ltr'><strong>Sui</strong></span> <span class='ocrx_word' id='word_1_828' title='bbox 981 5154 1218 5205; x_wconf 84' lang='lat' dir='ltr'><strong>namque</strong></span> <span class='ocrx_word' id='word_1_829' title='bbox 1253 5141 1451 5194; x_wconf 87' lang='lat' dir='ltr'><strong>arbitrii</strong></span> <span class='ocrx_word' id='word_1_830' title='bbox 1481 5153 1560 5196; x_wconf 88' lang='lat' dir='ltr'><strong>est</strong></span> <span class='ocrx_word' id='word_1_831' title='bbox 1591 5146 1763 5198; x_wconf 89' lang='lat' dir='ltr'><strong>anima</strong></span> <span class='ocrx_word' id='word_1_832' title='bbox 1786 5187 1802 5210; x_wconf 95' lang='lat'><strong>,</strong></span> <span class='ocrx_word' id='word_1_833' title='bbox 1830 5161 1884 5201; x_wconf 91' lang='lat' dir='ltr'><strong>et</strong></span> 
     </span>
    </p>
   </div>
   <div class='ocr_carea' id='block_1_105' title="bbox 366 5248 1526 5312">
    <p class='ocr_par' dir='ltr' id='par_1_105' title="bbox 366 5248 1526 5312">
     <span class='ocr_line' id='line_1_106' title="bbox 366 5248 1526 5312; baseline -0.002 -6"><span class='ocrx_word' id='word_1_834' title='bbox 366 5254 460 5306; x_wconf 80' lang='lat' dir='ltr'><strong>&quot;l</strong></span> <span class='ocrx_word' id='word_1_835' title='bbox 499 5255 636 5307; x_wconf 85' lang='lat' dir='ltr'><strong>Cor.</strong></span> <span class='ocrx_word' id='word_1_836' title='bbox 678 5266 780 5312; x_wconf 77' lang='lat' dir='ltr'><strong>xu,</strong></span> <span class='ocrx_word' id='word_1_837' title='bbox 824 5249 885 5300; x_wconf 74' lang='lat'><strong>2.</strong></span> <span class='ocrx_word' id='word_1_838' title='bbox 1002 5248 1239 5302; x_wconf 74' lang='lat' dir='ltr'><strong>“Matth.</strong></span> <span class='ocrx_word' id='word_1_839' title='bbox 1273 5252 1526 5311; x_wconf 77' lang='lat' dir='ltr'><strong>xvm,10.</strong></span> 
     </span>
    </p>
   </div>
   <div class='ocr_carea' id='block_1_106' title="bbox 299 5318 903 5380">
    <p class='ocr_par' dir='ltr' id='par_1_106' title="bbox 299 5318 903 5380">
     <span class='ocr_line' id='line_1_107' title="bbox 299 5318 903 5380; baseline -0.012 -7"><span class='ocrx_word' id='word_1_840' title='bbox 299 5321 555 5376; x_wconf 70' lang='lat' dir='ltr'><strong>&quot;Matth.</strong></span> <span class='ocrx_word' id='word_1_841' title='bbox 577 5334 782 5380; x_wconf 77' lang='lat' dir='ltr'><strong>xxvm,</strong></span> <span class='ocrx_word' id='word_1_842' title='bbox 802 5318 903 5368; x_wconf 80' lang='lat'><strong>9.0.</strong></span> 
     </span>
    </p>
   </div>
   <div class='ocr_carea' id='block_1_107' title="bbox 300 5383 1867 5455">
    <p class='ocr_par' dir='ltr' id='par_1_107' title="bbox 300 5383 1867 5455">
     <span class='ocr_line' id='line_1_108' title="bbox 300 5383 1867 5455; baseline 0.004 -15"><span class='ocrx_word' id='word_1_843' title='bbox 300 5389 484 5444; x_wconf 77' lang='lat' dir='ltr'><strong>&quot;Act.</strong></span> <span class='ocrx_word' id='word_1_844' title='bbox 521 5403 648 5449; x_wconf 78' lang='lat' dir='ltr'><strong>xm,</strong></span> <span class='ocrx_word' id='word_1_845' title='bbox 679 5385 738 5437; x_wconf 80' lang='lat'><strong>2.</strong></span> <span class='ocrx_word' id='word_1_846' title='bbox 821 5384 872 5413; x_wconf 78' lang='lat'><strong>“</strong></span> <span class='ocrx_word' id='word_1_847' title='bbox 913 5383 1048 5434; x_wconf 85' lang='lat' dir='ltr'><strong>Act.</strong></span> <span class='ocrx_word' id='word_1_848' title='bbox 1089 5398 1198 5433; x_wconf 76' lang='grc' dir='ltr'><strong>χχι.</strong></span> <span class='ocrx_word' id='word_1_849' title='bbox 1272 5387 1310 5416; x_wconf 82' lang='grc'>³⁷</span> <span class='ocrx_word' id='word_1_850' title='bbox 1358 5386 1504 5438; x_wconf 83' lang='grc' dir='ltr'><strong><em>Νυιιι.</em></strong></span> <span class='ocrx_word' id='word_1_851' title='bbox 1549 5405 1672 5452; x_wconf 73' lang='lat' dir='ltr'><strong>xxv,</strong></span> <span class='ocrx_word' id='word_1_852' title='bbox 1721 5393 1776 5455; x_wconf 79' lang='lat'><strong>3,</strong></span> <span class='ocrx_word' id='word_1_853' title='bbox 1815 5393 1867 5446; x_wconf 70' lang='grc'><strong>4.</strong></span> 
     </span>
    </p>
   </div>
   <div class='ocr_carea' id='block_1_108' title="bbox 355 5491 1870 5568">
    <p class='ocr_par' dir='ltr' id='par_1_108' title="bbox 355 5491 1870 5568">
     <span class='ocr_line' id='line_1_109' title="bbox 355 5491 1870 5568; baseline 0 -21"><span class='ocrx_word' id='word_1_854' title='bbox 355 5498 472 5568; x_wconf 86' lang='grc'><strong>(97)</strong></span> <span class='ocrx_word' id='word_1_855' title='bbox 496 5497 687 5568; x_wconf 49' lang='lat' dir='ltr'><strong>Adest</strong></span> <span class='ocrx_word' id='word_1_856' title='bbox 713 5491 1027 5568; x_wconf 63' lang='lat' dir='ltr'><strong>unicuique</strong></span> <span class='ocrx_word' id='word_1_857' title='bbox 1059 5501 1302 5568; x_wconf 57' lang='lat' dir='ltr'><strong>nostrum,</strong></span> <span class='ocrx_word' id='word_1_858' title='bbox 1327 5501 1420 5545; x_wconf 90' lang='lat' dir='ltr'><strong>etc.</strong></span> <span class='ocrx_word' id='word_1_859' title='bbox 1449 5495 1575 5568; x_wconf 78' lang='lat' dir='ltr'><strong>Quid</strong></span> <span class='ocrx_word' id='word_1_860' title='bbox 1608 5500 1674 5550; x_wconf 87' lang='lat' dir='ltr'><strong>de</strong></span> <span class='ocrx_word' id='word_1_861' title='bbox 1702 5513 1870 5568; x_wconf 65' lang='lat' dir='ltr'><strong>auge-</strong></span> 
     </span>
    </p>
   </div>
   <div class='ocr_carea' id='block_1_109' title="bbox 300 5557 1878 5631">
    <p class='ocr_par' dir='ltr' id='par_1_109' title="bbox 300 5557 1878 5631">
     <span class='ocr_line' id='line_1_110' title="bbox 300 5557 1878 5631; baseline 0.002 -10"><span class='ocrx_word' id='word_1_862' title='bbox 300 5557 715 5622; x_wconf 48' lang='lat' dir='ltr'><strong>iis‘tnt&#39;claribns</strong></span> <span class='ocrx_word' id='word_1_863' title='bbox 742 5560 1028 5625; x_wconf 87' lang='lat' dir='ltr'><strong>opinatus</strong></span> <span class='ocrx_word' id='word_1_864' title='bbox 1063 5558 1132 5607; x_wconf 85' lang='lat' dir='ltr'><strong>sit</strong></span> <span class='ocrx_word' id='word_1_865' title='bbox 1157 5557 1408 5626; x_wconf 85' lang='lat' dir='ltr'><strong>Origenes,</strong></span> <span class='ocrx_word' id='word_1_866' title='bbox 1436 5557 1541 5617; x_wconf 79' lang='lat' dir='ltr'><strong>vide</strong></span> <span class='ocrx_word' id='word_1_867' title='bbox 1574 5567 1712 5631; x_wconf 86' lang='lat' dir='ltr'><strong>apud</strong></span> <span class='ocrx_word' id='word_1_868' title='bbox 1739 5557 1878 5624; x_wconf 76' lang='grc' dir='ltr'><strong>ΙΙῖιρ-</strong></span> 
     </span>
    </p>
   </div>
   <div class='ocr_carea' id='block_1_110' title="bbox 989 5257 1889 5388">
    <p class='ocr_par' dir='ltr' id='par_1_110' title="bbox 989 5257 1885 5388">
     <span class='ocr_line' id='line_1_111' title="bbox 1002 5257 1885 5325; baseline 0.016 -28"><span class='ocrx_word' id='word_1_869' title='bbox 1002 5257 1239 5302; x_wconf 77' lang='lat' dir='ltr'><strong>“lellll.</strong></span> <span class='ocrx_word' id='word_1_870' title='bbox 1273 5267 1414 5311; x_wconf 79' lang='lat' dir='ltr'><strong>xvttt,</strong></span> <span class='ocrx_word' id='word_1_871' title='bbox 1445 5257 1526 5304; x_wconf 83' lang='grc'><strong>10.</strong></span> <span class='ocrx_word' id='word_1_872' title='bbox 1635 5257 1679 5286; x_wconf 77' lang='grc'><strong>’⁸</strong></span> <span class='ocrx_word' id='word_1_873' title='bbox 1723 5259 1885 5325; x_wconf 88' lang='lat' dir='ltr'><strong>Apoc.</strong></span> 
     </span>
     <span class='ocr_line' id='line_1_112' title="bbox 989 5314 1879 5388; baseline 0.015 -24"><span class='ocrx_word' id='word_1_874' title='bbox 989 5315 1037 5345; x_wconf 75' lang='grc'><strong>³⁸</strong></span> <span class='ocrx_word' id='word_1_875' title='bbox 1059 5314 1212 5368; x_wconf 81' lang='lat' dir='ltr'><strong>Joan.</strong></span> <span class='ocrx_word' id='word_1_876' title='bbox 1239 5318 1427 5388; x_wconf 40' lang='lat' dir='ltr'><strong>xiixii.</strong></span> <span class='ocrx_word' id='word_1_877' title='bbox 1500 5321 1538 5351; x_wconf 86' lang='grc'><strong>³¹</strong></span> <span class='ocrx_word' id='word_1_878' title='bbox 1565 5322 1748 5377; x_wconf 79' lang='lat' dir='ltr'><strong>Matth.</strong></span> <span class='ocrx_word' id='word_1_879' title='bbox 1767 5341 1879 5386; x_wconf 78' lang='lat' dir='ltr'><strong>vnt,</strong></span> 
     </span>
    </p>
   </div>
   <div class='ocr_carea' id='block_1_111' title="bbox 1999 5257 3510 5388">
    <p class='ocr_par' dir='ltr' id='par_1_111' title="bbox 2065 5257 3510 5388">
     <span class='ocr_line' id='line_1_113' title="bbox 2094 5257 3508 5320; baseline -0.006 -10"><span class='ocrx_word' id='word_1_880' title='bbox 2094 5261 2137 5290; x_wconf 73' lang='lat'><strong>&quot;‘</strong></span> <span class='ocrx_word' id='word_1_881' title='bbox 2162 5259 2258 5312; x_wconf 88' lang='lat' dir='ltr'><strong>lsa.</strong></span> <span class='ocrx_word' id='word_1_882' title='bbox 2293 5272 2331 5319; x_wconf 84' lang='grc' dir='ltr'><strong><em>ι,</em></strong></span> <span class='ocrx_word' id='word_1_883' title='bbox 2360 5257 2410 5309; x_wconf 84' lang='grc'><strong>8.</strong></span> <span class='ocrx_word' id='word_1_884' title='bbox 2511 5258 2552 5288; x_wconf 76' lang='grc'><strong>⁸⁷</strong></span> <span class='ocrx_word' id='word_1_885' title='bbox 2581 5257 2679 5308; x_wconf 85' lang='lat' dir='ltr'><strong>lsa.</strong></span> <span class='ocrx_word' id='word_1_886' title='bbox 2712 5271 2759 5320; x_wconf 89' lang='lat' dir='ltr'><strong>v,</strong></span> <span class='ocrx_word' id='word_1_887' title='bbox 2793 5257 2846 5308; x_wconf 96' lang='lat'><strong>5.</strong></span> <span class='ocrx_word' id='word_1_888' title='bbox 2953 5257 2994 5284; x_wconf 82' lang='grc'><strong>³⁸</strong></span> <span class='ocrx_word' id='word_1_889' title='bbox 3029 5257 3169 5304; x_wconf 87' lang='lat' dir='ltr'><strong>Psal.</strong></span> <span class='ocrx_word' id='word_1_890' title='bbox 3208 5265 3388 5311; x_wconf 76' lang='lat' dir='ltr'><strong>anx,</strong></span> <span class='ocrx_word' id='word_1_891' title='bbox 3424 5257 3508 5302; x_wconf 85' lang='grc'><strong>14.</strong></span> 
     </span>
     <span class='ocr_line' id='line_1_114' title="bbox 2065 5319 3510 5388; baseline -0.006 -7"><span class='ocrx_word' id='word_1_892' title='bbox 2065 5327 2107 5356; x_wconf 77' lang='grc'><em>³³</em></span> <span class='ocrx_word' id='word_1_893' title='bbox 2132 5327 2253 5380; x_wconf 86' lang='lat' dir='ltr'><strong>Luc.</strong></span> <span class='ocrx_word' id='word_1_894' title='bbox 2283 5341 2352 5388; x_wconf 71' lang='grc' dir='ltr'><strong>ιχ,</strong></span> <span class='ocrx_word' id='word_1_895' title='bbox 2371 5326 2455 5378; x_wconf 72' lang='grc'><strong>62.</strong></span> <span class='ocrx_word' id='word_1_896' title='bbox 2531 5326 2573 5356; x_wconf 86' lang='grc'><strong>³³</strong></span> <span class='ocrx_word' id='word_1_897' title='bbox 2603 5325 2752 5376; x_wconf 79' lang='lat' dir='ltr'><strong>Jnan.</strong></span> <span class='ocrx_word' id='word_1_898' title='bbox 2775 5337 2844 5383; x_wconf 75' lang='lat' dir='ltr'><strong>vr,</strong></span> <span class='ocrx_word' id='word_1_899' title='bbox 2875 5321 2960 5371; x_wconf 73' lang='grc' dir='ltr'><strong>Μ.</strong></span> <span class='ocrx_word' id='word_1_900' title='bbox 3013 5319 3057 5350; x_wconf 68' lang='grc'>³⁵</span> <span class='ocrx_word' id='word_1_901' title='bbox 3086 5321 3271 5373; x_wconf 77' lang='lat' dir='ltr'><strong>Matth.</strong></span> <span class='ocrx_word' id='word_1_902' title='bbox 3298 5330 3432 5382; x_wconf 61' lang='lat' dir='ltr'><strong>aut,</strong></span> <span class='ocrx_word' id='word_1_903' title='bbox 3455 5319 3510 5372; x_wconf 85' lang='lat'><strong>9.</strong></span> 
     </span>
    </p>
   </div>
   <div class='ocr_carea' id='block_1_112' title="bbox 1981 4433 3509 4500">
    <p class='ocr_par' dir='ltr' id='par_1_112' title="bbox 1981 4433 3509 4500">
     <span class='ocr_line' id='line_1_115' title="bbox 1981 4433 3509 4500; baseline -0.004 -10"><span class='ocrx_word' id='word_1_904' title='bbox 1981 4452 2072 4494; x_wconf 86' lang='lat' dir='ltr'><strong>eos</strong></span> <span class='ocrx_word' id='word_1_905' title='bbox 2102 4453 2116 4500; x_wconf 92' lang='lat'><strong>;</strong></span> <span class='ocrx_word' id='word_1_906' title='bbox 2149 4435 2190 4488; x_wconf 92' lang='lat' dir='ltr'><strong>si</strong></span> <span class='ocrx_word' id='word_1_907' title='bbox 2222 4434 2357 4488; x_wconf 85' lang='lat' dir='ltr'><strong>Deus</strong></span> <span class='ocrx_word' id='word_1_908' title='bbox 2380 4433 2560 4496; x_wconf 90' lang='lat' dir='ltr'><strong>Pater,</strong></span> <span class='ocrx_word' id='word_1_909' title='bbox 2596 4434 2638 4486; x_wconf 89' lang='lat' dir='ltr'><strong>si</strong></span> <span class='ocrx_word' id='word_1_910' title='bbox 2683 4433 2868 4498; x_wconf 87' lang='lat' dir='ltr'><strong>Filius,</strong></span> <span class='ocrx_word' id='word_1_911' title='bbox 2908 4434 2952 4487; x_wconf 88' lang='lat' dir='ltr'><strong>si</strong></span> <span class='ocrx_word' id='word_1_912' title='bbox 2999 4433 3228 4500; x_wconf 89' lang='lat' dir='ltr'><strong>Spiritus</strong></span> <span class='ocrx_word' id='word_1_913' title='bbox 3277 4441 3509 4493; x_wconf 86' lang='lat' dir='ltr'><strong>sanctus.</strong></span> 
     </span>
    </p>
   </div>
   <div class='ocr_carea' id='block_1_113' title="bbox 1982 4523 3512 4591">
    <p class='ocr_par' dir='ltr' id='par_1_113' title="bbox 1982 4523 3512 4591">
     <span class='ocr_line' id='line_1_116' title="bbox 1982 4523 3512 4591; baseline -0.004 -10"><span class='ocrx_word' id='word_1_914' title='bbox 1982 4544 2085 4581; x_wconf 87' lang='lat' dir='ltr'><strong>non</strong></span> <span class='ocrx_word' id='word_1_915' title='bbox 2120 4526 2288 4578; x_wconf 90' lang='lat' dir='ltr'><strong>solum</strong></span> <span class='ocrx_word' id='word_1_916' title='bbox 2337 4525 2619 4576; x_wconf 88' lang='lat' dir='ltr'><strong>hortantur</strong></span> <span class='ocrx_word' id='word_1_917' title='bbox 2660 4533 2712 4576; x_wconf 90' lang='lat' dir='ltr'><strong>et</strong></span> <span class='ocrx_word' id='word_1_918' title='bbox 2744 4534 3068 4591; x_wconf 89' lang='lat' dir='ltr'><strong>provocant,</strong></span> <span class='ocrx_word' id='word_1_919' title='bbox 3099 4523 3192 4578; x_wconf 88' lang='lat' dir='ltr'><strong>sed</strong></span> <span class='ocrx_word' id='word_1_920' title='bbox 3220 4532 3274 4576; x_wconf 89' lang='lat' dir='ltr'><strong>et</strong></span> <span class='ocrx_word' id='word_1_921' title='bbox 3303 4533 3512 4590; x_wconf 85' lang='lat' dir='ltr'><strong>pertra—</strong></span> 
     </span>
    </p>
   </div>
   <div class='ocr_carea' id='block_1_114' title="bbox 1980 4613 3514 4680">
    <p class='ocr_par' dir='ltr' id='par_1_114' title="bbox 1980 4613 3514 4680">
     <span class='ocr_line' id='line_1_117' title="bbox 1980 4613 3514 4680; baseline -0.001 -13"><span class='ocrx_word' id='word_1_922' title='bbox 1980 4616 2132 4675; x_wconf 91' lang='lat' dir='ltr'><strong>hunt,</strong></span> <span class='ocrx_word' id='word_1_923' title='bbox 2175 4613 2439 4680; x_wconf 87' lang='lat' dir='ltr'><strong>quomodo</strong></span> <span class='ocrx_word' id='word_1_924' title='bbox 2486 4625 2589 4664; x_wconf 93' lang='lat' dir='ltr'><strong>non</strong></span> <span class='ocrx_word' id='word_1_925' title='bbox 2648 4616 2810 4665; x_wconf 88' lang='lat' dir='ltr'><strong>multo</strong></span> <span class='ocrx_word' id='word_1_926' title='bbox 2856 4613 3024 4678; x_wconf 90' lang='lat' dir='ltr'><strong>major</strong></span> <span class='ocrx_word' id='word_1_927' title='bbox 3066 4628 3193 4666; x_wconf 90' lang='lat' dir='ltr'><strong>cura</strong></span> <span class='ocrx_word' id='word_1_928' title='bbox 3239 4628 3334 4679; x_wconf 93' lang='lat' dir='ltr'><strong>pro</strong></span> <span class='ocrx_word' id='word_1_929' title='bbox 3361 4613 3514 4667; x_wconf 83' lang='lat' dir='ltr'><strong>nobis</strong></span> 
     </span>
    </p>
   </div>
   <div class='ocr_carea' id='block_1_115' title="bbox 1979 4702 3516 4772">
    <p class='ocr_par' dir='ltr' id='par_1_115' title="bbox 1979 4702 3516 4772">
     <span class='ocr_line' id='line_1_118' title="bbox 1979 4702 3516 4772; baseline -0.001 -17"><span class='ocrx_word' id='word_1_930' title='bbox 1979 4703 2178 4772; x_wconf 89' lang='lat' dir='ltr'><strong>geritur</strong></span> <span class='ocrx_word' id='word_1_931' title='bbox 2215 4702 2280 4755; x_wconf 86' lang='lat' dir='ltr'><strong>ad</strong></span> <span class='ocrx_word' id='word_1_932' title='bbox 2310 4703 2556 4765; x_wconf 87' lang='lat' dir='ltr'><strong>salutem,</strong></span> <span class='ocrx_word' id='word_1_933' title='bbox 2578 4717 2736 4769; x_wconf 91' lang='lat' dir='ltr'><strong>quam</strong></span> <span class='ocrx_word' id='word_1_934' title='bbox 2763 4704 2828 4755; x_wconf 92' lang='lat' dir='ltr'><strong>ab</strong></span> <span class='ocrx_word' id='word_1_935' title='bbox 2856 4703 3178 4757; x_wconf 90' lang='lat' dir='ltr'><strong>adversariis</strong></span> <span class='ocrx_word' id='word_1_936' title='bbox 3201 4712 3516 4770; x_wconf 91' lang='lat' dir='ltr'><strong>procuretur</strong></span> 
     </span>
    </p>
   </div>
   <div class='ocr_carea' id='block_1_116' title="bbox 1983 4791 3511 4861">
    <p class='ocr_par' dir='ltr' id='par_1_116' title="bbox 1983 4791 3511 4861">
     <span class='ocr_line' id='line_1_119' title="bbox 1983 4791 3511 4861; baseline 0 -17"><span class='ocrx_word' id='word_1_937' title='bbox 1983 4793 2046 4844; x_wconf 88' lang='lat' dir='ltr'><strong>ad</strong></span> <span class='ocrx_word' id='word_1_938' title='bbox 2081 4793 2339 4846; x_wconf 88' lang='lat' dir='ltr'><strong>mortem?</strong></span> <span class='ocrx_word' id='word_1_939' title='bbox 2367 4791 2487 4846; x_wconf 69' lang='lat' dir='ltr'><strong>llrec</strong></span> <span class='ocrx_word' id='word_1_940' title='bbox 2508 4802 2683 4846; x_wconf 87' lang='lat' dir='ltr'><strong>autem</strong></span> <span class='ocrx_word' id='word_1_941' title='bbox 2716 4794 2854 4846; x_wconf 87' lang='lat' dir='ltr'><strong>dicta</strong></span> <span class='ocrx_word' id='word_1_942' title='bbox 2886 4793 2993 4846; x_wconf 92' lang='lat' dir='ltr'><strong>sint</strong></span> <span class='ocrx_word' id='word_1_943' title='bbox 3018 4809 3112 4860; x_wconf 91' lang='lat' dir='ltr'><strong>pro</strong></span> <span class='ocrx_word' id='word_1_944' title='bbox 3134 4807 3197 4847; x_wconf 92' lang='lat' dir='ltr'><strong>eo</strong></span> <span class='ocrx_word' id='word_1_945' title='bbox 3217 4793 3352 4861; x_wconf 89' lang='lat' dir='ltr'><strong>quod</strong></span> <span class='ocrx_word' id='word_1_946' title='bbox 3385 4807 3511 4847; x_wconf 84' lang='lat' dir='ltr'><strong>con-</strong></span> 
     </span>
    </p>
   </div>
   <div class='ocr_carea' id='block_1_117' title="bbox 1985 4878 2952 4948">
    <p class='ocr_par' dir='ltr' id='par_1_117' title="bbox 1985 4878 2952 4948">
     <span class='ocr_line' id='line_1_120' title="bbox 1985 4878 2952 4948; baseline 0 -15"><span class='ocrx_word' id='word_1_947' title='bbox 1985 4889 2220 4933; x_wconf 89' lang='lat' dir='ltr'><strong>secratus</strong></span> <span class='ocrx_word' id='word_1_948' title='bbox 2249 4888 2332 4932; x_wconf 89' lang='lat' dir='ltr'><strong>est</strong></span> <span class='ocrx_word' id='word_1_949' title='bbox 2369 4879 2590 4947; x_wconf 91' lang='lat' dir='ltr'><strong>populus</strong></span> <span class='ocrx_word' id='word_1_950' title='bbox 2608 4878 2952 4948; x_wconf 84' lang='lat' dir='ltr'><strong>Beelphcgor.</strong></span> 
     </span>
    </p>
   </div>
   <div class='ocr_carea' id='block_1_118' title="bbox 2053 4965 3513 5038">
    <p class='ocr_par' dir='ltr' id='par_1_118' title="bbox 2053 4965 3513 5038">
     <span class='ocr_line' id='line_1_121' title="bbox 2053 4965 3513 5038; baseline -0.002 -18"><span class='ocrx_word' id='word_1_951' title='bbox 2053 4969 2106 5020; x_wconf 87' lang='grc'><strong>4.</strong></span> <span class='ocrx_word' id='word_1_952' title='bbox 2147 4985 2164 5016; x_wconf 74' lang='grc' dir='ltr'><strong>ε</strong></span> <span class='ocrx_word' id='word_1_953' title='bbox 2203 4968 2266 5020; x_wconf 76' lang='lat' dir='ltr'><strong>Et</strong></span> <span class='ocrx_word' id='word_1_954' title='bbox 2321 4969 2485 5038; x_wconf 86' lang='lat' dir='ltr'><strong>iratus</strong></span> <span class='ocrx_word' id='word_1_955' title='bbox 2547 4977 2647 5031; x_wconf 91' lang='lat' dir='ltr'><strong>est,</strong></span> <span class='ocrx_word' id='word_1_956' title='bbox 2708 4970 2872 5033; x_wconf 87' lang='lat' dir='ltr'><strong>inquit</strong></span> <span class='ocrx_word' id='word_1_957' title='bbox 2933 4969 2997 5030; x_wconf 74' lang='grc' dir='ltr'><strong>³τ,</strong></span> <span class='ocrx_word' id='word_1_958' title='bbox 3047 4966 3221 5020; x_wconf 90' lang='lat' dir='ltr'><strong>furore</strong></span> <span class='ocrx_word' id='word_1_959' title='bbox 3262 4965 3513 5018; x_wconf 86' lang='lat' dir='ltr'><strong>Dominus</strong></span> 
     </span>
    </p>
   </div>
   <div class='ocr_carea' id='block_1_119' title="bbox 1987 5053 3512 5118">
    <p class='ocr_par' dir='ltr' id='par_1_119' title="bbox 1987 5053 3512 5118">
     <span class='ocr_line' id='line_1_122' title="bbox 1987 5053 3512 5118; baseline -0.005 -8"><span class='ocrx_word' id='word_1_960' title='bbox 1987 5067 2170 5110; x_wconf 90' lang='lat' dir='ltr'><strong>contra</strong></span> <span class='ocrx_word' id='word_1_961' title='bbox 2208 5056 2386 5117; x_wconf 89' lang='lat' dir='ltr'><strong>Israel,</strong></span> <span class='ocrx_word' id='word_1_962' title='bbox 2417 5065 2469 5108; x_wconf 90' lang='lat' dir='ltr'><strong>et</strong></span> <span class='ocrx_word' id='word_1_963' title='bbox 2498 5056 2632 5108; x_wconf 83' lang='lat' dir='ltr'><strong>dixit</strong></span> <span class='ocrx_word' id='word_1_964' title='bbox 2665 5057 2915 5108; x_wconf 89' lang='lat' dir='ltr'><strong>Dominus</strong></span> <span class='ocrx_word' id='word_1_965' title='bbox 2960 5055 3026 5106; x_wconf 91' lang='lat' dir='ltr'><strong>ad</strong></span> <span class='ocrx_word' id='word_1_966' title='bbox 3056 5053 3267 5118; x_wconf 79' lang='lat' dir='ltr'><strong>Moysen</strong></span> <span class='ocrx_word' id='word_1_967' title='bbox 3299 5071 3313 5106; x_wconf 88' lang='lat'><strong>:</strong></span> <span class='ocrx_word' id='word_1_968' title='bbox 3347 5053 3512 5106; x_wconf 85' lang='lat' dir='ltr'><strong>Assu-</strong></span> 
     </span>
    </p>
   </div>
   <div class='ocr_carea' id='block_1_120' title="bbox 1989 5142 3510 5212">
    <p class='ocr_par' dir='ltr' id='par_1_120' title="bbox 1989 5142 3510 5212">
     <span class='ocr_line' id='line_1_123' title="bbox 1989 5142 3510 5212; baseline -0.003 -15"><span class='ocrx_word' id='word_1_969' title='bbox 1989 5161 2070 5198; x_wconf 91' lang='lat' dir='ltr'><strong>me</strong></span> <span class='ocrx_word' id='word_1_970' title='bbox 2100 5146 2361 5212; x_wconf 90' lang='lat' dir='ltr'><strong>principes</strong></span> <span class='ocrx_word' id='word_1_971' title='bbox 2395 5145 2591 5211; x_wconf 84' lang='lat' dir='ltr'><strong>populi,</strong></span> <span class='ocrx_word' id='word_1_972' title='bbox 2623 5154 2676 5198; x_wconf 91' lang='lat' dir='ltr'><strong>et</strong></span> <span class='ocrx_word' id='word_1_973' title='bbox 2703 5155 2908 5197; x_wconf 81' lang='lat' dir='ltr'><strong>ostenta</strong></span> <span class='ocrx_word' id='word_1_974' title='bbox 2945 5143 3060 5194; x_wconf 90' lang='lat' dir='ltr'><strong>illos</strong></span> <span class='ocrx_word' id='word_1_975' title='bbox 3087 5142 3306 5194; x_wconf 89' lang='lat' dir='ltr'><strong>Domino</strong></span> <span class='ocrx_word' id='word_1_976' title='bbox 3327 5149 3510 5193; x_wconf 83' lang='lat' dir='ltr'><strong>contra</strong></span> 
     </span>
    </p>
   </div>
   <div class='ocr_carea' id='block_1_121' title="bbox 2094 5251 3508 5319">
    <p class='ocr_par' dir='ltr' id='par_1_121' title="bbox 2094 5251 3508 5319">
     <span class='ocr_line' id='line_1_124' title="bbox 2094 5251 3508 5319; baseline -0.006 -9"><span class='ocrx_word' id='word_1_977' title='bbox 2094 5261 2137 5290; x_wconf 74' lang='lat'><strong>&quot;‘</strong></span> <span class='ocrx_word' id='word_1_978' title='bbox 2162 5259 2258 5312; x_wconf 88' lang='lat' dir='ltr'><strong>lsa.</strong></span> <span class='ocrx_word' id='word_1_979' title='bbox 2293 5272 2331 5319; x_wconf 85' lang='grc' dir='ltr'><strong><em>ι,</em></strong></span> <span class='ocrx_word' id='word_1_980' title='bbox 2360 5257 2410 5309; x_wconf 84' lang='grc'><strong>3.</strong></span> <span class='ocrx_word' id='word_1_981' title='bbox 2511 5258 2552 5288; x_wconf 76' lang='grc'><strong>⁸⁷</strong></span> <span class='ocrx_word' id='word_1_982' title='bbox 2581 5257 2679 5308; x_wconf 84' lang='lat' dir='ltr'><strong>lsa.</strong></span> <span class='ocrx_word' id='word_1_983' title='bbox 2712 5271 2759 5319; x_wconf 90' lang='lat' dir='ltr'><strong>v,</strong></span> <span class='ocrx_word' id='word_1_984' title='bbox 2793 5256 2846 5308; x_wconf 95' lang='lat'><strong>5.</strong></span> <span class='ocrx_word' id='word_1_985' title='bbox 2953 5254 2994 5284; x_wconf 82' lang='grc'><strong>³⁸</strong></span> <span class='ocrx_word' id='word_1_986' title='bbox 3029 5252 3169 5304; x_wconf 86' lang='lat' dir='ltr'><strong>Psal.</strong></span> <span class='ocrx_word' id='word_1_987' title='bbox 3208 5265 3388 5311; x_wconf 73' lang='lat' dir='ltr'><strong>uxnx,</strong></span> <span class='ocrx_word' id='word_1_988' title='bbox 3424 5251 3508 5302; x_wconf 82' lang='grc'><strong>14.</strong></span> 
     </span>
    </p>
   </div>
   <div class='ocr_carea' id='block_1_122' title="bbox 2511 5256 2846 5320">
    <p class='ocr_par' dir='ltr' id='par_1_122' title="bbox 2511 5256 2846 5320">
     <span class='ocr_line' id='line_1_125' title="bbox 2511 5256 2846 5320; baseline 0 -12"><span class='ocrx_word' id='word_1_989' title='bbox 2511 5258 2552 5288; x_wconf 74' lang='grc'><strong>’⁷</strong></span> <span class='ocrx_word' id='word_1_990' title='bbox 2581 5257 2679 5308; x_wconf 84' lang='lat' dir='ltr'><strong>lsa.</strong></span> <span class='ocrx_word' id='word_1_991' title='bbox 2712 5271 2759 5320; x_wconf 89' lang='lat' dir='ltr'><strong>v,</strong></span> <span class='ocrx_word' id='word_1_992' title='bbox 2793 5256 2846 5308; x_wconf 95' lang='lat'><strong>5.</strong></span> 
     </span>
    </p>
   </div>
   <div class='ocr_carea' id='block_1_123' title="bbox 1978 5494 3510 5570">
    <p class='ocr_par' dir='ltr' id='par_1_123' title="bbox 1978 5494 3510 5570">
     <span class='ocr_line' id='line_1_126' title="bbox 1978 5494 3510 5570; baseline -0.004 -16"><span class='ocrx_word' id='word_1_993' title='bbox 1978 5504 2102 5556; x_wconf 86' lang='lat' dir='ltr'><strong>tium</strong></span> <span class='ocrx_word' id='word_1_994' title='bbox 2137 5504 2558 5570; x_wconf 74' lang='lat' dir='ltr'><strong>Origenianornm</strong></span> <span class='ocrx_word' id='word_1_995' title='bbox 2588 5501 2674 5552; x_wconf 85' lang='lat' dir='ltr'><strong>lib.</strong></span> <span class='ocrx_word' id='word_1_996' title='bbox 2717 5515 2776 5560; x_wconf 89' lang='lat' dir='ltr'><strong>ll,</strong></span> <span class='ocrx_word' id='word_1_997' title='bbox 2815 5504 2993 5563; x_wconf 62' lang='lat' dir='ltr'><strong>qua-st.</strong></span> <span class='ocrx_word' id='word_1_998' title='bbox 3034 5494 3087 5559; x_wconf 83' lang='lat'><strong>5,</strong></span> <span class='ocrx_word' id='word_1_999' title='bbox 3137 5511 3279 5551; x_wconf 90' lang='lat' dir='ltr'><strong>num.</strong></span> <span class='ocrx_word' id='word_1_1000' title='bbox 3314 5495 3396 5561; x_wconf 70' lang='lat'><strong>19,</strong></span> <span class='ocrx_word' id='word_1_1001' title='bbox 3420 5496 3510 5563; x_wconf 74' lang='lat'><strong>‘20,</strong></span> 
     </span>
    </p>
   </div>
   <div class='ocr_carea' id='block_1_124' title="bbox 1983 5571 2592 5636">
    <p class='ocr_par' dir='ltr' id='par_1_124' title="bbox 1983 5571 2592 5636">
     <span class='ocr_line' id='line_1_127' title="bbox 1983 5571 2592 5636; baseline -0.011 -12"><span class='ocrx_word' id='word_1_1002' title='bbox 1983 5574 2072 5636; x_wconf 52' lang='grc' dir='ltr'><strong>ιδ,</strong></span> <span class='ocrx_word' id='word_1_1003' title='bbox 2101 5574 2188 5636; x_wconf 76' lang='lat'><strong>27,</strong></span> <span class='ocrx_word' id='word_1_1004' title='bbox 2215 5575 2302 5634; x_wconf 68' lang='lat' dir='ltr'><strong>es,</strong></span> <span class='ocrx_word' id='word_1_1005' title='bbox 2335 5572 2401 5623; x_wconf 61' lang='grc' dir='ltr'><strong>(ξε)</strong></span> <span class='ocrx_word' id='word_1_1006' title='bbox 2425 5581 2474 5622; x_wconf 87' lang='lat' dir='ltr'><strong>cl</strong></span> <span class='ocrx_word' id='word_1_1007' title='bbox 2508 5571 2592 5621; x_wconf 75' lang='grc' dir='ltr'>δυ.</span> 
     </span>
    </p>
   </div>
  </div>
