3838 6198
405 356 506 408 735

410 465 596 527 solem,
632 471 682 516 et
703 469 972 515 avertetur
1017 460 1094 513 ira
1137 457 1332 512 furoris

413 556 598 609 Nescio
636 555 678 606 si
725 551 903 606 dehis
947 550 1292 610 disserentes,
1337 559 1440 599 non
1485 543 1808 597 oﬂ'endamus
1835 541 1934 592 ali-

411 657 546 711 quos
573 659 586 695 :
622 643 712 696 sed
755 649 810 694 et
851 641 895 693 si
924 636 1272 698 offendamus,
1302 633 1517 687 obedire
1548 631 1714 698 magis
1769 639 1819 682 et
1849 628 1937 680 de-

411 733 611 786 servire
659 736 866 796 oportet
909 726 1068 779 verbo
1102 723 1332 785 Domini,
1366 736 1521 789 quam
1553 720 1734 786 gratiae
1769 716 1938 768 homi.

410 835 558 874 num.
591 814 1032 878 Peccavitlsrael,
1058 823 1111 867 et
1145 813 1278 866 dixit
1316 810 1569 866 Dominus
1602 809 1666 860 ad
1702 807 1938 875 Moysen,

410 918 467 961 ut
490 915 722 961 assumat
756 920 942 958 omnes
967 904 1256 972 principes,
1291 909 1344 955 et
1371 908 1604 954 ostentet
1629 913 1721 952 eos
1759 897 1940 950 Domi-

413 1019 479 1056 no
500 1013 684 1055 contra
714 1000 899 1053 solem.
922 997 1154 1064 Populus
1177 1003 1379 1064 peccat,
1403 1003 1452 1048 et
1480 992 1748 1062 principes
1765 997 1944 1043 osten-

415 1106 590 1146 tantur
620 1101 804 1147 contra
831 1092 1016 1146 solem.
1063 1091 1222 1143 lidem
1268 1088 1332 1140 ad
1362 1085 1768 1141 examinandum
1823 1096 1944 1150 pro-

415 1186 697 1242 ducuntur,
735 1190 790 1233 ut
814 1190 1106 1248 arguantur
1135 1192 1164 1230 a
1197 1178 1338 1230 luce.
1380 1175 1541 1228 Vides
1565 1188 1681 1240 quae
1713 1173 1780 1226 sit
1818 1186 1946 1224 con-

415 1272 546 1325 ditio
577 1271 870 1338 principum
917 1268 1087 1336 populi
1127 1284 1138 1318 :
1174 1281 1278 1320 non
1331 1265 1502 1318 solum
1548 1277 1643 1331 pro
1671 1261 1784 1314 suis
1821 1274 1948 1327 pro-

416 1359 545 1426 priis
576 1367 867 1424 arguuntur
897 1356 1125 1418 delictis,
1155 1353 1244 1406 sed
1293 1361 1345 1404 et
1372 1366 1467 1419 pro
1499 1349 1674 1417 populi
1716 1346 1949 1414 peccatis

417 1455 682 1514 coguntur
706 1446 929 1499 reddere
982 1444 1262 1505 rationem,
1311 1457 1374 1494 ne
1413 1441 1644 1506 ipsorum
1695 1437 1764 1490 sit
1792 1435 1947 1502 culpa

419 1537 555 1603 quod
604 1536 827 1604 potiulus
862 1535 1116 1601 deliquit,
1161 1547 1225 1584 ne
1277 1530 1412 1583 forte
1463 1545 1564 1581 non
1624 1525 1947 1587 monnerint,

423 1641 590 1692 neque
616 1623 828 1678 solliciti
859 1622 1055 1675 fuerint
1077 1635 1297 1687 arguere
1321 1634 1410 1672 eos
1436 1618 1524 1686 qui
1553 1617 1754 1669 initium
1781 1613 1951 1680 culpa:

423 1714 686 1779 dederint,
715 1711 788 1764 uti
836 1725 901 1764 ne
939 1709 1182 1778 contagio
1213 1708 1608 1774 dispergeretur
1655 1702 1705 1754 in
1749 1701 1947 1770 plures.
1984 1738 2027 1794 Β

425 1801 546 1854 "me
574 1802 714 1854 enim
741 1800 916 1853 omnia
947 1797 1121 1853 facere
1147 1797 1474 1865 principibus
1509 1793 1746 1847 imminet
1774 1800 1827 1844 et
1857 1790 1953 1842 do-

423 1889 677 1942 ctoribus.
710 1888 764 1942 Si
802 1890 945 1940 enim
977 1887 1078 1939 illis
1105 1885 1216 1938 haec
1250 1899 1353 1938 non
1386 1882 1684 1950 agentibus,
1716 1893 1812 1931 nec
1847 1877 1954 1932 sol-

427 1976 750 2028 licitudinem
783 1975 1085 2044 gerentibus
1113 1973 1256 2026 circa
1287 1972 1488 2038 plebem
1517 1968 1822 2038 peccaverit
1865 1983 1958 2036 νου

425 2065 597 2133 pulus,
641 2067 739 2132 ipsi
769 2073 1126 2128 ostentantur,
1150 2070 1203 2117 et
1232 2061 1329 2129 ipsi
1369 2061 1431 2112 ad
1468 2059 1720 2127 judicium
1765 2058 1958 2126 produ-

427 2160 640 2206 cuntur.
685 2151 872 2221 Arguit
916 2151 1053 2203 enim
1103 2164 1194 2203 eos
1242 2149 1471 2216 Moyses,
1521 2147 1568 2199 id
1598 2153 1682 2199 est
1709 2145 1791 2198 lex
1844 2145 1958 2209 Dei,

428 2241 567 2295 velut
598 2241 920 2309 negligentes
949 2249 1000 2293 et
1032 2239 1263 2299 desides,
1296 2247 1350 2290 et
1383 2237 1432 2288 in
1495 2237 1635 2304 ipsos
1684 2242 1960 2289 converte-

431 2341 515 2381 tur
548 2328 821 2381 iracundia
855 2327 966 2393 Dei,
993 2336 1046 2380 et
1075 2325 1306 2378 cessabit
1338 2340 1365 2376 a
1398 2323 1608 2391 populo.
1643 2322 1765 2374 llaec
1792 2324 1833 2373 si
1870 2334 1960 2374 co-

429 2419 660 2483 gitarent
688 2418 952 2484 homines,
986 2430 1252 2483 nunquam
1281 2422 1556 2482 cuperent,
1581 2428 1674 2466 nec
1698 2411 1964 2465 ambirent

432 2509 493 2558 :ul
523 2507 698 2574 populi
732 2506 1104 2574 principatum.
1129 2502 1333 2556 Sullicit
1368 2502 1506 2556 enim
1547 2499 1673 2554 mihi
1707 2513 1804 2567 pro
1831 2497 1965 2551 meis

434 2601 662 2669 propriis
701 2600 850 2669 argui
879 2599 1107 2661 delictis,
1143 2596 1335 2651 sufficit
1363 2595 1490 2648 mihi
1527 2608 1622 2662 pro
1651 2591 1964 2659 memetipso

432 2699 487 2742 et
509 2688 740 2757 peccatis
769 2687 900 2741 meis
927 2687 1148 2740 reddere
1198 2685 1480 2739 rationem.
1517 2682 1651 2748 Quid
1695 2680 1824 2733 mihi
1869 2693 1962 2732 ne-

434 2791 580 2828 cesse
625 2784 708 2828 est
742 2775 899 2828 etiam
947 2789 1042 2842 pro
1086 2772 1263 2841 populi
1313 2771 1545 2842 peccatis
1583 2769 1865 2834 ostentari,
1914 2775 1966 2820 ct

434 2864 688 2919 ostentari
742 2873 924 2916 contra
990 2864 1177 2925 solem,
1229 2872 1350 2915 ante
1399 2875 1554 2929 quem
1609 2858 1738 2912 nihil
1793 2867 1965 2924 potest

435 2950 707 3011 abscondi,
739 2950 867 3002 nihil
901 2950 1205 3002 obscurari?
1255 2947 1359 3002 Sed
1406 2947 1649 3001 fortassis
1695 2947 1852 3000 etiam
1898 2946 1966 2999 sit

2035 477 2421 582 si
2450 477 2714 579 princeps
2741 511 2907 554 meus
2940 487 3227 563 (angelum
3248 481 3368 536 dico
3380 477 3475 582 qui
3494 477 3604 582 mihi

2035 622 2119 667 est
2143 573 2524 674 coﬁnsignatus)
2555 615 2664 653 non
2695 592 2904 654 defuit,
2933 585 3038 642 sed
3085 575 3419 674 commonuit
3447 575 3506 626 de
3526 573 3608 671 ho.

2037 700 2141 756 nis.
2170 706 2223 750 et
2246 659 2468 749 loeutus
2497 659 2585 744 est
2633 688 2689 738 in
2717 680 2896 737 corde
2942 688 3074 729 meo
3120 672 3178 723 in
3209 681 3276 719 eo
3306 663 3543 756 duntaxat
3565 659 3607 711 in

2039 801 2144 856 quo
2171 799 2257 839 me
2285 777 2626 837 conscientia
2663 767 2980 826 revocabat
3027 775 3059 814 a
3113 762 3370 855 peccato,
3532 763 3611 815 ego

2042 843 2368 941 contemptis
2408 869 2528 938 ejus
2559 862 2813 923 monitis,
2846 868 2906 910 et
2949 861 3145 922 spreto
3189 843 3615 941 conscientiae-re-

2045 930 2277 1016 tinaculo
2319 930 2568 1028 praeceps
2607 953 2662 1005 in
2712 956 2952 1018 peccata
3003 939 3246 1028 prorui,
3295 930 3617 1028 duplicabitur

2044 1050 2177 1103 mihi
2208 1019 2391 1115 paena,
2425 1019 2518 1098 vel
2565 1056 2664 1111 pro
2695 1044 3037 1102 contemptu
3091 1023 3398 1083 monitoris,
3442 1019 3617 1115 velpro

2047 1138 2291 1191 facinore
2325 1132 2631 1187 commissi.
2674 1128 2786 1184 Nec
2809 1121 3049 1178 mireris
3079 1130 3216 1172 sane
3245 1113 3291 1167 si
3329 1109 3530 1178 angelos
3554 1106 3618 1158 di-

2045 1228 2217 1280 cimus
2261 1225 2451 1278 venire
2507 1237 2635 1275 cum
2678 1215 3015 1272 hominibus
3075 1208 3146 1262 ad
3199 1202 3480 1274 judicium,
3521 1211 3620 1249 cum

2050 1315 2329 1384 Scriptura
2381 1313 2529 1365 dicat
2557 1311 2624 1373 ”,
2691 1308 2825 1378 quia
2866 1323 2887 1354 ι
2928 1303 3055 1371 ipse
3109 1295 3376 1374 Dominus
3420 1285 3622 1384 adiudi-

2049 1411 2192 1463 cium
2220 1405 2404 1459 veniet
2449 1417 2573 1456 cum
2606 1398 2944 1454 senioribus
2973 1389 3166 1462 populi
3207 1396 3264 1441 et
3305 1399 3425 1438 eum
3451 1379 3620 1450 princi-

2050 1499 2206 1567 pibus
2229 1494 2367 1562 ejus.
2408 1511 2428 1545 ι
2475 1492 2858 1548 Ostentantur
2914 1496 3056 1552 ergo
3091 1476 3389 1548 principes,
3431 1479 3484 1526 et
3514 1469 3620 1567 siin

2051 1557 2156 1646 illis
2185 1557 2341 1654 culpa
2375 1592 2479 1649 est,
2515 1581 2720 1636 desinit
2744 1579 2830 1630 ira
2857 1574 2957 1628 Dei
2991 1587 3024 1626 a
3066 1566 3293 1639 populo.
3321 1562 3478 1616 Debet
3498 1557 3627 1654 nobis

2055 1688 2109 1734 et
2133 1647 2314 1731 acrior
2339 1647 2796 1728 esseisollicitudo
2823 1672 3060 1716 actuum
3125 1662 3452 1714 nostrorum,
3486 1647 3625 1701 scicn-

2053 1948 2318 2018 judieium
2381 1942 2729 1997 deducentur
2778 1944 3061 2000 tanquam
3114 1924 3464 2018 principesAet
3497 1918 3628 2018 diues

2059 2004 2251 2092 nostri.
2279 2035 2568 2100 Propterea
2599 2026 2752 2081 enim
2783 2033 2849 2076 et
2881 2019 3185 2088 Scriptura
3215 2011 3345 2067 dicit
3371 2008 3448 2100 "A:
3470 2023 3488 2055 σ
3512 2004 3625 2100 Obe-

2062 2128 2170 2180 dite
2191 2093 2497 2194 praepositis
2529 2116 2762 2177 vestris,
2799 2120 2866 2167 et
2893 2111 3290 2174 obtemperate
3319 2100 3398 2153 eis
3417 2097 3464 2150 in
3487 2093 3629 2189 omni-

2065 2218 2179 2268 bus.
2196 2193 2309 2281 ipsi
2341 2210 2484 2262 enim
2523 2203 2870 2275 pervigilant
2899 2197 3070 2268 quasi
3116 2193 3382 2248 rationem
3435 2198 3522 2253 pro
3545 2196 3628 2232 aur-

2063 2305 2249 2358 mabus
2278 2300 2471 2354 vestris
2497 2293 2789 2350 reddituri.
2831 2309 2854 2342 ι

2131 2413 2183 2466 5.
2224 2411 2352 2466 Post
2383 2411 2500 2463 haec
2524 2405 2789 2467 refertur,
2829 2401 2970 2468 quia
3005 2413 3136 2452 cum
3173 2395 3395 2448 vidisset
3442 2383 3630 2442 Phineas

2064 2505 2207 2558 filius
2265 2501 2488 2554 Eleazar
2569 2495 2666 2549 lilii
2730 2495 2933 2545 Aaron
2998 2487 3310 2543 sacerdotis
3373 2477 3628 2533 lsraelitcm

2065 2589 2350 2660 quemdam
2401 2582 2667 2638 introisse
2716 2579 2784 2632 ad
2858 2577 3163 2631 mulierem
3239 2562 3627 2623 Madianitidem,

2065 2688 2218 2748 rapto
2246 2677 2529 2732 siromaste
2577 2673 2630 2725 in
2676 2686 2850 2724 manu
2891 2683 3022 2731 sua,
3066 2667 3346 2734 ingressus
3389 2658 3454 2711 sit
3472 2653 3632 2724 prosti-

2066 2743 2271 2829 bulum,
2316 2773 2370 2819 et
2406 2772 2704 2828 utrumque
2735 2774 2841 2827 per
2897 2759 3022 2826 ipsa
3081 2751 3334 2820 pudenda
3369 2743 3628 2829 transfodef

2069 2853 2292 2925 rit(99).
2337 2871 2356 2902 ι
2421 2850 2487 2902 Ει
2533 2862 2633 2916 pro
2662 2849 2792 2909 hoc,
2829 2845 3026 2912 inquit
3058 2839 3295 2905 ",dixit
3327 2828 3629 2925 Dominus-ad

2068 2919 2282 3012 Moysen
2311 2957 2324 2991 :
2354 2938 2588 2992 Phinees
2613 2935 2762 2989 filius
2801 2933 3055 2988 Eleazar
3083 2931 3180 2984 lilii
3210 2931 3390 2982 Aaron
3419 2919 3632 3012 sacerdo-

437 3039 626 3106 aliquis
659 3038 708 3091 in
747 3038 846 3092 hoc
885 3052 1110 3090 arcanus
1151 3046 1202 3088 et
1247 3037 1552 3090 reconditus
1605 3049 1822 3097 sensus,
1875 3035 1961 3102 qui

2070 3036 2134 3088 tis
2159 3032 2362 3087 sedavit
2395 3028 2742 3082 iracundiam
2787 3040 3012 3078 meam.
3054 3043 3075 3076 ι
3107 3021 3240 3075 Hzec
3294 3009 3636 3090 agdilicavcrint

437 3131 551 3192 p'us
577 3126 772 3192 aliquid
820 3126 1023 3187 doceat,
1076 3141 1229 3192 quam
1272 3124 1569 3178 communis
1625 3125 1736 3177 lucc
1765 3122 1964 3176 habere

440 3213 649 3266 videtur
682 3212 964 3280 expositio.
1017 3210 1278 3264 Fortassis
1331 3211 1472 3263 enim
1526 3210 1712 3263 referri
1763 3219 1816 3262 et
1865 3210 1965 3262 hoc

441 3310 612 3368 potest
657 3305 720 3354 ad
754 3301 870 3355 illos
901 3299 1163 3368 principes
1212 3299 1408 3368 populi,
1459 3301 1523 3353 de
1566 3301 1758 3368 quibus
1807 3298 1966 3364 paulo

440 3392 680 3460 superius
730 3391 976 3443 diximus.
1047 3391 1270 3444 Venient
1321 3389 1460 3443 enim
1517 3390 1688 3458 angeli
1720 3390 1784 3441 ad
1823 3386 1966 3456 judi-

440 3481 581 3531 cium
612 3477 719 3547 (98)
747 3479 1038 3542 nobiscum,
1067 3487 1119 3531 et
1150 3481 1363 3533 stabunt
1397 3493 1492 3546 pro
1522 3479 1674 3531 nobis
1727 3485 1851 3528 ante
1879 3489 1965 3527 so-

443 3569 542 3619 lem
567 3566 803 3632 iustitiae,
835 3581 900 3620 ne
936 3566 1069 3619 forte
1097 3568 1295 3634 aliquid
1338 3567 1495 3620 etiam
1527 3581 1591 3619 ex
1623 3567 1752 3633 ipsis
1792 3578 1968 3617 causa:

441 3657 600 3711 fuerit
622 3657 760 3723 quod
783 3672 879 3710 nos
909 3656 1246 3723 deliquimus,
1271 3671 1335 3710 ne
1361 3657 1496 3709 forte
1527 3657 1699 3708 minus
1723 3669 1848 3722 erga
1878 3669 1972 3707 nos

440 3748 615 3815 operis
641 3757 692 3801 et
721 3748 919 3801 laboris
969 3747 1338 3814 expenderint,
1385 3760 1490 3813 quo
1535 3760 1627 3797 nos
1661 3760 1686 3795 a
1719 3755 1966 3810 peccato-

444 3853 557 3889 rum
589 3837 707 3891 labe
731 3837 1051 3891 revocarint.
1081 3835 1192 3895 Nisi
1229 3837 1368 3889 enim
1401 3844 1539 3887 esset
1575 3835 1734 3886 etiam
1767 3833 1968 3900 aliquid

443 3928 496 3979 in
525 3927 650 3993 ipsis
676 3927 814 3996 quod
841 3928 890 3979 in
933 3941 1089 3978 causa
1130 3925 1298 3979 nostri
1328 3925 1642 3990 culpandum
1683 3924 1972 3984 videretur,

447 4030 712 4084 nunquam
749 4015 948 4067 diceret
972 4027 1150 4065 sermo
1171 4011 1458 4078 Scriptum
1480 4009 1524 4040 ³⁸
1548 4013 1611 4062 ad
1636 4008 1880 4076 angelqu
1911 4009 1976 4060 il-

446 4107 565 4168 lius,
597 4105 676 4159 vel
700 4105 836 4158 illius
865 4104 1134 4165 Ecclesim,
1172 4103 1293 4171 quia
1349 4102 1533 4163 habes,
1595 4099 1739 4152 verbi
1780 4099 1973 4165 gratia,

447 4195 700 4258 quosdam
731 4203 971 4246 tenentes
1002 4193 1298 4247 doctrinam
1346 4190 1577 4254 Balaam,
1623 4189 1704 4242 vel
1734 4187 1857 4256 quia
1886 4187 1978 4240 de-

449 4282 704 4348 reliquisti
741 4281 1056 4333 charitate‘m
1113 4291 1252 4333 tuam
1307 4279 1608 4348 pristinam,
1660 4278 1742 4331 vel
1773 4278 1976 4345 patien-

2067 3125 2295 3194 priorem
2329 3118 2582 3188 p0pulum
2609 3132 2623 3169 :
2660 3115 2760 3169 tibi
2792 3123 2999 3169 autem
3035 3112 3132 3181 qui
3163 3125 3194 3165 a
3217 3109 3431 3164 Christo
3461 3102 3634 3155 redem.

2067 3187 2188 3280 plus
2215 3225 2296 3270 es,
2326 3187 2380 3260 et
2400 3207 2487 3261 cui
2517 3207 2684 3276 352
2724 3206 2796 3259 de
2835 3205 3118 3258 manibus
3148 3199 3358 3272 gladius
3385 3187 3631 3262 corporalis

2069 3302 2275 3356 ablatus
2320 3306 2424 3358 est,
2479 3306 2535 3349 et
2592 3297 2759 3349 datus
2788 3305 2878 3349 est
2935 3295 3168 3364 gladius
3199 3291 3439 3360 spiritus,
3487 3280 3632 3348 arripe

2070 3391 2208 3443 hunc
2239 3387 2474 3457 gladium
2509 3403 2521 3437 :
2549 3393 2605 3437 et
2631 3384 2676 3436 si
2704 3383 2867 3436 vides
2898 3381 3288 3436 lsraeliticum
3317 3388 3514 3431 sensum
3537 3383 3634 3423 cum

2071 3476 2426 3532 Madianiticis
2450 3483 2790 3529 scortantem
2836 3473 3271 3533 meretricibus,
3324 3469 3373 3522 id
3430 3475 3502 3519 est
3537 3473 3630 3514 cum

2071 3568 2348 3622 diabolicis
2379 3581 2435 3619 se
2460 3564 2910 3631 cogitationibus
2967 3565 3334 3624 volutantem,
3388 3556 3500 3611 nolo
3538 3566 3633 3619 par-

2071 3673 2182 3720 cas,
2234 3655 2355 3710 nolo
2405 3651 2743 3714 dissimules,
2815 3653 2926 3705 sed
2982 3653 3178 3706 statim
3227 3655 3463 3718 percute,
3486 3639 3635 3694 statim

2073 3748 2300 3816 perime.
2332 3745 2504 3812 Ipsam
2537 3755 2764 3810 quoque
2799 3741 3070 3805 vulvam,
3100 3741 3151 3794 id
3181 3748 3267 3795 est
3304 3742 3494 3793 secreta
3516 3740 3635 3784 natu-

2075 3814 2148 3886 ra:
2173 3832 2470 3884 discutiens
2501 3837 2556 3881 et
2591 3835 2930 3895 penetrans,
2991 3830 3154 3882 illum
3205 3831 3378 3895 ipsum
3423 3814 3633 3890 peccandi

2077 3923 2314 3975 fomitem
2353 3921 2566 3981 dcseca,
2605 3931 2674 3970 ne
2701 3915 2848 3968 ultra
2881 3920 3203 3986 concipiat,
3238 3931 3306 3970 ne
3335 3915 3463 3966 ultra
3503 3918 3632 3978 gene-

2077 4021 2178 4072 ret,
2207 4021 2258 4064 et
2285 4009 2564 4061 maledicta
2591 4018 2962 4074 peccatorum
2999 4011 3230 4063 soboles
3263 4003 3538 4061 Israelitica
3563 4009 3633 4047 ca-

2075 4112 2185 4153 stra
2219 4096 2570 4150 contaminet.
2625 4095 2741 4148 Hoc
2770 4096 2931 4147 enim
2967 4098 3012 4149 si
3053 4098 3252 4157 facias,
3293 4089 3546 4146 continuo”
3571 4097 3635 4135 se

2077 4187 2226 4241 dabis
2251 4181 2588 4237 iracundiam
2623 4182 2846 4238 Domini
2877 4201 2893 4238 :
2946 4184 3275 4252 praevenisti
3309 4180 3446 4235 enim
3487 4169 3635 4241 iudicii

2077 4276 2240 4338 diem,
2275 4285 2394 4340 quae
2423 4271 2538 4325 dies
2562 4270 2658 4324 ira:
2689 4271 2906 4326 dicitur
2931 4282 2992 4328 et
3020 4273 3253 4336 furoris,
3279 4277 3334 4323 et
3360 4260 3636 4321 extermina-

451 4375 574 4426 tiam
607 4379 769 4434 tuam,
809 4369 888 4423 vel
921 4369 1021 4421 alia
1077 4369 1396 4438 hnjusmodi,
1451 4384 1567 4436 qua:
1590 4367 1700 4435 jam
1727 4367 1971 4433 superius
2005 4349 2053 4406 Ῑ)
2079 4374 2133 4419 to
2172 4380 2201 4418 a
2233 4373 2284 4417 te
2312 4361 2497 4418 fomite
2519 4361 2760 4430 peccati,
2793 4364 2892 4430 qui
2923 4378 3081 4418 nunc
3124 4363 3286 4417 vulva
3320 4349 3639 4414 Madianitidis

449 4461 872 4525 memoravimus,
907 4476 1002 4527 pro
1067 4464 1256 4530 quibus
1311 4465 1363 4516 in
1419 4462 1735 4532 Apocalypsi
1796 4459 1973 4528 angeli

449 4549 861 4616 uniuscujusque
889 4549 1134 4602 Ecclesia:
1161 4551 1464 4620 culpantur.
1498 4550 1551 4602 Si
1603 4550 1740 4601 enim
1769 4561 1975 4600 merce-

448 4645 566 4696 dem
592 4649 768 4708 sperat
799 4636 1032 4707 angelus,
1064 4639 1207 4691 verbi
1241 4641 1430 4707 gratia,
1459 4641 1546 4708 qui
1583 4654 1662 4691 me
1694 4641 1975 4706 consigna-

451 4745 562 4784 tum
595 4729 801 4796 accepit
835 4743 863 4779 a
897 4726 1020 4789 Deo,
1052 4741 1146 4794 pro
1169 4729 1231 4781 iis
1259 4744 1374 4797 qua:
1402 4729 1533 4781 bene
1581 4726 1741 4795 gessi,
1771 4735 1974 4779 certum

449 4835 530 4878 est
561 4821 685 4889 quia
713 4828 767 4872 et
795 4818 995 4885 culpari
1022 4818 1254 4886 sperabit
1279 4831 1373 4888 pro
1403 4818 1500 4879 cis,
1552 4830 1668 4882 qua:
1701 4830 1729 4866 a
1764 4828 1846 4866 me
1880 4831 1981 4866 non

452 4915 587 4966 bene
609 4916 754 4977 gesta
785 4916 931 4961 sunt.
962 4907 1023 4959 Et
1059 4907 1177 4960 ideo
1218 4907 1472 4961 ostentari
1523 4905 1773 4956 dicuntur
1802 4911 1986 4956 contra

449 5005 639 5062 solem,
677 4999 859 5066 procul
911 4997 1067 5050 dubio
1120 5007 1178 5049 ut
1226 5001 1476 5064 appareat
1524 5000 1698 5043 utrum
1741 5004 1836 5056 pro
1868 5005 1981 5041 mea

451 5081 831 5148 iaobedientia,
890 5101 954 5138 an
1012 5101 1104 5154 per
1149 5084 1289 5138 illius
1336 5078 1711 5150 negligentiam
1763 5087 1978 5143 peccata

452 5177 734 5231 commissa
759 5175 883 5242 sint,
929 5191 1024 5244 per
1063 5189 1178 5243 qua:
1226 5172 1573 5239 Beelphegor,
1621 5168 1731 5219 sive
1763 5166 1978 5219 cuilibet

2079 4453 2323 4509 mulieris
2352 4449 2672 4520 appellatur,
2707 4465 2954 4507 securus
2990 4453 3188 4507 venies
3215 4452 3281 4504 ad
3305 4444 3486 4516 judicii
3507 4441 3638 4495 diem.

2082 4543 2148 4598 Et
2178 4543 2299 4597 ideo
2349 4548 2638 4609 surgentes
2673 4552 2938 4609 oremus,
2973 4553 3036 4594 ut
3067 4541 3409 4595 inveniamus
3438 4537 3639 4602 paratum

2082 4645 2294 4698 semper
2322 4631 2484 4684 istum
2516 4627 2759 4695 gladium
2803 4628 3068 4697 spiritus,
3129 4643 3230 4697 per
3255 4639 3410 4696 quem
3434 4610 3641 4674 extermi-

2086 4729 2286 4772 nentur
2332 4728 2385 4771 et
2408 4717 2616 4771 semina
2667 4715 2816 4782 ipsa,
2885 4726 2945 4772 et
3005 4715 3392 4787 conceptacula
3435 4713 3641 4779 peccat!»

2090 4820 2232 4868 rum,
2269 4819 2332 4860 ac
2385 4804 2654 4874 propitius
2689 4805 2790 4856 liat
2841 4806 3013 4861 nobis
3041 4806 3188 4861 Deus
3222 4820 3319 4874 per
3358 4813 3526 4854 verum
3550 4789 3644 4846 Phi-

2088 4911 2218 4950 nees
2270 4897 2446 4963 ipsum
2514 4897 2810 4951 Dominum
2863 4912 3120 4954 nostrum
3177 4895 3362 4952 Jesum
3389 4889 3640 4947 Christum.

2082 4987 2165 5038 cui
2207 4995 2293 5039 est
2345 4985 2517 5054 gloria
2559 4997 2612 5040 et
2662 4987 2974 5057 imperium
3022 4992 3073 5044 in
3102 4985 3304 5042 saecula
3346 4977 3641 5036 saeculorum-

2081 5080 2119 5130 Δ
2133 5091 2274 5130 men.

525 5309 568 5341 ⁸⁸
598 5312 763 5376 Apoc.
789 5323 847 5363 ιι.
923 5309 965 5340 ³⁹
1003 5307 1126 5360 lsai.
1163 5320 1244 5366 Ill,
1278 5301 1362 5356 Η.
1437 5302 1482 5332 ⁸⁸
1519 5299 1680 5352 Hebr.
1722 5311 1838 5360 xm,
1888 5297 1962 5349 i7.

2067 5300 2099 5353 l.
2179 5301 2223 5331 ’δι
2271 5299 2437 5356 Num.
2472 5317 2604 5369 xxv,
2652 5304 2717 5358 [0
2791 5307 2873 5360 ll.

534 5453 640 5521 (98)
677 5455 882 5509 Venient
929 5459 1060 5510 enim
1115 5453 1280 5522 angeli
1310 5455 1376 5506 ad
1413 5451 1687 5522 judicium,
1713 5457 1814 5502 etc.
1855 5447 1984 5522 Vide

468 5514 702 5632 missum
747 5514 1303 5590 Origenianorum'lib.
1338 5514 1611 5588 κάμψει.
1656 5519 1706 5579 5,
1749 5531 1891 5568 nutu.
1923 5517 1984 5569 Η)

2166 5455 2282 5525 (99)
2311 5457 2608 5528 Utrumque
2639 5478 2733 5528 per
2756 5462 2870 5530 ipsa
2895 5457 3138 5531 pudenda
3157 5435 3642 5531 trafsfoderitLVltje

2041 5559 2056 5563 -
2096 5518 2481 5600 supraﬁtotam
2514 5518 2581 5586 ad
2618 5518 2859 5587 humilia:
2893 5518 3074 5600 primm
3119 5524 3176 5576 in
3223 5518 3456 5576 Genesi»:
3482 5519 3640 5564 nume-

2094 5605 2217 5645 rum
2253 5595 2339 5648 l7.
