3838 6206
318 547 370 602 l.
401 541 631 641 Dumeri
679 562 815 606 sunt
843 567 990 623 quos
1029 559 1278 630 legimus
1331 570 1500 640 (l):et
1526 573 1706 641 priore
1733 574 1853 640 qui-

259 644 377 700 dem
417 639 652 696 lectione
701 649 968 714 tempore
1023 655 1243 711 exclusi
1308 639 1626 721 sumasne
1651 639 1851 730 aliquid

266 737 423 794 etiam
465 731 535 786 de
573 736 829 791 secunda
879 739 1336 802 dinumerationc
1381 749 1704 816 diceremus,
1761 755 1852 806 sed

270 823 600 883 conveniens
644 835 734 882 est
773 829 985 886 omissa
1023 835 1112 888 vel
1155 839 1374 893 exclusa
1421 855 1563 896 nunc
1603 842 1848 898 reddere.

270 917 445 988 Igitur
472 928 566 985 per
592 927 934 985 praeceptum
969 919 1191 977 Domini
1216 927 1391 993 primo
1434 940 1744 984 numeratus
1770 942 1852 985 est

265 1008 536 1078 populus,
567 1007 661 1061 sed
685 1009 950 1076 quoniam
979 1010 1082 1076 illi,
1117 1015 1209 1081 qui
1235 1017 1408 1081 primo
1431 1017 1646 1072 fuerant
1672 1023 1847 1086 asciti,

261 1100 602 1154 ceciderunt
633 1111 856 1170 propter
881 1107 1349 1171 perseverantiam
1377 1106 1711 1171 delictorum,
1757 1126 1844 1164 sc-

259 1191 503 1244 cundus
533 1205 677 1246 nunc
705 1193 955 1261 populus,
983 1196 1077 1262 qui
1125 1196 1181 1249 in
1211 1196 1477 1265 lapsorum
1508 1198 1680 1252 locum
1711 1199 1849 1254 redi-

257 1279 391 1332 viva
429 1280 798 1349 generatione
835 1283 1125 1346 successit,
1174 1294 1390 1338 vocatur
1419 1287 1483 1339 ad
1543 1302 1848 1350 numerum,

257 1380 306 1424 et
347 1371 523 1438 quod
555 1372 624 1424 de
654 1369 758 1423 illis
792 1371 1068 1438 prioribus
1093 1373 1293 1427 dictum
1324 1389 1428 1428 non
1455 1375 1648 1439 fuerat,
1677 1377 1741 1430 de
1781 1380 1846 1431 iis

257 1461 505 1514 dicitur.
542 1459 739 1514 Postea
762 1462 904 1514 enim
930 1476 1091 1529 quam
1124 1477 1217 1530 per
1251 1465 1421 1517 tribus
1451 1474 1506 1516 et
1534 1465 1730 1531 plebes,
1754 1468 1847 1520 do-

260 1564 537 1618 mosque,
577 1565 646 1604 ac
695 1549 928 1603 familias
979 1551 1232 1606 collectus
1272 1563 1354 1606 est
1412 1569 1685 1616 numerus,
1719 1557 1847 1610 dicit

263 1629 550 1692 Dominus
581 1637 652 1692 ad
681 1636 898 1706 Moysen
940 1639 1008 1669 W
1037 1656 1050 1691 :
1087 1658 1106 1689 ι
1141 1639 1208 1692 lis
1237 1641 1581 1694 distribuetur
1623 1654 1760 1696 terra
1794 1645 1844 1696 in

261 1735 506 1790 sortem,
546 1741 617 1779 ex
659 1740 884 1790 numero
932 1726 1227 1780 nominum.
1268 1727 1510 1782 Pluribus
1551 1731 1700 1798 plura
1753 1733 1844 1783 da-

265 1813 477 1866 buntur
507 1813 571 1867 in
599 1822 829 1876 sortem,
864 1821 920 1867 et
947 1813 1158 1881 exiguis
1196 1814 1443 1882 exiguam
1493 1819 1644 1872 dabis
1674 1821 1843 1874 lucre-

267 1905 534 1956 ditatem.
575 1921 596 1955 ι
635 1903 693 1956 Si
726 1906 795 1956 de
832 1903 1100 1971 prioribus
1126 1904 1328 1958 dictum
1358 1904 1568 1970 fuisset,
1625 1909 1748 1976 quia
1777 1910 1841 1962 iis

268 1994 642 2047 distribuetur
674 2003 817 2048 terra
856 1994 907 2046 in
944 1994 1384 2058 sortem,falsum
1418 1997 1600 2064 utique
1630 1997 1837 2064 luisset,

267 2085 397 2151 quia
423 2084 760 2138 ceciderunt
789 2083 862 2136 illi
903 2083 958 2135 in
992 2083 1210 2137 deserto
1242 2095 1461 2152 propter
1490 2085 1680 2141 delicta
1719 2102 1836 2141 sua.

264 2175 426 2240 Quod
455 2189 596 2242 ergo
633 2173 828 2242 primis
867 2187 969 2226 non
997 2181 1080 2228 est
1127 2175 1348 2238 dictum,
1397 2177 1682 2243 postremis
1710 2179 1840 2231 dici-

264 2271 382 2324 tur,
426 2261 635 2328 quibus
667 2266 725 2313 et
757 2269 948 2313 cuncta
1009 2275 1127 2328 quae
1175 2263 1574 2328 promittuntur,
1627 2263 1837 2332 impleta

259 2359 420 2405 sunt.
455 2350 588 2405 Hac
635 2360 821 2404 autem
850 2349 974 2403 nolo
1023 2360 1180 2418 putes
1219 2351 1384 2406 solius
1432 2353 1667 2407 historiae
1697 2362 1837 2408 textu

259 2441 548 2494 concludi.
609 2439 863 2510 Mysteria
924 2448 1049 2492 sunt
1075 2455 1192 2507 quae
1239 2455 1333 2508 per
1386 2442 1515 2510 legis
1551 2443 1836 2511 imaginem

259 2533 728 2587 conscribuntur.
753 2532 1092 2601 Reprobatur
1120 2532 1262 2585 enim
1301 2532 1445 2596 prior
1474 2532 1719 2599 populus,
1745 2533 1835 2602 qui

254 2625 434 2678 estin
487 2623 920 2678 circumcisione
974 2636 985 2668 ε
1043 2629 1098 2675 et
1144 2621 1500 2674 introducitur
1544 2623 1832 2690 scanndus,

253 2711 360 2780 qui
392 2721 766 2780 congregatur
797 2725 862 2763 ex
889 2710 1157 2778 gentibus,
1215 2718 1268 2762 et
1299 2710 1410 2776 ipse
1433 2718 1516 2764 est
1548 2712 1638 2779 qui
1665 2711 1832 2766 luere-

255 2801 494 2854 ditatem
519 2799 885 2866 consequitur
914 2808 1214 2866 paternam.
1257 2798 1319 2850 Et
1351 2815 1380 2851 a
1416 2812 1522 2866 quo
1549 2801 1832 2868 consequi-

256 2890 393 2944 tur?
443 2888 568 2944 Non
615 2889 690 2942 ab
735 2887 938 2957 Moyse,
1003 2887 1096 2940 sed
1143 2886 1211 2940 ab
1255 2887 1402 2942 Jesu.
1451 2887 1582 2941 Nam
1629 2889 1832 2958 Moyses

252 2984 432 3037 etiam
462 2981 512 3034 si
547 2980 645 3031 dat.
681 2977 954 3045 aliquibus
997 2977 1384 3038 baereditatem,
1434 2993 1537 3032 non
1566 2983 1654 3031 dat
1691 2981 1827 3033 intra
1859 3003 1901 3058 ρ
1935 2977 2091 3054 rm];
2112 2977 2274 3068 'pmm
2298 2977 2566 3054 δεδιιξηω-
2595 3003 2645 3056 in
2672 3013 2889 3068 sortem,

252 3069 592 3131 Iordanem,
621 3080 726 3120 nec
758 3064 953 3118 transit
977 3065 1198 3118 omnino
1222 3065 1532 3131 Iordanem,
1559 3070 1651 3121 sed
1680 3078 1829 3122 extra

249 3157 564 3213 Jordauem
593 3157 688 3209 dat
725 3164 946 3218 terram,
979 3169 1082 3209 non
1111 3153 1360 3208 ﬂuentem
1391 3155 1529 3211 lacte
1573 3168 1626 3211 et
1655 3158 1827 3223 melle,

249 3251 348 3303 sed
386 3247 693 3317 pecoribus
734 3254 936 3313 aptam,
986 3253 1040 3298 et
1068 3255 1211 3298 muta
1246 3246 1518 3311 animalia,
1571 3257 1729 3316 atque
1757 3249 1832 3301 ir-

248 3336 570 3392 mlonales
597 3335 842 3404 pecudes
887 3333 1077 3387 melius
1129 3349 1290 3402 quam
1340 3336 1628 3390 rationales
1659 3338 1829 3390 homi-

248 3443 351 3483 nes
378 3427 756 3481 nutrientem.
808 3423 964 3478 Jesus
1015 3439 1142 3479 vero
1180 3440 1329 3478 meus
1376 3426 1608 3479 secundo
1638 3427 1829 3494 populo

248 3528 466 3572 terram
498 3529 674 3584 quam
723 3515 839 3575 dat,
872 3524 1012 3565 terra
1056 3521 1141 3566 est
1171 3513 1307 3568 lacte
1352 3523 1406 3567 et
1453 3515 1606 3569 melle
1637 3517 1825 3580 ﬂuens,

245 3609 362 3661 imo
416 3605 582 3659 favus
639 3603 817 3656 mellis
867 3609 950 3654 est
1000 3617 1109 3669 prae
1137 3604 1281 3655 omni
1318 3610 1480 3658 terra.
1530 3605 1593 3658 Et
1623 3605 1829 3674 Moyses

240 3697 642 3752 baerediratern
679 3707 790 3747 non
823 3693 910 3745 dat
937 3695 989 3744 in
1019 3692 1186 3756 clero,
1218 3707 1318 3747 nec
1352 3703 1497 3748 sorte
1535 3695 1823 3762 distribuil,

242 3801 348 3840 nec
388 3793 576 3854 potest
601 3798 705 3851 per
738 3781 922 3849 plebes
949 3779 1047 3850 (2),
1083 3791 1141 3833 et
1169 3781 1376 3844 domos,
1410 3799 1473 3836 ac
1498 3785 1748 3848 familias,
1776 3795 1828 3837 ct

238 3875 499 3936 nomina,
527 3882 586 3926 et
614 3871 814 3925 merita
843 3869 1172 3938 singulorum
1197 3871 1374 3924 divina
1398 3881 1542 3925 sorte
1564 3887 1788 3939 pensare
1811 3897 1822 3927 ;

238 3968 350 4021 hoc
383 3967 540 4020 solus
571 3965 710 4018 facit
740 3962 920 4026 Jesus,
947 3963 1031 4016 cui
1071 3978 1228 4016 omne
1251 3962 1512 4030 judicium
1534 3962 1694 4017 Pater
1715 3974 1822 4016 tra-

235 4059 387 4112 didit
413 4057 458 4088 ⁶²
490 4075 506 4110 :
538 4057 660 4123 ipse
692 4053 798 4106 scit
821 4054 1091 4119 quomodo
1119 4054 1373 4121 p0pulum
1419 4068 1572 4107 suum
1602 4068 1706 4107 non
1737 4068 1824 4108 so-

236 4146 354 4200 lum
380 4161 482 4214 per
513 4145 725 4208 tribus,
749 4152 809 4194 et
834 4141 1088 4204 familias,
1117 4153 1172 4196 et
1196 4143 1408 4206 domos,
1445 4157 1624 4196 verum
1655 4151 1706 4196 et
1729 4158 1824 4210 per

235 4239 468 4291 nomina
512 4245 971 4299 unumquemque
1017 4232 1174 4296 digna
1210 4239 1264 4284 et
1305 4234 1626 4300 competenti
1682 4249 1825 4286 man-

235 4329 402 4382 sione
425 4329 740 4394 dispenset.
769 4320 909 4374 Sunt
937 4328 1114 4374 tamen
1149 4321 1316 4388 aliqui
1349 4322 1400 4372 in
1439 4322 1552 4375 istis
1573 4323 1662 4391 qui
1693 4337 1821 4376 con-
1849 4302 1896 4359 ί)

233 4417 452 4472 ditione
481 4413 665 4470 sortis
697 4409 1119 4477 supereminent,
1152 4418 1206 4462 et
1229 4410 1454 4463 omnino
1489 4425 1585 4464 nec
1612 4412 1818 4465 addun-

234 4517 329 4560 tur
349 4509 422 4560 ad
451 4513 669 4560 sortem
701 4502 802 4569 (ὅ).
834 4500 1033 4553 Omnes
1059 4499 1285 4558 Levitaa,
1322 4499 1372 4552 id
1405 4509 1487 4553 est
1516 4515 1699 4554 omnes
1729 4501 1818 4569 qui

232 4599 456 4652 intente
515 4603 574 4648 et
641 4591 1012 4645 indesinenter
1054 4598 1380 4657 permanent
1423 4591 1474 4642 in
1523 4591 1820 4644 ministerio

231 4688 356 4752 Dei,
397 4696 455 4742 et
493 4682 801 4756 pervigiles
840 4681 892 4733 in
917 4680 1136 4734 servitio
1162 4676 1284 4744 ejus
1311 4680 1570 4734 excubias
1604 4689 1814 4747 gerunt,

229 4788 443 4833 sortem
471 4779 622 4831 inter
651 4781 878 4827 caeteros
909 4786 1014 4827 non
1046 4769 1332 4836 accipiunt
1362 4786 1377 4820 :
1405 4771 1497 4823 sed
1528 4783 1624 4824 nec
1643 4771 1816 4824 omni-

233 4881 309 4922 ο
342 4868 402 4922 in
435 4876 586 4922 terra
619 4872 709 4918 est
737 4877 859 4917 sors
886 4875 1094 4924 eorum,
1128 4860 1227 4913 sed
1263 4860 1378 4926 ipse
1412 4859 1670 4916 Dominus
1696 4875 1813 4916 sors

305 5049 380 5086 δι’
404 5052 570 5109 Num.
624 5063 773 5110 xxvl,
812 5044 900 5107 53,
946 5045 1033 5098 54.

227 5110 281 5154 ³³
321 5121 454 5177 Luc.
508 5137 636 5187 xm,
684 5118 775 5174 25.
851 5117 894 5149 δ’
923 5114 1114 5168 Matth.
1177 5111 1434 5170 xxrv,12.
1517 5111 1561 5143 ⁸⁸
1587 5112 1721 5167 Gen.
1771 5129 1842 5167 vi.

311 5292 392 5366 (ι)
427 5295 519 5348 Sic
543 5293 725 5366 Codex
750 5289 931 5366 Sancti
962 5277 1286 5366 Τὴςράρςὶςξ
1316 5280 1625 5366 Bernensis.
1648 5283 1807 5366 Ιτὶιξί).

243 5349 389 5426 editi,
423 5379 443 5413 σ
478 5362 692 5415 numeri
733 5365 857 5412 sunt
883 5364 937 5410 et
966 5355 1014 5404 in
1048 5349 1114 5401 iis
1151 5359 1288 5426 quos
1314 5349 1576 5426 legimus.
1607 5369 1626 5400 ι
1662 5351 1806 5406 Infra

245 5409 389 5482 ὧξᾶέῖ
410 5409 861 5493 "etsecunda
882 5409 1282 5498 inuenerint};st
1297 5409 1436 5498 qui,
1469 5437 1494 5468 ι
1521 5429 1627 5498 etc:

308 5480 386 5565 l2)
412 5480 556 5551 Idem
591 5480 710 5560 ms.,
748 5512 767 5544 ι
797 5500 851 5545 et
904 5480 1804 5565 Moy‘schgtlideinhaereditatem

253 5543 384 5616 ποῖ’
399 5543 877 5629 ii.’2'12r3’,"heqae
919 5543 1060 5605 soi-lc
1111 5543 1416 5617 distribuit,
1479 5568 1576 5610 uec
1607 5565 1803 5622 potest

1452 277 1513 330 IN
1546 270 1872 332 NUMEROS
1908 273 2185 333 HOMILIA
2247 280 2383 333 XXI.

1111 5043 1162 5074 "
1191 5041 1344 5096 Joan.
1368 5057 1422 5112 v,
1443 5043 1538 5094 22.
1611 5045 1656 5076 ”
1686 5045 1948 5112 Matthm,
1978 5047 2068 5100 2!.

3389 294 3451 324 τη

3397 325 3466 348 [Ui

1881 395 1926 451 Α
1954 392 2030 447 eis
2055 400 2111 447 et
2138 393 2421 447 haereditas
2454 407 2569 448 esse
2601 407 2942 455 memoratur.
2975 403 3079 458 Per
3118 403 3216 458 bos
3243 404 3318 460 illi
3353 407 3486 463 mihi

1949 480 2198 536 videntur
2225 481 2470 543 indicari,
2499 484 2588 550 qui
2611 486 2767 540 nullis
2795 505 3063 558 corporea:
3091 504 3293 551 natura
3307 499 3488 555 obsta-

1949 569 2083 625 culis
2110 570 2364 635 hebetati,
2399 572 2492 624 sed
2533 573 2766 627 omnium
2805 578 3090 634 visibilium
3127 585 3354 652 gloriam
3397 605 3486 644 su-

1951 659 2236 727 pergressi,
2277 661 2328 712 in
2370 661 2480 738 sola
2509 662 2610 715 sibi
2661 665 2919 731 sapientia
2959 669 3048 723 Dei
3081 680 3133 724 et
3167 676 3330 728 verbo
3369 678 3485 744 ejus

1951 747 2157 800 vivendi
2191 762 2342 801 usum
2377 750 2796 820 exercitiumque
2821 765 3131 820 posuerunt,
3168 760 3258 824 qui
3297 777 3486 829 corpo-

1950 851 2098 890 reum
2125 838 2254 889 nihil
2288 839 2587 903 requirunt,
2621 842 2751 895 nihil
2803 845 3024 898 rationis
3062 844 3315 902 alienum.
3347 849 3488 903 Con—

1950 924 2231 991 cupierunt
2261 925 2400 977 enim
2437 926 2778 993 sapientiam,
2830 932 3219 998 concupierunt
3252 945 3486 989 secreto-

1954 1027 2066 1064 rum
2101 1013 2190 1066 Dei
2223 1014 2548 1081 agnitionem
2583 1033 2598 1068 :
2630 1026 2684 1072 et
2715 1019 2805 1072 ubi
2834 1030 2914 1074 est
2945 1034 3038 1074 cor
3062 1035 3270 1084 eorum,
3304 1023 3375 1076 ibi
3402 1038 3483 1078 est

1949 1111 2002 1152 et
2033 1101 2310 1156 thesaurus
2353 1117 2536 1156 eorum
2570 1104 2635 1157 “.
2664 1105 2756 1159 Isti
2803 1121 2932 1175 ergo
2958 1107 3324 1167 baereditalem
3377 1131 3479 1169 nun

1949 1189 2146 1242 habent
2174 1190 2224 1244 in
2263 1193 2440 1254 terris,
2481 1195 2572 1246 sed
2623 1199 3102 1263 supergrediuntur
3127 1215 3337 1256 summa
3365 1210 3482 1261 caeli

1949 1278 2178 1346 fastigia,
2212 1288 2264 1332 et
2300 1280 2370 1332 ibi
2401 1295 2613 1348 semper
2647 1282 2698 1334 in
2727 1284 2968 1351 Domino,
3000 1303 3210 1357 semper
3241 1293 3292 1343 in
3324 1298 3484 1350 verbo

1947 1368 2082 1436 ejus,
2113 1383 2321 1435 semper
2349 1369 2398 1421 in
2443 1371 2702 1438 sapientia
2743 1381 2796 1425 et
2841 1377 2893 1428 in
2937 1377 3205 1445 voluptate
3248 1382 3483 1438 scientia:

1946 1457 2062 1524 ejus
2091 1457 2499 1514 deliciabuntur.
2535 1460 2632 1514 llic
2659 1462 2736 1516 eis
2759 1464 2927 1526 cibus.
2953 1467 3051 1522 hoc
3075 1470 3176 1522 erit
3209 1473 3481 1538 poculum,

1950 1547 2063 1599 istm
2098 1546 2315 1611 divitiae,
2345 1547 2447 1599 hoc
2479 1548 2582 1601 erit
2611 1564 2855 1618 regnum.
2887 1552 3042 1608 Tales
3073 1571 3201 1626 ergo
3228 1571 3408 1624 erunt,
3426 1572 3483 1615 et

1949 1635 1998 1687 in
2034 1635 2099 1689 iis
2150 1644 2304 1689 erunt
2355 1637 2454 1702 illi,
2496 1638 2690 1704 quibus
2732 1640 3015 1697 luereditas
3072 1646 3184 1713 ipse
3228 1650 3482 1706 Dominus

1880 1707 1916 1758 Β
1945 1727 2066 1781 erit.
2107 1726 2208 1791 Qui
2238 1737 2412 1779 autem
2444 1727 2729 1785 inferiores
2760 1741 2906 1797 sunt,
2943 1750 3042 1789 nec
3074 1736 3128 1789 in
3162 1737 3322 1792 istum
3359 1757 3481 1809 pro-

1945 1815 2178 1869 fectuum
2207 1818 2460 1870 verticem
2492 1831 2871 1886 pervenerunt,
2924 1824 3288 1881 hatreditatetn
3323 1839 3480 1884 terra:

1942 1903 2224 1970 accipient,
2255 1903 2378 1958 licet
2406 1906 2730 1960 sublimioris
2781 1908 3002 1977 alicujus
3033 1921 3086 1966 et
3136 1917 3474 1982 potentioris.

1943 1992 2110 2044 Terra
2159 1993 2302 2046 enim
2355 1994 2644 2059 viventium
2686 1998 3096 2066 repromittilur,
3153 2020 3269 2071 qua:
3299 2008 3478 2073 utique

1943 2081 2141 2134 idcirco
2176 2091 2315 2135 terra
2343 2081 2630 2137 viventium
2673 2085 2890 2150 dicitur,
2930 2091 3070 2155 quod
3101 2095 3300 2147 nesciat
3335 2113 3481 2150 mur-

1944 2177 2067 2222 tem.
2120 2169 2182 2222 Et
2209 2170 2293 2222 isti
2342 2171 2554 2236 quidem
2590 2175 2785 2240 magni,
2818 2185 2875 2227 et
2906 2176 2990 2229 isti
3015 2178 3187 2243 beati;
3219 2184 3313 2236 sed
3347 2185 3474 2239 bea-

1942 2256 2103 2310 tiores
2136 2257 2209 2309 illi
2237 2259 2324 2324 qui
2345 2257 2454 2323 jarn
2489 2273 2590 2312 non
2622 2275 2719 2327 per
2743 2262 3022 2328 speculum
3053 2274 3107 2319 et
3137 2266 3189 2318 in
3221 2269 3477 2338 aenigma-

1940 2353 2009 2409 te,
2045 2361 2216 2414 neque
2243 2347 2292 2398 in
2340 2348 2655 2402 substantiis
2680 2351 3066 2418 corporalibus,
3122 2359 3214 2410 sed
3242 2350 3374 2413 facie
3404 2363 3469 2414 ad

1936 2433 2128 2486 faciem
2165 2435 2323 2487 Deum
2355 2435 2626 2499 videbunt,
2661 2438 2932 2504 sapientize
2970 2441 3355 2502 i‘lluminatioue
3383 2465 3471 2502 ra-

1938 2523 2088 2582 diati,
2129 2517 2181 2574 ei
2219 2537 2376 2580 verae
2423 2525 2724 2580 divinitatis
2765 2543 2990 2597 capaces
3053 2548 3148 2600 per
3188 2537 3470 2601 puritatem

1936 2611 2116 2666 cordis
2147 2611 2318 2665 elleeti
2351 2626 2367 2665 :
2394 2614 2801 2684 portionemque
2831 2634 2982 2672 suam
3014 2637 3118 2676 non
3178 2625 3229 2678 in
3259 2633 3471 2682 creatu-

1937 2716 2014 2766 ra,
2043 2701 2135 2756 sed
2163 2702 2214 2754 in
2242 2711 2484 2755 creatore
2517 2702 2793 2770 habentes,
2828 2709 2916 2775 qui
2965 2720 3046 2763 est
3100 2727 3262 2780 super
3289 2718 3471 2771 omnia

1934 2790 2071 2844 Deus
2102 2789 2176 2858 (4)
2212 2789 2522 2844 benedictus
2547 2791 2597 2844 in
2637 2794 2854 2850 saecula.

1999 2911 2154 2982 353
2185 2912 2348 2965 2.'Ait
2373 2926 2499 2981 ergo
2526 2914 2572 2946 “
2602 2933 2616 2968 :
2651 2933 2668 2965 ι
2707 2917 2780 2969 Ex
2813 2932 3031 2972 numero
3059 2925 3324 2977 nominum
3355 2929 3472 2995 plu-

2917 3017 2968 3059 et
2994 3011 3197 3078 exiguis
3226 3016 3469 3084 exiguam

1933 3089 2084 3143 dabis
2114 3088 2494 3150 bzereditatem,
2545 3092 2830 3161 unicuique
2864 3097 3001 3149 sicut
3042 3103 3333 3157 recensitos
3364 3119 3467 3172 est,

1933 3177 2150 3230 dabitur
2199 3177 2482 3230 haereditas
2529 3179 2661 3244 ejus.
2699 3197 2721 3231 ι
2754 3181 2983 3238 Historia
3043 3190 3141 3243 hoc
3203 3204 3284 3246 est
3330 3196 3469 3262 quod

1929 3268 2104 3330 docet,
2137 3274 2193 3318 ut
2223 3265 2264 3318 si
2293 3280 2396 3332 qua
2453 3267 2621 3319 tribus
2671 3275 3003 3326 numerosior
3038 3277 3261 3332 habetur
3294 3282 3345 3334 in
3373 3297 3467 3351 po.

1929 3355 2086 3424 pulis,
2121 3353 2320 3421 majora
2352 3365 2507 3408 terra:
2540 3358 2705 3424 spatia
2736 3362 3028 3416 sortiatur:
3063 3368 3106 3418 si
3148 3382 3248 3434 qua
3292 3379 3466 3425 autem

1930 3445 2134 3496 minore
2182 3443 2452 3496 hominum
2504 3460 2725 3500 nurnero
2760 3461 3028 3515 censetur,
3057 3456 3297 3510 breviore
3342 3475 3467 3528 pos-

1928 3533 2166 3586 sessione
2216 3540 2466 3586 contenta
2513 3535 2604 3588 sit.
2657 3535 2761 3590 Sed
2812 3541 3059 3604 quoniam
3095 3552 3248 3597 terra:
3310 3547 3466 3614 hujus

1927 3621 2235 3675 divisionem
2273 3621 2744 3690 hmreditatumque
2790 3635 3076 3693 terrenam,
3103 3636 3330 3700 speciem
3387 3640 3467 3690 di-

1927 3712 2095 3766 cimus
2116 3720 2296 3766 tenere
2325 3711 2401 3780 (5)
2433 3721 2487 3765 et
2514 3711 2790 3781 imaginem
2830 3717 3129 3771 futurorum
3179 3723 3459 3791 bonorum,

1925 3815 1987 3852 ac
2020 3800 2240 3852 formam
2275 3799 2511 3854 celestis
2545 3802 2708 3866 illius,
2735 3819 2854 3871 quae
2891 3822 2920 3858 a
2971 3807 3210 3863 fidelibus
3239 3820 3292 3863 et
3340 3827 3464 3868 san-

1925 3892 2027 3945 ctis
2061 3898 2326 3958 speratur,
2359 3891 2681 3946 Iraereditalis
2709 3895 3026 3950 ostendere:
3057 3899 3268 3966 requiro
3293 3901 3342 3954 in
3375 3903 3459 3958 illa

1926 3979 2235 4034 hrereditste
2267 3995 2383 4045 qua:
2415 3982 2674 4048 Speranda
2697 3992 2794 4049 est,
2825 3986 2910 4052 qui
2936 3986 3043 4039 sint
3069 3988 3263 4056 plures,
3295 4000 3347 4046 et
3370 3997 3459 4061 qui

1921 4069 2029 4122 sint
2057 4069 2235 4136 pauci,
2268 4078 2321 4120 et
2364 4070 2574 4124 invenio
2607 4071 2678 4124 ibi
2727 4072 2994 4130 beatiores
3037 4093 3234 4143 paucos
3271 4083 3458 4137 haberi

1921 4173 2077 4226 quam
2114 4159 2310 4226 plures.
2335 4158 2462 4211 Nam
2488 4160 2576 4226 qui
2607 4175 2701 4228 per
2720 4163 2859 4216 viam
2888 4164 3044 4218 latam
3071 4176 3123 4220 et
3147 4171 3456 4240 spatiosam,

1921 4261 2039 4315 quae
2077 4248 2220 4300 ducit
2268 4247 2334 4300 ad
2378 4250 2748 4316 perditionem,
2781 4255 2983 4321 egerint
3017 4258 3138 4323 iter,
3184 4259 3331 4314 multi
3371 4263 3458 4316 dl-

1923 4347 2116 4390 cuntur
2143 4336 2208 4391 δ’.
2235 4338 2333 4403 Qui
2377 4353 2503 4393 vero
2549 4356 2644 4409 per
2684 4324 2884 4396 arctam
2925 4354 2978 4397 et
3008 4356 3279 4411 angustam
3315 4351 3452 4405 viam

1924 4427 2273 4491 perrexerint,
2296 4442 2414 4496 quze
2440 4429 2586 4483 ducit
2619 4430 2683 4483 ad
2707 4432 3065 4499 vitam,_pauci
3101 4439 3451 4506 appellantur.

1923 4508 1985 4562 Et
2013 4509 2203 4564 iterum
2245 4513 2296 4565 in
2336 4513 2458 4568 aliis
2495 4515 2688 4570 dicitur
2713 4517 2799 4571 “:
2839 4536 2857 4568 r
2903 4520 3067 4584 Quam
3111 4527 3262 4592 pauci
3309 4537 3453 4593 sunt,

1923 4600 2010 4667 qui
2043 4600 2332 4655 salvantur.
2367 4622 2384 4654 ι
2417 4603 2480 4656 Et
2511 4607 2698 4660 iterum
2733 4607 2787 4660 in
2824 4609 2945 4663 aliis
2970 4610 3052 4665 ιτς
3085 4631 3104 4663 ‹
3138 4615 3236 4668 Ubi
3272 4619 3454 4670 multi-

1921 4688 2147 4754 plicatur
2184 4690 2454 4760 iniquitas,
2486 4694 2792 4764 refrigescet
2824 4699 3060 4755 charitas
3091 4704 3398 4770 multorum,
3430 4726 3450 4758 ι

1922 4791 2023 4830 non
2052 4793 2360 4846 paucorum.
2389 4780 2491 4836 Sed
2523 4794 2576 4837 et
2603 4786 2654 4838 in
2687 4800 2829 4850 arca,
2861 4803 2980 4855 qua:
3017 4804 3044 4842 a
3069 4790 3179 4845 Noe
3211 4803 3456 4848 constru-

1920 4873 2004 4916 cta
2038 4865 2206 4932 est“,
2237 4869 2324 4922 ubi
2363 4884 2622 4926 mensura:
2650 4874 2863 4929 cmlitus
2891 4878 3102 4943 dantur,
3135 4881 3188 4932 in
3233 4881 3449 4934 inferio-

2143 5047 2190 5081 “
2223 5047 2376 5105 Num.
2413 5066 2556 5117 xxvt,
2584 5055 2670 5120 53,
2697 5057 2788 5108 δι.
2859 5055 2904 5086 ⁸⁸
2929 5054 3116 5108 Matth.
3145 5069 3236 5118 vtr,
3265 5053 3444 5116 £15,“.

1916 5286 2115 5354 plebes,
2154 5308 2172 5340 ι
2209 5298 2312 5344 etc.

2001 5357 2055 5422 ὅ)
2088 5358 2228 5410 ldern
2259 5373 2380 5422 ms.,
2418 5377 2434 5409 ι
2469 5360 2735 5416 ducuntur
2759 5355 2824 5407 ad
2854 5359 3074 5404 sortem.
3103 5368 3123 5396 ι

2005 5425 2056 5498 ti)
2087 5426 2286 5498 130906"
2312 5444 2345 5498 ξ
2384 5424 3123 5498 υειξεμιιρριεῖιιετ,εἰπηῗῗεε

1982 5428 2035 5494 (4
2087 5428 2286 5480 Nomen
2325 5444 2345 5475 ι
2384 5429 2518 5479 Deus
2545 5445 2564 5477 ι
2597 5428 2868 5498 suppletur
2897 5432 2928 5469 e
2961 5428 3123 5489 mssa

1928 5543 1934 5548 -
1979 5428 2056 5562 (5;
2079 5494 2252 5546 Codex
2307 5493 2487 5548 Sancti
2525 5492 2838 5548 Theoderici
2883 5485 3178 5542 lteruensts,
3205 5496 3225 5530 ι

1908 5575 2022 5615 mus
2053 5573 2249 5615 tenere.
2279 5579 2298 5611 ι
