3838 6266
382 269 484 327 759

1788 262 2102 318 ORIGENIS

3544 251 3634 306 ’1ιῦ

380 382 526 438 ribus
561 390 916 437 trecentorum
945 380 1243 435 cubitorum
1285 379 1500 447 ponitur
1532 379 1826 446 longitudo,
1861 387 1915 433 et
1942 385 1988 439 Α
2014 379 2196 433 educit
2225 393 2354 432 eum
2384 379 2574 441 foras,
2613 389 2742 428 cum
2787 386 2882 427 res
2910 368 3197 439 postulat,
3229 376 3287 422 et
3323 382 3494 422 rerum
3519 371 3635 423 visi-

377 471 757 540 quinquaginta
805 469 1101 523 cubitorum
1150 467 1390 522 latitudo.
1434 465 1533 520 Ubi
1565 481 1695 520 vero
1742 474 1916 521 textus

376 561 493 631 ejus
525 560 591 614 ad
629 558 819 613 altiora
859 556 1150 625 consurgit,
1194 557 1246 609 in
1289 564 1572 625 angustum
1607 555 1832 625 cogitur,
1865 564 1919 609 et

378 663 672 720 paucorum
719 649 1017 702 cubitorum
1051 646 1396 701 conclusione
1439 645 1722 713 colligitur,
1758 645 1830 698 ita
1862 652 1920 696 ut

379 739 656 794 summitas
683 735 798 804 ejus
827 737 880 790 in
916 737 1074 792 unius
1108 736 1270 789 cubiti
1315 734 1544 803 spatium
1587 746 1923 787 consumme-

381 837 506 880 tur:
533 834 917 894 proptereaque
947 827 996 878 in
1038 824 1377 879 inferioribus
1420 824 1651 890 quidem,
1683 824 1769 877 ubi
1811 823 1919 876 lata

377 924 434 970 et
467 915 700 983 spatiosa
730 915 1060 968 habebantur
1080 916 1215 978 loca,
1241 914 1323 968 vel
1349 913 1552 978 bestize,
1584 913 1665 966 vel
1691 913 1922 981 pecudes

379 1012 534 1056 erant
567 1003 854 1065 collocata,
879 1004 931 1056 in
964 1004 1328 1071 superioribus
1357 1017 1484 1056 vero
1507 1017 1630 1055 aves
1656 1015 1672 1055 :
1698 1003 1749 1054 in
1779 1015 1923 1054 sum-

382 1094 481 1146 mis
506 1101 702 1156 autem,
727 1109 843 1160 qua:
863 1095 1170 1162 angustiora
1186 1102 1240 1146 et
1262 1093 1448 1145 altiora
1470 1101 1643 1154 erant,
1670 1091 1739 1144 ibi
1763 1091 1922 1144 homo

389 1183 664 1235 rationalis
700 1182 1006 1237 collocatur.
1041 1183 1154 1250 Ipse
1177 1197 1304 1235 vero
1330 1189 1515 1234 vertex
1556 1181 1607 1233 in
1641 1195 1803 1233 unum
1829 1195 1923 1234 cu-

380 1270 546 1324 bitum
571 1271 856 1339 colligitur.
884 1270 1076 1324 Omnia
1111 1271 1250 1324 enim
1275 1269 1342 1323 ad
1368 1269 1643 1322 monadem
1673 1269 1922 1335 redigun-

381 1371 488 1413 tur.
521 1360 648 1426 Quae
681 1368 856 1413 tamen
884 1359 1161 1413 Trinitatis
1190 1367 1581 1412 sacramentum
1618 1357 1669 1410 in
1705 1371 1924 1410 numero

383 1458 740 1504 trecentorum
759 1451 1056 1504 cubitorum
1079 1449 1338 1516 designat,
1359 1458 1412 1502 et
1437 1449 1560 1502 huic
1585 1457 1924 1501 sacramento

383 1542 656 1610 proximus
679 1541 893 1609 ponitur
918 1540 1076 1593 homo
1111 1547 1296 1607 utpote
1329 1537 1602 1591 rationalis
1631 1545 1684 1590 et
1711 1536 1801 1590 Dei
1831 1551 1923 1589 ca-

381 1645 502 1697 pax.
535 1629 639 1683 Sed
670 1629 807 1682 unde
843 1642 960 1695 quae
1011 1629 1082 1680 sit
1129 1625 1426 1679 di’ﬂerentia
1468 1625 1606 1678 inter
1643 1638 1840 1693 paucos
1871 1635 1923 1677 et

382 1720 593 1782 multos,
627 1718 934 1787 colligamus
969 1717 1203 1770 indicia?
1255 1715 1398 1768 Pone
1443 1729 1653 1768 omnem
1700 1715 1918 1768 humani
1957 1692 1996 1745 Β

383 1809 593 1875 generis
623 1821 925 1870 numerum,
950 1821 1014 1859 ex
1042 1804 1307 1859 universis
1351 1805 1593 1872 gentibus
1620 1803 1754 1871 elige
1791 1803 1922 1855 Iide-

385 1897 485 1960 Ies,
509 1898 622 1951 sine
653 1897 812 1950 dubio
835 1896 1109 1962 pauciores
1134 1907 1314 1959 erunt,
1338 1909 1494 1960 quam
1521 1903 1642 1946 sunt
1663 1894 1917 1946 universi.

383 1985 532 2038 Tunc
559 1984 750 2036 deinde
789 1996 854 2034 ex
905 1983 1136 2036 Iidelium
1181 1999 1422 2049 numero,
1468 1983 1603 2049 elige
1655 1982 1922 2036 meliores.

381 2075 592 2128 Certum
621 2083 700 2128 cst
733 2074 872 2141 quod
910 2073 1075 2127 multo
1106 2074 1330 2128 inferior
1376 2089 1628 2127 numerus
1680 2088 1926 2128 remane-

381 2163 479 2217 bit.
514 2147 580 2214 Et
607 2162 795 2215 iterum
827 2175 890 2214 ex
925 2163 1054 2229 ipsis
1087 2177 1221 2230 quos
1262 2163 1504 2232 elegeris.
1531 2163 1665 2231 elige
1714 2178 1921 2216 rursum

379 2253 745 2322 perfectiores.
781 2254 1063 2319 pauciores
1087 2253 1325 2320 profeCto
1359 2254 1609 2319 reperies.
1638 2253 1702 2305 Et
1725 2263 1925 2320 quanto

384 2343 609 2411 amplius
637 2343 877 2412 eligendo
921 2345 1266 2409 processeris,
1296 2352 1442 2397 tanto
1494 2344 1662 2412 magis
1701 2346 1923 2414 exiguos

382 2441 436 2486 et
484 2434 760 2502 pauciores
811 2436 1050 2488 invenies
1096 2447 1372 2502 usquequo
1412 2433 1598 2486 ultimo
1639 2433 1820 2486 venias
1859 2434 1924 2486 ad

383 2536 543 2575 unum
575 2522 823 2590 aliquem,
852 2524 941 2591 qui
975 2523 1300 2576 conﬁdenter
1339 2523 1483 2575 dicat
1509 2521 1575 2586 δ’,
1604 2522 1726 2590 quia
1755 2539 1774 2571 ‹
1807 2538 1922 2576 ain-

386 2604 524 2672 plius
551 2621 710 2674 quam
751 2621 934 2661 omnes
984 2607 1058 2660 illi
1093 2607 1350 2662 laboravi.
1389 2625 1408 2658 ι
1445 2607 1505 2659 Hi
1540 2621 1666 2675 ergo
1703 2607 1793 2675 qui
1825 2609 1924 2662 hoc

387 2693 542 2747 modo
576 2694 754 2762 plures
775 2705 916 2758 sunt,
954 2696 1071 2762 plus
1100 2703 1256 2748 terra:
1280 2704 1335 2748 et
1361 2695 1478 2762 plus
1511 2709 1783 2763 corporea:
1813 2695 1924 2748 hai-

385 2783 625 2837 reditatis
667 2785 973 2853 accipiunt:
1008 2786 1162 2853 pauci
1204 2793 1379 2839 autem
1429 2785 1675 2854 exiguum
1723 2785 1922 2854 aliquid

385 2875 452 2927 de
484 2882 623 2927 terra
642 2883 1057 2942 consequuntur,
1084 2875 1175 2944 qui
1205 2877 1322 2944 plus
1349 2877 1401 2930 in
1434 2877 1657 2932 Domino
1690 2879 1919 2932 habent:

385 2963 478 3018 alii
518 2972 692 3017 autem
754 2965 884 3017 nihil
925 2966 1143 3018 omnino
1189 2965 1264 3036 (6)
1317 2976 1542 3021 terrena:
1597 2968 1922 3022 hazreditatis

385 3052 672 3122 accipiunt,
717 3053 760 3105 si
801 3053 889 3120 qui
922 3053 1066 3120 digni
1113 3053 1312 3108 fuerint
1355 3058 1656 3110 sacerdotes
1705 3071 1824 3112 esse
1874 3065 1941 3112 et”

391 3142 622 3196 ministri
652 3143 765 3208 Dei,
797 3143 986 3196 horum
1022 3144 1164 3196 enim
1192 3160 1258 3198 ex
1293 3145 1504 3214 integro
1533 3146 1644 3216 ipse
1670 3147 1926 3202 Dominus

387 3230 668 3286 hereditas
695 3231 816 3288 erit.
851 3233 914 3286 Et
953 3235 1073 3300 quis
1119 3233 1192 3287 ita
1239 3235 1427 3290 beatus
1451 3245 1555 3302 est,
1588 3246 1646 3290 ut
1673 3237 1756 3293 vel
1792 3238 1928 3292 inter

387 3337 587 3389 paucos
608 3323 856 3392 exiguum
882 3332 1036 3377 terra:
1061 3324 1307 3393 accipiat,
1331 3325 1413 3378 vel
1451 3326 1590 3380 inter
1615 3325 1816 3382 electos
1842 3343 1928 3382 sa-

387 3412 630 3466 cerdotes
649 3422 701 3465 et
721 3413 992 3467 ministros
1008 3413 1178 3467 solum
1205 3415 1369 3468 Deum
1384 3429 1576 3482 capere
1600 3417 1927 3471 hacreditatis

389 3511 534 3556 sorte
555 3504 862 3557 mereatur?
883 3503 1028 3558 Licet
1051 3505 1213 3558 etiam
1239 3505 1334 3572 ipsi
1350 3515 1566 3573 propter
1577 3508 1814 3572 jumenta
1833 3523 1924 3561 sua

388 3591 652 3658 accipiant
675 3591 872 3660 aliquid
901 3601 1078 3656 terrae,
1110 3596 1202 3647 sed
1228 3594 1368 3648 illius
1391 3603 1548 3648 terra:
1566 3609 1684 3662 quae
1709 3595 1926 3651 urbibus

387 3681 632 3749 contigua
655 3687 803 3734 estet
823 3681 1054 3735 adhaeret
1071 3682 1398 3736 civitatibus.
1424 3683 1604 3738 Potest
1625 3693 1801 3737 tamen
1831 3687 1925 3738 ad-

391 3764 493 3818 huc
525 3773 578 3818 et
603 3765 706 3818 alio
741 3765 895 3818 modo
926 3767 1147 3834 intelligi
1200 3783 1378 3821 sermo
1412 3769 1535 3832 iste,
1570 3771 1659 3837 qui
1699 3771 1829 3824 dicit
1873 3781 1930 3824 ut

391 3854 628 3921 pluribus
655 3855 1032 3922 multiplicetur
1065 3857 1373 3911 haereditas.
1405 3846 1552 3912 Unus
1583 3858 1726 3912 enim
1751 3859 1928 3927 justus

390 3945 680 3998 secundum
703 3947 804 3999 hoc
826 3945 965 4013 quod
991 3954 1240 4013 acceptus
1268 3955 1350 4000 est
1371 3945 1482 4001 Deo
1506 3947 1602 4017 (7),
1633 3961 1729 4014 pro
1768 3948 1930 4017 pluri-

393 4034 492 4086 bus
537 4033 778 4086 habetur.
829 4033 1064 4101 Denique
1113 4044 1169 4087 et
1209 4036 1470 4104 scriptum
1517 4045 1599 4091 est
1626 4037 1716 4092 ὀε
1764 4056 1782 4088 ς
1827 4037 1932 4092 Per

393 4133 554 4171 unum
577 4119 866 4186 sapientem
898 4120 1285 4176 inhabitabitur
1305 4123 1508 4186 civitas,
1543 4123 1708 4178 tribus
1746 4134 1928 4180 autem

394 4205 692 4272 iniquorum
732 4206 1079 4265 desolabitur.
1116 4231 1136 4263 ι
1170 4212 1235 4265 Et
1280 4227 1416 4272 unus
1457 4211 1633 4280 justus
1677 4228 1774 4283 pro
1819 4224 1930 4269 toto

2018 467 2205 520 bilium
2229 467 2373 520 ratio
2402 464 2678 535 deposcit.
2705 461 2912 516 Potest
2941 474 3086 528 ergo
3111 466 3173 512 et
3207 459 3313 511 hoc
3345 459 3496 512 modo
3514 459 3635 511 mul-

2021 559 2089 611 tis
2118 559 2259 623 istis,
2291 559 2385 626 qui
2429 565 2561 610 sunt
2603 556 2750 610 sicut
2788 551 2978 607 stellae
3028 549 3165 604 cmli
3207 549 3265 603 in
3301 547 3636 614 multitudine,

2019 647 2369 716 multiplicari
2405 646 2730 710 haereditas,
2767 652 2826 697 et
2864 641 3101 712 exiguis
3139 639 3252 694 illis
3286 639 3530 693 videlicet
3558 641 3635 708 qui

2021 737 2240 791 etiamsi
2276 750 2516 791 numero
2547 733 2709 787 multi
2746 744 2910 794 sunt,
2958 731 3098 784 vita:
3152 738 3339 784 tamen
3387 743 3498 784 suae
3523 730 3643 785 indi-

2021 825 2228 893 gnitate
2274 835 2332 878 et
2375 824 2586 876 vilitate
2619 821 2811 891 exigui
2847 819 3176 882 habentur,
3211 819 3411 885 exigua
3441 817 3644 870 haeredi-

2024 925 2106 969 tas
2152 914 2303 982 poni.

2093 1004 2148 1056 5.
2187 1022 2205 1052 ι
2247 1003 2353 1056 Per
2377 1010 2612 1064 sortem,
2643 999 2833 1068 inquit
2857 998 2941 1060 ⁸⁸,
2971 997 3090 1050 erit
3126 997 3472 1050 hereditatis
3493 997 3648 1048 distri-

2025 1093 2199 1146 butio.
2232 1111 2256 1143 τι
2298 1090 2412 1144 Hoc
2451 1089 2680 1158 quidem
2713 1088 3085 1157 praecipitur,
3119 1087 3220 1140 sed
3256 1101 3382 1140 cum
3413 1085 3560 1138 venio
3595 1086 3648 1136 ad

2023 1179 2360 1249 Scripturas,
2384 1179 2548 1233 video
2594 1179 2778 1248 ipsum
2814 1177 3092 1246 Moysen.
3123 1177 3220 1229 cui
3261 1177 3368 1229 ista
3421 1177 3649 1227 mandan-

2027 1279 2134 1332 tur,
2164 1280 2314 1323 sorte
2349 1284 2455 1321 non
2498 1269 2584 1322 uti
2636 1270 2691 1322 in
2741 1269 3042 1322 divisione
3089 1266 3439 1320 haereditatis
3471 1264 3652 1329 Ruben,

2023 1369 2078 1414 et
2124 1359 2262 1424 Gad,
2310 1366 2368 1411 et
2403 1358 2645 1412 dimidia:
2691 1358 2878 1411 tribus
2917 1356 3228 1410 Manasse.
3275 1356 3388 1410 Sed
3438 1367 3488 1409 et
3525 1354 3655 1408 Iesus

2025 1447 2194 1513 Nave,
2222 1457 2378 1501 extra
2410 1457 2620 1500 sortem
2664 1448 2761 1501 dat
2799 1447 3222 1500 hzereditatem
3252 1446 3421 1499 tribui
3449 1443 3591 1509 Juda,
3613 1457 3658 1499 et

2025 1536 2210 1601 Caleb.
2239 1548 2294 1592 et
2317 1547 2473 1592 extra
2515 1545 2724 1591 sortem
2761 1537 2864 1590 dat
2892 1545 2954 1591 et
3002 1537 3186 1590 trihui
3222 1534 3484 1604 Ephrem,
3510 1544 3560 1588 et
3587 1535 3656 1587 di-

2027 1626 2208 1679 midia:
2237 1625 2401 1679 tribui
2436 1625 2691 1680 Manasse
2726 1644 2742 1680 :
2777 1626 2837 1680 in
2884 1626 3136 1680 caeteris
3189 1639 3318 1679 sors
3354 1624 3590 1687 mittitur,
3614 1633 3658 1676 et

2025 1714 2197 1784 prima
2229 1730 2348 1768 sors
2382 1715 2670 1784 Beiijamin
2705 1715 3008 1783 procedit,
3039 1725 3102 1770 et
3136 1715 3274 1770 inde
3312 1715 3426 1784 jam
3458 1716 3658 1770 tribuum

2027 1806 2378 1874 reliquarum.
2409 1806 2568 1861 Unde
2599 1819 2736 1874 puto
2778 1806 2940 1873 quod
2989 1815 3058 1858 et
3097 1805 3155 1857 in
3202 1805 3296 1857 illa
3346 1805 3494 1873 regni
3517 1804 3659 1857 caelo-

2029 1910 2144 1949 rum
2178 1897 2338 1950 beata
2369 1897 2698 1951 litereditate
2723 1905 2903 1948 erunt
2936 1894 3159 1964 aliqui,
3195 1895 3295 1964 qui
3341 1909 3446 1949 non
3473 1895 3662 1949 veniant

2027 1984 2094 2037 ad
2123 1993 2344 2049 sortem,
2381 2001 2560 2054 neque
2590 2000 2720 2039 cum
2749 1985 3026 2050 ceteris,
3051 1986 3329 2053 quamvis
3366 1985 3472 2038 sint
3494 1983 3658 2041 sancti.

2027 2075 2456 2127 numerabantur
2492 2091 2508 2128 :
2545 2075 2644 2128 sed
2677 2074 2796 2127 erit
2832 2075 3093 2142 egregia
3121 2075 3388 2142 quasdam
3415 2083 3470 2129 et
3497 2073 3666 2127 eximia

2026 2179 2214 2217 eorum
2246 2165 2554 2228 haereditas,
2577 2165 2729 2221 sicut
2765 2165 2881 2218 I'uit
2923 2164 3122 2219 Caleb
3162 2181 3236 2218 ex
3270 2166 3417 2218 tribu
3450 2163 3592 2227 Juda,
3621 2172 3666 2214 et

2024 2252 2150 2307 Jesu
2193 2254 2362 2322 ipsius
2407 2251 2502 2307 ﬁlii
2550 2252 2727 2309 Nave.
2780 2254 2956 2308 Sicut
3017 2256 3208 2321 enim,
3241 2255 3399 2309 verbi
3420 2249 3585 2310 'causa
3608 2252 3665 2317 ⁸³.

2025 2355 2146 2394 cum
2192 2351 2312 2408 post
2355 2342 2599 2408 praelium
2652 2344 2996 2399 victoribus
3050 2347 3368 2415 provincia:
3397 2345 3666 2414 partiuntur

2029 2432 2220 2498 spolia,
2249 2435 2456 2502 egregii
2485 2433 2698 2502 quique
2729 2444 2788 2487 et
2831 2437 3050 2489 eximii
3093 2437 3411 2491 bellatores
3442 2449 3540 2490 non
3566 2450 3666 2489 cuin

2025 2522 2237 2574 caeteris
2265 2522 2529 2576 militibus
2549 2524 2608 2602 in
2638 2523 2940 2579 divisione
2972 2527 3312 2592 spoliorum
3335 2528 3592 2580 ducuntur
3612 2526 3666 2576 ad

2027 2620 2253 2673 sortem,
2283 2613 2377 2666 sed
2425 2613 2633 2680 optima
2693 2629 2952 2683 qumque
2997 2627 3065 2672 et
3099 2619 3394 2687 praecipua
3423 2617 3502 2672 eis
3525 2615 3670 2670 virtu-

2027 2706 2138 2752 tum
2169 2701 2358 2754 merito
2401 2702 2812 2770 decernuntur,
2851 2708 3071 2761 caeteri
3111 2723 3257 2762 vero
3295 2716 3522 2761 utuntur
3549 2717 3668 2760 sorte

2026 2785 2138 2839 solo
2177 2786 2300 2854 jure
2350 2791 2596 2845 victoria:
2636 2805 2654 2844 :
2705 2793 2785 2846 ita
2849 2795 3005 2850 mihi
3058 2798 3300 2851 videtur
3349 2808 3405 2853 et
3443 2797 3671 2854 Dominus

2027 2873 2193 2944 354
2226 2890 2376 2930 meus
2400 2875 2560 2932 Jesus
2583 2879 2859 2936 Christus
2888 2882 3180 2941 facturus
3208 2905 3223 2940 :
3261 2890 3528 2956 quosdam
3552 2886 3671 2940 enim

2025 2977 2159 3030 quos
2196 2964 2297 3017 scit
2331 2965 2707 3023 abundantius
2760 2984 2952 3038 quam
3002 2985 3272 3031 caeteros
3324 2977 3608 3040 laborasse,
3629 2986 3674 3027 et

2027 3065 2253 3119 quorum
2287 3063 2441 3122 gesta
2479 3059 2782 3126 magnilica
2835 3063 3269 3136 sublimesque
3309 3068 3539 3126 virtutes
3577 3068 3675 3134 ipse

2028 3143 2320 3210 cognoscit,
2342 3143 2448 3197 illis
2473 3148 2795 3215 praecipuos
2819 3166 3108 3223 quosque
3133 3167 3198 3212 et
3231 3160 3490 3223 eximios,
3516 3167 3672 3226 atque.

2028 3238 2085 3282 ut
2113 3228 2186 3282 ita
2220 3230 2444 3284 audeam
2478 3234 2692 3299 dicere,
2735 3238 2970 3296 similes
3012 3245 3142 3299 sibi
3181 3246 3436 3303 honores
3461 3247 3678 3302 decernit

2006 3329 2082 3404 ‘ct
2121 3318 2340 3387 glorias.
2392 3324 2593 3377 Annon
2638 3325 2746 3379 tibi
2793 3329 3040 3385 videtur
3083 3336 3297 3406 _simile
3345 3339 3547 3406 aliquid
3586 3351 3678 3392 sua:

2029 3408 2375 3462 beatitudinis
2396 3411 2735 3469 clarissimis
2763 3420 2892 3474 suis
2917 3404 3218 3482 conférre
3245 3404 3552 3499 discipulis,
3575 3443 3676 3483 cum

2029 3495 2160 3548 dicit
2190 3496 2234 3526 ”
2263 3504 2289 3546 :'
2315 3515 2334 3546 ι
2370 3495 2556 3564 Pater,
2587 3503 2719 3557 volo
2769 3516 2837 3558 ut
2891 3511 2994 3564 ubi
3034 3528 3161 3583 ego
3209 3531 3339 3571 sum
3388 3495 3444 3572 et
3473 3519 3554 3572 isti
3588 3517 3678 3570 sint

2031 3587 2275 3640 mecum?
2305 3605 2323 3636 ι
2351 3587 2419 3641 Et
2471 3604 2596 3643 cum
2645 3592 2862 3650 iterum
2917 3602 3074 3656 dicit
3104 3607 3183 3671 ⁸⁸,
3232 3609 3371 3677 quia
3405 3629 3425 3662 ι
3457 3609 3682 3666 εεάθιήιὶς

2028 3683 2082 3727 et
2112 3688 2204 3728 vos
2230 3690 2396 3743 super
2426 3678 2718 3736 duodecim
2754 3684 3010 3744 thronos
3043 3693 3397 3760 judicantes
3424 3701 3677 3754 duodecim

2031 3763 2200 3816 tribus
2234 3763 2432 3819 Israel?
2470 3785 2489 3816 ι
2526 3766 2590 3819 Et
2648 3768 2874 3830 iterum
2908 3777 3014 3831 ":
3069 3799 3092 3832 ι
3139 3781 3316 3840 Sicut
3375 3796 3434 3841 tu
3485 3787 3537 3840 in
3583 3801 3683 3845 me.

2029 3851 2205 3917 Pater,
2231 3863 2288 3908 et
2311 3870 2414 3925 ego
2437 3857 2490 3910 in
2528 3868 2606 3921 te.
2639 3860 2718 3915 ita
2757 3875 2820 3920 et
2849 3867 2952 3922 isti
2987 3870 3052 3925 in
3090 3877 3274 3932 nobis
3313 3895 3484 3932 unum
3509 3878 3642 3933 sint?
3665 3896 3680 3925 ι

2033 3940 2155 3996 Ila-c
2198 3946 2382 4000 omnia
2433 3963 2541 4003 non
2579 3959 2744 4007 sorte
2796 3957 3252 4031 decernuntur,
3286 3970 3392 4025 sed
3431 3967 3690 4025 electionis

2030 4035 2383 4104 praerogativa
2417 4037 2492 4108 (8)
2525 4038 2818 4098 donantur
2868 4049 2949 4103 ab
3003 4067 3082 4107 eo
3119 4058 3226 4126 qui
3273 4062 3448 4114 corda
3480 4068 3534 4112 et
3559 4073 3688 4111 meu-

2033 4133 2110 4180 tes
2142 4127 2423 4224 hominum
2471 4131 2624 4186 videt
2673 4137 2867 4205 solus,
2903 4146 3008 4213 qui
3063 4164 3182 4205 nos
3220 4167 3456 4224 quoque
3498 4152 3688 4208 etiami

2031 4229 2137 4268 non
2165 4216 2307 4270 inter
2334 4219 2566 4314 eximios
2597 4233 2658 4276 et
2694 4227 2947 4298 electos,
2986 4246 3176 4308 atque
3234 4216 3384 4299 illos.
3417 4246 3509 4314 qui
3548 4257 3689 4310 supra

392 4294 590 4397 mundo
620 4305 914 4363 reputatur,
946 4300 1112 4370 iniqui
1153 4313 1351 4367 autem,
1373 4303 1583 4357 etiamsi
1618 4305 1768 4357 multi
1800 4305 1928 4372 sint,
1963 4303 2007 4356 D
2034 4316 2234 4360 sortem
2261 4315 2410 4371 sunt,
2443 4307 2493 4359 in
2526 4320 2740 4367 sortem
2801 4294 3010 4377 tamen
3065 4294 3695 4401 sancto‘r’tim‘dignetnr

391 4383 570 4453 exigui
601 4394 654 4440 et
680 4399 777 4453 pro
797 4389 973 4442 nihilo
1002 4393 1267 4446 ducuntur
1291 4395 1428 4462 apud
1461 4395 1644 4448 Deum.
1679 4395 1774 4449 Est
1800 4411 1926 4466 ergo

386 4485 441 4530 et
495 4472 774 4528 multitudo
826 4467 1137 4544 laudabilis,
1179 4481 1322 4536 sicut
1365 4483 1605 4536 videmus
1654 4484 1814 4538 etiam
1860 4487 1926 4538 ad

385 4559 662 4615 Abraham
691 4561 908 4626 dictum,
952 4578 1072 4617 cum
1111 4568 1295 4622 eduxit
1331 4583 1448 4624 eum
1499 4569 1638 4624 Deus
1680 4570 1842 4637 foras,
1873 4582 1929 4628 et

387 4649 524 4703 dixit
555 4649 623 4702 ad
654 4663 774 4702 eum
797 4649 840 4679 ⁸⁸
873 4666 886 4702 :
925 4668 945 4701 ι
977 4651 1200 4723 Respice
1233 4659 1299 4713 ad
1325 4661 1543 4726 caelum,
1581 4661 1625 4715 si
1663 4673 1813 4731 potes
1844 4665 1926 4719 di-

387 4751 678 4792 numerare
711 4739 914 4805 stellas,
943 4741 1014 4796 ita
1035 4746 1137 4798 erit
1175 4762 1354 4801 semen
1385 4759 1549 4803 tuum.
1583 4769 1602 4801 ›
1631 4751 1685 4804 In
1733 4768 1838 4822 quo
1882 4769 1937 4813 et

387 4829 487 4881 hoc
532 4827 759 4892 intuere,
786 4831 1047 4898 quomodo
1083 4833 1259 4900 justus
1292 4839 1436 4892 intus
1477 4847 1580 4902 est,
1613 4841 1750 4894 etin
1795 4843 1934 4896 inte-

389 4916 622 4970 rioribus
653 4932 859 4987 semper
881 4922 1164 4979 consistit:
1204 4929 1325 4993 quia
1361 4927 1585 4980 intusin
1621 4929 1933 4985 abscondito

387 5014 507 5059 orat
546 5005 778 5070 Patrem,
825 5020 878 5063 et
925 5015 1099 5070 omnis
1148 5015 1316 5085 gloria
1365 5015 1484 5068 tilia:
1538 5015 1699 5082 regis,
1727 5016 1779 5069 id
1827 5027 1928 5082 est,

390 5095 582 5149 anima;
635 5098 846 5167 regalis,
899 5100 1220 5157 intrinsecus
1266 5111 1382 5168 est;
1433 5102 1524 5154 sed
1569 5113 1745 5155 tamen
1792 5102 1932 5160 Deus

457 5188 512 5263 ‘_’_
539 5191 557 5245 1
596 5191 719 5263 μοι’.
751 5208 835 5256 xv,
859 5195 962 5263 ,l0.
989 5215 1004 5232 ι
1033 5196 1076 5263 ⁸1³
1108 5195 1266 5249 Eccli.
1293 5210 1410 5263 xvi,
1433 5193 1484 5247 5.
1559 5195 1601 5224 ⁵⁸
1634 5192 1766 5248 Gen.
1797 5213 1885 5263 xv,
1916 5198 1969 5255 5.

393 5257 435 5289 "
467 5257 648 5312 Matth.
678 5262 896 5324 Xix,28.
971 5263 1016 5294 ⁸⁸
1045 5262 1197 5317 Joan.
1229 5278 1355 5326 xvii,
1389 5257 1472 5314 21.

465 5343 664 5423 (fil-Alii
685 5359 858 5423 autem
877 5351 1380 5423 nihilgomnino,_etc.
1405 5349 1494 5403 Sic
1518 5351 1714 5423 habent
1741 5367 1927 5423 manu-

397 5413 598 5476 scripti.
636 5413 782 5469 Libri
810 5432 932 5472 vero
961 5421 1109 5482 editi,
1142 5438 1160 5470 ‹
1193 5413 1276 5472 ubi
1314 5432 1488 5470 autem
1535 5419 1665 5470 nihil
1705 5422 1926 5476 omnino

399 5482 979 5556 ter‘ren‘aehaereditatis
1015 5487 1298 5556 accipiant,
1329 5487 1370 5539 si
1404 5487 1494 5554 qui
1522 5487 1664 5556 digiti
1707 5487 1921 5554 fuerint,

400 5545 703 5600 sacerdotes
734 5561 856 5606 sunt
878 5563 932 5608 et
961 5545 1212 5621 ministri,
1242 5572 1261 5606 ι
1284 5545 1393 5608 etc.

2033 4393 2302 4487 adducere
2347 4415 2360 4449 :
2403 4396 2488 4452 cui
2531 4407 2614 4452 est
2678 4404 2874 4469 gloria
2924 4423 2989 4467 et
3038 4415 3373 4487 imperium
3424 4423 3478 4476 in
3521 4393 3695 4476 saecula

2031 4485 2376 4540 saeculorum.
2412 4488 2609 4543 Amen.

2582 4581 2896 4642 HOMILIA
2944 4592 3125 4652 XXII.

2035 4837 2047 4848 ἱ
2105 4751 2158 4848 ιλ
2183 4750 2434 4848 Quinque
2482 4757 2612 4813 ﬁlim
2655 4761 2922 4832 fuerunt,
2962 4787 3226 4842 quarum
3287 4781 3466 4834 etiam
3502 4750 3702 4836 nomina

2033 4839 2086 4939 in
2127 4839 2410 4939 Scriptura
2449 4851 2871 4917 comprehensa
2929 4839 3101 4928 sunt,
3131 4866 3214 4920 de
3266 4867 3554 4939 Salphaat
3581 4883 3704 4937 quor

2031 4926 2153 5023 dam
2179 4929 2420 4988 Israelita
2446 4940 2782 5008 progenitze,
2803 4948 2912 5014 qui
2940 4963 3217 5010 mortuus
3250 4926 3443 5014 estin
3482 4926 3706 5016 deserto.

2032 5018 2176 5118 nulla
2198 5023 2344 5118 virili
2374 5026 2563 5118 sobole
2590 5030 2898 5092 derelicta.
2931 5039 3070 5098 Istae
3095 5059 3248 5116 ergo
3283 5022 3423 5104 lilia:
3457 5050 3707 5118 Salpliaat

2005 5109 2381 5204 ointerpellant
2406 5117 2657 5188 Moysen,
2689 5134 2750 5178 et
2794 5141 3025 5187 sortem
3062 5109 3341 5204 patérnz:
3382 5109 3711 5194 hereditatis

2061 5203 2116 5274 ’ἦ
2134 5204 2294 5260 Num.
2333 5226 2486 5278 XXVI,
2515 5214 2608 5268 55.

2688 5219 2738 5250 ³³
2770 5219 2896 5278 ³ος,
2926 5242 3048 5282 xw,
3129 5229 3181 5259 ’δ
3209 5229 3394 5286 Joan.
3431 5250 3570 5299 xv",
3624 5231 3704 5283 ‘3‘-

2218 5365 2376 5450 hissq
2403 5386 2423 5421 ί
2461 5375 2610 5441 quod
2655 5389 2931 5450 acceptus
2959 5396 3049 5441 est
3092 5387 3242 5446 Deo.
3287 5410 3311 5444 ι
3361 5392 3532 5446 Libb.
3563 5389 3712 5450 editi,

2040 5446 2059 5480 ι
2098 5437 2564 5510 (ηιριιᾷτρεεευιῦιιι
2591 5455 2679 5501 est
2707 5437 2846 5504 Deo.
2885 5471 2905 5504 ι

2253 5501 2616 5594 Μεηςιωδθα-
2655 5501 2954 5594 electionis
2995 5529 3427 5593 praerogativa.
3481 5550 3504 5584 ι
3558 5530 3715 5585 Libbo

2045 5570 2211 5642 editi,
2252 5597 2273 5632 ι
2310 5570 2410 5638 sed
2433 5570 3249 5663 ιιίιεειίοίιῑζίέέεέἐόεὲἱῆξιῖ¹³ἱ
