3838 6200
232 268 318 324 7H

222 389 508 450 exposcunt
553 383 832 450 dicentes,
871 405 946 444 ne

234 489 335 528 rum
367 474 433 526 de
466 475 644 528 medio
675 476 860 546 plebis
893 498 1038 553 sua},
1083 496 1220 559 quia
1257 516 1364 553 non
1392 512 1472 554 cst
1501 503 1551 554 ei
1583 504 1666 554 vir
1694 504 1831 555 lilius

241 576 404 622 natus.
445 563 635 652 Defert
693 585 800 639 pro
849 574 967 630 hoc
1011 578 1240 652 Moyses
1291 591 1474 644 consul
1502 592 1729 644 ationcm
1767 592 1829 644 ad

243 655 419 709 Deum.
442 651 858 724 Omnipotentis
891 676 1087 722 autem
1118 651 1216 725 Dei
1247 675 1529 728 clementia
1555 693 1659 730 non
1686 692 1832 744 sper-

249 748 343 808 nit,
403 759 502 799 nec
558 746 795 817 despicit
849 759 1323 817 consultationem
1374 780 1500 832 quas
1539 766 1759 820 offertur
1800 783 1828 820 a

252 836 462 908 puellis,
483 845 538 889 et
582 854 690 893 non
747 843 929 899 solum
978 864 1245 916 responsa
1277 853 1403 906 dare
1448 854 1710 922 dignatur,
1738 856 1829 908 sed

253 929 524 982 intantum
572 930 792 996 probat,
843 945 904 990 et
947 938 1293 1006 amplectitur
1342 940 1501 993 verba
1538 954 1739 1004 earum,
1771 951 1829 995 ut

246 1034 300 1072 ex
343 1019 492 1088 ipsis
516 1028 722 1075 aeterna
759 1024 1083 1084 hominibus
1113 1031 1229 1098 jura
1259 1029 1545 1083 constituat
1576 1041 1629 1085 et
1662 1046 1826 1085 saecu-

237 1111 296 1163 iis
325 1110 608 1164 omnibus
627 1111 987 1169 observanda.
1015 1119 1104 1171 Ait
1124 1118 1264 1171 enim
1284 1117 1328 1148 ⁸⁷
1360 1137 1372 1171 :
1401 1137 1419 1168 ι
1451 1117 1694 1186 Loquens
1714 1129 1827 1174 erat

241 1202 529 1255 Dominus
555 1201 618 1254 ad
643 1201 860 1272 Moysen
871 1223 918 1283 ἑ
939 1205 1112 1261 Recte
1198 1208 1387 1262 locutae
1411 1196 1531 1262 sunt
1558 1209 1677 1264 ﬁlia:
1711 1210 1825 1263 Sal-

239 1292 444 1357 phaat.
479 1290 649 1344 Dabis
677 1291 756 1344 eis
784 1295 1178 1361 possessionem
1209 1297 1260 1349 in
1285 1297 1456 1352 medio
1482 1297 1699 1351 fratrum
1735 1315 1822 1368 pa-

240 1381 334 1434 tris
378 1381 506 1443 sui,
542 1390 598 1434 et
629 1379 780 1434 dabis
827 1391 1026 1435 sortem
1071 1385 1238 1450 patris
1289 1386 1520 1452 ipsarum
1575 1388 1722 1456 ipsis,
1769 1400 1822 1443 et

241 1471 371 1525 ﬁliis
401 1469 584 1524 Israel
615 1471 853 1538 loqueris
887 1473 1113 1526 dicens:
1141 1473 1305 1528 Homo
1333 1476 1377 1529 si
1424 1485 1663 1532 mortuus
1710 1478 1822 1532 fue-

241 1561 325 1622 rit,
369 1569 439 1612 et
475 1559 628 1612 ﬁlius
657 1574 762 1613 non
796 1558 956 1613 fuerit
988 1561 1063 1624 ei,
1099 1561 1290 1615 dabitis
1321 1564 1681 1618 hzereditatem
1709 1567 1821 1632 ejus

244 1648 366 1699 ﬁliae
420 1646 572 1714 ejus.
611 1645 768 1712 Quod
819 1647 862 1701 si
900 1662 1006 1701 non
1046 1647 1207 1702 fuerit
1251 1652 1299 1703 ei
1351 1650 1453 1703 ﬁlia
1483 1652 1579 1720 (-9),
1626 1653 1818 1708 dabitis

1431 301 1496 354 IN
1533 300 1856 356 NUMEROS
1889 301 2166 356 IIOMILIA
2201 305 2361 358 XXII.

3365 313 3470 366 749.

995 396 1268 463 deleatur
1312 427 1503 466 nomen
1547 415 1714 481 patris
1743 429 1830 468 ea-
1856 416 1902 472 Α
1931 423 2252 480 terpretatur
2280 417 2460 467 umbra
2510 417 2563 468 in
2604 431 2691 469 ore
2738 418 2848 486 ejus
2879 421 3022 489 (ll);
3053 428 3203 489 pater
3243 435 3463 490 Operam

1933 505 2228 559 intellectus
2248 515 2348 559 est.
2375 505 2525 569 Saepe
2547 518 2674 572 ergo
2698 509 2909 572 accidit,
2938 518 2990 561 et
3020 524 3120 562 non
3151 511 3302 576 pauci
3325 512 3465 564 inter

1929 594 2125 648 fratres
2148 604 2355 648 nostros
2387 603 2532 656 sunt,
2559 595 2610 648 in
2642 596 2836 662 quibus
2886 597 3382 652 intellectus'altior
3409 610 3463 652 et

1929 682 2244 751 profundior
2271 683 2461 745 nullus,
2491 684 2582 736 sed
2631 691 2712 738 est
2751 685 2800 736 in
2835 685 2912 737 eis
2947 699 3131 738 sensus
3170 696 3459 751 emortuus,

1927 771 2063 824 sicut
2108 771 2172 823 de
2207 770 2430 838 quodam
2464 771 2719 837 scriptum
2771 778 2851 824 est
2884 771 2928 802 ⁸⁸
2959 787 2972 823 :
3004 791 3022 822 ι
3057 772 3123 824 Ει
3166 783 3459 826 emortuum

1925 867 2008 911 est
2034 873 2127 912 cor
2147 858 2268 924 ejus
2297 859 2348 912 in
2384 859 2516 926 ipso.
2555 877 2574 909 ι
2613 860 2712 913 Iste
2742 874 2868 928 ergo
2913 861 3120 914 etiamsi
3161 862 3225 914 ad
3264 853 3459 914 intelli-

1923 947 2157 1014 gentiam
2191 948 2484 1015 spiritalem
2537 949 2668 1001 nihil
2719 949 2876 1016 sapit,
2908 949 2998 1002 sed
3039 957 3120 1014 est
3168 957 3460 1012 emortuus,

1929 1043 2102 1087 tamen
2148 1036 2192 1087 si
2238 1037 2479 1102 genuerit
2531 1035 2683 1099 ﬁlias,
2731 1037 2783 1088 id
2831 1048 2912 1090 est
2954 1052 3112 1105 opera
3158 1037 3459 1100 miniSterii,

1925 1135 2083 1188 opera
2120 1124 2519 1190 obsequiorum,
2553 1139 2715 1193 opera
2747 1127 3113 1179 mandatorum
3151 1127 3266 1187 Dei,
3292 1128 3460 1178 Incre-

1924 1209 2138 1263 ditatem
2168 1219 2321 1265 terrae
2351 1228 2468 1266 cum
2514 1214 2668 1280 plebe
2707 1215 2912 1268 Domini
2957 1216 3318 1282 consequitur.
3348 1214 3458 1268 Non

1924 1297 2112 1363 poterit
2145 1298 2355 1364 quidem
2400 1299 2541 1353 inter
2582 1317 2674 1356 eos
2720 1303 3006 1366 numerari,
3034 1317 3255 1370 quormn
3289 1304 3461 1370 portio

1924 1385 2176 1440 Dominus
2203 1398 2306 1450 est,
2334 1405 2558 1456 quorum
2603 1392 2884 1446 hmreditas
2915 1393 3051 1448 Deus
3078 1403 3182 1456 est,
3223 1408 3325 1447 non
3364 1409 3459 1462 po-

1884 1509 1888 1512 -
1921 1475 2042 1528 terit
2066 1477 2117 1528 in
2148 1477 2511 1531 ministrorum
2540 1489 2592 1533 et
2613 1481 2948 1534 sacerdotmn
2981 1497 3204 1536 numero
3229 1483 3458 1549 suscipi,

1921 1563 1973 1616 in
2003 1563 2210 1630 plebeio
2257 1575 2428 1619 tamen
2477 1569 2661 1622 ordine
2706 1571 3064 1624 hacreditatem
3096 1582 3249 1625 terra:
3277 1586 3461 1640 repro-

1921 1651 2186 1704 missionis
2219 1653 2481 1718 accipiet:
2517 1672 2534 1704 ι
2569 1655 2714 1709 Multi
2745 1658 2885 1710 enim
2919 1669 3040 1712 sunt
3064 1659 3258 1726 vocati,
3299 1662 3454 1728 pauci

244 1737 641 1788 hereditatem
675 1735 828 1790 fratri
859 1736 994 1802 ejus.
1022 1738 1169 1802 Quod
1198 1739 1244 1792 si
1274 1753 1373 1792 non
1411 1715 1604 1795 fuerint
1638 1745 1684 1796 ei
1713 1745 1819 1798 fra-
1847 1715 1889 1768 Β
1917 1745 2091 1789 θυιθῐη
2139 1737 2291 1790 θΙθειῖ
2344 1740 2408 1791 ⁸³·
2442 1758 2460 1790 ι
2494 1739 2801 1795 Oslendilul‘
2849 1753 3022 1797 tamen
3071 1754 3124 1799 et
3177 1760 3335 1798 causa
3389 1759 3454 1799 et

249 1830 380 1882 tres,
419 1819 638 1872 dabitis
691 1820 1054 1874 hmreditatem
1093 1821 1244 1875 fratri
1278 1827 1442 1890 patris
1485 1827 1617 1892 ejus.
1668 1831 1814 1895 Quod

246 1908 287 1960 si
316 1923 433 1962 non
459 1909 682 1962 fuerint
711 1910 758 1962 ei
793 1909 986 1964 fratres
1013 1915 1175 1980 patris
1206 1912 1335 1980 ejus,
1363 1914 1554 1969 dabitis
1599 1918 1816 1973 haeredi-

248 2003 418 2049 tatem
451 1997 786 2061 domestico,
811 1999 901 2066 qui
923 1998 1086 2052 fuerit
1116 2003 1458 2071 propinquior
1488 2004 1558 2056 illi
1582 2020 1645 2058 ex
1678 2006 1813 2060 tribu

246 2100 370 2148 sua,
418 2094 476 2138 et
521 2085 708 2151 capiet
750 2085 1114 2141 haereditatem
1163 2089 1298 2156 ejus,
1342 2101 1395 2146 et
1431 2092 1534 2146 erit
1567 2093 1662 2148 hoc
1699 2095 1817 2150 ﬁliis

242 2171 416 2227 Israel
441 2171 777 2239 justiﬁcatio
818 2173 1029 2240 judicii,
1071 2177 1211 2231 sicut
1265 2181 1542 2234 constituit
1567 2182 1818 2236 Dominus

241 2259 444 2330 Moysi.
485 2280 507 2313 ι
543 2261 678 2316 Haec
707 2264 1002 2318 secundum
1032 2266 1311 2320 historiam
1339 2269 1464 2336 quid
1493 2270 1692 2337 vigoris
1720 2273 1815 2324 ha-

239 2349 436 2414 beant,
469 2353 735 2405 omnibus
761 2353 937 2420 palam
965 2363 1046 2408 est
1074 2356 1161 2422 qui
1190 2357 1363 2410 sciunt
1387 2359 1532 2426 leges
1561 2360 1687 2414 istas
1714 2376 1814 2415 non

238 2440 424 2493 solum
459 2441 607 2508 apud
652 2439 792 2494 ﬁlios
833 2441 997 2495 lsrael
1038 2445 1312 2508 custodiri,
1342 2447 1434 2500 sed
1471 2448 1607 2514 apud
1634 2461 1818 2505 omnes

238 2529 520 2594 homines,
552 2532 656 2598 qui
693 2541 872 2584 tamen
924 2531 1129 2601 legibus
1184 2535 1382 2588 vivunt.
1416 2535 1565 2592 Unde
1602 2550 1820 2606 apparet

238 2621 398 2689 quod
449 2621 688 2676 libertas
737 2623 967 2676 ﬁliarum
1017 2623 1270 2692 Salphaat
1319 2641 1420 2680 non
1483 2629 1651 2682 solum
1689 2632 1817 2698 ipsis

235 2710 626 2764 hereditatem
677 2712 1002 2777 contulerit,
1051 2716 1144 2767 sed
1195 2724 1251 2768 et
1301 2727 1554 2785 perpetua
1605 2720 1816 2775 vivendi

232 2798 358 2864 jura
389 2799 600 2853 saeculo
635 2801 866 2853 dederit.
896 2801 1060 2855 Vides
1105 2811 1301 2870 quanta
1337 2806 1407 2858 sit
1447 2807 1604 2860 etiam
1651 2809 1818 2865 histo-

235 2886 332 2938 ria:
370 2886 554 2954 ipsius
591 2886 802 2940 utilitas
850 2889 902 2940 in
964 2888 1078 2959 lege
1119 2890 1234 2945 Dei.
1281 2892 1413 2957 Quis
1457 2906 1629 2964 potest
1671 2898 1815 2968 leges

231 2975 371 3028 istas
424 2974 730 3042 aliquando
762 2976 1079 3044 dissolvere,
1107 2981 1300 3048 quibus
1347 2985 1624 3040 universus
1651 2989 1816 3044 utitur
1841 3007 1882 3062 ο

232 3065 523 3118 mundus?
555 3064 668 3118 Sed
703 3074 880 3119 tamen
912 3081 1010 3121 nos
1036 3081 1334 3136 quaeramus
1356 3078 1618 3141 quomodo
1655 3079 1814 3131 etiam

229 3155 569 3223 spiritaliter
604 3157 962 3211 mdiﬁcemur.
993 3157 1174 3214 Patest
1208 3164 1350 3215 enim
1401 3165 1513 3218 ﬁeri
1559 3174 1614 3219 ut
1646 3183 1816 3238 neque

225 3244 357 3300 ﬁlia:
388 3246 510 3317 (10)
544 3246 684 3300 mihi
707 3247 818 3300 sint
840 3247 1129 3301 secundum
1155 3263 1393 3316 carnem,
1420 3269 1589 3322 neque
1617 3256 1813 3324 aliquid

229 3338 404 3401 ruris,
438 3336 600 3403 cujus
623 3337 747 3404 capi
777 3337 950 3404 possit
989 3337 1290 3394 haereditas.
1327 3341 1462 3406 Quid
1489 3346 1652 3414 ergo?
1683 3346 1814 3399 nihil

226 3427 374 3494 apud
412 3441 542 3480 eum
586 3427 685 3495 qui
724 3426 1027 3492 huiusmodi
1082 3436 1185 3492 est,
1229 3429 1328 3482 ista
1372 3431 1452 3484 lex
1491 3435 1812 3501 Operahitur,

223 3529 280 3567 et
307 3515 426 3568 erit
468 3516 638 3568 alicui
687 3516 922 3569 otiosum
966 3517 1107 3584 quod
1149 3518 1325 3572 divina
1372 3537 1501 3576 voce
1548 3525 1810 3579 sancitum

221 3605 345 3659 est?
374 3605 756 3673 Requiramus
785 3619 916 3674 ergo
943 3606 1102 3659 etiam
1147 3611 1281 3676 apud
1312 3611 1605 3678 spiritalem
1646 3613 1812 3683 legem

218 3707 347 3763 qua
387 3696 503 3748 sint
542 3695 668 3749 istm
695 3693 822 3747 ﬁliae
871 3695 1127 3762 quinque,
1160 3712 1383 3764 quarum
1426 3701 1632 3755 etiamsi
1663 3712 1814 3772 pater

219 3793 482 3838 mortuus
520 3785 692 3837 fuerit
718 3798 819 3852 pro
849 3783 1030 3849 aliquo
1052 3795 1292 3852 peccato,
1325 3788 1452 3857 ipsa:
1498 3799 1671 3844 tamen
1705 3791 1813 3845 hae-

217 3873 526 3926 reditatem
578 3887 649 3926 ex
697 3874 867 3927 verbo
907 3875 1001 3930 Dei
1055 3880 1286 3946 capiant.
1322 3881 1381 3931 In
1426 3881 1809 3948 superioribus,

221 3979 352 4018 eum
389 3965 460 4019 de
487 3964 836 4033 spiritalibus
861 3965 984 4020 ﬁliis
1009 3977 1378 4036 tractaremus,
1397 3971 1622 4026 virtutes
1648 3973 1808 4025 animi

213 4066 270 4110 et
308 4073 517 4111 sensus
549 4055 759 4111 mentis
809 4057 947 4111 filios
981 4056 1085 4111 dici
1135 4060 1431 4114 docuimus.
1472 4061 1810 4130 Consequens

213 4148 338 4201 sine
367 4147 543 4201 dubio
577 4155 637 4200 et
675 4147 1009 4201 conveniens
1039 4149 1254 4203 videtur
1293 4151 1450 4205 etiam
1484 4151 1618 4207 ﬁlias
1649 4168 1806 4220 opera

212 4251 340 4302 quae
387 4236 648 4304 corporis
687 4236 992 4290 ministerio
1033 4239 1348 4306 explentur,
1396 4241 1655 4309 accipere.
1687 4242 1808 4296 ideo

1915 1823 2077 1891 ipsius
2121 1827 2350 1882 nominis
2401 1829 2860 1898 interpretatione,
2896 1834 3018 1901 quia
3067 1835 3165 1888 iste
3202 1834 3456 1902 Salphaat

1915 1927 2017 1964 non
2068 1916 2298 1980 potuerit
2351 1916 2484 1971 ﬁlios
2541 1933 2824 1986 generare,
2873 1922 2963 1974 sed
2999 1923 3152 1976 ﬁlias.
3198 1925 3457 1990 lnterpre~

1925 2005 2068 2053 tatur
2105 2003 2270 2065 enim,
2327 2014 2381 2057 ut
2427 2005 2677 2068 diximus,
2713 2012 2893 2061 umbra
2932 2011 2984 2062 in
3011 2027 3097 2062 ore
3131 2012 3260 2078 ejus.
3298 2010 3458 2064 Vides

1915 2099 2038 2154 ergo
2095 2089 2341 2150 quoniam
2410 2091 2452 2145 si
2523 2093 2644 2160 quis
2703 2096 2942 2149 umbram
2995 2095 3123 2164 legis
3191 2099 3352 2152 habet
3401 2098 3454 2151 in

1913 2188 2026 2238 ore,
2057 2185 2108 2229 et
2136 2191 2238 2229 non
2267 2178 2434 2244 ipsam
2463 2179 2744 2250 imaginem
2797 2199 2996 2248 rerum,
3024 2187 3110 2239 hic
3151 2188 3273 2254 quia
3318 2185 3457 2239 nihil

1913 2264 2070 2333 355
2119 2265 2394 2332 spiritale,
2443 2269 2574 2321 nihil
2619 2270 2863 2337 profundi
2913 2272 3209 2326 intellectus
3257 2274 3456 2328 sentire

1916 2362 2110 2423 potest,
2141 2356 2232 2408 sed
2264 2357 2376 2410 sola
2401 2360 2590 2412 umbra
2625 2358 2756 2427 legis
2783 2360 2834 2413 in
2865 2377 2957 2416 ore
2985 2362 3098 2430 ejus
3125 2373 3226 2428 est,
3260 2378 3451 2419 sensus

1916 2443 2062 2498 vivos
2101 2453 2156 2497 et
2198 2446 2469 2514 Spiritales
2508 2463 2612 2503 non
2658 2459 2831 2516 potest
2883 2465 3163 2519 generare,
3196 2468 3452 2520 generare

1918 2541 2092 2586 tamen
2127 2541 2303 2601 potest
2329 2549 2488 2602 opera
2523 2545 2574 2589 et
2614 2547 2789 2600 actus,
2817 2554 2932 2606 quae
2959 2549 3083 2594 sunt
3114 2541 3453 2608 simplicioris

1916 2622 2037 2675 vita:
2081 2622 2396 2675 ministeria.
2441 2623 2504 2676 Et
2538 2624 2658 2678 ideo
2707 2626 2942 2680 ostendit
2986 2627 3036 2679 in
3075 2628 3157 2681 his
3218 2629 3450 2682 clemen-

1917 2711 1988 2762 tia
2016 2711 2128 2774 Dei,
2177 2713 2318 2779 quod
2355 2713 2748 2768 innocentiores
2794 2717 3006 2785 quique,
3039 2718 3244 2772 etiamsi
3293 2734 3450 2773 sensu

1917 2799 2185 2864 deﬁciant,
2224 2800 2422 2854 habent
2461 2810 2633 2857 tamen
2689 2819 2846 2872 opcra
2902 2804 3072 2868 bona,
3119 2822 3222 2860 non
3265 2808 3450 2862 exclu-

1917 2888 2111 2941 duntur
2154 2891 2222 2943 ab
2270 2891 2578 2944 haereditate
2613 2902 2938 2946 sanctorum.
2991 2893 3152 2948 Recte
3195 2908 3320 2964 ergo
3365 2897 3446 2949 lo-

1917 2987 2050 3031 cuta:
2074 2987 2196 3032 sunt
2225 2978 2346 3032 ﬁlize
2377 2978 2651 3047 Salphaat.

1986 3087 2041 3138 2.
2082 3085 2204 3140 Post
2253 3087 2364 3141 hate
2407 3089 2621 3156 ponitur
2651 3088 2732 3142 lex
2769 3089 2857 3142 Dei
2904 3091 2968 3144 de
3009 3093 3365 3158 successione,
3395 3103 3452 3146 ut

1914 3176 2085 3243 primo
2114 3177 2273 3242 ﬁlius,
2321 3179 2429 3232 ﬁlia
2475 3183 2708 3237 secundo
2738 3183 2788 3236 in
2834 3185 2949 3238 loco
2980 3187 3259 3250 succedat,
3293 3189 3450 3241 tertio

1915 3263 2100 3328 frater,
2145 3276 2335 3333 quarto
2367 3270 2533 3336 patris
2576 3270 2760 3325 frater.
2803 3273 3031 3337 Quintus
3078 3291 3212 3330 vero
3256 3279 3451 3345 gradus

1914 3361 2117 3405 certum
2149 3354 2383 3423 aliquem
2412 3371 2515 3409 non
2542 3359 2803 3426 designat,
2833 3362 2922 3414 sed
2952 3363 3201 3431 quisquis
3233 3365 3306 3417 illi
3335 3380 3450 3434 pro-

1913 3437 2161 3505 pinquior
2189 3454 2251 3493 ex
2297 3443 2442 3496 omni
2481 3443 2680 3497 familia
2718 3444 2903 3512 fuerit,
2937 3459 2992 3501 ut
3029 3451 3142 3517 ipse
3171 3456 3445 3508 succedat.

1913 3525 1966 3578 in
2014 3528 2098 3581 his
2133 3538 2236 3581 tam
2268 3530 2476 3599 integer
2516 3543 2569 3586 et
2617 3536 2886 3602 perfectus
2931 3549 3014 3592 est
3048 3541 3282 3595 historia:
3323 3557 3448 3597 sen-

1913 3630 2025 3682 sus,
2055 3625 2112 3669 ut
2153 3618 2285 3672 nihil
2331 3621 2609 3689 requirere
2639 3625 2883 3681 videatur
2927 3631 3262 3684 extrinsecus
3309 3633 3444 3703 (l2).

1911 3707 2110 3760 Tamen
2158 3711 2201 3760 si
2251 3709 2372 3776 quis
2405 3711 2540 3764 bene
2586 3713 2637 3766 in
2687 3715 3023 3782 spiritalibus
3069 3719 3272 3787 legibus
3317 3737 3442 3775 eru-

1912 3795 2053 3849 ditus
2088 3804 2202 3858 est,
2241 3805 2294 3850 et
2345 3798 2584 3865 pleniore
2643 3803 2880 3858 scientia:
2930 3806 3132 3861 lumine
3180 3789 3442 3876 radiatus,

1911 3883 1996 3936 ille
2044 3894 2218 3952 potest
2257 3885 2549 3955 intelligere
2587 3889 2825 3946 diversos
2872 3895 3001 3948 istos
3043 3898 3439 3953 successionum

1909 3973 2121 4042 gradus,
2154 3982 2206 4027 et
2251 3976 2513 4042 quomodo
2555 3976 2758 4045 primus
2801 3980 2870 4034 sit
2903 3985 3285 4051 consequenda:
3331 4000 3443 4040 cte-

1910 4064 2060 4118 lestis
2093 4065 2418 4120 haereditatis
2445 4067 2659 4134 gradus,
2684 4071 2938 4125 doctrinm
2967 4084 3021 4127 et
3051 4074 3290 4130 scientiae
3326 4093 3440 4132 me-

1912 4153 2032 4214 rito,
2077 4153 2165 4221 qui
2211 4163 2291 4206 est
2341 4157 2606 4209 masculus
2663 4158 2816 4213 ﬁlius.
2869 4160 3143 4217 Secundus
3211 4179 3433 4233 operum

1911 4244 2284 4310 praerogativa,
2333 4260 2450 4313 qua:
2496 4247 2602 4300 ﬁlia
2652 4258 2751 4302 est.
2799 4250 3013 4306 Tertius
3051 4258 3455 4326 compassionis,

212 4327 457 4393 denique
494 4334 554 4378 et
578 4325 875 4392 quinarius
917 4325 996 4379 eis
1025 4341 1279 4380 numerus
1310 4306 1610 4384 ascribitur.
1644 4331 1806 4396 Quin-
1835 4306 1884 4365 ί)
1907 4306 2132 4400 alicujus
2172 4342 2225 4386 et
2261 4334 2592 4401 imitationis,
2624 4347 2844 4406 propter
2873 4342 3011 4408 quod
3058 4352 3111 4396 et
3144 4306 3310 4398 fiater
3339 4361 3439 4399 no-

209 4423 322 4481 que
367 4415 517 4468 enim
546 4413 808 4480 corporei
852 4427 1038 4467 sensus
1074 4424 1222 4480 sunt,
1269 4416 1462 4484 quibus
1490 4434 1646 4474 omne
1674 4435 1806 4489 opus

1906 4423 2158 4476 minatur.
2202 4422 2338 4477 Sunt
2381 4425 2522 4479 enim
2564 4429 2826 4493 nonnulli,
2870 4431 2958 4496 qui
3004 4440 3191 4500 sponte
3222 4435 3436 4502 quidem

210 4501 473 4568 expletur
504 4502 560 4554 in
589 4513 846 4566 corpore.
883 4499 1000 4552 Ista:
1030 4515 1159 4570 ergo
1186 4502 1425 4570 quinque
1462 4505 1598 4568 lilize,
1629 4506 1678 4559 id
1723 4517 1806 4562 est
1900 4524 2016 4574 sua,
2043 4520 2096 4564 et
2135 4513 2350 4580 proprio
2375 4513 2652 4568 intellectu
2693 4517 2824 4570 nihil
2853 4530 3032 4588 agunt,
3062 4523 3215 4590 positi
3238 4499 3434 4578 Vtamen

214 4604 444 4658 operum
476 4589 774 4658 perfectio,
802 4588 1010 4643 etiamsi
1043 4599 1196 4658 patre
1239 4591 1496 4645 orbentur
1528 4603 1579 4648 et
1623 4611 1800 4648 rema-

214 4690 387 4732 aeant
435 4679 728 4747 orphanze,
785 4691 888 4728 non
920 4684 1099 4731 tamen
1149 4677 1439 4744 ejiciuntur
1467 4682 1532 4734 ab
1579 4683 1802 4737 haeredi-

209 4777 348 4829 tate,
392 4781 575 4836 neque
612 4765 972 4819 excluduntur
999 4780 1027 4818 a
1055 4779 1250 4832 regno,
1278 4767 1371 4818 sed
1408 4766 1457 4818 in
1490 4770 1661 4823 medio
1693 4771 1802 4838 ple-

212 4856 298 4910 bis
341 4857 438 4910 Dei
491 4856 806 4925 portionem
854 4855 1187 4909 hereditatis
1244 4854 1534 4921 accipiunt.
1586 4860 1799 4915 Interim

211 4947 505 5001 videamus
549 4947 677 5014 quis
725 4953 808 4998 est
862 4943 964 4997 iste
1003 4952 1160 5013 pater
1209 4956 1414 5005 earum,
1441 4947 1534 5013 qui
1566 4959 1802 5003 mortuus

214 5049 338 5090 esse
373 5038 601 5092 dicitur.
639 5034 916 5101 Salphaat,
958 5034 1150 5101 inquit,
1205 5029 1458 5096 Salphaat
1493 5044 1667 5090 autem
1719 5040 1800 5092 in-

1898 4597 2040 4652 inter
2071 4599 2285 4663 fratres,
2315 4615 2379 4656 ex
2420 4603 2718 4659 imitatione
2759 4617 3075 4663 cacterorum
3117 4612 3303 4665 eadem
3352 4615 3434 4665 vi—

1903 4688 2093 4742 dentur
2122 4703 2278 4758 agere
2307 4706 2424 4759 qua:
2450 4703 2501 4747 et
2539 4694 2613 4748 illi
2653 4705 2837 4763 agunt,
2882 4697 2972 4765 qui
3006 4698 3275 4754 intellectu
3309 4715 3433 4768 pro-

1904 4776 2020 4842 prio
2063 4787 2361 4832 moventur.
2397 4781 2564 4833 Datur
2594 4783 2754 4836 etiam
2799 4785 2918 4838 istis
2968 4789 3154 4839 tertius
3203 4787 3433 4840 incredi-

1905 4865 2030 4919 tatis
2071 4868 2166 4918 sub
2212 4867 2361 4922 titulo
2395 4868 2623 4925 fratrum
2682 4873 2913 4927 nominis
2953 4875 3169 4941 gradus.
3200 4874 3430 4939 Quartus

1902 4967 2048 5018 vero,
2099 4969 2254 5022 quem
2302 4957 2519 5014 fratrem
2565 4964 2734 5031 patris
2786 4964 3057 5031 nominat,
3097 4973 3270 5032 potest
3317 4966 3431 5016 for-

1903 5043 2061 5096 tassis
2105 5044 2323 5115 intelligi
2375 5048 2462 5102 ille
2517 5053 2646 5106 ordo
2698 5052 3006 5117 hominum,
3047 5053 3135 5119 qui
3177 5053 3352 5104 audita
3395 5063 3428 5103 a

286 5147 333 5179 "
359 5145 522 5199 Num.
559 5159 734 5208 xxvu,
765 5144 816 5208 7,
839 5143 890 5209 8,
915 5145 968 5207 9,
1001 5143 1092 5205 10,
1126 5139 1217 5190 Η.
1296 5139 1383 5194 ³⁸1
1419 5141 1562 5211 Reg.
1595 5161 1723 5212 xxv,
1749 5151 1814 5203 57

1921 5154 1940 5184 ³
1971 5151 2154 5204 Matth.
2185 5168 2316 5220 χιιι,
2349 5159 2446 5223 HJ

291 5236 371 5306 (9)
401 5237 558 5300 Mss.,
589 5254 627 5316 εὴ
646 5235 788 5302 quod
814 5235 856 5288 si
887 5228 1198 5316 nonnfueqit
1223 5226 1424 5316 erilfilia‘,
1473 5250 1508 5314 ξ
1523 5243 1582 5316 et
1603 5235 1685 5316 ita,
1709 5239 1801 5289 Im-

222 5293 556 5376 δςίζιεξιυέ
587 5293 954 5376 ονέεουξρεὦν
989 5293 1298 5376 έένιξδὲ
1341 5299 1418 5369 μὴ
1474 5297 1512 5372 ᾖ
1557 5301 1797 5376 θυγάτηρ

228 5371 393 5442 ᾳὺτῷ,
435 5372 735 5442 ΜδΙς--επιεο
766 5371 905 5424 .libb.
949 5366 1078 5420 editi
1125 5358 1581 5434 Ιιεὺϐηιξίιιῦοιι
1611 5358 1654 5422 si
1694 5358 1796 5424 udi.

227 5438 740 5510 ίιιετῑηιείωίωομρ.

321 5490 586 5574 milia.)
618 5490 650 5555 ἶ
671 5504 806 5557 unae.
832 5524 850 5555 .
869 5498 1014 5574 mnu.
1045 5490 1267 5574 ᾳίιξξξτλ
1291 5495 1412 5551 ﬁlii.
1463 5517 1487 5545 ι

324 5562 402 5641 ll}
431 5562 683 5644 Scip/ina:
718 5582 886 5625 autem
935 5562 1301 5621 ίηιενρνειαιαο·
1348 5575 1542 5614 vath
1583 5576 1638 5614 IN
1683 5574 1792 5614 ous

1904 5241 2100 5312 BJUS-_A
2122 5226 2210 5312 ‘73:,
2239 5261 2256 5293 ι
2285 5248 2487 5312 umbra,
2516 5266 2533 5298 ι
2562 5259 2614 5302 et
2634 5259 2728 5310 ΠΕ,
2764 5268 2782 5298 ι
2815 5263 2896 5307 os,
2917 5247 3044 5298 oris.
3079 5263 3095 5292 ι

1953 5309 2074 5386 ,(12)
2113 5311 2290 5366 Codex
2331 5309 2509 5369 Sancti
2552 5316 2864 5370 Theudorici
2915 5309 3212 5372 Remensis,
3257 5325 3276 5358 ι
3331 5311 3418 5362 in.

1901 5382 2181 5434 trinsecus.
2207 5397 2225 5430 ι

1967 5427 2270 5518 (italides-ﬁ.
2321 5466 2341 5498 ι
2368 5449 2492 5503 huic
2534 5448 2828 5518 proximus.
2857 5460 2877 5492 ι
2925 5427 3082 5493 Libe
3101 5430 3265 5502 editi,
3304 5455 3324 5490 ι
3354 5435 3426 5497 iis

1896 5514 2188 5588 proximus.
2213 5531 2232 5565 ι
