3838 6190
178 342 231 405 75

193 551 353 599 melius
376 544 497 592 ωιδεί
523 551 691 607 super
716 559 875 613 eum,
898 561 960 607 et
982 564 1209 617 statues
1236 544 1361 621 eum
1393 585 1574 624 coram
1607 544 1767 625 -Elea-

182 644 300 692 ωο
334 626 636 690 sacerdote.
671 643 730 686 et
773 651 1067 712 praecepta
1113 649 1245 705 dato
1289 656 1338 709 ei
1383 656 1434 709 in
1479 669 1762 727 conspectu

167 718 341 785 ‘otius
375 730 684 808 synagogas.
709 733 767 781 et
793 730 1048 801 principe
1088 738 1157 791 de
1203 742 1319 806 ipso
1358 758 1537 797 coram
1583 718 1683 808 eis,
1710 754 1765 801 et

166 808 334 874 dabis
356 807 666 866 claritatem
704 823 861 872 tuam
887 835 1058 890 super
1083 826 1260 891 illum,
1286 839 1345 883 ut
1368 833 1580 886 audiam
1614 807 1760 889 illum

184 900 275 958 lilii
299 900 506 992 Israel.
533 920 553 954 ι
582 903 757 960 Audis
779 910 1072 968 evidenter
1096 918 1484 974 ordinationem
1509 925 1762 992 principis

198 991 371 1062 populi
418 1003 532 1048 tam
564 996 858 1054 manifeste
899 1002 1257 1081 descriptam,
1294 1018 1351 1060 ut
1390 1025 1522 1078 pene
1561 991 1765 1081 exposi-

192 1080 322 1133 tione
354 1096 481 1135 non
508 1092 687 1152 egeat.
711 1084 872 1140 Nulla
900 1075 999 1144 hic
1021 1094 1200 1159 populi
1237 1075 1576 1163 acclamatio,
1622 1075 1760 1155 nulla

183 1172 702 1239 consanguinitatis
729 1177 894 1243 ratio,
936 1181 1084 1235 nulla
1129 1186 1538 1255 propinquitatis
1580 1189 1760 1244 habita

185 1262 596 1327 contemplatio
633 1273 735 1318 est.
779 1265 1114 1339 Propinquis
1157 1288 1404 1342 agrorum
1447 1286 1502 1330 et
1544 1281 1764 1346 pra'dio-

183 1362 283 1403 runt
339 1349 717 1418 relinquatur
759 1354 1050 1412 hereditas
1075 1377 1090 1412 :
1119 1363 1430 1430 gubernatio
1473 1367 1648 1434 populi
1686 1368 1759 1422 illi

185 1436 476 1501 tradatur,
505 1455 675 1509 quem
701 1442 842 1497 Deus
867 1445 1093 1514 elegerit
1120 1467 1134 1502 :
1165 1451 1362 1506 homini
1390 1454 1595 1508 scilicet
1639 1457 1758 1522 tali,

182 1530 260 1594 qui
303 1527 524 1592 habet,
579 1531 728 1585 sicut
773 1534 1032 1603 scriptum
1077 1541 1332 1606 audistis,
1376 1543 1428 1597 in
1470 1546 1761 1613 semetipso

181 1611 464 1680 Spiritum
518 1617 622 1671 Dei
674 1628 732 1673 et
777 1632 1046 1691 praecepta
1090 1625 1183 1679 Dei
1231 1629 1284 1681 in
1315 1640 1599 1698 conspectu
1644 1611 1760 1698 ejus

182 1715 314 1771 sunt,
343 1717 411 1761 et
450 1709 550 1777 qui
591 1708 766 1778 Moysi
795 1712 950 1766 valde
989 1724 1149 1769 notus
1185 1725 1240 1770 et
1271 1716 1547 1774 familiaris
1585 1721 1674 1785 sit,
1691 1721 1756 1782 .id

1372 369 1436 423 IN
1470 368 1790 427 NUMEBOS
1819 371 2097 430 HOMILIA
2124 374 2309 429 XXIII.

182 445 256 521 qui
290 442 452 552 habet
497 442 772 515 Spiritum
826 454 929 514 Dei
972 462 1033 518 in
1085 478 1418 547 semetipso,
1446 493 1499 534 et
1532 484 1768 552 impones
1795 490 1837 545 A

3293 386 3396 441 τεῦ

2385 485 2655 542 HOMILIA
2694 489 2874 545 XXIII.

1864 573 1940 627 De
1985 589 2042 626 eo
2089 574 2638 647 quod__scriptu_m__est
2677 593 2703 647 :_
2738 596 2756 628 ι
2800 579 3015 633 Munera
3067 599 3218 647 utea,
3263 588 3388 642 data

2085 657 2194 693 mea
2217 641 2284 704 ",
2309 659 2327 692 ι
2356 652 2402 695 et
2430 642 2492 693 de
2518 643 2812 698 diversitate
2842 646 3199 712 festivitatum.

1934 750 1985 804 I.
2024 749 2078 802 Si
2122 750 2425 805 observatio
2471 754 2894 818 sacriﬁciorum,
2939 766 2990 809 et
3038 759 3277 815 instituta
3307 763 3387 818 le-

1860 840 2019 909 galia,
2052 855 2170 907 quat
2198 841 2251 894 in
2288 851 2407 911 typo
2440 843 2558 898 data
2602 853 2727 898 sunt
2766 845 2957 912 popqu
2991 845 3177 913 Israel,
3221 868 3388 921 usque

1862 930 1925 981 ad
1957 943 2191 997 praesens
2235 938 2441 997 tempus
2471 943 2619 986 stare
2661 934 2988 1000 potuissent,
3034 939 3389 997 exclusissent

1862 1016 1977 1069 sine
2011 1016 2173 1069 dubio
2217 1016 2483 1086 Evangelii
2529 1020 2681 1072 ﬁdem
2729 1035 2823 1086 per
2860 1036 3016 1087 quam
3052 1037 3119 1076 ex
3158 1028 3386 1082 adventu

1864 1106 2068 1158 Domini
2099 1107 2264 1159 nostri
2300 1106 2423 1160 Jesu
2460 1108 2656 1161 Christi
2701 1118 2883 1176 gentes
2909 1123 3294 1168 convertuntur
3320 1119 3386 1171 ad

1860 1192 2046 1246 Deum.
2072 1193 2197 1246 Erat
2222 1194 2361 1247 enim
2400 1196 2449 1249 in
2483 1196 2588 1250 illis
2613 1211 2731 1265 qum
2780 1206 2903 1251 tunc
2939 1200 3382 1271 observabantnr,

1861 1281 2135 1348 magniﬁca
2161 1281 2426 1348 qumdam,
2465 1291 2518 1337 et
2549 1285 2710 1339 totius
2749 1288 3062 1340 reverentia:
3101 1288 3253 1354 plena
3300 1306 3387 1344 re-

1860 1369 2003 1437 ligio,
2046 1382 2163 1437 qua:
2188 1385 2251 1423 ex
2284 1370 2399 1437 ipso
2432 1371 2588 1424 etiam
2621 1374 2792 1440 primo
2820 1386 3036 1442 aspectu
3080 1378 3388 1447 obstupefa-

1858 1468 2007 1513 ceret
2043 1461 2320 1514 intuentes.
2352 1461 2482 1526 Quis
2511 1464 2650 1516 eniin
2695 1465 2879 1519 videns
2926 1467 3078 1530 illud,
3116 1472 3256 1537 quod
3291 1487 3389 1538 ap-

1859 1547 2152 1615 pellabatur
2218 1553 2582 1604 sanctuarium
2609 1553 2723 1607 sive
2749 1557 3068 1622 sacrarium,
3096 1569 3149 1612 et
3176 1560 3385 1616 intuens

1856 1636 2042 1699 altare,
2069 1636 2301 1691 astantes
2325 1640 2484 1692 etiam
2512 1643 2820 1697 sacerdotes
2845 1647 3106 1700 sacriﬁcia
3135 1663 3386 1703 consum-

1858 1733 2082 1787 mantes,
2106 1740 2421 1795 omnemque
2459 1731 2699 1784 ordinem
2733 1747 2843 1799 quo
2869 1744 3057 1788 cuncta
3099 1736 3189 1789 illa
3231 1753 3383 1806 gere-

182 1803 278 1856 est,
310 1794 374 1845 in
419 1809 537 1862 quo
564 1797 641 1849 sit
675 1796 897 1851 claritas
928 1798 1059 1868 legis
1084 1811 1139 1855 et
1181 1804 1425 1871 scientia,
1468 1815 1523 1858 ut
1551 1798 1755 1874 possint
1785 1799 1826 1854 Β
1853 1794 2460 1879 banturaspiciens,non
2487 1825 2693 1882 putaret
2717 1818 3080 1886 plenissimum
3107 1794 3382 1879 huncvesse

185 1895 298 1933 eum
343 1885 552 1936 audire
587 1883 687 1938 lilii
730 1885 916 1940 Israel.
961 1887 1156 1942 Verum
1195 1891 1441 1957 quoniam
1485 1895 1756 1965 mysteriis

187 1980 386 2025 cuncta
420 1972 634 2028 referta
674 1985 823 2038 sunt,
847 1992 951 2030 non
980 1993 1260 2046 possumus
1294 1994 1410 2048 quae
1438 1984 1755 2049 pretiosiora

185 2068 312 2112 sunt
367 2061 665 2127 omittere,
719 2066 927 2118 etiamsi
984 2067 1095 2120 haec
1145 2081 1265 2136 qua:
1323 2072 1610 2125 secundum
1668 2073 1757 2128 Iit-

186 2154 377 2203 teram.
401 2151 767 2218 mandantur,
818 2155 1122 2207 necessaria
1172 2158 1450 2212 videantur
1487 2169 1541 2214 et
1581 2161 1751 2215 utilia.

179 2233 617 2291 Consideremus
644 2254 776 2307 ergo
799 2255 917 2306 quae
952 2243 1021 2296 sit
1047 2242 1242 2311 Moysis
1284 2260 1449 2311 mors,
1478 2246 1598 2300 ﬁnis
1641 2250 1756 2303 sine

178 2325 353 2380 dubio
386 2326 525 2394 legis
554 2348 567 2382 :
596 2330 695 2382 sed
723 2330 854 2398 legis
888 2330 1031 2384 illius
1055 2348 1170 2400 quae
1201 2336 1489 2389 secundum
1525 2337 1751 2391 litteram

174 2416 406 2469 dicitur.
447 2417 587 2483 Quis
634 2426 818 2472 autem
865 2419 982 2488 ejus
1024 2422 1146 2475 ﬁnis
1187 2424 1302 2476 est?
1359 2423 1749 2481 Sacriﬁciorum

172 2504 395 2558 scilicet
439 2506 797 2574 interruptio,
827 2518 883 2561 et
929 2517 1246 2563 caeterorum
1297 2527 1415 2580 qua:
1456 2514 1615 2567 simili
1652 2518 1749 2568 ob-

174 2593 460 2646 servantia
492 2596 834 2648 mandantur
860 2596 912 2648 in
955 2595 1091 2663 lege.
1132 2598 1254 2653 Ilaec
1293 2615 1420 2669 ergo
1456 2603 1544 2655 tibi
1588 2602 1746 2658 ﬁnem

172 2681 477 2750 accipiunt,
505 2681 678 2735 Jesus
704 2684 930 2752 suscipit
957 2686 1311 2754 principatum
1338 2707 1352 2742 :
1390 2707 1408 2740 ι
1435 2691 1582 2746 Finis
1605 2695 1745 2747 enim

172 2766 317 2835 legis
357 2768 623 2822 Christus
671 2770 740 2823 ad
771 2770 1042 2838 justitiam
1080 2774 1223 2827 omni
1269 2777 1503 2830 credenti
1527 2780 1591 2832 ⁸³.
1619 2796 1640 2829 ›
1682 2780 1749 2835 Ει

172 2855 316 2909 sicut
335 2858 407 2909 de
427 2856 717 2924 prioribus
742 2858 942 2910 dictum
972 2867 1069 2921 est,
1093 2862 1217 2928 quia
1241 2880 1259 2912 ι
1280 2879 1465 2919 omnes
1489 2867 1541 2918 in
1566 2867 1747 2936 Moyse

172 2946 436 3013 baptizati
471 2955 610 3000 sunt
638 2947 692 3000 in
720 2947 861 3001 nube
891 2958 946 3002 et
976 2950 1028 3003 in
1065 2953 1194 3004 mari
1220 2953 1294 3018 7°;
1323 2972 1340 3003 ι
1372 2955 1441 3007 ita
1462 2965 1513 3008 et
1537 2958 1600 3010 de
1623 2957 1745 3013 Iesu

167 3034 374 3089 dicitur
403 3033 547 3107 (I7),
574 3036 706 3105 quia
733 3051 924 3091 omnes
970 3040 1022 3092 in
1061 3038 1184 3094 Jesu
1231 3041 1481 3110 baptizati
1525 3056 1651 3098 sunt
1693 3048 1742 3100 in

165 3123 377 3189 Spiritu
409 3134 610 3179 sancto
628 3135 685 3179 et
706 3140 867 3194 aqua.
886 3124 1043 3181 Iesus
1066 3144 1293 3199 namque
1318 3142 1419 3195 est,
1436 3135 1527 3201 qui
1557 3138 1745 3191 transit

163 3226 337 3277 aquas
361 3211 654 3275 Jordauis,
679 3223 737 3267 et
761 3213 815 3268 in
840 3215 973 3281 ipsis
991 3218 1502 3287 quodammodojam
1529 3232 1634 3277 tum
1659 3241 1743 3293 po-

161 3297 354 3364 pulum
384 3301 647 3368 baptizat
672 3314 687 3352 :
714 3309 771 3354 et
803 3300 916 3370 ipse
939 3314 1022 3357 est
1061 3305 1149 3371 qui
1180 3315 1373 3361 terram
1399 3310 1740 3378 hatreditatis,

160 3395 369 3442 terram
388 3400 647 3443 sanctam
669 3391 906 3458 partitur
923 3393 1206 3456 universis,
1222 3411 1325 3451 non
1345 3398 1507 3466 priori
1524 3403 1740 3470 populo,

156 3479 253 3533 sed
298 3480 578 3534 secundo.
624 3479 784 3532 Prior
817 3479 959 3532 enim
985 3482 1211 3549 populus
1248 3495 1463 3552 propter
1490 3491 1741 3554 praevari-

154 3568 443 3622 cationem
485 3583 649 3622 suam
700 3568 900 3621 cecidit
944 3569 995 3622 in
1024 3571 1258 3627 deserto.
1294 3574 1367 3628 De
1402 3574 1526 3629 Jesu
1564 3588 1738 3633 autem

153 3658 518 3726 temporibus
542 3658 776 3721 dicitur,
799 3660 928 3725 quia
958 3674 978 3708 ι
1008 3666 1150 3712 terra
1173 3662 1379 3728 quievit
1399 3678 1429 3717 a
1458 3664 1683 3732 bellis“;
1713 3687 1732 3720 ι

149 3747 301 3812 quod
338 3745 520 3815 Moysi
556 3754 812 3814 tempore
837 3746 944 3798 dici
991 3761 1095 3801 non
1144 3751 1335 3816 potuit.
1367 3752 1471 3806 Sed
1513 3757 1578 3807 de
1615 3754 1737 3810 Iesu

144 3835 257 3887 hac
300 3834 513 3887 dicitur
541 3847 669 3887 meo
694 3832 943 3894 Domino.
985 3850 1091 3888 non
1119 3837 1210 3888 illo
1236 3836 1398 3892 Nave.
1433 3841 1607 3907 Atque
1634 3845 1741 3894 uti-

146 3943 276 3981 nam
314 3943 444 3983 mea
476 3937 630 3980 terra
659 3935 839 3980 cesset
864 3940 894 3978 a
924 3926 1095 3981 bellis.
1139 3929 1203 3981 Et
1243 3944 1453 3985 cessare
1483 3943 1660 3999 posset
1691 3934 1735 3987 si

141 4034 249 4086 ego
273 4017 413 4074 Jesu
440 4015 686 4087 principi
730 4029 851 4068 meo
877 4014 1105 4069 ﬁdeliter
1144 4019 1454 4072 militarem.
1491 4020 1545 4073 Si
1593 4023 1733 4074 enim

142 4123 382 4175 paream
428 4122 553 4162 meo
594 4106 830 4159 Domino
853 4103 1010 4167 Jesu,
1037 4121 1308 4173 nunquam
1349 4120 1476 4159 caro
1514 4123 1628 4162 mea
1657 4110 1735 4164 in-

140 4208 340 4267 surget
367 4199 649 4251 adversus
686 4194 937 4262 spiritum
980 4209 1179 4258 meum,
1209 4209 1307 4249 nec
1338 4196 1733 4265 impugnabitnr

140 4297 297 4342 terra
333 4303 459 4343 mea
500 4288 574 4341 ab
601 4283 938 4338 adversariis
965 4284 1237 4350 gentibus,
1267 4285 1496 4339 diversis
1531 4286 1733 4339 scilicet

134 4376 631 4445 concupiscentiis
675 4373 972 4427 stimulata.
1021 4372 1250 4427 Oremus
1290 4388 1439 4442 ergo,
1482 4384 1539 4427 ut
1577 4374 1729 4428 Iesus
1762 4408 1807 4464 υ

136 4477 342 4533 regnet
383 4479 556 4534 super
593 4477 723 4527 nos,
766 4470 821 4513 et
852 4469 1027 4514 cesset
1072 4470 1217 4514 terra
1267 4471 1450 4514 nostra
1491 4480 1518 4516 a
1557 4464 1727 4528 hellis,

132 4566 324 4609 cesset
372 4556 443 4608 ab
494 4549 1006 4620 impugnationihus
1066 4549 1370 4603 carnalium
1437 4552 1729 4607 desiderio-

129 4657 257 4696 rum
297 4661 314 4696 :
361 4653 420 4696 et
462 4657 596 4696 cum
649 4640 758 4693 ista
803 4638 1322 4703 cessaverint,tuuc
1372 4641 1731 4708 unusquisque

134 4733 460 4799 requiescet
486 4731 594 4784 sub
620 4730 733 4780 vite
756 4741 874 4791 sua,
898 4736 951 4779 et
976 4729 1073 4780 sub
1098 4728 1206 4779 ﬁcu
1234 4741 1355 4788 sua,
1381 4737 1436 4779 et
1462 4728 1560 4781 sub
1586 4728 1727 4780 oliva

130 4836 230 4874 sua
255 4824 333 4875 ’³.
366 4822 485 4875 Sub
513 4819 830 4873 velamento
867 4816 1007 4869 enim
1035 4816 1242 4879 Patris,
1280 4823 1334 4867 et
1358 4814 1499 4879 Filii,
1528 4827 1583 4870 et
1609 4817 1728 4882 Spic

130 4912 279 4967 ritus
328 4912 510 4965 sancti
553 4909 865 4976 requiescet
912 4906 1130 4967 anima,
1169 4917 1296 4971 quae
1341 4917 1526 4969 pacem
1571 4906 1623 4956 in
1669 4921 1727 4958 se

139 5004 558 5068 recuperaverit
588 4997 776 5051 carnis
819 5011 883 5050 ac
930 4995 1179 5062 spiritus.
1230 4988 1335 5056 Ipsi
1382 4999 1591 5046 aeterno
1617 4992 1727 5048 Deo

134 5089 311 5157 gloria
339 5089 400 5143 in
424 5087 625 5144 sarcula
653 5084 990 5140 saeculorum.
1015 5081 1221 5134 Anien.

215 5382 260 5415 "
298 5382 458 5435 Rom.
504 5397 559 5437 κ,
591 5379 647 5431 4.
724 5375 768 5408 ⁷ο
805 5363 1161 5437 Ilionae;
1231 5362 1273 5393 ⁷⁸
1308 5365 1436 5424 los.
1490 5383 1575 5433 xu,
1622 5368 1721 5423 23.

171 5463 253 5513 Itl.
504 5428 559 5480 ἦ
578 5428 733 5500 Num.
761 5454 946 5499 xxvut,
966 5436 1012 5497 l,
1043 5433 1095 5491 2,
1125 5428 1180 5479 5.

217 5630 322 5699 (17-)
344 5628 409 5678 ’Μ
438 5649 508 5693 s.,
545 5650 565 5682 ι
593 5627 842 5684 dicitur.»
877 5612 1021 5699 Libb.
1047 5602 1199 5667 ειῖίιί»
1237 5625 1256 5658 σ
1287 5615 1540 5670 dicatur.
1563 5634 1584 5666 ι

439 5729 707 5789 Panos.
754 5712 864 5769 Gtt.
909 5697 1040 5759 ΧΗ·

1855 1899 2032 1960 ritum,
2060 1914 2164 1967 quo
2189 1898 2327 1954 Deus
2351 1912 2562 1955 creator
2583 1905 2817 1957 omnium
2841 1906 2908 1958 ab
2931 1906 3160 1961 immane
3188 1924 3384 1978 genere

1853 1986 1952 2040 coli
1973 1987 2220 2041 deberet?
2236 1988 2338 2043 Sed
2356 1990 2555 2058 gratias
2572 1992 2817 2049 adventui
2837 1994 3057 2059 Christi,
3075 2000 3161 2066 qui
3178 2001 3382 2054 animas

1854 2085 2064 2129 nostras
2092 2077 2324 2132 avellens
2346 2080 2411 2130 ab
2437 2080 2536 2132 hoc
2563 2080 2775 2144 intuitu,
2806 2083 2870 2137 ad
2896 2087 3377 2141 considerationem

1851 2161 2008 2231 357
2044 2163 2338 2217 caelestium
2381 2173 2434 2219 et
2475 2167 2969 2234 contemplationem
3005 2187 3182 2224 rerum
3225 2175 3385 2242 spiri-

1853 2248 2034 2300 talium
2066 2249 2311 2313 contulit,
2340 2259 2392 2303 et
2420 2252 2680 2306 destruxit
2707 2255 2922 2321 quidem
2947 2257 3029 2310 illa
3053 2274 3169 2325 qua:
3191 2275 3381 2324 magna

1853 2337 2166 2391 videbantur
2212 2340 2266 2392 in
2318 2340 2511 2401 terris,
2557 2340 2863 2411 cultumque
2898 2345 2986 2399 Dei
3020 2362 3048 2400 a
3083 2350 3382 2404 visibilibus

1850 2426 1916 2480 ad
1946 2426 2235 2479 invisibilia
2270 2427 2561 2491 transtulit,
2586 2439 2640 2484 et
2670 2446 2697 2483 a
2724 2435 3105 2502 temporalibus
3130 2439 3195 2492 ad
3221 2450 3383 2497 teter-

1848 2530 1938 2568 na.
1972 2516 2073 2570 Sed
2117 2531 2304 2570 revera
2356 2519 2468 2584 ipse
2524 2520 2777 2589 Dominus
2833 2520 2986 2575 Iesus
3035 2524 3279 2581 Christus
3324 2543 3379 2585 et

1849 2617 2006 2657 aures
2044 2605 2269 2671 requirit
2298 2620 2416 2674 quae
2444 2608 2557 2660 lucc
2591 2609 2808 2661 audiant
2854 2619 2908 2662 et
2939 2610 3120 2666 oculos
3146 2617 3236 2682 qui
3269 2618 3381 2674 tunc

1849 2692 2077 2746 videant.
2113 2693 2263 2748 Unde
2288 2705 2339 2749 et
2368 2709 2465 2749 nos
2497 2710 2637 2748 nunc
2679 2696 2845 2764 legem
2893 2697 3070 2752 datam
3106 2716 3200 2769 per
3226 2703 3383 2775 May--

1846 2795 1955 2834 sem
1982 2781 2236 2836 habentes
2264 2783 2314 2834 in
2349 2783 2614 2847 manibus,
2635 2792 2687 2836 et
2710 2783 2946 2840 volentes
2961 2801 3077 2842 eam
3100 2796 3384 2850 ostendere

1848 2872 2015 2938 legem
2049 2886 2166 2925 esse
2195 2873 2484 2940 spiritalem
2513 2910 2529 2935 ,
2565 2887 2722 2926 aures
2757 2889 2785 2927 a
2832 2876 2983 2931 vobis
3010 2889 3064 2933 et
3090 2883 3272 2938 oculos
3300 2894 3381 2937 ta-

1846 2953 1921 3010 les
1952 2960 2288 3026 requirimus,
2332 2961 2421 3027 qui
2463 2974 2565 3013 non
2598 2960 2660 3012 ad
2697 2960 2786 3015 illa
2816 2978 2932 3031 quae
2960 2977 3083 3020 sunt
3105 2969 3377 3026 destructa
3468 2962 3481 2972 ’

1848 3047 2156 3113 respiciant,
2182 3049 2273 3100 sed
2301 3048 2391 3114 qui
2427 3046 2496 3100 ibi
2526 3049 2638 3107 haec
2668 3050 2963 3118 requirant,
3006 3053 3092 3108 ubi
3135 3055 3379 3113 Christus

1849 3145 1931 3189 est
1981 3137 2035 3188 in
2066 3136 2247 3189 dextra
2292 3136 2384 3189 Dei
2434 3138 2648 3202 sedens,
2677 3148 2730 3191 et
2756 3153 2872 3206 qua:
2901 3154 3110 3196 sursum
3140 3155 3263 3199 sunt
3292 3162 3376 3200 sa-

1847 3225 2014 3292 piant,
2049 3241 2150 3279 non
2179 3239 2296 3293 quae
2328 3235 2453 3279 sunt
2484 3240 2650 3293 supra
2687 3235 2861 3281 terras
2887 3229 2951 3282 ⁷⁸.
2986 3230 3221 3286 Sulliciat
3249 3249 3375 3302 ergo

1847 3312 1946 3364 ista
1989 3314 2314 3379 prtefationis
2359 3314 2476 3367 loco
2520 3329 2617 3382 pro
2662 3315 2726 3368 iis
2762 3329 2882 3382 qua
2914 3318 3137 3374 dicenda
3165 3332 3309 3389 sunt,
3342 3340 3377 3379 a

1846 3399 1999 3451 nobis
2026 3413 2144 3454 esse
2174 3398 2464 3467 praaniissa.

1913 3486 1966 3538 ‘2.
1996 3485 2144 3540 Nunc
2168 3498 2343 3542 autem
2379 3492 2445 3542 ad
2470 3503 2530 3543 ea
2556 3488 2684 3556 jam,
2729 3504 2847 3557 qum
2879 3494 3075 3559 scripta
3100 3505 3247 3560 sunt,
3282 3512 3375 3552 ve.

1847 3575 2074 3627 uisimus.
2129 3592 2147 3624 ι
2184 3574 2247 3628 Et
2289 3578 2497 3630 locutus
2545 3586 2666 3641 est,
2726 3578 2897 3644 inquit
2923 3581 2990 3644 ⁷⁸,
3028 3581 3278 3635 Dominus
3308 3586 3374 3638 ad

1846 3665 2060 3733 Moysen
2089 3665 2271 3719 dicens
2302 3683 2316 3718 :
2350 3666 2588 3734 Prmcipe
2638 3666 2760 3720 ﬁliis
2818 3668 2998 3735 Israel,
3036 3678 3090 3723 et
3132 3672 3278 3725 dices
3309 3676 3376 3727 ad

1843 3768 1978 3806 ens:
2014 3753 2228 3806 Munera
2266 3769 2402 3817 mea,
2445 3755 2564 3808 data
2593 3770 2729 3819 mea,
2765 3756 2969 3812 hostias
2991 3772 3137 3811 meas
3164 3760 3214 3811 in
3246 3761 3374 3813 odo-

1841 3855 1951 3897 rem
2005 3842 2284 3897 suavitatis
2327 3844 2628 3908 observate,
2658 3851 2716 3896 ut
2744 3844 2980 3899 oII'cratis
3015 3847 3143 3899 mihi
3176 3847 3226 3901 in
3262 3849 3374 3902 die-

1841 3933 1939 3986 bus
1957 3932 2105 3986 festis
2128 3932 2275 3993 meis,
2295 3942 2347 3985 et
2361 3933 2504 3987 dices
2527 3933 2591 3984 ad
2614 3946 2706 3987 eos
2727 3948 2739 3983 :
2762 3931 2852 3985 Hae
2868 3943 2988 3987 sunt
3014 3935 3199 3989 hostiae
3215 3952 3369 4001 meae,

1840 4037 1970 4089 quas
2004 4021 2243 4075 oIIeratis
2269 4022 2512 4075 Domino.
2545 4040 2563 4072 ι
2600 4019 2765 4075 Nemo
2794 4036 2943 4075 suum
2987 4022 3185 4092 aliquid
3217 4025 3371 4081 oﬂ'ert

1837 4110 1966 4173 Deo,
1992 4112 2093 4164 sed
2128 4111 2268 4178 quod
2302 4108 2689 4163 oll‘ertDomini
2725 4118 2805 4163 est
2830 4147 2845 4173 ,
2891 4120 2944 4164 et
2983 4126 3084 4163 non
3134 4122 3239 4166 tam
3271 4129 3367 4168 sua

1837 4200 1956 4267 quis
2006 4198 2159 4252 oﬂ'ert
2209 4198 2335 4259 Deo,
2370 4212 2527 4265 quam
2566 4198 2663 4263 ipsi
2706 4213 2824 4265 quae
2870 4213 2962 4251 sua
3015 4208 3141 4254 sunt
3173 4203 3365 4257 reddit.

1836 4289 2126 4356 Propterea
2166 4303 2294 4355 ergo
2347 4287 2528 4340 volens
2576 4287 2833 4341 Dominus
2881 4290 3269 4344 sacriﬁciorum
3297 4305 3367 4345 et.

1837 4392 2111 4431 munerum
2158 4375 2547 4429 oﬂ'erendorum
2595 4375 2697 4428 sibi
2748 4375 2817 4428 ab
2871 4377 3175 4431 hominibus
3220 4378 3364 4448 leges

1833 4467 2088 4526 scribere,
2142 4464 2315 4531 primo
2363 4462 2597 4516 omnium
2632 4463 2886 4531 ipsorum,
2926 4479 3044 4531 quae
3095 4465 3363 4522 OITereuda

1833 4562 2006 4614 erant,
2065 4554 2236 4620 aperit
2290 4551 2546 4603 rationem
2587 4560 2641 4604 ct
2688 4553 2817 4605 dicit
2850 4569 2864 4606 :
2899 4571 2917 4602 ι
2957 4552 3171 4607 Munera
3222 4572 3361 4616 mea,

1834 4642 1953 4694 data
1986 4654 2125 4704 mea,
2154 4640 2415 4693 sacriﬁcia
2444 4653 2558 4691 mea
2613 4639 2663 4691 in
2705 4639 2919 4693 odorem
2959 4643 3232 4696 suavitatis
3263 4644 3363 4695 ob-

1832 4738 2075 4792 servate,
2121 4738 2179 4782 ut
2222 4728 2460 4782 oﬂ‘eratis
2507 4728 2633 4781 mihi
2668 4728 2719 4781 in
2752 4728 2936 4783 diebus
2964 4731 3111 4784 festis
3154 4731 3302 4784 meis.
3335 4745 3355 4781 ς

1834 4817 2197 4884 Ilaec,_inquil,
2239 4832 2459 4870 munera
2503 4817 2567 4870 de
2599 4817 2790 4885 quibus
2822 4817 2969 4871 vobis
3003 4828 3361 4888 prtecepturus

1827 4921 1946 4960 sum
1978 4916 2034 4959 ut
2058 4906 2296 4961 oﬁeratis
2344 4907 2473 4960 mihi
2522 4908 2573 4960 in
2627 4909 2815 4963 diebus
2852 4908 3005 4961 festis
3048 4909 3199 4969 meis,
3233 4907 3358 4958 data

1796 5008 1799 5015 ‘
1828 5011 1941 5049 mea
1979 5006 2126 5060 sunt,
2155 4997 2255 5051 hoc
2281 5006 2392 5060 est,
2432 5011 2461 5049 a
2495 5012 2578 5050 me
2604 4997 2758 5051 vobis
2787 4998 2993 5050 dantur.
3031 4995 3070 5047 A
3106 5010 3187 5045 me
3216 4993 3355 5045 enim

1826 5094 2017 5137 cuncta
2066 5100 2185 5152 qua:
2230 5087 2385 5139 habet
2436 5086 2722 5138 humanum
2773 5084 2998 5152 percipit
3052 5093 3237 5145 genus.
3279 5075 3356 5127 Ne

1826 5171 1944 5228 uuis
1971 5180 2098 5234 ergo
2128 5172 2182 5224 in
2221 5170 2511 5226 oﬁerendis
2555 5172 2864 5225 muneribus
2893 5165 3134 5220 beneﬁcii
3166 5176 3222 5215 se
3250 5159 3351 5210 alia

1816 5374 1861 5406 τ’
1913 5372 1978 5427 ιιι
2036 5372 2164 5442 Ilcg.
2195 5387 2279 5438 tv,
2314 5371 2402 5425 25.
2476 5371 2523 5402 ⁷³
2568 5368 2866 5425 Νιιιιιδιχιι,
2902 5360 2990 5411 It).
3063 5354 3107 5385 "
3143 5351 3349 5407 Coloss.

2975 5678 3046 5739 2b
