3838 6264
477 353 574 406 ⁸767

1908 348 2219 404 ORIGENiS
3617 340 3698 397 718

477 470 601 535 quid
652 467 893 522 conferre
921 469 1167 521 crederet
1203 467 1327 528 Deo.
1379 475 1430 520 et
1469 481 1563 533 per
1600 469 1701 522 hoc
1736 468 1926 534 impius
1956 468 2004 519 in
2039 469 2081 523 Α
2109 466 2262 532 cujus
2298 467 2514 520 scilicet
2569 463 2744 518 verba
2800 478 2914 516 non
2968 460 3139 514 audio
3166 500 3181 526 ,
3218 465 3475 525 tanquam
3507 462 3696 514 mortui.

473 576 539 612 eo
569 560 680 626 ipso
707 575 812 627 quo
834 561 992 613 Deum
1023 558 1197 612 colere
1226 559 1499 612 videbatur
1538 557 1820 612 exsisteret
1860 556 2007 627 (quid

473 650 614 703 enim
645 659 749 701 tam
780 649 997 714 impium
1032 663 1190 716 quam
1227 649 1267 701 si
1301 657 1447 716 putet
1501 648 1610 715 (l8)
1666 649 1824 707 homo
1865 647 2012 699 velut

475 739 730 804 indigenti
768 738 965 806 aliquid
1000 753 1057 791 se
1078 748 1331 806 praestare
1363 738 1467 792 Deo
1490 739 1560 806 ?),
1597 737 1923 799 necessario,
1955 744 2013 789 ut

474 814 725 889 diximus,
750 828 898 892 prius
930 828 1118 879 edocet
1156 826 1449 884 hominem,
1481 841 1586 893 quo
1612 827 1744 879 sciat
1771 840 1829 878 se
1860 824 2013 891 quid-

472 917 597 984 quid
629 915 818 969 obtulit
858 914 988 978 Deo,
1025 914 1247 966 reddere
1279 913 1329 966 id
1360 914 1406 964 ei
1449 914 1621 980 potius
1651 928 1811 980 quam
1847 911 2010 965 offer—

475 1021 550 1058 re.
585 1005 687 1058 Sed
716 1015 768 1058 et
797 1004 924 1056 illud
958 1004 1232 1055 videamus
1260 1002 1528 1069 quomodo
1553 1003 1625 1052 ait
1662 1019 1674 1054 :
1712 1019 1731 1051 ι
1769 1000 1895 1064 Quze
1927 999 2011 1052 of—

473 1094 660 1147 feratis
690 1094 812 1146 mihi
842 1093 891 1145 in
918 1092 1103 1144 diebus
1135 1090 1281 1142 festis
1312 1089 1496 1141 meis.»
1524 1089 1686 1143 Habet
1716 1105 1841 1158 ergo
1875 1090 2013 1143 Deus

472 1183 585 1236 dics
618 1182 778 1235 festos
801 1180 962 1233 suos?
988 1180 1174 1231 liabet.
1208 1179 1297 1231 Est
1320 1180 1461 1230 enim
1488 1179 1532 1230 ei
1577 1166 1765 1246 magna
1802 1178 2011 1231 festivi-

474 1280 556 1321 tas
605 1270 837 1321 humana
891 1267 1052 1320 salus.
1113 1267 1221 1333 Ego
1273 1275 1401 1333 puto
1445 1265 1585 1331 quod
1630 1280 1724 1331 per
1774 1265 2014 1333 singulos

458 1371 711 1426 quosque
743 1356 1100 1416 credentium,
1153 1369 1246 1420 per
1285 1352 1523 1419 singulos
1575 1353 1662 1418 qui
1693 1361 2015 1404 convertun-

474 1458 562 1501 tur
600 1448 665 1501 ad
707 1447 895 1508 Deum,
922 1446 1010 1512 qui
1040 1443 1322 1511 proficiunt
1356 1443 1405 1493 in
1443 1442 1567 1503 fide,
1605 1440 1870 1493 fes1ivilas
1901 1441 2012 1492 ori—

475 1550 562 1592 tur
591 1538 819 1591 Domini.
853 1536 1133 1601 Quomodo
1163 1543 1320 1601 putas
1356 1533 1590 1585 laetificat
1621 1547 1763 1591 eum,
1800 1548 1918 1584 cum
1967 1532 2013 1586 is

470 1627 560 1696 qui
591 1626 761 1679 fuerat
792 1625 1110 1691 impudicus,
1158 1620 1212 1672 fit
1249 1630 1457 1679 castus,
1495 1629 1548 1672 et
1576 1621 1665 1688 qui
1714 1614 1891 1671 fuerat
1926 1620 2011 1672 in-

464 1716 662 1785 justus,
683 1714 945 1784 justitiam
973 1713 1119 1774 colit,
1151 1720 1205 1762 et
1226 1710 1313 1777 qui
1347 1708 1519 1762 fuerat
1548 1709 1758 1776 impius,
1785 1708 2014 1762 efficitur

471 1810 628 1880 pius?
680 1810 797 1863 Istae
837 1821 1023 1859 omnes
1056 1803 1380 1871 singulorum
1413 1815 1744 1868 quorumque
1778 1816 2009 1855 conver~

471 1900 692 1962 siones,
757 1894 1074 1949 festivitates
1148 1898 1406 1958 generant
1455 1888 1579 1941 Deo.
1633 1887 1741 1941 Nec
1789 1889 2008 1942 dubium

471 2001 646 2043 autem
688 1986 815 2056 quin
853 1992 906 2037 et
957 1982 1214 2037 Dominus
1266 1989 1450 2033 noster
1502 1978 1660 2032 Jesus
1711 1978 1963 2032 Christus
1993 2017 2008 2039 ,

471 2078 562 2147 qui
588 2090 684 2144 pro
710 2055 884 2128 salute
904 2055 1094 2125 ‘nostra
1124 2069 1283 2121 etiam
1330 2068 1640 2137 sanguinem
1670 2082 1823 2121 suum
1852 2068 2008 2131 fudit,

471 2175 594 2234 agat
627 2163 972 2218 festivitatem
1013 2159 1297 2211 maximam
1326 2198 1341 2222 ,
1400 2172 1520 2211 cum
1560 2171 1733 2223 opera:
1780 2157 2009 2225 pretium

473 2255 615 2308 videt
666 2266 786 2305 esse
829 2249 969 2317 quod
1017 2262 1073 2300 se
1117 2246 1450 2309 bumiliavit,
1498 2253 1552 2300 et
1598 2246 1825 2300 formam
1867 2246 2011 2298 servi

469 2343 765 2410 suscipiens
815 2339 986 2393 factus
1032 2345 1113 2391 est
1153 2335 1406 2390 obediens
1442 2349 1609 2403 usque
1644 2335 1708 2388 ad
1762 2347 2009 2389 mortem.

467 2433 592 2501 Agit
638 2430 769 2482 festa
816 2427 1017 2495 pariter
1053 2437 1107 2481 et
1148 2423 1390 2491 Spiritus
1435 2433 1684 2486 sanctus,
1728 2424 1814 2477 ubi
1860 2425 2011 2491 plura

469 2521 569 2575 sibi
600 2519 744 2570 videt
773 2518 823 2569 in
860 2516 924 2567 iis
950 2516 1037 2582 qui
1077 2520 1465 2567 convertuntur
1492 2514 1557 2563 ad
1589 2511 1775 2572 Deum,
1816 2512 2009 2579 templa

468 2617 786 2679 praeparata.
817 2604 950 2658 Nam
980 2606 1046 2657 de
1073 2605 1272 2671 angelis
1302 2602 1426 2671 quid
1454 2603 1652 2664 dicam,
1685 2602 1750 2655 ad
1782 2617 2007 2669 quorum

470 2698 809 2751 festivitatem
845 2693 1139 2745 lzctautium
1166 2732 1182 2754 ,
1216 2690 1467 2744 dicuntur
1515 2691 1775 2744 accedere
1822 2705 2009 2745 omnes

469 2786 559 2854 qui
595 2789 976 2838 convertuntur
1008 2779 1071 2830 ad
1118 2776 1430 2831 Dominum?
1461 2776 1567 2828 Aut
1621 2792 1724 2829 non
1770 2786 1853 2831 est
1907 2779 2009 2832 illis

472 2890 663 2945 magna
700 2870 996 2930 festivitas,
1033 2882 1151 2920 cum
1208 2867 1459 2920 laetantur
1493 2886 1510 2916 ι
1547 2870 1599 2919 in
1651 2867 1787 2920 cmlo
1846 2884 2009 2936 super

470 2981 576 3018 uno
639 2973 921 3032 peccatore
973 2960 1336 3030 paenitentiam
1390 2966 1580 3022 agente
1632 2960 1800 3025 magis
1848 2973 2006 3025 quam

468 3069 629 3122 super
675 3052 961 3119 nonaginta
1014 3063 1202 3103 novem
1240 3049 1400 3113 justis
1455 3046 1542 3113 qui
1597 3059 1701 3097 non
1766 3048 2009 3116 indigent

469 3114 779 3213 poenitentia
809 3114 896 3193 'v‘?
931 3159 948 3190 ι
978 3140 1154 3208 Agunt
1187 3151 1315 3204 ergo
1363 3134 1523 3188 etiam
1554 3133 1728 3200 angeli
1758 3114 1903 3187 diem
1934 3134 2014 3188 fe-
2039 3114 2081 3169 α

468 3242 633 3294 stum,
672 3230 911 3284 lietantes
946 3242 1105 3294 super
1139 3225 1202 3278 iis
1260 3225 1350 3291 qui
1386 3222 1707 3291 refugientes
1744 3226 2010 3277 consortia

470 3324 790 3383 drcmonum,
830 3333 927 3387 per
959 3316 1214 3370 exercitia
1259 3314 1517 3367 virtutum
1553 3314 1811 3379 angelicis
1842 3329 1899 3368 se
1931 3316 2012 3369 fe-

467 3411 669 3466 stinant
696 3410 906 3461 sociare
939 3403 1246 3459 consortiis.
1272 3401 1462 3453 Mirum
1496 3398 1724 3453 fortasse
1749 3400 1841 3464 sit,
1871 3402 2010 3468 quod

468 3500 650 3554 dicere
686 3497 808 3553 volo
842 3515 855 3549 :
894 3508 1109 3556 causas,
1141 3501 1201 3546 ut
1227 3491 1454 3553 videtur,
1487 3488 1794 3543 festivitatis
1826 3502 1880 3544 et
1919 3490 2011 3543 la:-

466 3589 599 3646 titize
650 3602 748 3642 nos
804 3586 910 3639 Deo
943 3594 995 3638 ct
1027 3583 1232 3648 angelis
1280 3581 1467 3633 damus
1497 3594 1510 3631 :
1542 3593 1640 3632 nos
1671 3579 2010 3634 occasionem

466 3680 665 3736 latitia:
703 3685 756 3730 et
799 3673 1171 3729 exsultatiouis
1203 3671 1254 3723 in
1288 3667 1443 3722 terris
1495 3668 1654 3735 positi
1700 3666 1836 3720 cwlo
1872 3681 2011 3736 prae-

466 3772 675 3830 bemus,
700 3766 824 3821 dum
857 3778 1017 3830 super
1042 3769 1213 3814 terras
1243 3757 1599 3822 ambulantes,
1637 3758 2008 3811 conversatio-

467 3874 588 3915 nem
618 3857 874 3911 habemus
908 3855 960 3905 in
991 3850 1166 3913 emlis,
1200 3858 1253 3902 et
1279 3863 1374 3916 per
1408 3847 1509 3901 hoc
1538 3847 1651 3900 sine
1679 3846 1839 3900 dubio
1869 3847 2006 3901 diem

468 3951 663 4005 festum
698 3943 1005 4000 coelestibus
1043 3940 1329 3993 virtutibus
1355 3952 1690 4008 generamus.
1739 3937 1841 3991 Sed
1869 3938 2007 3992 sicut

468 4039 595 4094 boni
643 4044 797 4089 actus
828 4031 999 4086 nostri
1053 4038 1108 4084 et
1139 4029 1398 4081 virtutum
1430 4026 1731 4095 profectus,
1768 4026 2004 4080 laetitiam

467 4126 919 4190 festivitatemque
951 4121 1056 4173 Deo
1084 4128 1137 4173 et
1164 4117 1368 4186 angelis
1399 4117 1644 4184 gignunt,
1700 4115 1773 4168 ita
1817 4132 2008 4171 vereor

471 4231 537 4269 ne
564 4214 701 4266 mala
727 4211 1059 4265 conversatio
1085 4220 1262 4262 nostra
1297 4224 1399 4260 non
1429 4207 1597 4260 solum
1628 4208 1807 4271 terris,
1831 4207 1925 4260 sed
1953 4217 2007 4261 et

469 4303 604 4359 c0310
636 4301 1042 4354 lamentationes
1087 4299 1305 4351 inducat
1339 4306 1393 4351 et
1433 4296 1605 4349 luctus
1626 4335 1642 4356 ,
1678 4306 1731 4349 et
1764 4296 2006 4351 fortassis

467 4386 627 4447 etiam
660 4387 759 4456 ipsi
798 4388 908 4442 Deo
948 4386 1152 4440 luctum
1196 4386 1458 4439 incutiant
1496 4385 1725 4437 humana
1763 4395 1999 4451 peccata.

468 4480 573 4533 Aut
605 4491 705 4530 nou
740 4473 971 4540 lugentis
997 4481 1078 4525 est
1108 4472 1193 4524 illa
1234 4487 1338 4525 vox
1366 4487 1484 4524 cum
1509 4472 1701 4526 dicitur
1725 4473 1768 4503 ⁷⁷
1793 4490 1806 4524 :
1837 4490 1856 4522 ι
1883 4472 2004 4525 Ρω-

466 4568 603 4621 nitet
634 4577 737 4627 me,
764 4562 885 4631 quia
917 4561 1018 4615 feci
1047 4561 1312 4615 hominem
1344 4561 1776 4630 superterram?»
1816 4559 1920 4613 Sed
1949 4570 2004 4614 et

468 4657 555 4712 illa
591 4654 796 4709 Domini
829 4662 882 4705 et
909 4651 1200 4704 Salvatoris
1234 4651 1404 4705 nostri
1452 4650 1504 4702 in
1552 4649 1855 4716 Evangelio,
1911 4653 1997 4706 ubi

464 4747 598 4802 dicit
623 4745 668 4777 ⁷⁸
702 4757 716 4796 :
755 4760 773 4792 ι
806 4742 1119 4806 Jerusalem,
1144 4738 1460 4803 Jerusalem,
1487 4753 1605 4810 qua:
1636 4739 1842 4807 lapidas
1878 4755 2001 4808 pro—

465 4838 675 4907 phetas,
707 4842 760 4886 et
794 4832 995 4885 occidis
1033 4845 1126 4885 eos
1171 4831 1363 4885 missos
1391 4830 1454 4884 ad
1486 4840 1535 4882 te
1556 4869 1570 4894 ,
1614 4830 1825 4897 quoties
1858 4831 1998 4884 volui

463 4937 791 4995 congregare
826 4921 962 4976 filios
985 4933 1121 4987 tuos,
1148 4918 1594 4990 quemadmodum
1640 4917 1831 4984 gallina
1871 4934 2003 4973 con-

469 5021 653 5085 gregat
684 5010 854 5080 pullos
885 5024 1010 5064 suos
1062 5009 1160 5064 sub
1213 5008 1311 5063 alis
1349 5007 1480 5068 suis,
1522 5013 1576 5059 et
1608 5004 1863 5059 noluisti?
1888 5025 1907 5057 ι
1933 5005 2004 5062 Ει

464 5121 532 5162 ne
560 5115 713 5174 putes
751 5101 873 5171 quia
915 5102 979 5155 de
1010 5098 1249 5170 antiquis
1295 5095 1660 5152 tantummodo
1692 5092 1889 5171 dictum
1915 5105 1999 5150 est
2044 5146 2048 5152 ,

463 5196 601 5265 quod
630 5191 981 5261 lapidaverint
1020 5189 1309 5259 prophetas
1338 5202 1351 5238 :
1387 5192 1439 5235 et
1465 5195 1563 5250 ego
1596 5180 1754 5233 hodie
1791 5182 1836 5234 si
1875 5198 2000 5250 pro.

463 5285 636 5352 pheta:
663 5281 822 5334 verba
866 5294 971 5332 non
1006 5279 1244 5340 audiam,
1272 5277 1315 5330 si
1352 5272 1551 5326 monita
1581 5270 1699 5336 ejus
1721 5283 1994 5340 spernam,

416 5438 425 5450 ι
463 5368 638 5436 lapide
688 5368 1019 5435 prophetam,
1056 5375 1110 5420 et
1143 5372 1400 5434 quantum
1437 5361 1487 5413 in
1522 5372 1605 5411 me
1638 5367 1749 5421 est,
1785 5360 1993 5429 occido,

534 5476 580 5508 "
619 5478 749 5533 an.
788 5496 875 5543 xv,
906 5482 958 5534 7.
1034 5483 1076 5512 ⁷⁷
1102 5481 1234 5535 Gen.
1262 5494 1331 5539 v1,
1360 5477 1413 5531 6.

468 5541 514 5573 "
548 5543 648 5594 lsa.
688 5562 722 5603 I.
756 5550 835 5599 14.

1505 5475 1551 5505 ⁷⁸
1585 5474 1766 5526 Matth.
1794 5489 1950 5540 χχιιι,
1985 5481 2078 5537 '57.

2110 556 2214 610 Sed
2263 566 2321 610 et
2370 557 2461 610 illa
2508 558 2835 611 humanum
2872 567 3056 621 genus
3091 548 3451 603 lamentantis
3490 548 3573 600 Dei
3616 563 3705 602 τοι

2107 654 2190 699 est
2225 646 2578 713 qua_dicitur
2612 659 2716 712 per
2749 642 3098 711 prophetam
3133 640 3181 672 ⁷⁸
3210 656 3229 693 :
3274 654 3293 687 ι
3332 636 3441 690 ιιθυ
3473 651 3570 699 me,
3593 653 3705 705 quo.

2110 736 2252 787 niam
2298 734 2486 789 factus
2520 750 2647 789 sum
2687 735 2843 791 sicut
2890 732 2986 799 qui
3036 736 3353 799 congregat
3399 727 3627 795 stipulam
3666 729 3707 779 in

2110 836 2309 886 messe,
2342 832 2399 875 et
2434 823 2584 875 sicut
2619 834 2886 874 racemos
2926 818 2981 870 in
3018 816 3337 876 vindemia,
3367 815 3491 882 quia
3533 831 3622 869 non
3647 829 3713 871 est

2111 914 2280 979 Spica,
2321 926 2506 980 neque
2539 912 2766 965 -botrus
2820 907 2894 962 ad
2955 905 3179 959 edenda
3240 903 3608 973 primogenita.
3635 903 3709 959 llci

2111 1002 2241 1054 mihi
2289 1002 2498 1066 anima,
2530 1001 2805 1069 quoniam
2860 996 3037 1066 periit
3094 1004 3400 1049 revertens
3432 1010 3462 1047 a
3491 1003 3643 1056 terra,
3672 1007 3716 1051 et

2112 1093 2201 1158 qui
2252 1092 2497 1160 corrigat
2538 1091 2595 1142 in
2640 1088 2981 1142 hominibus
3030 1100 3142 1139 non
3178 1095 3295 1139 est.
3324 1104 3344 1136 ι
3378 1084 3579 1137 Domini
3617 1096 3715 1138 sunt

2115 1181 2231 1233 istae
2257 1193 2439 1240 voces,
2477 1194 2657 1248 genus
2694 1179 3016 1229 humanum
3050 1174 3325 1244 lugentis.
3354 1173 3472 1239 Ipse
3494 1175 3623 1228 enim
3648 1190 3699 1227 re

2115 1271 2195 1322 nit
2221 1268 2285 1321 ad
2308 1268 2681 1336 colligendam
2717 1284 2997 1331 messem,
3035 1276 3093 1319 et
3128 1265 3355 1319 invenit
3380 1265 3619 1333 stipulam
3641 1281 3716 1331 pro

2115 1371 2314 1419 messe,
2348 1367 2405 1408 et
2436 1357 2588 1409 venit
2616 1359 2685 1409 ad
2716 1357 3111 1426 colligendam
3146 1354 3517 1417 vindemiam,
3549 1354 3630 1408 sed
3656 1354 3722 1408 iu-

2115 1446 2261 1495 vt-uit
2295 1460 2546 1498 racemos
2578 1460 2792 1512 paucos
2828 1460 2937 1513 pro
2978 1443 3271 1496 vindemia
3300 1481 3316 1507 ,
3352 1443 3613 1509 apostolos
3634 1445 3719 1497 sci—

2117 1533 2241 1586 licet
2283 1555 2294 1588 :
2339 1548 2477 1602 quos
2521 1551 2539 1583 ι
2576 1536 2683 1588 nisi
2721 1534 3006 1587 Dominus
3045 1532 3307 1586 Sabaoth
3337 1533 3629 1601 reliquisset
3651 1549 3724 1589 no—

2117 1623 2200 1677 bis
2232 1638 2419 1678 semen
2451 1625 2498 1655 ⁸⁰
2519 1664 2535 1685 ,
2575 1643 2594 1675 ι
2619 1633 2673 1677 et
2701 1640 2953 1692 granum
3000 1624 3284 1677 frumenti
3332 1625 3441 1678 nisi
3477 1625 3725 1679 cecidisset

2118 1712 2170 1763 in
2210 1721 2411 1765 terram
2455 1722 2513 1765 ut
2561 1713 2812 1767 fruetum
2877 1714 3203 1781 plurimum
3258 1714 3520 1778 faceret,
3569 1731 3586 1765 ι
3616 1715 3726 1767 sicut

2046 1789 2089 1844 Β
2120 1802 2354 1854 Sodoma
2392 1800 2520 1854 facti
2567 1818 2834 1856 essemus
2876 1814 2937 1857 et
2964 1804 3142 1859 .sicut
3201 1803 3516 1858 Gomorrha
3560 1802 3728 1858 similes

2119 1889 2435 1943 fuissemus.
2469 1909 2490 1942 ι
2532 1890 2762 1959 Angelis
2799 1907 3043 1959 quoque
3087 1892 3214 1954 Del,
3258 1894 3412 1946 sicut
3446 1907 3596 1961 supra
3619 1892 3728 1945 dixi-

2118 1993 2259 2041 mus,
2290 1979 2348 2031 fit
2382 1980 2644 2048 gaudium
2697 1981 2752 2034 in
2795 1982 2950 2036 coelo
2982 1999 3169 2051 super
3196 2000 3312 2037 uno
3341 1995 3618 2052 peccatore
3641 1998 3730 2048 pte-

2119 2066 2406 2120 nitentiam
2442 2078 2662 2137 agente.
2699 2069 2948 2123 Certum
2987 2084 3083 2126 est
3134 2074 3290 2141 quod
3344 2072 3437 2126 ubi
3481 2087 3573 2137 pro
3605 2072 3731 2124 bonis

2117 2156 2310 2222 gaudia
2363 2167 2629 2225 aguntur,
2670 2157 2746 2211 ibi
2787 2174 2899 2226 pro
2941 2163 3270 2216 contrariis
3311 2162 3731 2216 lantenlelurzsi

2117 2255 2247 2311 ergo
2281 2246 2521 2314 gaudent
2561 2260 2664 2315 pro
2697 2262 3016 2314 converso,
3053 2264 3304 2304 necesse
3335 2259 3426 2304 est
3463 2260 3520 2302 ut
3551 2251 3735 2319 lugeant

2117 2347 2217 2401 pro
2265 2344 2551 2403 peccante.
2578 2336 2899 2406 Propterea
2954 2354 3103 2408 ergo
3144 2341 3301 2409 quod
3360 2340 3531 2410 358
3569 2339 3739 2410 grande

2123 2439 2142 2472 ι
2178 2433 2461 2491 peccatum
2509 2429 2772 2493 peccavit
2819 2428 3184 2491 Jerusalem,
3218 2448 3238 2480 ι
3277 2432 3584 2483 secundum
3621 2429 3736 2498 quod

2116 2512 2378 2579 scriptum
2399 2522 2483 2566 est
2506 2513 2562 2566 iu
2585 2513 3059 2577 Lamentatione,
3080 2536 3101 2569 ι
3132 2521 3186 2572 in
3216 2520 3597 2575 commotione
3624 2521 3738 2573 facta

2116 2610 2198 2655 est
2216 2602 2261 2633 ει
2282 2641 2297 2667 ,
2337 2620 2353 2652 ι
2388 2612 2443 2655 et
2465 2604 2756 2670 perierunt
2784 2623 3001 2662 omnes
3052 2608 3408 2665 festivitates
3432 2612 3549 2679 ejus
3575 2621 3622 2664 ct
3649 2611 3740 2663 dies

2116 2691 2387 2744 solemnes
2419 2692 2537 2759 ejus
2571 2733 2586 2758 ,
2638 2696 2925 2761 quoniam
2990 2714 3188 2752 meum
3244 2699 3447 2755 Jesnm
3503 2701 3739 2755 Christum

2113 2781 2453 2835 occiderunt.
2492 2781 2558 2835 Et
2595 2794 2907 2852 propterea
2946 2787 3093 2843 dicit
3125 2784 3196 2842 a'd
3237 2806 3345 2845 eos
3370 2793 3418 2823 ”
3460 2814 3473 2846 :
3505 2811 3523 2842 ι
3547 2792 3742 2845 Neonie-

2117 2871 2233 2923 nias
2268 2881 2479 2924 vestras
2510 2882 2567 2926 et
2602 2874 2859 2928 Sabbata
2899 2886 2962 2932 et
3006 2880 3136 2935 dies
3184 2882 3378 2937 festos
3416 2892 3623 2936 vestros
3650 2880 3744 2936 odit

2115 2959 2291 3012 anima
2323 2974 2459 3012 mea.
2496 2978 2514 3010 ι
2560 2960 2662 3014 llic
2706 2963 2982 3031 quidem,
3021 2969 3119 3022 ubi
3152 2972 3226 3023 de
3260 2954 3589 3025 muneribus
3620 2986 3744 3023 man-

2117 3047 2296 3111 datur,
2351 3049 2439 3101 nhi
2480 3049 2666 3104 adhuc
2716 3052 2876 3106 nulla
2920 3068 3167 3123 peccata
3226 3070 3403 3124 sunt,
3450 3062 3566 3117 dies
3603 3059 3744 3115 fesms

2115 3151 2262 3190 meos
2286 3137 2454 3202 dicit;
2489 3139 2580 3192 ubi
2611 3151 2806 3196 autem
2833 3156 3149 3211 peccatum
3185 3161 3309 3213 est,
3344 3167 3458 3205 non
3487 3167 3645 3215 meos,
3669 3151 3744 3202 sed

2114 3234 2323 3278 vestros
2361 3226 2478 3280 dies
2513 3227 2688 3281 festos
2715 3231 2863 3285 dicit
2900 3233 3216 3292 Dominus.
3260 3239 3399 3294 llaec
3435 3250 3611 3294 autem
3644 3253 3744 3291 orn-

2113 3313 2197 3365 nia
2236 3313 2287 3365 in
2335 3314 2535 3381 quibus
2586 3316 2673 3369 vel
2719 3318 2951 3386 lugere,
2996 3324 3093 3378 vel
3126 3328 3424 3394 gaudere,
3457 3330 3540 3383 vel
3571 3330 3742 3388 odisse,

2112 3403 2193 3455 vel
2233 3401 2403 3455 larlari
2445 3404 2669 3477 dicitur.
2691 3407 2884 3473 Deus,
2939 3414 3173 3482 trepico
3212 3400 3297 3470 'et
3338 3419 3580 3472 humano
3620 3432 3744 3470 more

2113 3491 2426 3558 accipienda
2465 3502 2594 3547 sunt
2628 3495 2702 3548 ab
2730 3496 3048 3564 Scriptura
3087 3505 3229 3559 dici.
3272 3506 3485 3562 Aliena
3513 3523 3661 3579 porro
3680 3519 3744 3560 est

2106 3580 2291 3667 divina
2325 3590 2518 3634 natura
2558 3584 2631 3635 ab
2660 3587 2823 3640 omni
2878 3594 3181 3656 passionis
3238 3607 3305 3651 et
3355 3596 3744 3667 permutationis

2109 3666 2325 3732 affect",
2369 3669 2421 3722 in
2457 3670 2549 3723 illo
2589 3685 2827 3740 semper
2856 3675 3250 3736 beatitudinis
3286 3666 3457 3753 apice
3488 3683 3744 3738 immobilEs

2108 3767 2162 3810 et
2199 3759 2520 3812 inconcussa
2558 3762 2915 3828 perdura‘ns.

2178 3847 2232 3899 3.
2267 3846 2406 3911 Quia
2435 3862 2570 3918 ergo
2605 3849 2894 3907 festorum
2950 3857 3113 3927 leges
3162 3862 3461 3921 habemus
3498 3868 3550 3920 in
3601 3864 3744 3918 mani-

2107 3935 2226 3997 bus,
2260 3947 2313 3989 el
2366 3939 2490 3992 inde
2537 3954 2689 3993 nunc
2741 3957 2946 4002 sermo
2981 3960 3100 4016 est,
3138 3956 3515 4022 requiramus
3553 3956 3744 4023 diligen‘

2113 4029 2220 4078 tius
2249 4026 2344 4092 qui
2382 4027 2454 4079 sit
2482 4028 2622 4082 ordo
2655 4029 3080 4104 festivitatum,
3114 4053 3177 4095 ut
3206 4057 3284 4097 ex
3316 4046 3466 4113 ipsis
3495 4046 3744 4100 ordinibus

2106 4122 2158 4165 et
2212 4115 2610 4169 sacrificiorum
2666 4120 2782 4173 ritu
2857 4128 3140 4198 colligere
3189 4136 3496 4201 possimus
3546 4135 3744 4203 qualiter

2107 4209 2480 4275 unusquisque
2527 4225 2593 4263 ex
2653 4214 2776 4266 suis
2833 4220 3073 4275 actibus
3126 4234 3184 4277 et
3241 4229 3744 4283 conversationibus

2107 4298 2316 4350 sanctis
2353 4298 2461 4352 Deo
2504 4298 2889 4360 festivitatem
2932 4315 3121 4377 possit
3156 4330 3404 4384 parare.
3437 4318 3618 4373 Prima
3642 4329 3744 4385 erga

2106 4394 2189 4439 est
2229 4385 2500 4441 festivitas
2545 4390 2681 4456 Dei,
2716 4407 2855 4461 qua:
2898 4403 3235 4469 appellatur
3278 4409 3656 4471 iudcsiuens,
3700 4409 3744 4460 dt

2107 4477 2176 4530 iis
2219 4478 2362 4530 enim
2404 4481 2737 4550 ¹¹¹³⁰¹¹³ίυῐ⁵ν
2794 4503 2932 4554 qua:
2992 4494 3408 4555 indesinenter
3441 4512 3497 4556 et
3523 4503 3638 4556 sine
3664 4501 3744 4552 ull:

2106 4581 2331 4661 prorsus
2367 4568 2787 4661 interruptione
2825 4586 3141 4640 matutinis
3183 4598 3239 4641 et
3297 4593 3651 4661 vespertinis
3686 4608 3744 4645 sa

2106 4657 2332 4710 criﬁciis
2359 4658 2691 4716 offerantur.
2723 4664 3015 4726 Mandatus
3044 4675 3222 4746 igitur
3265 4657 3654 4736 festivitatum
3697 4683 3744 4733 ri.

2105 4754 2218 4809 tus,
2248 4763 2356 4801 non
2391 4750 2573 4815 primo
2600 4756 2799 4811 statim
2825 4764 2991 4817 venit
3017 4771 3089 4820 ad
3115 4769 3504 4829 festivitatem
3531 4774 3744 4831 Pascha!

2104 4849 2282 4933 neque
2313 4837 2381 4890 ad
2406 4838 2793 4933 azymorum,
2830 4865 3027 4922 neque
3064 4858 3136 4926 ad
3171 4857 3586 4933 Scenopegizc,
3618 4865 3744 4917 alias

2103 4940 2210 5028 que
2241 4927 2307 4980 de
2329 4929 2536 5028 quibus
2564 4939 2934 5028 praecipitur,
2970 4949 3072 5001 sed
3100 4950 3252 5003 hanc
3284 4927 3551 5021 pri-mam
3571 4927 3744 5028 posuit

2105 5015 2306 5115 iul-qua
2354 5022 2695 5078 sacrificium
2734 5027 3080 5090 indesinens
3110 5015 3359 5095 mandat
3389 5015 3598 5100 offerri
3624 5062 3640 5100 :
3672 5062 3744 5115 qm

2102 5105 2315 5160 scilicet
2341 5121 2613 5177 agnoscat
2651 5113 2748 5170 ille
2776 5122 2875 5187 qui
2908 5125 3032 5178 vult
3059 5141 3186 5180 esse
3226 5131 3553 5196 perfectus
3574 5144 3632 5191 et
3658 5105 3744 5190 san

2104 5204 2249 5289 ctus,
2293 5199 2423 5266 quia
2471 5218 2582 5258 non
2631 5205 2947 5276 aliquando
2982 5216 3206 5283 quidem
3236 5225 3489 5289 agenda
3516 5235 3606 5279 est
3634 5226 3738 5278 Deo

2107 5286 2399 5383 aliquando
2439 5307 2579 5350 vero
2611 5312 2721 5351 non
2766 5304 2989 5362 agenda
3029 5286 3371 5375 festivitas,
3408 5315 3518 5369 sed
3562 5328 3744 5383 sempe

2109 5384 2165 5427 ct
2219 5376 2603 5438 indesinenter
2635 5384 2823 5454 justus
2871 5406 3045 5461 agere
3089 5393 3263 5448 debet
3320 5400 3492 5455 diem
3556 5376 3744 5458 festum

2158 5493 2204 5524 7“
2230 5494 2399 5554 Mich.
2432 5516 2533 5567 vn,
2585 5502 2640 5570 1,
2684 5503 2742 5557 2.
2820 5505 2872 5538 ⁸ο
2919 5507 3027 5564 lsa.
3082 5524 3120 5573 ι,
3148 5508 3207 5563 9.
3304 5514 3359 5546 ⁸³
3400 5512 3744 5580 Thren.t.§

541 5631 645 5697 (ιδ)
672 5633 817 5698 Μεδη
850 5659 867 5689 ι
895 5655 1046 5705 quam
1073 5643 1113 5691 si
1139 5649 1342 5709 putet.»
1383 5637 1531 5689 Libb.
1578 5633 1726 5697 editi,
1764 5651 1781 5682 ι
1808 5635 1907 5689 nisi
1944 5645 1987 5693 si
2015 5655 2192 5711 putet.
2234 5681 2251 5710 ι
