3838 6240
60 579 391 725 m/7'ur
445 579 1041 693 ;-;.\es\)erttnis
1110 613 1460 664 mandatur
1500 611 1698 677 oﬁ'erri,
1746 615 1847 668 hoc
1882 616 1964 667 in-

77 684 117 730 s“
208 688 211 691 Α
256 630 408 743 Ι..)
501 660 615 743 s‘“
660 652 826 730 ‘ege
897 688 1001 733 ac
1064 699 1440 743 Dronlleli¢_
1479 717 1597 743 num
1647 706 1963 743 matutinum

77 676 166 769 ἕλε(
200 676 826 769 ⁷Ιυέᾋζζζᾊῗ¹⁸ῗ
897 688 1001 733 ³ο
1064 699 1443 765 prophetis.
1479 717 1598 769 quae
1647 676 1963 758 man-unum

88 760 143 803 ea:
260 734 275 743 '
350 734 395 776 “5
424 741 806 809 ostendunt
993 770 1011 783 -
1074 734 1443 804 '"v'mwf'
1479 734 1598 769 Ψωδ
1648 734 1963 805 ’ἶ““““.”’“¹“

105 834 111 844 .
389 831 437 874 ve
631 837 645 847 _
818 798 840 822 ν
873 774 952 819 εει
994 788 1077 828 ιιι
1127 791 1481 859 evangelica
1514 792 1781 856 doctrina,
1814 793 1861 845 td
1886 804 1964 847 est

440 837 867 929 SDFH‘““‘“'
926 871 1109 926 quin
1205 892 1447 946 vespera
1496 882 1680 934 mundi
1729 881 1964 935 Salvato-

324 916 575 965 Alendu
622 930 997 965 nilun...--_,
1109 958 1124 965 -
1214 963 1228 965 _

1205 892 1447 946 vespera
1496 882 1680 934 mundi
1729 881 1968 935 Salvato-

1033 993 1058 1018 ,
1108 958 1474 1019 indesinenti
1519 967 1807 1020 intentione
1847 982 1966 1035 pcr-

404 1056 603 1123 M;_‘._“_:'7
640 1056 806 1123 ἶξδυ
848 1056 1289 1123 Atcsuvitates
1334 1056 1587 1110 Dominus
1638 1058 1768 1110 dicit
1801 1074 1813 1108 :
1849 1076 1866 1108 ι
1905 1058 1966 1110 Et

140 1099 622 1215 ςξξιξίθίξδηξξ
651 1111 803 1215 dies
842 1120 1071 1186 festos
1104 1131 1308 1195 ineos.
1342 1160 1361 1193 ι
1392 1143 1513 1196 Dies
1538 1160 1664 1212 ergo
1696 1145 1862 1200 festus
1885 1155 1964 1199 est

167 1206 586 1329 ίδξέἑίιξὶζὶδι
631 1213 700 1307 6}
735 1216 1158 1280 sacriﬁcium
1224 1231 1538 1285 iudesineus
1580 1232 1888 1296 offeramus,
1919 1235 1963 1287 si

418 1312 439 1329 ι
526 1301 918 1329 οεδιπιιοοιιε..-
998 1328 1011 1329 γ
1329 1323 1341 1329 -
1694 1325 1707 1329 -
1918 1325 1927 1329 -

212 1295 319 1407 2::
411 1295 926 1407 i“‘i"“}8.8l0ne
987 1328 1252 1374 oremus
1280 1360 1296 1383 ,
1328 1323 1400 1374 ita
1430 1332 1486 1375 ut
1513 1325 1768 1377 ascendat
1792 1325 1966 1378 oratio

244 1397 486 1490 ;;§\r3_
522 1397 692 1442 s‘c‘“
722 1397 1072 1458 incensum
1122 1409 1186 1462 in
1235 1421 1525 1477 conspectu
1555 1413 1668 1476 ejus
1701 1428 1876 1477 mane,
1914 1423 1965 1467 ct

245 1490 557 1577 e“av/aue.
600 1494 909 1577 manuum
984 1508 1323 1553 nostrarum
1382 1502 1473 1553 ﬁat
1531 1503 1577 1554 ei
1641 1502 1964 1555 sacriﬁcium

257 1572 716 1668 qes’cttinum
740 1572 850 1628 ³³⁸.
887 1578 999 1633 Est
1034 1582 1218 1652 igitur
1250 1588 1419 1655 prima
1454 1586 1760 1640 solemnitas
1793 1590 1965 1641 sacri-

269 1661 402 1743 ςεξχ
502 1661 897 1722 indesinentis
929 1710 948 1736 ,
1007 1688 1144 1740 quae
1184 1691 1214 1729 a
1260 1676 1554 1731 cultoribus
1595 1678 1862 1747 Evangelii
1900 1694 1965 1733 co

326 1754 533 1818 “s60
571 1770 680 1823 quo
713 1772 891 1826 supra
929 1765 1302 1830 exposuimus
1327 1806 1341 1832 ,
1392 1767 1548 1819 debet
1598 1770 1818 1834 eXpIeri.
1859 1770 1960 1822 Sed

331 1848 657 1916 quoniam,
700 1850 849 1903 sicut
883 1853 1255 1919 propheticns
1300 1871 1476 1910 sermo
1514 1858 1810 1923 perdocuit,
1847 1860 1961 1911 dies
1996 1838 2037 1895 Β

342 1937 517 1993 festi
557 1951 918 2008 peccatorum
962 1954 1370 1997 convertuntur
1420 1946 1471 1998 in
1508 1946 1729 2011 luctum,
1762 1955 1815 2000 et
1843 1963 1964 2001 can-

326 2029 481 2082 tica
523 2044 714 2083 eorum
762 2030 816 2083 in
858 2030 1177 2097 planctum,
1219 2044 1422 2088 certum
1458 2043 1539 2088 est
1566 2038 1686 2103 quia
1717 2039 1807 2104 qui
1849 2053 1964 2105 pec-

320 2127 457 2172 cat
543 2129 598 2172 et
651 2120 766 2187 agit
820 2120 966 2172 diem
1020 2122 1261 2187 peccati,
1296 2136 1454 2190 agere
1483 2138 1586 2177 non
1620 2134 1794 2193 potest
1824 2126 1961 2179 diem

312 2206 593 2262 festum
626 2227 640 2261 :
669 2219 724 2261 et
752 2209 877 2261 ideo
905 2211 1015 2262 illis
1045 2210 1237 2263 diebus
1270 2212 1462 2277 quibus
1506 2222 1726 2278 peccat,
1772 2213 1963 2267 offerre

310 2311 473 2349 non
525 2305 714 2364 potest
745 2298 1067 2350 iudesineus
1099 2299 1420 2352 sacriﬁcium
1455 2299 1580 2353 Deo.
1617 2301 1721 2354 Sed
1764 2301 1848 2356 ille
1889 2303 1965 2356 of-

304 2385 535 2440 ferre
568 2396 784 2455 potest,
817 2387 909 2454 qui
936 2386 1306 2440 indesinenter
1339 2388 1574 2442 custodit
1599 2388 1882 2457 justitiam,
1911 2397 1963 2443 et

303 2486 695 2529 conservat
745 2476 1103 2542 semetipsum
1143 2491 1171 2528 a
1217 2485 1453 2545 peccato.
1499 2477 1610 2542 Qua
1657 2479 1743 2531 die
1786 2488 1962 2532 autem

306 2562 765 2631 iuterruperit
801 2573 858 2617 et
892 2565 1220 2631 peccaverit,
1253 2574 1458 2618 certum
1491 2574 1575 2619 est
1615 2568 1754 2633 quod
1784 2566 1835 2619 in
1873 2567 1962 2619 illa

297 2653 443 2707 die
529 2668 644 2705 non
690 2652 857 2706 oﬂ‘ert
904 2653 1232 2707 sacriﬁcium
1264 2653 1572 2708 iudesineus
1602 2656 1727 2709 Deo.
1764 2656 1964 2710 Vereor

293 2743 603 2812 aliquid
634 2745 826 2797 dicere
870 2745 1015 2812 quod
1061 2759 1124 2797 ex
1172 2746 1511 2799 sermonibus
1549 2746 1853 2814 apostolicis
1885 2748 1957 2800 in-

298 2836 561 2905 telligi
624 2836 800 2889 datur
823 2874 841 2899 ,
875 2847 945 2887 ne
992 2833 1129 2889 forte
1156 2833 1338 2887 videar
1369 2834 1576 2903 aliquos
1614 2836 1958 2890 contristare.

292 2924 513 2978 Nann
555 2926 602 2980 si
632 2926 822 2979 oratio
844 2923 977 2991 justi
1004 2924 1145 2977 sicut
1178 2925 1450 2978 incensum
1481 2922 1705 2978 offertur
1742 2925 1794 2977 in
1835 2939 1961 2979 con-

284 3027 580 3085 spectu
608 3015 857 3078 Domini,
883 3024 938 3067 et
957 3013 1190 3069 elevatio
1216 3028 1466 3066 manuum
1493 3012 1608 3079 ejus
1637 3013 1961 3068 sacriﬁcium

284 3119 427 3162 est
489 3107 927 3174 tespertinum,
971 3104 1108 3158 dicit
1141 3113 1318 3157 autem
1345 3102 1639 3171 Apostolus
1674 3104 1737 3157 iis
1777 3105 1865 3172 qui
1909 3105 1960 3157 in

280 3197 669 3266 coniugiis
704 3205 840 3249 sunt
865 3194 913 3225 ⁸³
945 3211 959 3246 :
999 3211 1019 3243 ι
1052 3192 1226 3245 Nolite
1275 3191 1525 3244 fraudare
1565 3192 1824 3258 invicem,
1864 3194 1964 3248 nisi

276 3290 534 3345 {orte
565 3304 636 3342 ex
673 3301 952 3341 consensu
998 3285 1065 3338 ad
1100 3292 1340 3351 tempus,
1386 3292 1446 3335 ut
1475 3284 1671 3337 vacetis
1711 3286 1961 3349 orationi,

278 3389 377 3433 et.
442 3379 683 3432 iterum
731 3376 785 3427 in
822 3373 1055 3442 idipsum
1089 3373 1238 3436 sitis;
1271 3389 1290 3422 ι
1327 3382 1531 3425 certum
1571 3381 1653 3425 est
1690 3373 1812 3439 quia
1866 3372 1965 3424 im-

278 3468 609 3535 peditur
657 3463 1000 3518 sacriﬁcium
1034 3461 1344 3514 iudesineus
1376 3461 1440 3513 iis
1472 3460 1560 3527 qui
1594 3459 1964 3529 conjugalibus

284 3555 826 3611 necessitatibus
874 3551 1146 3604 serviunt.
1197 3550 1348 3605 Unde
1390 3551 1600 3603 videtur
1658 3551 1784 3602 mihi
1819 3551 1963 3617 quod

284 3649 534 3702 illius
576 3655 665 3699 est
717 3644 898 3697 solius
933 3641 1133 3695 offerre
1162 3641 1486 3695 sacriﬁcium
1517 3641 1845 3703 iudesineus,
1874 3641 1963 3709 qui

284 3736 728 3791 indesinenti
780 3741 839 3786 et
879 3740 1150 3799 perpetuae
1180 3743 1236 3782 se
1263 3728 1534 3783 devoverit
1563 3727 1816 3781 castitati.
1859 3726 1962 3781 Sed

283 3834 507 3879 sunt
538 3834 596 3876 et
620 3822 721 3875 alii
757 3822 880 3874 dies
906 3819 1026 3872 festi
1059 3819 1143 3882 iis,
1170 3818 1259 3884 qui
1290 3816 1431 3870 forte
1477 3831 1580 3868 non
1621 3823 1842 3882 possunt
1883 3815 1964 3867 iu-

282 3916 712 3971 desinenter
753 3908 1045 3963 immolare
1084 3907 1348 3962 sacriﬁcia
1383 3907 1668 3960 castitatis.

403 4005 502 4058 4-
548 4001 816 4056 Secunda
872 4013 1005 4065 ergo
1048 3997 1314 4065 festivitas
1344 4006 1468 4062 post
1501 3994 1850 4048 indesinentis
1877 4008 1962 4046 sa-

290 4093 579 4151 criﬁcii
627 4088 999 4144 festivitatem
1058 4086 1275 4153 ponitur
1330 4084 1588 4145 Sabbati,
1642 4093 1697 4136 et
1752 4092 1963 4150 Oportet

288 4190 707 4239 sanctorum
742 4189 1020 4246 quemque
1047 4183 1101 4228 et
1125 4173 1332 4240 justum
1373 4188 1533 4241 agere
1554 4172 1714 4225 etiam
1740 4170 1959 4225 Sabbati

286 4272 770 4327 lestivitatem.
809 4264 945 4333 Qua;
979 4272 1064 4315 est
1092 4270 1272 4315 autem
1314 4260 1580 4315 festivitas
1611 4259 1827 4313 Sabbati
1860 4258 1959 4312 nisi

288 4364 480 4421 illa.
523 4361 594 4413 de
630 4371 745 4425 qua
794 4342 1093 4418 Apostolus
1139 4350 1272 4402 dicit
1300 4348 1378 4411 3",
1417 4347 1802 4414 «Relinquetur
1835 4359 1960 4414 ergo

1553 405 1620 460 IN
1652 406 1978 462 NUMEROS
2010 404 2287 461 HOMILIA
2312 404 2499 459 XXIII.

863 525 887 588 ζ
941 510 1185 567 τωοιι
1250 516 1633 576 indesinenter
1663 533 1715 578 et
1768 526 1818 578 in
1850 539 1965 578 ma-
1994 531 2038 584 Α
2067 523 2285 585 habeas,
2320 536 2424 575 non
2457 520 2713 586 respicias
2743 522 2806 573 ad
2835 525 3116 590 przesentia
3147 532 3201 577 et
3226 522 3477 586 visibilia,
3507 522 3600 576 sed

3491 407 3604 463 75D

2067 614 2131 665 ad
2163 610 2449 664 invisibilia
2477 617 2530 662 et
2558 609 2757 673 futura,
2789 610 2901 663 hazc
2935 620 3016 664 est
3040 613 3344 664 observatio
3378 611 3597 663 Sabbati

2064 700 2376 753 Christiani.
2420 699 2525 753 Sed
2566 700 2679 753 hinc
2715 708 2769 753 et
2806 699 2971 753 Judaei
3007 701 3291 755 observare
3320 700 3597 755 deberent.

2066 791 2304 857 Denique
2332 790 2491 843 etiam
2531 790 2670 857 apud
2701 790 2846 855 ipsos
2876 790 2919 844 si
2952 789 3122 852 faber,
3160 790 3204 842 si
3239 800 3473 844 structor
3496 826 3512 852 ,
3543 799 3600 843 et

2064 878 2108 930 si
2153 878 2273 944 quis
2319 878 2621 946 hujusmodi
2662 877 2908 945 Opiﬁcum
2961 878 3141 940 fuerit,
3185 877 3383 929 otiatur
3428 878 3480 929 in
3517 878 3604 930 die

2064 965 2301 1019 Sabbati.
2333 966 2523 1019 Lector
2553 976 2727 1019 autem
2770 967 2898 1034 legis
2930 967 3142 1027 divinae,
3173 965 3255 1018 vel
3286 965 3468 1019 doctor
3497 980 3600 1018 non

2065 1058 2261 1110 desinit
2288 1058 2353 1111 ab
2376 1072 2537 1125 opere
2567 1072 2688 1117 suo.
2717 1067 2769 1111 et
2806 1070 2977 1111 tamen
3013 1058 3300 1111 Sabbatum
3336 1071 3438 1109 non
3472 1070 3603 1109 con-

2066 1148 2290 1200 taminat
2324 1164 2337 1199 :
2374 1148 2450 1200 sic
2472 1148 2610 1199 enim
2636 1157 2688 1200 et
2715 1148 2965 1199 Dominus
2998 1162 3144 1201 meus
3166 1146 3292 1199 dicit
3320 1144 3382 1197 ad
3401 1160 3495 1197 eos
3519 1144 3600 1196 3':

2069 1255 2087 1287 t
2116 1240 2221 1290 Aut
2255 1252 2359 1290 non
2400 1236 2604 1305 legistis
2629 1276 2644 1299 ,
2676 1237 2799 1304 quia
2853 1244 2905 1287 et
2956 1233 3258 1288 sacerdotes
3306 1233 3357 1286 in
3407 1232 3602 1300 templo

2065 1326 2356 1380 Sabbatum
2386 1327 2608 1387 violant,
2633 1335 2685 1378 et
2717 1328 2832 1378 sine
2859 1325 3080 1378 crimine
3114 1335 3237 1375 sunt
3258 1322 3413 1391 (I9)?
3447 1341 3464 1373 ι
3501 1321 3602 1386 Qui

2064 1434 2189 1488 ergo
2208 1428 2385 1472 cessat
2415 1419 2480 1471 ab
2509 1417 2759 1486 operibus
2785 1416 2963 1469 smculi
3001 1425 3054 1467 et
3079 1414 3405 1482 Spiritalibus
3426 1422 3604 1474 vacat,

2066 1508 2166 1561 iste
2197 1516 2278 1561 est
2317 1508 2403 1575 qui
2435 1505 2754 1560 sacriﬁcium
2787 1504 3001 1557 Sabbati
3045 1513 3097 1557 et
3122 1504 3261 1556 diem
3285 1502 3475 1555 festum
3496 1504 3606 1571 agit

2064 1599 2441 1653 Sabbatorum.
2466 1595 2642 1662 Neque
2666 1606 2829 1647 onera
2854 1602 3028 1661 portat
3058 1592 3109 1643 in
3144 1592 3247 1645 via.
3287 1590 3436 1645 Onus
3458 1591 3600 1644 enim

2062 1697 2144 1742 est
2192 1701 2348 1740 omne
2389 1693 2691 1753 peccatum,
2741 1682 3185 1751 quemadmodum
3220 1681 3350 1734 dicit
3386 1690 3440 1733 et
3477 1680 3603 1733 Pro-

2063 1783 2217 1848 pheta
2234 1781 2306 1832 ":
2332 1798 2350 1830 ι
2375 1779 2524 1832 Sicut
2545 1792 2678 1830 onus
2704 1789 2865 1844 grave
2881 1784 3110 1842 gravatae
3133 1783 3258 1828 sunt
3280 1788 3441 1841 super
3459 1788 3560 1825 me.
3579 1792 3596 1824 ι

2067 1871 2249 1938 Neque
2279 1870 2453 1937 ignem
2485 1867 2748 1929 accendit,
2777 1866 2923 1918 illum
2956 1865 3159 1918 scilicet
3192 1865 3389 1932 ignem,
3413 1863 3479 1917 de
3499 1874 3607 1928 quo

2070 1961 2261 2014 dicitur
2288 1959 2332 1990 ⁸⁷
2363 1975 2375 2009 :
2407 1976 2425 2007 ι
2461 1956 2533 2010 Ite
2560 1958 2611 2008 in
2655 1955 2853 2007 lumine
2887 1954 3023 2023 ignis
3051 1954 3234 2015 vestri,
3260 1964 3315 2005 et
3355 1954 3405 2005 in
3448 1952 3603 2005 flatu-

2070 2063 2153 2101 ma
2200 2062 2357 2116 quam
2407 2044 2747 2098 accendistis.
2782 2061 2800 2093 ι
2848 2042 2902 2095 In
2956 2041 3187 2094 Sabbato
3238 2041 3602 2109 unusquisque

2068 2137 2221 2191 sedet
2244 2137 2365 2201 loco
2396 2149 2511 2195 suo,
2537 2142 2588 2183 ct
2616 2146 2720 2184 non
2744 2132 2984 2199 procedit
3011 2146 3072 2184 ex
3106 2146 3188 2183 eo.
3218 2130 3349 2195 Quis
3376 2146 3501 2199 ergo
3519 2141 3603 2185 est

2069 2226 2217 2277 locus
2249 2222 2504 2289 spiritalis
2529 2220 2765 2272 anima}?
2801 2218 3016 2271 Justitia
3057 2229 3138 2272 est
3169 2220 3315 2271 locus
3356 2219 3469 2284 ejus
3495 2260 3510 2285 ,
3549 2230 3604 2273 et

2067 2314 2228 2383 359
2249 2313 2468 2373 veritas,
2491 2310 2771 2378 sapientia,
2802 2309 3173 2372 sanctiﬁcatio,
3206 2318 3261 2362 et
3284 2309 3458 2360 omnia
3484 2323 3601 2375 qua:

2067 2405 2308 2457 Christus
2328 2410 2427 2463 est,
2459 2400 2603 2453 locus
2625 2400 2813 2451 anima:
2833 2406 2932 2450 est.
2963 2398 3036 2449 Ex
3069 2412 3173 2464 quo
3207 2396 3324 2449 loco
3344 2410 3460 2449 eam
3496 2410 3603 2449 ηοιι

2066 2501 2274 2560 oportet
2322 2492 2491 2552 exire,
2522 2499 2581 2542 ut
2626 2504 2748 2543 vera
2779 2488 3011 2541 Sabbata
3054 2487 3343 2549 custodiat,
3378 2494 3432 2539 et
3456 2485 3600 2541 diem

2068 2576 2261 2632 festum
2299 2578 2350 2631 in
2389 2577 2666 2630 sacriﬁciis
2720 2576 2901 2641 exigat
2945 2573 3340 2628 Sabbatorum:
3375 2576 3513 2626 sicut
3548 2582 3605 2627 et

2068 2666 2324 2719 Dominus
2356 2665 2566 2718 dicebat
2594 2664 2640 2695 ⁸³
2670 2679 2684 2717 :
2716 2682 2733 2713 ι
2763 2662 2861 2727 Qui
2905 2663 2955 2714 in
2998 2675 3081 2715 me
3110 2668 3305 2724 manet,
3337 2670 3391 2715 et
3417 2675 3514 2729 ego
3545 2661 3600 2713 in

2067 2756 2176 2810 illo.
2212 2773 2231 2806 ι
2266 2755 2414 2820 Quod
2442 2764 2617 2806 autem
2656 2752 2887 2805 diximus
2916 2765 3040 2803 vera
3071 2750 3329 2813 Sabbata,
3364 2751 3407 2803 si
3441 2750 3602 2802 altius

2066 2829 2368 2909 repetamus
2393 2855 2510 2907 quae
2532 2840 2639 2893 sint
2671 2852 2795 2891 vera
2829 2837 3080 2902 Sabbata,
3113 2835 3247 2888 ultra
3278 2836 3415 2888 hunc
3446 2851 3602 2888 mun-

2068 2930 2190 2984 dum
2215 2938 2296 2984 est
2323 2929 2431 2983 veri
2479 2928 2700 2982 Sabbati
2746 2927 3068 2981 observatio.
3111 2924 3260 2991 Quod
3295 2924 3438 2977 enim
3463 2926 3598 2979 scri-

2067 3026 2213 3086 ptum
2239 3026 2322 3071 est
2348 3017 2404 3070 in
2442 3016 2637 3071 Genesi
2672 3016 2740 3080 3’,
2769 3014 2893 3084 quia
2921 3033 2939 3065 ι
2973 3014 3233 3083 requievit
3263 3015 3400 3068 Deus
3427 3014 3482 3067 in
3516 3014 3601 3068 die

2071 3105 2290 3160 Sabbati
2319 3106 2386 3158 ah
2432 3106 2680 3173 operibus
2710 3105 2846 3168 suis,
2886 3122 2904 3154 ι
2937 3119 3039 3158 ιιοη
3073 3104 3314 3158 videmus
3361 3102 3444 3156 vel
3474 3112 3601 3157 tunc

2068 3195 2264 3249 factum
2316 3211 2434 3249 esse
2465 3198 2513 3247 in
2557 3196 2642 3247 die
2686 3195 2932 3262 septima,
2965 3197 3044 3246 vel
3079 3195 3239 3247 etiam
3291 3207 3429 3245 nunc
3459 3190 3597 3247 ﬁeri.

2070 3286 2294 3352 Semper
2342 3286 2482 3339 enim
2524 3285 2760 3337 videmus
2806 3284 2969 3336 Deum
3007 3283 3249 3350 operari,
3298 3292 3350 3336 et
3400 3281 3597 3334 nullum

2065 3373 2357 3428 Sabbatum
2384 3386 2463 3427 est
2487 3375 2536 3425 in
2566 3388 2670 3440 quo
2696 3373 2832 3425 Deus
2856 3387 2960 3424 non
2984 3383 3253 3440 operetur,
3286 3373 3337 3425 in
3369 3387 3473 3438 quo
3495 3388 3600 3425 non

2064 3463 2323 3533 producat
2371 3463 2533 3514 solem
2579 3476 2733 3513 suum
2784 3474 2944 3527 super
2999 3459 3164 3513 bonos
3213 3468 3267 3513 et
3311 3461 3494 3525 malos,
3547 3472 3603 3515 et

2064 3550 2210 3617 pluat
2238 3548 2587 3616 superjustos
2616 3558 2667 3600 et
2698 3548 2940 3611 iniustos,
2977 3547 3028 3598 in
3056 3562 3160 3615 quo
3188 3562 3289 3601 non
3338 3550 3600 3615 producat

2065 3639 2118 3691 in
2146 3637 2413 3690 montibus
2445 3636 2649 3700 fenum,
2689 3644 2743 3688 et
2771 3635 2990 3688 herbam
3032 3635 3271 3688 servituti
3297 3636 3597 3698 hominum,

2065 3728 2116 3781 in
2157 3742 2262 3794 quo
2296 3740 2398 3779 noa
2428 3725 2691 3793 percutiat
2714 3736 2761 3778 et
2789 3732 2960 3786 sanet,
2984 3723 3210 3776 deducat
3246 3724 3297 3776 in
3332 3723 3599 3776 infernum

2062 3827 2116 3870 et
2143 3817 2376 3876 reducat,
2408 3816 2459 3868 in
2493 3830 2597 3883 quo
2623 3830 2723 3867 non
2739 3813 2955 3866 occidat
2977 3819 3029 3865 et
3061 3813 3237 3883 vivere
3264 3813 3425 3866 faciat
3455 3812 3596 3866 ⁰⁰·⁷⁰.

2064 3907 2220 3960 Unde
2254 3904 2306 3960 et
2342 3906 2595 3960 Dominus
2624 3906 2673 3957 in
2704 3904 3005 3972 Evangeliis
3026 3918 3144 3957 cum
3167 3903 3329 3956 Judaei
3354 3906 3601 3972 praescri-

2063 3997 2253 4051 berent
2280 3995 2380 4047 sibi
2410 3995 2474 4046 de
2499 3994 2810 4060 operatione
2839 4002 2894 4045 et
2932 3992 3208 4046 curatione
3237 3991 3478 4052 Sabbati,
3513 4009 3598 4045 re-

2063 4086 2274 4153 spondit
2298 4085 2378 4138 eis
2401 4084 2445 4115 τι
2480 4101 2493 4136 :
2531 4101 2550 4133 ι
2585 4084 2741 4137 Pater
2768 4097 2917 4135 meus
2937 4097 3103 4150 usque
3137 4083 3294 4136 modo
3323 4095 3594 4150 Operatnr,

2063 4181 2118 4227 et
2144 4188 2242 4241 ego
2269 4188 2492 4240 operor;
2530 4191 2548 4222 ι
2579 4173 2864 4226 ostendens
2892 4186 2986 4237 per
3021 4173 3131 4225 haec
3159 4173 3210 4225 in
3239 4172 3382 4226 nullo
3411 4173 3596 4226 saeculi

2063 4260 2219 4328 lmjus
2253 4261 2490 4315 Sabbato
2534 4262 2870 4328 requiescere
2914 4260 3078 4313 Deum
3120 4276 3148 4313 a
3184 4261 3597 4328 dispensationi-

2062 4351 2160 4404 bus
2184 4351 2363 4403 nmndi
2392 4359 2443 4403 et
2468 4365 2496 4402 a
2528 4350 2916 4417 provisionibus
2947 4351 3157 4417 generis
3198 4351 3434 4404 humani.
3463 4350 3596 4404 Nam

289 4446 781 4506 sabbatismus,
814 4458 837 4491 ι
896 4439 1000 4491 hoc
1030 4443 1146 4498 εει,
1186 4432 1410 4488 Sabhali
1438 4434 1738 4486 Observalio
1769 4433 1961 4500 ρορυιο
1990 4448 2040 4506 ι)
2066 4450 2367 4493 creaturam
2410 4440 2620 4506 quidem
2673 4439 2800 4493 fecit
2842 4453 2906 4491 ex
2943 4440 3097 4495 initio
3121 4479 3136 4504 ,
3182 4449 3236 4494 et
3271 4440 3598 4496 substantias

290 4539 450 4594 Dei
473 4537 510 4589 ἲ
544 4534 961 4600 Relinquentes
989 4539 1120 4594 ergo
1149 4523 1405 4577 Judaicas
1451 4523 1667 4576 Sabbati
1704 4523 1957 4575 observa-

292 4630 579 4687 tiones,
616 4621 809 4690 qualis
858 4617 1057 4669 debeat
1105 4627 1229 4667 esse
1276 4611 1585 4665 Christiano
1615 4609 1831 4664 Sabbati
1862 4609 1960 4663 ob-

289 4716 639 4777 servatio,
679 4710 995 4763 videamus.
1050 4703 1149 4757 Die
1200 4700 1424 4755 Sabbati
1459 4699 1591 4752 nihil
1619 4713 1685 4752 ex
1713 4699 1958 4753 omnibus

291 4805 559 4860 mundi
592 4799 821 4854 actibus
850 4802 1076 4862 oportet
1118 4789 1362 4859 operari.
1405 4787 1461 4841 Si
1498 4802 1628 4857 ergo
1649 4788 1865 4842 desinas
1893 4789 1959 4841 ab

289 4896 630 4953 omnibus
657 4886 1025 4945 saacularibus
1049 4881 1344 4948 operibus,
1377 4886 1432 4932 et
1468 4878 1596 4930 nihil
1631 4880 1958 4932 mundanum

286 5001 547 5058 geras,
577 4983 678 5037 sed
711 4974 1069 5049 spiritalibus
1094 4968 1364 5035 operibus
1385 4982 1560 5031 vaces,
1591 4968 1655 5022 ad
1679 4968 1958 5023 ecclesiam

284 5056 676 5135 eonvenias,
711 5062 1066 5124 lectionibus
1102 5057 1316 5111 divinis
1341 5064 1394 5108 et
1436 5056 1743 5111 tractatibus
1776 5071 1956 5110 aurem

267 5168 608 5235 praebeas,
646 5171 705 5217 et
751 5161 826 5213 de
878 5147 1245 5206 caelestibus
1276 5145 1513 5235 cogites,
1560 5145 1623 5197 de
1651 5144 1830 5197 futura
1868 5158 1961 5211 spe

252 5232 769 5317 ᾆοιιῑοηυιηηειη
795 5255 1002 5318 geras,
1038 5245 1351 5289 venturum
1371 5232 1616 5299 judicium
1647 5250 1760 5303 pra:
1792 5236 1961 5288 oculis

180 5462 253 5499 κ
286 5396 428 5499 Ῐκ
448 5422 604 5482 Psal.
638 5425 807 5499 σευ,

198 5462 271 5574 τι
295 5455 753 5574 {fui}:

310 5529 514 5624 seat
536 5529 729 5623 .217:

339 5615 593 5718 (ηυρλ,ιὶ
632 5654 759 5718 uo."
785 5615 1951 5718 I€9‘f5‘3.-,?:‘it.‘35..:f‘f£i€"ti€..5:5"1'252

341 5660 592 5718 \‘V/Aul
632 5660 759 5699 non
785 5660 1185 5694 ισυσσ-ν-,τνη
1216 5660 1226 5662 ~
1330 5660 1601 5693 ο---ς--ηη
1636 5660 1699 5674 ...
1755 5660 1948 5685 mur...

222 5707 561 5784 Sabinum
599 5706 870 5771 violat",
905 5698 967 5743 ει
1003 5696 1144 5738 eme
1176 5695 1395 5735 crimine
1426 5697 1547 5783 sum,
1583 5690 1804 5746 ﬂorum
1839 5699 1964 5755 qua

2067 4528 2303 4595 protulit,
2349 4539 2575 4597 quantas
2601 4529 2802 4583 sciebat
2827 4536 3009 4596 utpote
3040 4544 3217 4583 rerum
3250 4532 3497 4585 conditor
3532 4532 3598 4584 ad
3692 4573 3709 4583 .

2066 4617 2441 4683 perfectionem
2477 4617 2660 4670 mundi
2690 4631 2846 4684 posse
2877 4616 3147 4684 suﬁicere,
3184 4619 3273 4672 sed
3321 4635 3486 4687 usque
3529 4621 3597 4673 ad

2066 4705 2576 4757 consummationem
2623 4703 2799 4757 saeculi
2851 4704 2918 4757 ab
2950 4719 3133 4757 earum
3186 4707 3488 4774 provisione
3542 4717 3599 4761 et

2067 4790 2460 4857 dispensatione
2474 4807 2578 4846 non
2597 4800 2790 4846 cessat.
2806 4790 2922 4845 Erit
2940 4807 3067 4862 ergo
3082 4809 3261 4847 verum
3278 4794 3594 4860 Sabbatum,

2068 4881 2120 4933 in
2152 4895 2258 4948 quo
2290 4882 2584 4949 requiescet
2605 4882 2745 4934 Deus
2784 4882 2850 4934 ab
2880 4884 3129 4936 omnibus
3159 4885 3407 4952 operibus
3446 4887 3557 4938 suis
3578 4924 3593 4949 ,

2066 4969 2317 5023 saeculum
2349 4969 2606 5033 futurum,
2632 4980 2754 5024 tunc
2783 4984 2900 5024 eum
2925 4970 3164 5039 aufugiet
3193 4971 3359 5035 dolor,
3388 4982 3442 5025 et
3495 4975 3594 5025 tri-

2065 5058 2232 5120 Stitia,
2256 5067 2307 5112 et
2339 5060 2583 5127 gemitus,
2602 5069 2654 5114 et
2684 5062 2785 5114 erit
2806 5060 2983 5114 omnia
3012 5069 3065 5114 et
3086 5061 3135 5111 in
3160 5059 3403 5113 omnibus
3434 5060 3594 5113 Deus.

2061 5147 2115 5199 In
2156 5163 2260 5216 quo
2299 5149 2534 5203 Sabbat-o
2582 5150 2840 5204 concedat
2871 5149 3031 5202 etiam
3085 5150 3234 5201 nobis
3282 5146 3417 5198 Deus
3449 5147 3594 5198 diem

2067 5234 2262 5290 festum
2294 5250 2453 5301 agere
2502 5252 2681 5291 secum
2760 5247 2813 5292 et
2856 5252 2975 5291 cum
3016 5236 3213 5289 sanctis
3260 5231 3459 5297 angelis
3484 5233 3597 5286 suis

843 5401 908 5453 2,
1002 5393 1058 5424 ³³
1089 5390 1111 5441 l
1148 5390 1290 5443 Cor.
1321 5403 1407 5450 vn,
1450 5388 1498 5441 5.
1567 5389 1610 5423 “
1637 5388 1777 5443 Ileb.
1807 5404 1877 5450 tv,
1902 5389 1955 5443 9.

2065 5392 2076 5423 ⁵
2111 5388 2266 5443 Joan.
2292 5405 2390 5453 vn,
2424 5390 2515 5441 22.
2590 5389 2636 5423 ⁸⁸
2665 5388 2801 5443 Psal.
2829 5399 3051 5446 xxxvm,
3092 5383 3145 5453 5__.
3198 5380 3262 5453 fl
3287 5377 3388 5453 ἔξει
3418 5392 3480 5453 ιιι.
3504 5378 3595 5453 II,

846 5442 908 5499 δῖ
940 5442 1186 5513 Gentes.
1236 5472 1301 5519 ιι,
1338 5442 1407 5508 2(
1454 5458 1560 5490 ⁹⁰·⁷⁰
1594 5442 1791 5514 Matth.
1822 5442 1876 5521 νζ
1902 5442 2006 5524 45;
2032 5442 2457 5524 Psal.cx1.vr,'8;
2482 5455 2599 5511 Job.
2622 5442 2675 5523 v,
2699 5458 2761 5509 I8
2785 5471 2798 5518 ;
2824 5456 2841 5507 Ι
2868 5455 2995 5519 Reg.
3022 5442 3083 5511 tl,
3107 5449 3170 5508 6;
3198 5442 3262 5496 ιν
3286 5443 3417 5508 “98-
3448 5442 3506 5507 ⁵»
3540 5446 3596 5498 (δ-
3663 5537 3672 5550 .

2061 5634 2123 5673 ex
2154 5615 2408 5671 memoria
2443 5615 2682 5668 citantur
2711 5611 2776 5665 ab
2799 5607 3017 5677 Origine
3043 5611 3264 5671 sensus,
3300 5608 3404 5649 non
3428 5594 3604 5651 verba

2070 5687 2335 5746 habentur
2360 5682 2513 5752 Joan,
2544 5696 2640 5752 vn,
2670 5679 2758 5734 22.
2796 5734 2799 5739 _
