3838 6214
399 342 497 397 731

1794 317 2105 377 ORIGENIS

3518 298 3604 353 752

402 458 540 512 festa
591 453 863 509 celebrare
885 488 899 513 ,
950 448 1237 502 offerentes
1287 442 1609 498 sacrificium
1658 440 1851 504 laudis,
1894 446 1947 491 et
1975 443 2014 497 Α
2049 434 2267 488 Pascha:
2294 426 2647 488 solemnitas,
2684 422 2743 476 in
2773 433 2883 488 qua
2915 416 3221 472 festivitate
3245 428 3406 482 agnus
3428 416 3602 468 occidi~

402 545 689 603 reddentes
718 542 991 596 Altiss'mo
1022 544 1146 590 vota
1183 544 1387 595 nostra,
1425 546 1542 600 qua:
1565 532 1653 585 hic
1692 530 1945 583 distinxe-

407 646 532 693 runt
562 637 699 691 labia
729 644 930 693 nostra.
958 630 1107 682 'l‘uuc
1130 624 1374 679 fortassis
1412 632 1465 675 et
1495 621 1823 675 sacrificium
1860 619 1946 670 in-

407 727 677 786 desinens,
708 723 772 776 de
795 735 901 789 quo
927 731 1081 785 supra
1118 711 1462 782 exposuimus
1482 751 1496 775 ,
1527 710 1717 763 melius
1753 706 1945 760 offere-

409 827 517 870 tur.
541 816 691 867 Tune
732 812 872 864 enim
902 808 1093 861 melius
1142 805 1511 869 indesinenter
1539 801 1737 868 poterit
1771 797 1947 855 anima

408 907 658 960 assiSIere
682 903 788 955 Deo
816 909 867 952 et
892 896 1083 950 offerre
1110 893 1432 948 sacrilichuu
1467 891 1640 942 laudis
1695 902 1790 958 per
1821 901 1953 954 pon-

410 996 604 1050 tificem
639 1004 910 1059 magnum,
945 988 1033 1055 qui
1075 994 1158 1038 est
1203 982 1453 1037 sacerdos
1498 980 1549 1033 in
1577 990 1836 1033 aeternum
1865 992 1951 1030 se-

412 1085 641 1139 cundum
673 1079 910 1132 ordinem
938 1073 1321 1128 Melchisedech
1346 1072 1413 1123 ν’.

482 1175 537 1228 5.
580 1171 762 1224 Tertia
810 1165 1075 1221 festivitas
1139 1162 1352 1229 ponitur
1399 1156 1699 1211 Neomenia:
1746 1157 1861 1209 dies
1900 1154 1951 1207 in

413 1282 516 1335 qua
542 1262 764 1315 offertur
792 1271 843 1311 et
878 1255 1069 1309 hostia.
1097 1249 1384 1305 Neutuenia
1409 1257 1583 1301 autem
1607 1246 1799 1300 dicitur
1821 1259 1954 1297 nova

414 1358 557 1410 luna.
591 1353 683 1405 Est
714 1364 842 1418 ergo
871 1357 925 1400 et
962 1346 1057 1398 ista
1103 1340 1370 1395 festivitas
1411 1354 1530 1390 cum
1571 1337 1693 1389 luna
1741 1336 1960 1387 innova-

421 1458 526 1498 tur.
558 1441 701 1495 Nova
740 1448 915 1490 autem
943 1434 1161 1493 dicitur,
1196 1444 1314 1482 cum
1358 1427 1455 1482 soli
1505 1426 1743 1493 proxima
1798 1422 1960 1476 fuerit

415 1534 622 1593 effecta,
662 1537 715 1582 et
746 1525 900 1577 valde
944 1523 992 1576 ei
1032 1517 1349 1586 conjuncta,
1382 1516 1451 1567 ita
1491 1524 1544 1567 ut
1579 1512 1677 1566 sub
1716 1512 1962 1565 claritate

416 1625 531 1692 ejus
569 1622 753 1672 lateat.
789 1613 895 1667 Sed
930 1612 1121 1665 mirum
1162 1608 1387 1662 fortasse
1418 1605 1693 1669 videatur,
1737 1602 1843 1655 imo
1872 1616 1963 1654 su-

420 1715 676 1784 perfluum
726 1709 809 1762 lex
840 1704 1016 1759 divina
1046 1701 1323 1755 mandare.
1370 1697 1506 1763 Quid
1543 1695 1686 1749 enim
1718 1693 1959 1761 religioni

2045 538 2153 580 tur.
2188 523 2294 579 Sed
2318 521 2440 574 vide
2470 525 2529 571 tu
2574 529 2789 581 agnum
2813 525 3034 569 verum,
3070 520 3273 575 agnum
3305 503 3414 562 Dei.
3444 519 3608 572 agnum

2049 617 2137 685 qui
2178 613 2317 668 tollit
2372 618 2605 678 peccata
2660 603 2855 659 mundi
2883 600 2956 663 ",
2983 607 3041 650 et
3064 595 3254 657 dicito,
3289 594 3407 661 quia
3441 594 3608 662 pascha

2049 718 2295 761 nostrum
2327 699 2662 756 immolatus
2702 702 2792 748 est
2828 690 3094 745 Christus
3126 686 3198 737 ⁷⁷.
3247 681 3411 735 Judaei
3438 680 3613 736 carnali

2049 811 2211 849 sensu
2255 792 2556 846 tomedant
2608 794 2821 837 carnes
2867 778 3021 845 agni,
3060 789 3163 828 nos
3193 781 3373 825 autem
3401 769 3614 822 comeda-

2052 900 2173 938 mus
2208 897 2432 936 carnem
2462 877 2638 932 Verbi
2689 871 2811 927 Dei.
2860 870 2983 936 ipse
3027 865 3176 917 enim
3209 860 3345 913 dixit
3368 859 3451 911 πε
3480 875 3497 908 t
3526 857 3613 912 Nisi

2052 974 2405 1029 comederilis
2437 982 2642 1025 carnes
2692 975 2851 1016 nit-as
2876 1001 2889 1019 ,
2924 971 3033 1009 non
3086 947 3359 1004 habebitis
3402 947 3547 999 vitam
3574 948 3616 1000 ia

2059 1066 2216 1118 vobis
2237 1065 2390 1133 ipsis.
2418 1082 2436 1115 ι
2463 1061 2581 1115 Hoc
2609 1057 2759 1126 quod
2789 1050 2956 1105 modo
2980 1044 3286 1112 loquimur,
3323 1053 3502 1092 carnes
3521 1046 3620 1090 sunt

2058 1156 2220 1210 Verbi
2257 1130 2375 1219 Dei,
2427 1153 2473 1206 si
2512 1160 2704 1203 tamen
2741 1161 2852 1198 non
2906 1140 3067 1209 quasi
3105 1133 3341 1188 infirmis
3366 1130 3521 1193 olera,
3549 1137 3621 1181 aut

2056 1246 2211 1314 quasi
2247 1218 2433 1313 pueris
2478 1240 2646 1294 lactis
2685 1232 3022 1290 alimoniam
3054 1224 3416 1296 proferamus.
3451 1218 3500 1270 Si
3531 1232 3623 1284 per-

2061 1335 2200 1388 fecta
2231 1334 2531 1402 loquimur,
2563 1327 2609 1380 si
2644 1325 2912 1381 robusta,
2939 1318 2987 1371 si
3019 1313 3275 1372 fortiora,
3299 1322 3483 1362 carnes
3507 1308 3625 1396 vobis

2061 1422 2222 1475 Verbi
2250 1380 2344 1474 Ι)ᾌί
2378 1416 2710 1486 apponimus
2733 1407 3141 1466 comedendas.
3180 1400 3283 1455 Uhi
3309 1398 3445 1451 enim
3471 1380 3625 1463 ιιιιςιίὶ

2061 1526 2159 1567 cus
2179 1522 2383 1572 sermo,
2414 1482 2508 1559 ubi
2532 1500 2893 1573 dogmatieus
2949 1505 3007 1550 et
3046 1486 3337 1547 Trinitatis
3363 1484 3460 1536 fide
3490 1482 3628 1551 reple.

2064 1608 2151 1654 tus
2181 1599 2460 1668 profertur
2507 1608 2573 1646 ac
2615 1591 2868 1649 solidus,
2918 1585 3016 1639 ubi
3059 1578 3229 1637 futuri
3272 1575 3446 1627 saeculi
3486 1582 3628 1624 amoto

2065 1689 2335 1742 velamine
2364 1686 2566 1739 littera:
2594 1680 2732 1747 legis
2758 1676 3047 1745 Spiritalis
3065 1680 3408 1739 sacramenta
3432 1661 3630 1734 pandun-

422 1749 676 1784 ,ιυηιυιηη
728 1749 809 1762 ,νη
841 1749 1016 1759 -....._
1380 1749 1413 1763 ,ι
1816 1749 1846 1761 ν

421 1803 691 1863 conducit,
721 1800 854 1852 lunae
887 1809 1058 1857 novae,
1097 1792 1149 1845 id
1180 1800 1264 1843 est
1287 1803 1408 1843 cum
1449 1784 1798 1853 coujungitur
1838 1782 1959 1846 soll,
1996 1750 2038 1803 Β
2067 1786 2175 1839 tur,
2227 1776 2319 1828 ubi
2378 1787 2509 1840 spes
2543 1770 2748 1823 animae
2780 1765 2985 1817 avulsa
3032 1765 3099 1815 de
3148 1760 3314 1814 terris
3341 1757 3555 1826 jactatur
3586 1749 3628 1802 in

2668 1857 2697 1863 "
3253 1850 3264 1863 I
3404 1859 3478 1863 .-..
3507 1839 3612 1863 _:,lh

421 1908 477 1953 et
506 1896 741 1949 adhaeret
767 1889 839 1953 ei,
888 1888 1177 1940 observare
1206 1877 1588 1933 festivitatem?
1636 1874 1761 1927 Haec
1807 1874 1850 1925 si
1883 1886 1967 1924 se-

423 1987 655 2042 cundum
683 1983 915 2035 litteram
956 1972 1388 2032 considerantur,
1420 1981 1526 2020 non
1574 1972 1681 2017 tam
1718 1962 1965 2031 religiosa

425 2090 584 2147 quam
616 2068 988 2139 superstitiosa
1019 2061 1360 2121 videbuntur,
1391 2057 1483 2110 sed
1510 2054 1713 2108 Sriebat
1754 2060 1970 2130 aposto-

426 2139 511 2217 liis
550 2159 771 2220 Paulus,
799 2155 921 2223 quia
959 2166 1061 2204 non
1089 2148 1152 2200 de
1182 2145 1248 2199 iis
1290 2145 1526 2212 loquitur
1556 2142 1659 2204 lex,
1699 2156 1796 2193 nec
1821 2139 1968 2191 illum

430 2255 589 2308 ritum
613 2248 702 2319 qui
731 2262 761 2299 a
783 2244 981 2298 Judaais
1018 2239 1294 2295 observari
1321 2239 1547 2297 videtur,
1578 2233 1810 2302 Spiritus
1842 2245 1967 2284 san-

427 2355 547 2399 ctus
572 2336 865 2409 pracepit;
902 2343 956 2388 et
984 2332 1102 2384 ideo
1138 2331 1205 2384 ad
1233 2343 1327 2384 eos
1351 2327 1438 2394 qui
1475 2324 1632 2378 ﬁdem
1663 2321 1753 2375 Dei
1789 2334 1971 2375 suscen

427 2408 629 2502 perunt
660 2424 870 2483 dicebat
889 2422 935 2454 ⁷³
976 2438 989 2474 :
1022 2439 1040 2471 ι
1063 2418 1230 2472 Nemo
1268 2431 1393 2486 ergo
1413 2430 1507 2469 vos
1526 2414 1726 2482 judicet
1754 2411 1805 2464 in
1829 2408 1969 2475 cibo,

431 2497 522 2575 aut
553 2528 702 2586 potu,
732 2524 822 2567 aut
849 2519 1001 2581 parte
1039 2509 1143 2562 diei
1175 2508 1323 2573 festi,
1358 2514 1448 2558 aut
1484 2501 1769 2557 Neomenia
1818 2497 1928 2568 (20)
1954 2537 1970 2564 ,

431 2620 524 2663 aut
553 2607 804 2666 Sahbato,
843 2616 962 2668 qua:
985 2606 1110 2653 sunt
1136 2597 1321 2649 umbra
1358 2595 1677 2648 futurorum.
1717 2609 1736 2643 ι
1765 2589 1822 2643 Si
1846 2604 1974 2658 ergo

435 2700 622 2754 umbra
662 2694 959 2747 futurorum
983 2699 1065 2742 est
1091 2687 1404 2745 Sabbatunt,
1435 2683 1500 2736 dc
1522 2696 1628 2747 quo
1648 2695 1747 2748 pro
1772 2679 1976 2732 viribus

387 2794 391 2797 “
437 2802 596 2854 supra
634 2798 714 2846 ex;
739 2780 990 2833 licuituus
1011 2815 1025 2837 ,
1054 2786 1103 2828 et
1137 2773 1423 2827 Neonteuia
1456 2771 1641 2824 umbra
1671 2770 1973 2823 futurorum

435 2887 542 2938 est,
580 2883 783 2927 certum
829 2877 909 2920 est
937 2868 1074 2934 quod
1098 2876 1151 2916 et
1171 2871 1377 2915 extera:
1400 2859 1711 2912 festivitates
1733 2859 1979 2912 similiter

437 2964 637 3019 umbra:
671 2968 794 3013 sunt
858 2956 1179 3008 futurorum.
1236 2950 1342 3002 Sed
1403 2961 1545 3000 nunc
1593 2948 1868 3000 videamus
1911 2947 1979 3000 de

2066 1868 2259 1931 malos,
2280 1876 2335 1921 et
2369 1839 2422 1917 in
2456 1863 2564 1916 illis
2595 1857 2938 1919 collocatur,
2981 1867 3107 1920 qua:
3140 1850 3335 1904 oculus
3386 1859 3483 1899 non
3507 1839 3628 1899 vidit.

2069 1975 2167 2014 nec
2194 1957 2342 2011 auris
2371 1953 2600 2016 audivit,
2623 1964 2727 2004 nec
2745 1950 2805 2003 in
2835 1960 2941 2000 cor
2957 1943 3205 1997 hominis
3230 1932 3632 2015 ascenderunt”,

2069 2050 2184 2102 haec
2212 2047 2394 2102 omnia
2428 2056 2627 2097 carnes
2662 2048 2800 2094 sunt
2845 2033 3024 2089 Verbi
3069 2033 3164 2086 Dei
3196 2048 3211 2083 :
3246 2029 3437 2096 quibus
3456 2023 3532 2092 qui
3560 2035 3633 2090 po-

2072 2147 2178 2191 test
2221 2134 2467 2205 perfecto
2515 2131 2802 2184 intellectu
2857 2125 3017 2180 vesci
3057 2132 3109 2178 et
3144 2121 3314 2176 corde
3364 2116 3630 2186 purificato,

2075 2228 2164 2283 ille
2195 2240 2323 2279 vere
2350 2222 2672 2277 festivitatis
2712 2217 2958 2271 Pascha:
3008 2212 3265 2269 immolat
3316 2204 3632 2264 sacrificium,

2069 2317 2235 2387 360
2266 2324 2321 2369 et
2344 2314 2488 2367 diem
2518 2311 2726 2364 festum
2776 2308 2900 2376 agit
2938 2321 3071 2360 cum
3100 2304 3213 2357 Deo
3235 2311 3287 2354 et
3315 2297 3502 2368 angelis
3525 2294 3635 2362 ejus.

2144 2407 2195 2459 7.
2230 2403 2362 2459 Post
2388 2403 2553 2467 hanc,
2589 2399 2704 2453 imo
2734 2396 3085 2451 continuata
3140 2392 3271 2446 huic
3306 2388 3547 2442 festivitas
3571 2396 3635 2434 se-

2071 2496 2258 2565 quitur
2278 2496 2637 2563 Azymorum,
2667 2502 2842 2553 quam
2872 2487 3088 2541 merito
3116 2477 3444 2539 celebrabis,
3488 2478 3527 2528 sl
3560 2488 3635 2525 er-

2074 2587 2332 2642 termines
2354 2596 2519 2637 omne
2552 2580 2904 2633 fermentum
2960 2576 3197 2631 malitia:
3238 2581 3293 2626 et
3336 2566 3561 2637 nequitia:
3587 2562 3638 2616 ab

2075 2675 2253 2727 anima
2282 2681 2396 2733 tua,
2423 2679 2693 2739 etazyma
2720 2664 3084 2720 sinceritatis
3135 2660 3475 2725 veritatisque
3496 2660 3639 2708 custo-

2075 2766 2215 2817 dias.
2271 2762 2459 2827 Neque
2513 2759 2664 2811 cnim
2724 2756 3050 2823 putandum
3114 2762 3225 2818 est,
3276 2750 3638 2816 omnipotentem

2081 2855 2245 2907 Deum
2272 2851 2422 2919 leges
2457 2849 2667 2902 homini
2701 2862 2809 2915 pro
2862 2845 3155 2900 fermento
3187 2842 3427 2898 scribere
3468 2845 3514 2891 et
3542 2845 3639 2902 pro-

2080 2953 2264 3012 pterea
2290 2940 2484 3008 jubere
2508 2937 2883 2992 exterminari
2928 2937 3187 2989 animam
3221 2933 3290 2986 de
3327 2927 3506 2999 popqu
3547 2935 3641 2981 suo.

437 3049 747 3108 Nz'omenia.
784 3045 1022 3099 Diximus
1059 3039 1198 3110 quod
1229 3038 1526 3091 Neomeuia:
1572 3036 1839 3090 festivitas
1879 3051 1974 3103 ap-
2003 3058 2044 3114 ο
2078 3035 2122 3087 si
2148 3047 2252 3100 qua
2281 3030 2421 3084 forte
2444 3043 2637 3098 parum
2675 3026 2896 3093 aliquid
2928 3024 3204 3079 fermenti
3241 3021 3398 3091 hujus
3421 3033 3481 3073 ex
3505 3013 3640 3068 farina

439 3142 687 3211 pellatur,
715 3150 834 3191 cum
864 3133 984 3185 luna
1017 3128 1256 3184 innovari
1277 3126 1520 3195 coeperit,
1549 3135 1601 3178 et
1616 3125 1711 3179 soli
1731 3125 1975 3192 proxima

344 3280 347 3281 ν
440 3231 606 3285 fuerit
663 3225 978 3296 penitusque
1004 3220 1308 3287 conjuncta.
1343 3215 1432 3269 Sol
1477 3215 1696 3281 iustitiae
1734 3215 1977 3268 Christus

440 3330 562 3376 est:
593 3317 717 3371 huic
756 3314 799 3367 si
845 3313 995 3372 luna,
1022 3309 1072 3361 id
1103 3318 1187 3361 est
1215 3305 1449 3361 Ecclesia
1486 3319 1604 3369 sua,
1634 3318 1751 3372 qua).
1780 3304 1979 3358 lumine

442 3408 613 3477 ipsius
636 3402 887 3472 repletur,
912 3399 1093 3466 juncta
1124 3397 1287 3450 fuerit
1321 3405 1374 3449 ct
1403 3397 1611 3463 penitus
1658 3393 1704 3447 ei
1739 3393 1978 3446 adhaese-

442 3498 537 3559 rit,
588 3494 661 3546 ita
707 3499 765 3543 ut
813 3487 1103 3542 secundum
1155 3483 1374 3538 verbum
1415 3481 1653 3549 Apostoli
1681 3481 1749 3545 ",
1796 3482 1981 3548 quise

439 3582 613 3654 jungit
644 3578 866 3633 Domino
893 3590 1028 3630 unus
1055 3589 1174 3629 cum
1205 3586 1268 3626 eo
1293 3570 1512 3640 spiritus
1546 3570 1657 3631 fiat,
1688 3580 1812 3622 tunc
1833 3567 1982 3621 festi-

447 3674 667 3726 vitatem
714 3667 1018 3722 Neomeuiaa
1065 3664 1214 3732 agit:
1246 3671 1370 3714 tunc
1402 3660 1545 3714 enim
1592 3673 1725 3712 nova
1755 3656 1982 3710 efﬁcitur

449 3776 571 3815 eum
604 3757 857 3825 ahjecerit
888 3764 1121 3808 veterem
1170 3748 1463 3809 hominem,
1499 3756 1554 3799 et
1585 3746 1769 3798 induta
1821 3744 1984 3798 fuerit

453 3865 671 3911 novum,
718 3848 806 3914 qui
857 3843 1147 3899 secundmn
1182 3840 1345 3892 Deum
1387 3845 1599 3901 creatus
1625 3835 1796 3899 est";
1822 3843 1985 3902 atque

454 3942 526 3995 ita
550 3938 741 3993 merito
765 3932 1125 3990 innovationis
1158 3929 1576 3991 solemnitatem,
1605 3941 1721 3994 quae
1752 3935 1831 3978 est
1849 3923 1986 3978 Neo-

454 4029 642 4084 metriae
678 4026 941 4080 festivitas
961 4061 977 4088 ,
1010 4031 1179 4092 geret.
1210 4019 1364 4073 Tunc
1399 4017 1627 4084 denique
1654 4025 1735 4068 est
1773 4014 1985 4082 quando

455 4133 629 4186 neque
655 4116 843 4177 videri,
869 4128 1039 4181 neque
1064 4107 1444 4180 comprehendi
1479 4105 1727 4160 humanis
1757 4104 1987 4173 aspecti-

455 4206 553 4258 bus
580 4209 775 4271 potest.
809 4201 1001 4255 Anima
1030 4200 1171 4253 enim
1197 4212 1316 4250 cum
1352 4204 1461 4249 tota
1485 4208 1542 4246 se
1569 4191 1850 4246 sociaverit
1882 4191 1987 4245 Do-

457 4293 623 4355 mino,
647 4299 701 4342 et
729 4289 998 4355 splendori
1028 4288 1164 4342 lucis
1187 4287 1302 4355 ejus
1327 4292 1433 4337 tota
1457 4279 1803 4344 concesserit,
1828 4278 1989 4331 nihil-

2077 3119 2357 3188 conspersi
2386 3120 2440 3171 in
2461 3118 2625 3171 domo
2640 3130 2739 3170 sua
2761 3115 3045 3169 habuisse
3071 3111 3489 3183 deprehenditur
3505 3122 3517 3157 :
3532 3118 3641 3156 eam-

2077 3226 2183 3279 qne
2216 3224 2401 3262 curam
2429 3219 2773 3275 magtmpere
2814 3202 2998 3259 fuisse
3034 3205 3249 3258 divina:
3282 3196 3641 3270 majestali,qlla

2078 3299 2327 3356 fermenti
2348 3299 2510 3367 hujus
2522 3312 2691 3350 causa
2712 3296 2771 3349 in
2793 3305 3021 3349 tantum
3038 3311 3105 3349 se
3121 3290 3484 3353 dicatoﬂendi,
3498 3296 3545 3339 nt
3557 3282 3643 3337 aui-

2080 3408 2246 3452 mam,
2274 3405 2434 3459 quam
2456 3390 2573 3457 ipse
2601 3387 2671 3439 ad
2695 3388 3015 3457 imaginem
3035 3397 3097 3441 et
3114 3384 3508 3442 similitudinem
3524 3389 3639 3430 suam

2081 3484 2232 3547 fecit,
2256 3479 2611 3535 exterminari
2638 3493 2742 3547 pro
2779 3480 2890 3533 hoc
2917 3478 3126 3545 jubeat
3152 3486 3211 3530 et
3232 3473 3416 3534 everti,
3441 3459 3641 3523 nonmihi

2079 3570 2427 3625 videtnrhazc
2455 3568 2662 3622 divinis
2689 3567 2918 3635 legibus
2953 3568 3131 3637 digna
3162 3579 3284 3621 esse
3306 3556 3639 3629 intelligentia:

2082 3661 2174 3714 sed
2205 3659 2336 3712 illud
2370 3657 2549 3724 magis
2577 3664 2662 3708 est
2693 3658 2851 3723 quod
2885 3655 3204 3719 horrescit,
3235 3663 3292 3709 et
3340 3650 3515 3704 merito
3547 3644 3641 3696 hor-

2084 3749 2249 3803 rescit
2282 3749 2424 3800 Dens
2471 3746 2516 3798 si
2553 3744 2810 3808 malitiae,
2843 3745 2896 3798 si
2934 3746 3059 3808 irae,
3114 3745 3163 3798 si
3211 3740 3453 3810 nequitiae
3494 3731 3641 3801 spirit“

2085 3835 2499 3889 infermentetur
2521 3832 2707 3885 anima
2743 3841 2803 3884 et
2839 3834 3201 3888 intumescat
3225 3832 3292 3885 ad
3329 3827 3525 3897 ﬂagitia.
3553 3820 3643 3874 flre

2086 3939 2191 3977 non
2222 3922 2335 3976 vult
2364 3934 2489 3975 esse
2508 3921 2562 3973 in
2589 3920 2780 3974 anima
2812 3920 2994 3988 Deus,
3016 3934 3075 3978 et
3107 3923 3220 3977 tale
3242 3922 3541 3975 fermentum
3568 3907 3642 3962 nisi

2087 4014 2457 4084 ahjecerimus
2483 4015 2551 4067 de
2577 4013 2749 4065 domo
2786 4013 3005 4067 animae
3037 4022 3271 4078 nostrae,
3306 4009 3487 4065 merito
3510 4012 3646 4056 exter-

2089 4103 2445 4158 minabimur.
2498 4100 2607 4156 Sed
2640 4116 2714 4154 ne
2744 4110 3099 4158 contemnas
3131 4101 3353 4157 etiamsi
3381 4107 3569 4167 parvam
3586 4088 3645 4139 vi-

2090 4193 2232 4248 deris
2257 4190 2370 4260 (21)
2405 4191 2544 4244 intra
2575 4200 2630 4243 te
2660 4190 3006 4247 fermentari
3055 4193 3343 4252 malitiam,
3370 4187 3483 4257 quia
3517 4177 3648 4237 modi-

2090 4298 2212 4337 cum
2249 4280 2506 4333 fermenti
2539 4287 2716 4333 totam
2777 4297 3038 4337 massam
3089 4280 3433 4349 corrumpit:
3468 4284 3516 4328 et
3556 4269 3645 4322 ideo

458 4394 562 4448 que
614 4379 830 4431 omnino
885 4388 1153 4432 terrenum
1204 4375 1425 4441 cogitat,
1473 4370 1604 4425 nihil
1662 4370 1986 4422 mundanum
2018 4352 2062 4406 D
2092 4382 2263 4438 neque
2297 4368 2363 4422 de
2393 4382 2559 4438 parvo
2603 4378 2844 4438 peccato
2883 4374 3174 4441 negligas,
3206 4369 3453 4440 quoniam
3480 4378 3537 4417 ει
3569 4368 3649 4409 ullo

458 4467 703 4534 requirit,
732 4480 829 4519 nec
868 4469 1170 4521 hominibus
1202 4466 1412 4535 placere
1442 4462 1655 4516 studet:
1684 4460 1776 4513 sed
1825 4468 1988 4511 totam

458 4573 517 4611 se
543 4556 838 4623 sapientiae,
869 4563 1031 4607 totam
1059 4557 1265 4616 lumini,
1291 4563 1453 4606 totam
1478 4549 1638 4604 calori
1671 4548 1843 4602 sancti
1870 4547 1991 4616 Spi-

462 4646 599 4698 ritus
629 4643 1026 4708 mancipaverit,
1058 4643 1264 4697 subtilis
1290 4652 1343 4695 et
1363 4638 1620 4709 spiritalis
1634 4636 1841 4702 effecta,
1862 4651 1994 4704 quo-

462 4734 621 4789 modo
668 4730 813 4785 cerni
840 4729 906 4783 ab
959 4730 1281 4793 hominibus,
1317 4739 1409 4782 aut
1437 4727 1502 4780 ab
1552 4725 1796 4779 humanis
1820 4732 1994 4792 potest

460 4819 837 4890 conspectibus
867 4819 1223 4888 apprehendi?
1267 4816 1525 4871 Animalis
1564 4828 1792 4881 namque
1832 4813 1991 4866 homo

461 4913 757 4979 intelligere
782 4918 836 4967 et
872 4911 1176 4967 discernere
1207 4923 1308 4962 non
1343 4914 1520 4974 potest
1569 4902 1881 4970 spiritalem.
1923 4902 1989 4955 Et

461 5001 581 5055 ideo
604 4999 909 5069 dignissime
940 5000 1076 5053 diem
1105 5000 1299 5053 festum
1329 5003 1468 5063 aget,
1500 5001 1554 5046 et
1591 4989 1817 5044 hostiam
1853 4988 1996 5043 Neo-

462 5091 650 5146 mcuia'
666 5089 908 5153 Domino,
932 5098 1114 5158 utpote
1134 5105 1226 5159 per
1246 5089 1416 5154 ipsum
1432 5077 1989 5146 innovata,jugulabit.

531 5181 585 5235 6.
632 5180 834 5246 Quarto
871 5181 922 5232 iu
956 5180 1071 5235 loco
1124 5179 1339 5250 ponitur
1386 5175 1521 5227 inter
1552 5169 1865 5223 festivitates
1896 5169 1991 5223 Dei

529 5310 575 5343 ’⁸
606 5310 744 5364 Psal.
777 5326 884 5371 δικ,
924 5310 973 5365 4.
1071 5311 1116 5342 ⁷³
1136 5310 1341 5366 Culoss.
1372 5320 1433 5365 ll,
1472 5301 1678 5371 16,711.

463 5391 518 5442 v,
548 5377 600 5430 7.
672 5380 715 5411 ⁷⁵
738 5377 890 5434 Joau.
924 5395 996 5443 vt,
1031 5379 1120 5433 54.
1188 5380 1233 5411 ⁷⁸
1264 5375 1285 5429 ι
1313 5376 1436 5428 Cor.
1461 5387 1521 5436 tt,
1550 5370 1603 5424 9.

521 5507 649 5587 ⁸ρθ)
685 5509 881 5587 ριιιηεε
907 5511 1059 5587 codd.
1097 5505 1462 5587 inauuscripti,
1490 5522 1508 5554 ι
1538 5514 1629 5557 aut
1648 5502 1984 5557 Neomeuia.)

474 5575 624 5628 Lihb.
650 5578 794 5639 editi,
825 5595 843 5627 ι
876 5588 965 5630 aut
994 5577 1313 5632 Neomeuite.
1344 5592 1364 5625 ι

1754 5300 1800 5331 ⁷⁸
1835 5300 2006 5357 lCor.
2039 5320 2120 5371 vt,
2156 5309 2248 5367 Π,

2091 4465 2315 4528 peccato
2362 4466 2661 4524 generatur
2691 4467 2750 4511 et
2780 4460 2967 4516 aliud.
2999 4464 3165 4516 Sicut
3192 4462 3338 4515 enim
3379 4472 3443 4512 ex
3486 4446 3648 4519 inslilit

2090 4555 2389 4616 generatur
2431 4544 2675 4614 justitia,
2709 4557 2769 4600 et
2796 4562 2868 4602 ex
2908 4551 3183 4605 castitate
3223 4548 3439 4605 castitas
3476 4532 3652 4612 (εἰψιίι

2097 4637 2243 4691 enim
2268 4636 2448 4703 primo
2476 4639 2719 4689 tenuiter
2747 4651 2953 4696 castus
2989 4658 3122 4698 esse
3164 4639 3426 4708 creperit,
3473 4636 3651 4695 accepto

2100 4726 2374 4781 castitatis
2403 4725 2680 4782 fermento
2707 4731 2973 4796 quotidie
3006 4733 3222 4787 castior
3246 4714 3505 4791 efficitur).
3531 4722 3591 4773 ίι²
3610 4720 3654 4766 τι

2095 4816 2186 4885 qui
2215 4817 2381 4871 semel
2419 4818 2562 4872 intra
2592 4834 2653 4873 se
2686 4817 2821 4873 licet
2869 4837 3112 4891 parvum
3144 4822 3370 4877 malitiae
3408 4805 3654 4884 repostlefil

2098 4907 2452 4973 fermentum,
2481 4910 2733 4979 quotidie
2764 4915 3078 4983 semetipso
3122 4913 3356 4982 nequior
3380 4906 3654 4963 cﬁicitumc

2097 4997 2360 5053 deterior.
2392 4999 2457 5053 Et
2485 5001 2614 5055 ideo
2645 5001 2694 5056 si
2735 5005 2822 5058 vis
2853 5020 3023 5072 agere
3055 5007 3386 5074 Azymorum
3430 4991 3646 5050 festivita-

2098 5092 2209 5137 tem
2235 5099 2363 5139 cum
2410 5087 2547 5154 Deo,
2580 5107 2650 5146 ne
2696 5109 2938 5162 parvum
2963 5092 3189 5160 quidem
3221 5085 3435 5142 malitia
3458 5080 3650 5137 ferW'

2100 5184 2216 5227 tum
2243 5174 2388 5231 intra
2421 5187 2479 5235 te
2497 5182 2743 5239 residere
2772 5184 3028 5253 patiaris.

2344 5313 2393 5347 "
2423 5313 2629 5387 Ephes.
2661 5332 2739 5384 tv,
2767 5317 2866 5372 24.
2948 5316 2997 5349 ’⁸
3031 5315 3196 5370 Joan.
3226 5330 3265 5381 ι,
3289 5312 3377 5367 29.
3446 5306 3488 5338 τ’
3513 5299 3649 5357 Ιειὶτι

2181 5515 2300 5588 (Ἦ)
2337 5519 2524 5577 Codex
2571 5520 2758 5576 Sancti
2787 5521 3131 5583 Theodorici,
3166 5536 3184 5567 ι
3222 5503 3647 5588 exterminabitur,

2111 5590 2217 5640 Sed
2250 5585 2322 5645 ne
2340 5606 2660 5650 centetnnas
2675 5594 2889 5649 etiamsi
2924 5606 3109 5657 parum
3140 5585 3361 5641 videris.
3381 5598 3400 5631 ι
