3838 6192
172 5322 188 5401 i

226 244 354 314 755

1418 262 1484 317 ΙΝ
1514 264 1836 321 NUMEROS
1864 268 2144 325 HOMILIA
2182 274 2366 333 XXI".

3371 283 3466 338 πη

324 350 541 460 8."Post
574 357 723 414 hanc
751 363 1019 432 sequitur
1054 379 1216 426 sexta
1248 372 1511 430 festivitas
1529 415 1544 439 ,
1573 392 1690 445 quae
1712 379 1846 432 dici-
1874 383 1918 439 A
1946 383 2157 449 festum,
2179 386 2281 441 nisi
2301 387 2601 444 alﬂictionis
2623 406 2809 460 panem
2832 395 3297 452 manducaveritet
3322 411 3473 451 mau-

235 463 352 514 ως
378 444 677 515 Novorum,
710 452 765 505 id
802 465 914 520 est,
950 472 1079 512 cum
1113 464 1369 532 primitia:
1397 466 1462 519 de
1485 444 1634 520 novis
1662 467 1843 522 fructi-

262 546 372 596 bus
392 534 714 594 offeruntur.
742 541 855 600 Ubi
892 549 1063 603 enim-
1096 553 1394 608 seminatus
1435 554 1593 609 fuerit
1631 571 1757 625 ager
1789 566 1843 612 et

275 628 558 698 diligenter
581 634 860 701 excultus,
884 648 1050 709 atque
1068 641 1137 694 ad
1167 644 1527 697 maturitatem
1547 648 1842 712 pervenerit

274 731 453 785 seges,
484 723 679 774 tuneiu
696 721 973 777 fructuum
993 726 1326 794 perfectione
1348 727 1612 785 festivitas
1636 731 1839 786 Domini

272 806 510 871 geritur.
559 807 615 862 Si
635 821 914 877 ergoettu
929 815 1010 868 vis
1024 815 1291 871 Novorum
1314 817 1449 870 diem
1469 818 1656 872 festum
1685 834 1844 887 agere

270 908 396 947 cum
419 894 802 963 Domino,vide
821 904 1097 969 quomodo
1110 905 1358 969 semines,
1377 913 1467 958 aut
1487 904 1571 958 ubi
1589 907 1840 973 semipes,

266 989 331 1034 ut
345 985 530 1050 possis
552 989 683 1041 tales
704 997 910 1042 metere
929 988 1155 1057 fructus,
1181 1006 1245 1044 ex
1267 991 1458 1057 quibus
1480 993 1646 1046 laetari
1677 993 1842 1047 facias

269 1068 473 1134 Deum,
519 1081 579 1127 et
609 1089 773 1144 agere
822 1077 965 1131 diem
994 1078 1208 1133 festum.
1243 1081 1392 1146 Quod
1425 1082 1581 1135 aliter
1625 1082 1842 1149 implere

263 1172 375 1210 non
434 1162 671 1228 poteris,
724 1164 831 1218 nisi
874 1164 1072 1220 'audias
1119 1168 1429 1236 Apostolum
1453 1170 1715 1223 dicentem
1743 1170 1837 1223 '°:

270 1265 289 1295 ε
329 1246 441 1312 Qui
485 1252 729 1305 seminat
785 1255 838 1307 in
882 1257 1100 1322 spiritu,
1146 1257 1210 1310 de
1253 1258 1441 1326 spiritu
1472 1267 1633 1312 metet
1681 1258 1838 1312 vitam

255 1348 557 1390 :eternam.
597 1359 617 1391 ι
657 1341 714 1395 Si
744 1343 824 1397 sic
856 1346 1090 1399 semines
1126 1356 1179 1400 et
1230 1348 1309 1401 sic
1332 1357 1522 1409 metas,
1552 1361 1676 1401 vere
1701 1348 1837 1400 diem

255 1421 466 1477 fe-stum
509 1441 646 1494 ages
684 1428 980 1485 Novorum.
1021 1432 1308 1502 Propterea
1356 1435 1585 1503 denique
1622 1444 1673 1488 et
1714 1449 1836 1502 pro-

253 1511 420 1573 pheta
459 1514 752 1581 admonet,
781 1520 968 1576 dicens
993 1521 1036 1553 ⁸¹
1063 1537 1077 1573 :
1113 1540 1131 1572 ι
1154 1522 1404 1577 lnnovate
1427 1523 1574 1576 vobis
1606 1522 1835 1585 novalia,

250 1605 305 1648 et
327 1599 507 1652 nolite
527 1602 811 1657 seminare
828 1618 989 1672 super
1011 1606 1216 1673 spinas.
1242 1626 1260 1659 ι
1288 1607 1385 1673 Qui
1410 1624 1534 1676 ergo
1568 1624 1659 1662 cor
1686 1621 1836 1662 suum

1950 472 2223 528 ducaverit
2253 476 2448 544 pascha
2496 493 2613 532 cum
2661 483 3035 538 amaritudine.
3089 484 3471 541 Mantlucabitis

1943 560 2106 627 enim,
2143 562 2314 630 inquit
2342 562 2408 629 ⁸³,
2438 580 2622 635 azyma
2656 583 2774 621 cum
2808 572 3184 637 amaritudine,
3238 574 3351 628 sive
3399 576 3471 642 pi~

1940 648 2091 702 criis.
2120 649 2288 705 Audis
2319 666 2448 722 ergo
2485 653 2607 720 quid
2642 667 2821 709 essent
2853 656 3166 714 festivitates
3201 661 3289 714 Dei
3320 678 3333 712 :
3364 676 3467 715 non

1941 737 2204 804 recipiunt
2233 740 2563 795 dulcedinem
2592 745 2955 812 corporalem,
2987 748 3115 801 nihil
3145 750 3422 803 remissum
3450 789 3466 814 ,

1943 824 2076 877 nihil
2108 827 2615 895 voiuptuosum,aut
2643 831 2967 885 luxuriosum
2992 834 3193 899 volunt,
3218 838 3308 889 sed
3337 835 3469 889 afﬂi-

1942 910 2173 966 ctionem
2218 916 2407 969 animze‘
2453 925 2508 970 et
2561 918 2966 973 amaritudinem
3014 921 3468 991 hutnilitatemque

1940 1001 2255 1068 deposcunt,
2288 1006 2412 1072 quia
2446 1007 2534 1073 qui
2572 1022 2629 1060 se
2677 1008 2941 1070 humiliat,
2994 1010 3105 1077 ipse
3149 1010 3467 1064 exaltabitur

1939 1091 2076 1156 apud
2132 1091 2312 1146 Deum.
2346 1093 2458 1150 Hoc
2507 1110 2635 1165 ergo
2680 1098 2918 1165 deposcit
2968 1109 3023 1151 et
3076 1100 3467 1166 propitiationis

1938 1175 2074 1229 dies.
2100 1176 2233 1231 Cum
2264 1181 2405 1233 enim
2439 1181 2630 1237 afflicta
2678 1184 2836 1238 fuerit
2876 1186 3051 1239 anima
3110 1196 3163 1239 et
3190 1187 3463 1241 hutniliata

1939 1265 1990 1316 in
2019 1277 2302 1334 conspectu
2347 1270 2572 1338 Domini,
2603 1282 2725 1328 tunc
2746 1273 2793 1328 ei
2831 1275 3204 1343 repropitiatur
3235 1276 3390 1341 Deus,
3412 1287 3466 1331 et

1939 1361 2063 1403 tunc
2097 1354 2162 1406 ad
2185 1368 2300 1407 eam
2333 1358 2477 1409 venit
2501 1359 2607 1421 ille,
2646 1378 2664 1411 ι
2699 1375 2852 1429 quem
2880 1363 3154 1429 proposuit
3179 1362 3316 1418 Deus
3341 1380 3464 1431 pro-

1937 1440 2237 1507 pitiatorcm
2274 1457 2368 1510 per
2392 1446 2544 1499 fidem
2579 1449 2629 1500 iu
2664 1450 2920 1518 sanguine
2952 1464 3049 1506 suo
3077 1450 3142 1515 ⁸⁵,
3172 1469 3190 1503 ι
3224 1451 3465 1506 Christus

1935 1524 2091 1579 Jesus
2129 1529 2380 1584 Dominus
2404 1541 2457 1585 et
2484 1535 2784 1603 redemptor
2815 1538 2951 1604 ejus.

2007 1617 2087 1668 ll.
2108 1615 2222 1669 Jam
2246 1633 2372 1672 vero
2400 1622 2618 1676 ultimus
2648 1626 2760 1680 dies
2794 1625 2958 1683 festus
2988 1629 3077 1683 Dei
3114 1632 3235 1700 quis
3258 1632 3329 1687 sit
3360 1645 3463 1698 quo

248 1692 305 1735 et
338 1684 679 1740 interiorem
707 1689 983 1743 hominem
1011 1703 1232 1745 renovat
1261 1694 1325 1746 de
1358 1693 1443 1748 die
1476 1695 1527 1746 in
1556 1693 1715 1757 diem,
1741 1692 1841 1745 iste
1871 1688 1910 1741 Β
1940 1703 2078 1758 Deus
2102 1706 2379 1762 tanaim-in
2413 1711 2958 1779 1.0,nine,videan,us,
3008 1684 3463 1791 scen-opegimin-

246 1774 357 1825 sibi
387 1773 629 1830 innovat
647 1776 953 1841 novalia,et
973 1794 1076 1832 non
1098 1781 1325 1835 seminat
1344 1797 1503 1849 super
1520 1783 1717 1851 spinas,
1733 1780 1825 1833 sed

244 1875 420 1927 super
437 1870 660 1914 terram
685 1862 905 1928 bonam,
933 1880 1052 1933 quas
1083 1867 1268 1921 reddat
1288 1870 1334 1922 ei
1370 1869 1597 1925 fructum
1625 1870 1831 1924 tricesi-

247 1965 422 2014 mum,
448 1959 552 2002 aut
579 1953 1010 2019 sexagesimum,
1045 1965 1137 2009 aut
1168 1960 1537 2011 centesimum.
1574 1957 1679 2013 Iste
1705 1973 1831 2028 ergo

246 2048 357 2101 est,
384 2041 478 2106 qui
507 2041 567 2092 in
604 2042 807 2108 spiritu
843 2045 1090 2105 seminat,
1125 2054 1180 2098 et
1218 2046 1421 2115 colligit
1454 2046 1682 2101 fructum
1723 2049 1829 2115 spi-

243 2138 407 2192 ritus.
438 2140 698 2194 Fructus
738 2151 917 2195 autem
950 2144 1190 2211 spiritus,
1218 2146 1445 2213 primum
1485 2148 1720 2201 omnium
1748 2159 1829 2203 est

241 2230 515 2296 gaudium
543 2230 618 2283 ⁸³.
664 2230 735 2283 Ει
781 2233 975 2284 merito
1016 2234 1153 2286 diem
1197 2236 1391 2288 festum
1438 2251 1690 2290 novorum
1720 2236 1828 2290 fru-

241 2324 430 2369 ctuum
474 2320 627 2388 agit,
664 2317 756 2385 qtti
796 2320 1049 2387 gaudium
1083 2323 1268 2386 metit;
1299 2323 1563 2391 praecipue
1596 2325 1639 2379 si
1673 2326 1829 2378 simul

241 2414 408 2458 metat
440 2415 507 2460 et
567 2421 790 2473 pacem,
822 2418 874 2461 et
931 2410 1261 2477 patientiam,
1316 2422 1370 2466 et
1420 2414 1730 2478 bonitatem,
1776 2425 1830 2468 et

238 2494 772 2557 mansuetudinem,
835 2496 1072 2565 aliosque
1122 2501 1312 2552 horum
1362 2501 1567 2557 similes
1623 2501 1828 2557 fructus

235 2584 282 2637 si
318 2583 575 2652 colligat,
615 2584 940 2651 dignissime
973 2602 1231 2641 novorum
1265 2588 1534 2644 fructuum
1571 2591 1827 2647 festivita-

238 2682 347 2725 tem
380 2672 636 2726 Domino
670 2680 816 2740 aget.
1146 2676 1158 2691 ⁵

232 2811 236 2814 ‘
306 2794 363 2848 9.
380 2793 548 2849 Tunc
564 2793 768 2849 deinde
778 2795 1015 2864 sequitur
1027 2796 1285 2853 festivitas
1299 2799 1827 2869 Septimorum.Sicut

234 2884 386 2937 enim
404 2885 566 2937 inter
585 2884 710 2937 dies
728 2885 993 2952 septimus
1007 2888 1227 2955 quisque
1243 2888 1356 2942 dies
1368 2890 1679 2946 observatur
1695 2895 1820 2947 Saba

234 3064 480 3132 quisque
501 3064 723 3117 mensis
762 3062 1054 3117 Sabbatum
1084 3074 1167 3118 est
1189 3067 1469 3122 mensium.
1486 3069 1675 3137 Agitur
1699 3084 1825 3139 ergo

236 3154 291 3207 in
308 3169 377 3207 eo
395 3154 711 3217 festivitas,
725 3169 847 3222 quae
861 3153 1052 3207 dicitur
1068 3153 1299 3209 Sabbata
1322 3157 1658 3211 sabbatorum
1670 3199 1684 3223 ,
1701 3170 1752 3213 et
1770 3161 1826 3214 fit

236 3246 292 3300 in
311 3245 401 3296 die
414 3244 606 3311 prima
624 3244 828 3297 mensis
843 3244 1087 3297 tubarum
1108 3247 1490 3301 memoria.Sed
1506 3248 1623 3316 quis
1640 3258 1719 3302 est
1735 3250 1824 3318 qui

240 3343 613 3396 festivitatem
642 3342 797 3406 gerat
816 3334 1085 3388 memoriae
1109 3336 1374 3399 tubarum,
1408 3337 1508 3391 nisi
1538 3339 1626 3405 qui
1651 3345 1820 3405 potest

238 3429 574 3499 Scripturas
630 3425 978 3495 prapheticas
1018 3435 1072 3481 et
1102 3427 1458 3496 evangelicas,
1509 3441 1626 3496 qua:
1655 3426 1818 3481 veluti

238 3528 503 3582 caelestis
566 3526 824 3593 qtta‘dam
873 3534 1159 3593 personant
1208 3526 1329 3579 tuba
1367 3524 1514 3594 (2‘2),
1571 3526 1823 3580 mandare

239 3618 539 3669 memoria:
574 3625 635 3669 et
679 3614 827 3667 intra
854 3614 1164 3667 thesaurum
1187 3616 1362 3668 cordis
1383 3616 1462 3669 sui
1500 3616 1823 3670 recondere?

238 3704 346 3770 Qui
378 3719 523 3773 ergo
556 3704 679 3756 haec
715 3701 915 3755 facitet
944 3702 996 3754 in
1031 3701 1146 3771 lege
1190 3703 1279 3756 Dei
1315 3704 1599 3757 meditatur
1631 3704 1718 3758 die
1754 3720 1818 3760 ac

239 3802 429 3857 nocte,
487 3795 599 3848 iste
649 3792 1000 3844 festivitatem
1053 3794 1189 3861 gerit
1241 3795 1512 3848 memoria:
1548 3796 1814 3853 tubarum.

237 3882 350 3937 Sed
384 3893 446 3937 et
471 3883 521 3935 si
557 3881 690 3949 quis
725 3887 905 3947 potest
953 3881 1156 3947 gratias
1201 3881 1323 3936 illas
1368 3885 1537 3937 sancti
1584 3882 1818 3952 Spiritus

240 3971 557 4038 promereri
598 3969 808 4037 quibus
846 3969 1091 4034 inspirati
1123 3979 1245 4024 sunt
1272 3974 1562 4042 prophetas,
1590 3985 1644 4030 et
1677 3976 1819 4044 psal-

238 4060 361 4114 lens
392 4060 595 4113 dicere
633 4074 647 4110 :
680 4075 701 4107 ι
742 4058 933 4111 Canite
958 4057 1169 4111 initium
1196 4062 1394 4115 mensis
1440 4062 1583 4126 tuba,
1635 4065 1685 4117 in
1732 4066 1817 4120 die

237 4150 481 4218 insignis
510 4148 887 4203 solemnitatis
914 4149 1083 4214 ejus,»
1102 4160 1157 4204 et
1180 4151 1269 4217 qui
1285 4150 1387 4204 scit
1409 4151 1462 4204 in
1487 4152 1704 4217 psalmis
1723 4154 1812 4222 ju-

234 4238 418 4291 bilare
445 4238 523 4300 ei,
560 4237 730 4306 digne
761 4236 871 4304 agit
902 4238 1292 4292 solemnitatem
1318 4239 1604 4293 Tubarum.

307 4363 404 4416 10.
435 4363 537 4416 Est
565 4361 754 4415 adhuc
778 4361 951 4414 etalia
987 4361 1269 4424 festivitas,
1291 4377 1409 4415 cum
1436 4361 1672 4432 afﬂigunt
1699 4366 1816 4418 aui-

236 4466 358 4504 mas
390 4466 521 4504 suas
547 4460 607 4505 et
636 4449 931 4503 humiliant
982 4464 1040 4503 se
1075 4449 1185 4503 Deo
1220 4449 1353 4503 festa
1384 4451 1738 4506 celebrantes.
1770 4455 1814 4508 0

234 4539 381 4590 mira
421 4538 729 4592 festivitas!
752 4536 868 4591 dies
903 4535 1072 4589 festus
1110 4546 1330 4591 vocatur
1354 4538 1570 4593 alnietio
1594 4540 1806 4596 animae.

238 4624 343 4680 llic
368 4628 544 4691 enim,
575 4625 779 4692 inquit,
808 4625 922 4678 dies
952 4632 1034 4679 est
1065 4627 1461 4693 propitiationis
1494 4632 1700 4686 decima
1726 4634 1811 4687 die

235 4716 449 4768 mensis
477 4713 730 4781 septimi.
762 4713 899 4765 Vide
933 4727 1088 4779 ergo,
1125 4714 1168 4765 si
1194 4715 1271 4768 vis
1294 4717 1428 4769 diem
1463 4717 1651 4773 festum
1680 4735 1806 4787 δεθ-

235 4815 319 4864 re,
347 4802 397 4855 si
437 4803 519 4855 vis
552 4808 615 4853 ut
648 4798 868 4852 lactetur
906 4798 1050 4851 Deus
1086 4813 1244 4866 super
1272 4811 1340 4864 te,
1376 4802 1542 4872 aliiige
1573 4810 1809 4861 animam

237 4898 394 4942 tuam
444 4899 501 4943 et
547 4887 780 4942 humilia
820 4901 964 4940 eam.
1007 4886 1126 4939 Non
1171 4887 1217 4939 ei
1275 4892 1545 4954 permittas
1591 4896 1807 4964 explere

235 4978 511 5032 desideria
541 4991 667 5038 sua,
693 4990 794 5028 nec
828 4975 1108 5028 concedas
1133 4974 1184 5025 ei
1218 4974 1439 5030 lasciviis
1460 4985 1697 5050 evagari,
1716 4986 1806 5038 sed

232 5065 561 5134 iuquantum
599 5066 720 5119 fieri
749 5072 957 5134 potest,
991 5061 1173 5128 aﬂl'ge
1202 5073 1253 5114 et
1279 5062 1489 5120 humilia
1516 5084 1654 5123 eam.
1702 5074 1801 5125 Deo

232 5153 410 5221 nique
434 5152 657 5210 Pascha:
687 5153 970 5207 festivitas
998 5156 1059 5200 et
1089 5150 1434 5217 Azymorum,
1460 5170 1651 5222 panem
1674 5160 1805 5212 amt-

230 5239 437 5293 ctionis
466 5244 667 5298 habere
689 5240 907 5296 dicitur
934 5255 948 5288 :
984 5249 1092 5287 nec
1127 5244 1296 5302 p0test
1321 5241 1437 5305 quis
1466 5259 1623 5314 agere
1668 5247 1804 5303 diem

291 5356 340 5386 "
369 5354 523 5416 (ἔριδι,
560 5377 635 5420 vr,
670 5358 725 5411 8.
808 5351 856 5385 ⁸⁸
895 5348 1116 5401 Jerem.
1150 5360 1217 5408 tv,
1247 5348 1294 5399 '5.

224 5422 303 5475 l5.
386 5422 552 5487 "lsa.
587 5442 720 5489 xxx,
750 5422 848 5478 26.

1387 5354 1432 5384 ⁸⁸
1459 5355 1625 5412 Galat.
1681 5376 1731 5422 v,
1761 5361 1846 5416 22.

1929 1793 2041 1858 quit
2054 1791 2313 1847 .Laetatur
2325 1811 2451 1865 ergo
2466 1811 2628 1865 super
2644 1806 2844 1866 te,cum
2866 1813 2916 1858 te
2931 1805 3120 1860 viderit
3136 1810 3186 1861 in
3206 1809 3305 1864 hoc
3318 1825 3465 1862 mun-

1929 1884 1994 1936 do
2027 1883 2075 1934 in
2112 1883 2458 1939 tabernaculis
2478 1888 2630 1957 361
2668 1891 3018 1961 habitantem,
3044 1913 3163 1952 cum
3196 1907 3246 1952 te
3271 1899 3462 1953 viderit

1927 1985 2030 2021 non
2079 1972 2274 2025 habere
2318 1972 2477 2028 fixum
2513 1986 2567 2029 et
2595 1976 2867 2034 fundatum
2905 1984 3139 2038 animum
3169 2000 3233 2041 ac
3266 2002 3460 2055 propo-

1927 2058 2085 2111 situm
2116 2075 2271 2127 super
2302 2069 2504 2124 terras,
2531 2078 2629 2117 nec
2657 2066 3047 2124 desiderantem
3082 2086 3201 2140 quae
3246 2080 3458 2126 terrena

1926 2157 2080 2214 sunt,
2130 2165 2226 2202 nec
2251 2152 2490 2204 umbram
2519 2153 2640 2206 vita:
2685 2155 2841 2223 hujus
2884 2161 3032 2226 quasi
3066 2164 3457 2227 possessionem

1928 2240 2191 2305 propriam
2222 2250 2275 2292 et
2309 2252 2617 2309 perpetuam
2662 2246 3033 2316 deputantem,
3085 2252 3180 2304 sed
3226 2253 3368 2307 velut
3407 2255 3457 2306 in

1929 2329 2152 2381 transitu
2184 2332 2410 2398 positum
2440 2370 2457 2394 ,
2488 2344 2541 2387 et
2572 2333 2634 2386 ad
2666 2349 2843 2389 veram
2893 2337 3032 2391 illam
3061 2341 3288 2408 patriam
3320 2344 3458 2397 unde

1925 2429 2170 2484 egressus
2195 2435 2255 2472 es
2277 2459 2291 2483 ,
2322 2423 2556 2489 paradisi
2609 2423 2942 2480 festinantem
2988 2442 3049 2481 ac
3076 2429 3338 2484 dicentem
3367 2433 3413 2464 ⁸⁸
3437 2450 3452 2485 :

1930 2528 1948 2559 ι
1986 2509 2156 2564 incola
2183 2525 2281 2579 ego
2310 2526 2425 2565 sum
2452 2522 2507 2565 et
2535 2516 2868 2582 peregrinus,
2895 2515 3033 2569 sicut
3061 2531 3246 2571 onmes
3275 2526 3456 2586 patres

1926 2600 2048 2653 mei.
2076 2617 2096 2651 ι
2132 2600 2183 2654 in
2220 2603 2577 2656 tabernaculis
2608 2604 2746 2656 enim
2777 2603 3151 2660 habitaverunt
3174 2616 3226 2659 et
3256 2620 3453 2675 patres,

1923 2700 1975 2743 et
2002 2689 2267 2743 Abraham
2298 2693 2349 2745 in
2379 2693 2571 2747 casulis
2592 2734 2604 2756 ,
2636 2695 2686 2748 id
2729 2706 2846 2761 est,
2880 2699 2932 2750 in
2967 2696 3326 2751 tabernaculis
3356 2699 3456 2751 ha-

1924 2777 2115 2833 hitavit
2142 2795 2259 2833 cum
2292 2780 2439 2835 Isaac
2484 2793 2537 2837 et
2566 2782 2730 2839 Jacob
2767 2786 3128 2841 cohaeredibus
3167 2788 3456 2856 repromis-

1922 2868 2088 2922 sionis
2115 2869 2371 2937 ejusdem.
2400 2870 2530 2924 Cum
2564 2888 2691 2943 ergo
2724 2875 2894 2930 incola
2939 2874 3103 2930 fueris
3135 2886 3190 2929 et
3222 2877 3453 2945 peregri-

202 2954 205 2959 .
234 2976 457 3040 batum,
479 2983 545 3028 et
570 2982 663 3027 est
693 2974 1064 3039 festivitas,ita
1083 2954 1300 3031 etinter
1322 2993 1534 3033 menses
1567 2982 1823 3049 septimus
1848 2973 1890 3029 (ἶ
1926 2957 2293 3049 {minuaris
2317 2999 2331 3023 ν
2362 2968 2417 3013 ⁸⁸
2444 2975 2549 3014 ¹¹⁰¹¹
2579 2972 2659 3016 es“
2706 2979 2855 3018 “lens
2883 2974 2968 3018 ma
3000 2965 3102 3019 ﬁ“
3128 2974 3181 3020 ⁸⁸
3218 2966 3451 3020 “diem”

1926 3045 1977 3097 in
2014 3044 2292 3101 desideriis
2337 3055 2665 3102 terrenorum
2694 3089 2708 3113 ,
2740 3052 2831 3105 sed
2874 3062 3097 3121 paratus
3134 3068 3193 3107 es
3246 3064 3305 3126 ut
3345 3055 3454 3108 cito

1924 3144 2180 3199 transeas,
2208 3146 2260 3189 et
2287 3147 2502 3204 paratus
2523 3153 2580 3192 es
2611 3143 2896 3194 extendere
2931 3149 2981 3194 te
3021 3156 3229 3210 semper
3256 3145 3324 3197 ad
3367 3143 3451 3196 in-

1921 3222 2145 3286 teriora,
2173 3237 2449 3292 usquequo
2478 3226 2754 3291 pervenias
2783 3225 2849 3277 ad
2881 3235 3073 3279 terram
3099 3224 3347 3281 ﬂuentem
3371 3225 3452 3279 lac

1921 3319 1975 3365 et
2006 3312 2141 3377 mel,
2194 3321 2246 3365 et
2292 3313 2652 3366 haereditatem
2696 3314 2874 3381 capias
2918 3314 3255 3369 futurorum:
3294 3315 3338 3369 si
3377 3323 3454 3399 te,

1920 3399 2133 3467 inquam
2158 3437 2172 3462 ,
2205 3400 2433 3466 positum
2462 3400 2514 3453 in
2558 3401 2640 3454 his
2670 3400 2842 3454 videat
2878 3401 3048 3465 Deus,
3079 3403 3285 3457 laetatur
3310 3405 3363 3458 in
3394 3412 3444 3458 te

1919 3495 1969 3540 et
1999 3486 2134 3540 diem
2164 3486 2353 3540 festum
2379 3487 2487 3556 agit
2526 3502 2684 3557 super
2729 3498 2800 3543 te.
2835 3488 2957 3543 llam
2983 3491 3193 3558 quidem
3235 3493 3288 3546 in
3316 3506 3450 3561 pras-

1918 3576 2052 3630 senti
2077 3616 2092 3641 ,
2125 3576 2177 3627 in
2211 3575 2387 3629 futuro
2418 3592 2542 3631 vero
2566 3616 2581 3642 ,
2613 3580 2656 3631 si
2692 3578 2771 3632 vis
2809 3580 3146 3635 considerare
3184 3584 3447 3649 quomodo

1920 3675 2145 3733 agantur
2179 3667 2290 3720 dies
2317 3666 2455 3731 festi,
2483 3669 2629 3737 erige
2657 3669 2945 3738 paululum,
2985 3670 3029 3725 si
3060 3681 3232 3739 potes,
3260 3686 3448 3727 sensus

1920 3764 2037 3807 tuos
2069 3770 2097 3807 a
2130 3762 2271 3808 terra
2292 3793 2307 3818 ,
2338 3762 2390 3809 et
2417 3755 2733 3811 obliviscere
2758 3759 3028 3829 paulisper
3055 3760 3168 3814 haec
3200 3774 3318 3829 qua:
3345 3761 3444 3814 ha-

1918 3843 2108 3896 bentur
2133 3844 2192 3911 in.
2212 3842 2368 3896 facie.
2400 3844 2649 3899 Describe
2681 3861 2805 3900 vero
2832 3849 2927 3901 tibi
2958 3850 3223 3917 quomodo
3251 3849 3442 3903 coelum

1916 3942 1971 3987 et
2024 3943 2163 3986 terra
2204 3942 2509 4002 transeant,
2553 3944 2607 3989 et
2655 3938 2843 3991 transit
2880 3940 3053 3995 omnis
3099 3939 3187 3994 hic
3229 3938 3444 3994 habitus

1917 4022 2328 4084 mundi,ctelum
2359 4039 2482 4078 vero
2513 4041 2721 4085 novum.
2752 4036 2807 4081 et
2837 4036 2975 4082 terra
3009 4045 3143 4083 nova
3173 4029 3437 4085 fundetur.

1916 4112 2199 4167 Amove’de
2222 4116 2591 4183 conspectibus
2621 4118 2721 4171 tuis
2740 4121 2897 4173 etiam
2922 4121 3046 4175 solis
3071 4119 3227 4189 hujus
3249 4121 3439 4186 lucem,

1915 4209 1969 4254 et
1995 4200 2057 4253 da
2091 4201 2161 4253 iiii
2196 4202 2388 4256 mundo
2414 4205 2503 4271 qui
2536 4214 2790 4260 venturus
2819 4218 2939 4273 est,
2979 4211 3109 4265 solis
3144 4211 3441 4280 septuplum

1846 4275 1890 4330 Ῐ)
1920 4287 2090 4341 lumen
2121 4288 2185 4342 ⁸⁸.
2218 4287 2327 4343 Ῑιιιο
2357 4292 2532 4357 potius
2558 4297 2844 4348 secundum
2884 4298 3174 4367 Scriptura:
3208 4302 3442 4353 auctori-

1917 4385 2076 4428 tatem
2122 4376 2290 4444 ipsum
2324 4376 2372 4430 ei
2408 4379 2471 4430 da
2504 4378 2780 4455 Dominum
2815 4383 3007 4438 lucem.
3034 4384 3178 4439 Pone
3205 4395 3441 4441 astantes

1915 4462 2129 4530 angelos
2152 4462 2353 4531 gloriae,
2380 4479 2515 4533 pone
2543 4467 2787 4533 virtutes,
2812 4477 3121 4539 potestates,
3146 4473 3319 4538 sedes,
3347 4474 3441 4530 tio-

1915 4551 2258 4613 minationes,
2289 4562 2449 4619 atque
2475 4570 2631 4610 omne
2661 4572 2853 4612 nomen
2891 4560 3301 4615 clarissimarum
3327 4576 3438 4616 cte-

1910 4638 2226 4706 lestiumque
2255 4639 2541 4709 virtutum,
2594 4659 2696 4698 non
2740 4646 2907 4701 solum
2937 4649 3074 4716 quod
3109 4649 3161 4702 iu
3190 4652 3435 4717 prmseuti

1910 4729 2102 4783 saeculo
2137 4731 2456 4794 nominatur,
2487 4733 2576 4821 sed
2608 4736 2747 4801 quod
2773 4737 2932 4791 etiam
2972 4739 3024 4791 in
3063 4736 3266 4795 futuro.
3293 4738 3439 4792 inter

1910 4818 2007 4871 hos
2049 4832 2232 4872 omnes
2271 4818 2548 4874 considera
2574 4832 2627 4876 et
2668 4822 2868 4890 eonjice
2911 4827 3172 4894 quomodo
3199 4826 3281 4896 agi
3313 4841 3436 4894 pos-

1910 4906 2013 4959 sint
2037 4908 2150 4963 dies
2180 4907 2303 4964 festi
2324 4911 2562 4966 Domini:
2595 4927 2715 4981 quas
2741 4916 2810 4968 ibi
2840 4916 3131 4982 festivitas,
3162 4932 3280 4987 quae
3305 4933 3436 4986 gau-

1909 4996 2015 5062 dia,
2052 5012 2169 5065 quae
2201 4998 2392 5054 laetitire
2419 5003 2741 5070 magnitudo.
2769 5003 2898 5057 Nam
2929 5007 2991 5059 de
3018 5007 3082 5060 iis
3111 5021 3245 5073 quos
3272 5020 3432 5074 supra

1907 5082 2133 5137 diximus
2165 5086 2488 5152 spiritalibus
2534 5089 2941 5155 festivitatibus,
2970 5092 3182 5147 etiamsi
3226 5106 3433 5160 magna

1907 5172 2013 5224 sint
2043 5180 2096 5225 et
2124 5189 2280 5239 verae,
2317 5178 2577 5245 praecipue
2602 5196 2719 5234 cum
2750 5182 3057 5251 spiritaliter
3087 5186 3347 5249 geruntur
3376 5181 3428 5231 in

1910 5258 2106 5325 anima,
2133 5276 2319 5330 magna
2357 5272 2526 5319 tamen
2556 5281 2621 5320 ex
2648 5276 2796 5336 parte
2819 5278 2960 5333 sunt,
2981 5280 3083 5320 non
3105 5278 3169 5318 ex
3201 5264 3426 5331 integro.

1940 5367 1985 5398 ⁸³
2012 5370 2176 5427 Exod.
2208 5389 2300 5437 xu,
2329 5374 2382 5427 8.
2461 5377 2508 5409 “
2530 5376 2682 5431 Rom.
2717 5391 2795 5430 ιιι.
2823 5377 2910 5430 25.
2976 5376 3021 5409 ³⁵
3048 5376 3184 5430 Psal.
3220 5394 3439 5452 xxxvm,

283 5513 398 5580 (29)
423 5518 565 5578 idem
599 5505 1068 5572 ntanuscriptus,
1107 5517 1126 5548 ε
1163 5514 1274 5566 qna:
1303 5505 1444 5562 velut
1474 5513 1677 5567 cmlesti
1706 5518 1927 5583 quadam
1963 5538 2249 5592 personant
2278 5528 2419 5581 tuba.
2459 5546 2477 5577 ›
